  <div class='ocr_page' id='page_1' title='image "/cluster/home/n/w/nwhite01/storage/ocr_20150623/57/hvd.32044073501934/175.png"; bbox 0 0 4084 6210; ppageno 0'>
   <div class='ocr_carea' id='block_1_1' title="bbox 405 271 511 329">
    <p class='ocr_par' dir='ltr' id='par_1_1' title="bbox 405 271 511 329">
     <span class='ocr_line' id='line_1_1' title="bbox 405 271 511 329; baseline 0 -1"><span class='ocrx_word' id='word_1_1' title='bbox 405 271 511 329; x_wconf 65' lang='grc'><strong>117</strong></span> 
     </span>
    </p>
   </div>
   <div class='ocr_carea' id='block_1_2' title="bbox 405 380 1991 457">
    <p class='ocr_par' dir='ltr' id='par_1_2' title="bbox 405 380 1991 457">
     <span class='ocr_line' id='line_1_2' title="bbox 405 380 1991 457; baseline -0.008 -11"><span class='ocrx_word' id='word_1_2' title='bbox 405 407 474 446; x_wconf 91' lang='lat' dir='ltr'><strong>ne</strong></span> <span class='ocrx_word' id='word_1_3' title='bbox 502 389 680 444; x_wconf 91' lang='lat' dir='ltr'><strong>omnia</strong></span> <span class='ocrx_word' id='word_1_4' title='bbox 711 400 802 442; x_wconf 90' lang='lat' dir='ltr'><strong>sus</strong></span> <span class='ocrx_word' id='word_1_5' title='bbox 827 386 1002 457; x_wconf 89' lang='lat' dir='ltr'><strong>deque</strong></span> <span class='ocrx_word' id='word_1_6' title='bbox 1022 385 1376 447; x_wconf 82' lang='lat' dir='ltr'><strong>verterentur,</strong></span> <span class='ocrx_word' id='word_1_7' title='bbox 1400 394 1454 437; x_wconf 93' lang='lat' dir='ltr'><strong>et</strong></span> <span class='ocrx_word' id='word_1_8' title='bbox 1481 382 1772 437; x_wconf 87' lang='lat' dir='ltr'><strong>innumeris</strong></span> <span class='ocrx_word' id='word_1_9' title='bbox 1802 380 1991 435; x_wconf 50' lang='lat' dir='ltr'><strong>facino.</strong></span> 
     </span>
    </p>
   </div>
   <div class='ocr_carea' id='block_1_3' title="bbox 406 473 1990 549">
    <p class='ocr_par' dir='ltr' id='par_1_3' title="bbox 406 473 1990 549">
     <span class='ocr_line' id='line_1_3' title="bbox 406 473 1990 549; baseline -0.007 -15"><span class='ocrx_word' id='word_1_10' title='bbox 406 482 556 534; x_wconf 86' lang='lat' dir='ltr'><strong>ribus</strong></span> <span class='ocrx_word' id='word_1_11' title='bbox 585 489 744 549; x_wconf 90' lang='lat' dir='ltr'><strong>atque</strong></span> <span class='ocrx_word' id='word_1_12' title='bbox 775 478 1007 532; x_wconf 74' lang='lat' dir='ltr'><strong>caulibus</strong></span> <span class='ocrx_word' id='word_1_13' title='bbox 1038 474 1216 539; x_wconf 89' lang='lat' dir='ltr'><strong>urbes,</strong></span> <span class='ocrx_word' id='word_1_14' title='bbox 1249 473 1379 536; x_wconf 79' lang='lat' dir='ltr'><strong>fora,</strong></span> <span class='ocrx_word' id='word_1_15' title='bbox 1410 473 1622 537; x_wconf 80' lang='lat' dir='ltr'><strong>domus,</strong></span> <span class='ocrx_word' id='word_1_16' title='bbox 1652 486 1819 535; x_wconf 88' lang='lat' dir='ltr'><strong>mare,</strong></span> <span class='ocrx_word' id='word_1_17' title='bbox 1850 481 1990 524; x_wconf 89' lang='lat' dir='ltr'><strong>terra</strong></span> 
     </span>
    </p>
   </div>
   <div class='ocr_carea' id='block_1_4' title="bbox 404 564 1989 637">
    <p class='ocr_par' dir='ltr' id='par_1_4' title="bbox 404 564 1989 637">
     <span class='ocr_line' id='line_1_4' title="bbox 404 564 1989 637; baseline -0.009 -10"><span class='ocrx_word' id='word_1_18' title='bbox 404 583 457 628; x_wconf 90' lang='lat' dir='ltr'><strong>et</strong></span> <span class='ocrx_word' id='word_1_19' title='bbox 500 582 645 625; x_wconf 88' lang='lat' dir='ltr'><strong>totus</strong></span> <span class='ocrx_word' id='word_1_20' title='bbox 689 571 833 623; x_wconf 89' lang='lat' dir='ltr'><strong>orbis</strong></span> <span class='ocrx_word' id='word_1_21' title='bbox 873 566 1245 637; x_wconf 78' lang='lat' dir='ltr'><strong>replerentur?</strong></span> <span class='ocrx_word' id='word_1_22' title='bbox 1290 565 1399 618; x_wconf 92' lang='lat' dir='ltr'><strong>lloc</strong></span> <span class='ocrx_word' id='word_1_23' title='bbox 1444 564 1641 617; x_wconf 87' lang='lat' dir='ltr'><strong>nemini</strong></span> <span class='ocrx_word' id='word_1_24' title='bbox 1673 578 1776 616; x_wconf 94' lang='lat' dir='ltr'><strong>non</strong></span> <span class='ocrx_word' id='word_1_25' title='bbox 1809 572 1989 616; x_wconf 90' lang='lat' dir='ltr'><strong>notum</strong></span> 
     </span>
    </p>
   </div>
   <div class='ocr_carea' id='block_1_5' title="bbox 403 653 1988 728">
    <p class='ocr_par' dir='ltr' id='par_1_5' title="bbox 403 653 1988 728">
     <span class='ocr_line' id='line_1_5' title="bbox 403 653 1988 728; baseline -0.007 -11"><span class='ocrx_word' id='word_1_26' title='bbox 403 673 505 717; x_wconf 71' lang='lat' dir='ltr'><strong>est.</strong></span> <span class='ocrx_word' id='word_1_27' title='bbox 553 664 607 717; x_wconf 88' lang='lat' dir='ltr'><strong>Si</strong></span> <span class='ocrx_word' id='word_1_28' title='bbox 636 662 777 717; x_wconf 86' lang='lat' dir='ltr'><strong>enim</strong></span> <span class='ocrx_word' id='word_1_29' title='bbox 807 659 1069 715; x_wconf 71' lang='lat' dir='ltr'><strong>stantibus</strong></span> <span class='ocrx_word' id='word_1_30' title='bbox 1097 659 1302 728; x_wconf 86' lang='lat' dir='ltr'><strong>legibus</strong></span> <span class='ocrx_word' id='word_1_31' title='bbox 1326 665 1378 711; x_wconf 91' lang='lat' dir='ltr'><strong>et</strong></span> <span class='ocrx_word' id='word_1_32' title='bbox 1403 657 1589 711; x_wconf 86' lang='lat' dir='ltr'><strong>timore</strong></span> <span class='ocrx_word' id='word_1_33' title='bbox 1612 665 1771 724; x_wconf 88' lang='lat' dir='ltr'><strong>atque</strong></span> <span class='ocrx_word' id='word_1_34' title='bbox 1794 653 1951 709; x_wconf 86' lang='lat' dir='ltr'><strong>minis</strong></span> <span class='ocrx_word' id='word_1_35' title='bbox 1972 693 1988 717; x_wconf 92' lang='lat'><strong>,</strong></span> 
     </span>
    </p>
   </div>
   <div class='ocr_carea' id='block_1_6' title="bbox 404 744 1989 823">
    <p class='ocr_par' dir='ltr' id='par_1_6' title="bbox 404 744 1989 823">
     <span class='ocr_line' id='line_1_6' title="bbox 404 744 1989 823; baseline -0.004 -17"><span class='ocrx_word' id='word_1_36' title='bbox 404 754 490 810; x_wconf 86' lang='lat' dir='ltr'><strong>vix</strong></span> <span class='ocrx_word' id='word_1_37' title='bbox 537 754 778 823; x_wconf 66' lang='lat' dir='ltr'><strong>maligna:</strong></span> <span class='ocrx_word' id='word_1_38' title='bbox 826 751 1127 805; x_wconf 83' lang='lat' dir='ltr'><strong>voluntates</strong></span> <span class='ocrx_word' id='word_1_39' title='bbox 1170 758 1488 803; x_wconf 82' lang='lat' dir='ltr'><strong>coercentur</strong></span> <span class='ocrx_word' id='word_1_40' title='bbox 1523 765 1536 799; x_wconf 92' lang='lat'>:</span> <span class='ocrx_word' id='word_1_41' title='bbox 1574 747 1620 801; x_wconf 91' lang='lat' dir='ltr'><strong>si</strong></span> <span class='ocrx_word' id='word_1_42' title='bbox 1662 746 1777 800; x_wconf 71' lang='lat' dir='ltr'><strong>haec</strong></span> <span class='ocrx_word' id='word_1_43' title='bbox 1816 744 1989 799; x_wconf 88' lang='lat' dir='ltr'><strong>ablata</strong></span> 
     </span>
    </p>
   </div>
   <div class='ocr_carea' id='block_1_7' title="bbox 400 837 1987 914">
    <p class='ocr_par' dir='ltr' id='par_1_7' title="bbox 400 837 1987 914">
     <span class='ocr_line' id='line_1_7' title="bbox 400 837 1987 914; baseline -0.007 -14"><span class='ocrx_word' id='word_1_44' title='bbox 400 848 587 901; x_wconf 81' lang='lat' dir='ltr'><strong>fuisset</strong></span> <span class='ocrx_word' id='word_1_45' title='bbox 626 845 837 909; x_wconf 92' lang='lat' dir='ltr'><strong>cautio,</strong></span> <span class='ocrx_word' id='word_1_46' title='bbox 865 843 989 914; x_wconf 90' lang='lat' dir='ltr'><strong>quid</strong></span> <span class='ocrx_word' id='word_1_47' title='bbox 1030 841 1313 913; x_wconf 84' lang='lat' dir='ltr'><strong>impediret</strong></span> <span class='ocrx_word' id='word_1_48' title='bbox 1344 856 1409 894; x_wconf 90' lang='lat' dir='ltr'><strong>ne</strong></span> <span class='ocrx_word' id='word_1_49' title='bbox 1438 839 1634 894; x_wconf 86' lang='lat' dir='ltr'><strong>malitia</strong></span> <span class='ocrx_word' id='word_1_50' title='bbox 1681 837 1987 893; x_wconf 89' lang='lat' dir='ltr'><strong>dominare-</strong></span> 
     </span>
    </p>
   </div>
   <div class='ocr_carea' id='block_1_8' title="bbox 399 930 1988 1008">
    <p class='ocr_par' dir='ltr' id='par_1_8' title="bbox 399 930 1988 1008">
     <span class='ocr_line' id='line_1_8' title="bbox 399 930 1988 1008; baseline -0.004 -17"><span class='ocrx_word' id='word_1_51' title='bbox 399 940 523 993; x_wconf 84' lang='lat' dir='ltr'><strong>tur?</strong></span> <span class='ocrx_word' id='word_1_52' title='bbox 547 946 740 1008; x_wconf 88' lang='lat' dir='ltr'><strong>quanta</strong></span> <span class='ocrx_word' id='word_1_53' title='bbox 765 952 868 990; x_wconf 93' lang='lat' dir='ltr'><strong>non</strong></span> <span class='ocrx_word' id='word_1_54' title='bbox 889 935 1053 1005; x_wconf 87' lang='lat' dir='ltr'><strong>pestis</strong></span> <span class='ocrx_word' id='word_1_55' title='bbox 1074 935 1125 988; x_wconf 94' lang='lat' dir='ltr'><strong>in</strong></span> <span class='ocrx_word' id='word_1_56' title='bbox 1147 933 1430 987; x_wconf 92' lang='lat' dir='ltr'><strong>humanam</strong></span> <span class='ocrx_word' id='word_1_57' title='bbox 1449 932 1606 984; x_wconf 87' lang='lat' dir='ltr'><strong>vitam</strong></span> <span class='ocrx_word' id='word_1_58' title='bbox 1623 930 1988 1000; x_wconf 81' lang='lat' dir='ltr'><strong>grassaretur?</strong></span> 
     </span>
    </p>
   </div>
   <div class='ocr_carea' id='block_1_9' title="bbox 399 1023 1986 1100">
    <p class='ocr_par' dir='ltr' id='par_1_9' title="bbox 399 1023 1986 1100">
     <span class='ocr_line' id='line_1_9' title="bbox 399 1023 1986 1100; baseline -0.006 -16"><span class='ocrx_word' id='word_1_59' title='bbox 399 1030 581 1100; x_wconf 83' lang='lat' dir='ltr'><strong>Neque</strong></span> <span class='ocrx_word' id='word_1_60' title='bbox 602 1030 743 1083; x_wconf 88' lang='lat' dir='ltr'><strong>enim</strong></span> <span class='ocrx_word' id='word_1_61' title='bbox 773 1028 822 1082; x_wconf 88' lang='lat' dir='ltr'><strong>id</strong></span> <span class='ocrx_word' id='word_1_62' title='bbox 851 1028 1020 1082; x_wconf 90' lang='lat' dir='ltr'><strong>solum</strong></span> <span class='ocrx_word' id='word_1_63' title='bbox 1046 1027 1261 1081; x_wconf 92' lang='lat' dir='ltr'><strong>crudele</strong></span> <span class='ocrx_word' id='word_1_64' title='bbox 1288 1036 1461 1086; x_wconf 83' lang='lat' dir='ltr'><strong>esset,</strong></span> <span class='ocrx_word' id='word_1_65' title='bbox 1490 1024 1535 1078; x_wconf 91' lang='lat' dir='ltr'><strong>si</strong></span> <span class='ocrx_word' id='word_1_66' title='bbox 1563 1023 1841 1078; x_wconf 78' lang='lat' dir='ltr'><strong>facinerosi</strong></span> <span class='ocrx_word' id='word_1_67' title='bbox 1869 1038 1986 1092; x_wconf 80' lang='lat' dir='ltr'><strong>qua:</strong></span> 
     </span>
    </p>
   </div>
   <div class='ocr_carea' id='block_1_10' title="bbox 399 1115 1985 1191">
    <p class='ocr_par' dir='ltr' id='par_1_10' title="bbox 399 1115 1985 1191">
     <span class='ocr_line' id='line_1_10' title="bbox 399 1115 1985 1191; baseline -0.001 -19"><span class='ocrx_word' id='word_1_68' title='bbox 399 1122 595 1175; x_wconf 86' lang='lat' dir='ltr'><strong>vellent</strong></span> <span class='ocrx_word' id='word_1_69' title='bbox 635 1136 795 1191; x_wconf 89' lang='lat' dir='ltr'><strong>agere</strong></span> <span class='ocrx_word' id='word_1_70' title='bbox 836 1120 1304 1189; x_wconf 88' lang='lat' dir='ltr'><strong>permitterentur;</strong></span> <span class='ocrx_word' id='word_1_71' title='bbox 1355 1116 1448 1170; x_wconf 87' lang='lat' dir='ltr'><strong>sed</strong></span> <span class='ocrx_word' id='word_1_72' title='bbox 1486 1124 1541 1171; x_wconf 90' lang='lat' dir='ltr'><strong>et</strong></span> <span class='ocrx_word' id='word_1_73' title='bbox 1577 1115 1720 1170; x_wconf 90' lang='lat' dir='ltr'><strong>aliud</strong></span> <span class='ocrx_word' id='word_1_74' title='bbox 1757 1116 1848 1171; x_wconf 89' lang='lat' dir='ltr'><strong>illo</strong></span> <span class='ocrx_word' id='word_1_75' title='bbox 1877 1132 1985 1170; x_wconf 93' lang='lat' dir='ltr'><strong>non</strong></span> 
     </span>
    </p>
   </div>
   <div class='ocr_carea' id='block_1_11' title="bbox 399 1208 1984 1281">
    <p class='ocr_par' dir='ltr' id='par_1_11' title="bbox 399 1208 1984 1281">
     <span class='ocr_line' id='line_1_11' title="bbox 399 1208 1984 1281; baseline -0.003 -16"><span class='ocrx_word' id='word_1_76' title='bbox 399 1214 576 1267; x_wconf 83' lang='lat' dir='ltr'><strong>minus</strong></span> <span class='ocrx_word' id='word_1_77' title='bbox 605 1212 961 1281; x_wconf 87' lang='lat' dir='ltr'><strong>perniciosum</strong></span> <span class='ocrx_word' id='word_1_78' title='bbox 993 1210 1153 1276; x_wconf 82' lang='lat' dir='ltr'><strong>foret,</strong></span> <span class='ocrx_word' id='word_1_79' title='bbox 1176 1210 1221 1264; x_wconf 90' lang='lat' dir='ltr'><strong>si</strong></span> <span class='ocrx_word' id='word_1_80' title='bbox 1246 1209 1335 1279; x_wconf 90' lang='lat' dir='ltr'><strong>qui</strong></span> <span class='ocrx_word' id='word_1_81' title='bbox 1364 1209 1495 1263; x_wconf 90' lang='lat' dir='ltr'><strong>nihil</strong></span> <span class='ocrx_word' id='word_1_82' title='bbox 1524 1208 1767 1273; x_wconf 66' lang='lat' dir='ltr'><strong>laesisset,</strong></span> <span class='ocrx_word' id='word_1_83' title='bbox 1796 1216 1849 1263; x_wconf 86' lang='lat' dir='ltr'><strong>et</strong></span> <span class='ocrx_word' id='word_1_84' title='bbox 1869 1208 1984 1262; x_wconf 90' lang='lat' dir='ltr'><strong>sine</strong></span> 
     </span>
    </p>
   </div>
   <div class='ocr_carea' id='block_1_12' title="bbox 394 1301 1983 1372">
    <p class='ocr_par' dir='ltr' id='par_1_12' title="bbox 394 1301 1983 1372">
     <span class='ocr_line' id='line_1_12' title="bbox 394 1301 1983 1372; baseline -0.002 -15"><span class='ocrx_word' id='word_1_85' title='bbox 394 1320 557 1358; x_wconf 87' lang='lat' dir='ltr'><strong>causa</strong></span> <span class='ocrx_word' id='word_1_86' title='bbox 590 1304 728 1358; x_wconf 88' lang='lat' dir='ltr'><strong>male</strong></span> <span class='ocrx_word' id='word_1_87' title='bbox 760 1317 945 1372; x_wconf 90' lang='lat' dir='ltr'><strong>passus</strong></span> <span class='ocrx_word' id='word_1_88' title='bbox 971 1312 1114 1361; x_wconf 87' lang='lat' dir='ltr'><strong>esset</strong></span> <span class='ocrx_word' id='word_1_89' title='bbox 1136 1342 1151 1367; x_wconf 94' lang='lat'><strong>,</strong></span> <span class='ocrx_word' id='word_1_90' title='bbox 1184 1303 1299 1356; x_wconf 93' lang='lat' dir='ltr'><strong>sine</strong></span> <span class='ocrx_word' id='word_1_91' title='bbox 1324 1301 1521 1355; x_wconf 82' lang='lat' dir='ltr'><strong>auxilio</strong></span> <span class='ocrx_word' id='word_1_92' title='bbox 1548 1309 1787 1355; x_wconf 89' lang='lat' dir='ltr'><strong>maneret</strong></span> <span class='ocrx_word' id='word_1_93' title='bbox 1811 1311 1864 1355; x_wconf 91' lang='lat' dir='ltr'><strong>et</strong></span> <span class='ocrx_word' id='word_1_94' title='bbox 1891 1315 1983 1354; x_wconf 88' lang='lat' dir='ltr'><strong>ne-</strong></span> 
     </span>
    </p>
   </div>
   <div class='ocr_carea' id='block_1_13' title="bbox 394 1392 1983 1465">
    <p class='ocr_par' dir='ltr' id='par_1_13' title="bbox 394 1392 1983 1465">
     <span class='ocr_line' id='line_1_13' title="bbox 394 1392 1983 1465; baseline -0.002 -15"><span class='ocrx_word' id='word_1_95' title='bbox 394 1398 702 1465; x_wconf 81' lang='lat' dir='ltr'><strong>gligerctur.</strong></span> <span class='ocrx_word' id='word_1_96' title='bbox 754 1395 846 1447; x_wconf 85' lang='lat' dir='ltr'><strong>Dic</strong></span> <span class='ocrx_word' id='word_1_97' title='bbox 883 1395 1027 1449; x_wconf 89' lang='lat' dir='ltr'><strong>enim</strong></span> <span class='ocrx_word' id='word_1_98' title='bbox 1068 1394 1195 1448; x_wconf 90' lang='lat' dir='ltr'><strong>mihi</strong></span> <span class='ocrx_word' id='word_1_99' title='bbox 1221 1434 1236 1458; x_wconf 96' lang='lat'><strong>,</strong></span> <span class='ocrx_word' id='word_1_100' title='bbox 1279 1394 1322 1448; x_wconf 91' lang='lat' dir='ltr'><strong>si</strong></span> <span class='ocrx_word' id='word_1_101' title='bbox 1363 1394 1481 1462; x_wconf 86' lang='lat' dir='ltr'><strong>quis</strong></span> <span class='ocrx_word' id='word_1_102' title='bbox 1521 1393 1809 1447; x_wconf 88' lang='lat' dir='ltr'><strong>sceleratos</strong></span> <span class='ocrx_word' id='word_1_103' title='bbox 1841 1392 1983 1447; x_wconf 87' lang='lat' dir='ltr'><strong>viros</strong></span> 
     </span>
    </p>
   </div>
   <div class='ocr_carea' id='block_1_14' title="bbox 394 1487 1979 1557">
    <p class='ocr_par' dir='ltr' id='par_1_14' title="bbox 394 1487 1979 1557">
     <span class='ocr_line' id='line_1_14' title="bbox 394 1487 1979 1557; baseline 0 -16"><span class='ocrx_word' id='word_1_104' title='bbox 394 1488 629 1557; x_wconf 88' lang='lat' dir='ltr'><strong>undique</strong></span> <span class='ocrx_word' id='word_1_105' title='bbox 656 1488 910 1556; x_wconf 82' lang='lat' dir='ltr'><strong>colligens</strong></span> <span class='ocrx_word' id='word_1_106' title='bbox 941 1497 993 1541; x_wconf 91' lang='lat' dir='ltr'><strong>et</strong></span> <span class='ocrx_word' id='word_1_107' title='bbox 1020 1488 1208 1555; x_wconf 88' lang='lat' dir='ltr'><strong>gladiis</strong></span> <span class='ocrx_word' id='word_1_108' title='bbox 1243 1489 1486 1541; x_wconf 90' lang='lat' dir='ltr'><strong>muniens</strong></span> <span class='ocrx_word' id='word_1_109' title='bbox 1509 1528 1522 1550; x_wconf 92' lang='lat'><strong>,</strong></span> <span class='ocrx_word' id='word_1_110' title='bbox 1552 1488 1764 1555; x_wconf 87' lang='lat' dir='ltr'><strong>juberet</strong></span> <span class='ocrx_word' id='word_1_111' title='bbox 1794 1487 1979 1542; x_wconf 87' lang='lat' dir='ltr'><strong>urbem</strong></span> 
     </span>
    </p>
   </div>
   <div class='ocr_carea' id='block_1_15' title="bbox 398 1578 1981 1648">
    <p class='ocr_par' dir='ltr' id='par_1_15' title="bbox 398 1578 1981 1648">
     <span class='ocr_line' id='line_1_15' title="bbox 398 1578 1981 1648; baseline 0 -16"><span class='ocrx_word' id='word_1_112' title='bbox 398 1589 564 1635; x_wconf 86' lang='lat' dir='ltr'><strong>totam</strong></span> <span class='ocrx_word' id='word_1_113' title='bbox 587 1580 867 1634; x_wconf 90' lang='lat' dir='ltr'><strong>circumire</strong></span> <span class='ocrx_word' id='word_1_114' title='bbox 889 1587 943 1633; x_wconf 91' lang='lat' dir='ltr'><strong>et</strong></span> <span class='ocrx_word' id='word_1_115' title='bbox 973 1579 1159 1633; x_wconf 89' lang='lat' dir='ltr'><strong>obvios</strong></span> <span class='ocrx_word' id='word_1_116' title='bbox 1179 1594 1417 1648; x_wconf 88' lang='lat' dir='ltr'><strong>quosque</strong></span> <span class='ocrx_word' id='word_1_117' title='bbox 1456 1578 1740 1643; x_wconf 85' lang='lat' dir='ltr'><strong>trucidare,</strong></span> <span class='ocrx_word' id='word_1_118' title='bbox 1764 1594 1832 1632; x_wconf 90' lang='lat' dir='ltr'><strong>an</strong></span> <span class='ocrx_word' id='word_1_119' title='bbox 1856 1579 1981 1648; x_wconf 90' lang='lat' dir='ltr'><strong>quid</strong></span> 
     </span>
    </p>
   </div>
   <div class='ocr_carea' id='block_1_16' title="bbox 393 1671 1975 1743">
    <p class='ocr_par' dir='ltr' id='par_1_16' title="bbox 393 1671 1975 1743">
     <span class='ocr_line' id='line_1_16' title="bbox 393 1671 1975 1743; baseline -0.002 -16"><span class='ocrx_word' id='word_1_120' title='bbox 393 1683 576 1743; x_wconf 82' lang='lat' dir='ltr'><strong>posset</strong></span> <span class='ocrx_word' id='word_1_121' title='bbox 602 1674 882 1726; x_wconf 90' lang='lat' dir='ltr'><strong>imtnanius</strong></span> <span class='ocrx_word' id='word_1_122' title='bbox 903 1672 1229 1741; x_wconf 80' lang='lat' dir='ltr'><strong>excogitari?</strong></span> <span class='ocrx_word' id='word_1_123' title='bbox 1250 1671 1445 1726; x_wconf 83' lang='lat' dir='ltr'><strong>Contra</strong></span> <span class='ocrx_word' id='word_1_124' title='bbox 1469 1686 1597 1725; x_wconf 90' lang='lat' dir='ltr'><strong>vero</strong></span> <span class='ocrx_word' id='word_1_125' title='bbox 1620 1671 1663 1724; x_wconf 89' lang='lat' dir='ltr'><strong>si</strong></span> <span class='ocrx_word' id='word_1_126' title='bbox 1686 1672 1804 1741; x_wconf 88' lang='lat' dir='ltr'><strong>quis</strong></span> <span class='ocrx_word' id='word_1_127' title='bbox 1824 1672 1975 1735; x_wconf 90' lang='lat' dir='ltr'><strong>alius,</strong></span> 
     </span>
    </p>
   </div>
   <div class='ocr_carea' id='block_1_17' title="bbox 391 1766 1978 1822">
    <p class='ocr_par' dir='ltr' id='par_1_17' title="bbox 391 1766 1978 1822">
     <span class='ocr_line' id='line_1_17' title="bbox 391 1766 1978 1822; baseline -0.002 -2"><span class='ocrx_word' id='word_1_128' title='bbox 391 1779 627 1822; x_wconf 89' lang='lat' dir='ltr'><strong>armatos</strong></span> <span class='ocrx_word' id='word_1_129' title='bbox 669 1768 788 1822; x_wconf 89' lang='lat' dir='ltr'><strong>illos</strong></span> <span class='ocrx_word' id='word_1_130' title='bbox 833 1767 1058 1820; x_wconf 81' lang='lat' dir='ltr'><strong>vinculis</strong></span> <span class='ocrx_word' id='word_1_131' title='bbox 1094 1766 1413 1819; x_wconf 89' lang='lat' dir='ltr'><strong>constrictos</strong></span> <span class='ocrx_word' id='word_1_132' title='bbox 1456 1766 1507 1818; x_wconf 91' lang='lat' dir='ltr'><strong>in</strong></span> <span class='ocrx_word' id='word_1_133' title='bbox 1548 1780 1815 1819; x_wconf 86' lang='lat' dir='ltr'><strong>carcerem</strong></span> <span class='ocrx_word' id='word_1_134' title='bbox 1858 1780 1978 1819; x_wconf 91' lang='lat' dir='ltr'><strong>cum</strong></span> 
     </span>
    </p>
   </div>
   <div class='ocr_carea' id='block_1_18' title="bbox 388 1857 1979 1927">
    <p class='ocr_par' dir='ltr' id='par_1_18' title="bbox 388 1857 1979 1927">
     <span class='ocr_line' id='line_1_18' title="bbox 388 1857 1979 1927; baseline -0.002 -14"><span class='ocrx_word' id='word_1_135' title='bbox 388 1860 726 1915; x_wconf 80' lang='lat' dir='ltr'><strong>vehementia</strong></span> <span class='ocrx_word' id='word_1_136' title='bbox 751 1861 1010 1921; x_wconf 89' lang='lat' dir='ltr'><strong>traderet,</strong></span> <span class='ocrx_word' id='word_1_137' title='bbox 1036 1860 1153 1912; x_wconf 91' lang='lat' dir='ltr'><strong>illos</strong></span> <span class='ocrx_word' id='word_1_138' title='bbox 1174 1869 1349 1912; x_wconf 89' lang='lat' dir='ltr'><strong>autem</strong></span> <span class='ocrx_word' id='word_1_139' title='bbox 1372 1858 1458 1927; x_wconf 90' lang='lat' dir='ltr'><strong>qui</strong></span> <span class='ocrx_word' id='word_1_140' title='bbox 1483 1872 1606 1911; x_wconf 81' lang='lat' dir='ltr'><strong>mox</strong></span> <span class='ocrx_word' id='word_1_141' title='bbox 1628 1857 1979 1912; x_wconf 83' lang='lat' dir='ltr'><strong>interﬁciendi</strong></span> 
     </span>
    </p>
   </div>
   <div class='ocr_carea' id='block_1_19' title="bbox 390 1948 1981 2019">
    <p class='ocr_par' dir='ltr' id='par_1_19' title="bbox 390 1948 1981 2019">
     <span class='ocr_line' id='line_1_19' title="bbox 390 1948 1981 2019; baseline -0.004 -12"><span class='ocrx_word' id='word_1_142' title='bbox 390 1963 577 2018; x_wconf 88' lang='lat' dir='ltr'><strong>erant,</strong></span> <span class='ocrx_word' id='word_1_143' title='bbox 625 1967 691 2005; x_wconf 78' lang='lat' dir='ltr'><strong>ex</strong></span> <span class='ocrx_word' id='word_1_144' title='bbox 738 1951 1039 2019; x_wconf 89' lang='lat' dir='ltr'><strong>iniquorum</strong></span> <span class='ocrx_word' id='word_1_145' title='bbox 1090 1949 1334 2002; x_wconf 88' lang='lat' dir='ltr'><strong>manibus</strong></span> <span class='ocrx_word' id='word_1_146' title='bbox 1378 1948 1682 2017; x_wconf 89' lang='lat' dir='ltr'><strong>abriperet,</strong></span> <span class='ocrx_word' id='word_1_147' title='bbox 1715 1963 1841 2001; x_wconf 92' lang='lat' dir='ltr'><strong>num</strong></span> <span class='ocrx_word' id='word_1_148' title='bbox 1888 1948 1981 2001; x_wconf 92' lang='lat' dir='ltr'><strong>illo</strong></span> 
     </span>
    </p>
   </div>
   <div class='ocr_carea' id='block_1_20' title="bbox 389 2039 1977 2111">
    <p class='ocr_par' dir='ltr' id='par_1_20' title="bbox 389 2039 1977 2111">
     <span class='ocr_line' id='line_1_20' title="bbox 389 2039 1977 2111; baseline -0.003 -13"><span class='ocrx_word' id='word_1_149' title='bbox 389 2044 680 2099; x_wconf 83' lang='lat' dir='ltr'><strong>humanius</strong></span> <span class='ocrx_word' id='word_1_150' title='bbox 706 2043 976 2111; x_wconf 84' lang='lat' dir='ltr'><strong>quidpiam</strong></span> <span class='ocrx_word' id='word_1_151' title='bbox 1004 2041 1107 2095; x_wconf 91' lang='lat' dir='ltr'><strong>dici</strong></span> <span class='ocrx_word' id='word_1_152' title='bbox 1133 2041 1334 2110; x_wconf 88' lang='lat' dir='ltr'><strong>possit?</strong></span> <span class='ocrx_word' id='word_1_153' title='bbox 1374 2040 1498 2094; x_wconf 71' lang='lat' dir='ltr'><strong>Hmc</strong></span> <span class='ocrx_word' id='word_1_154' title='bbox 1528 2040 1686 2109; x_wconf 80' lang='lat' dir='ltr'><strong>igitur</strong></span> <span class='ocrx_word' id='word_1_155' title='bbox 1710 2039 1776 2093; x_wconf 91' lang='lat' dir='ltr'><strong>ad</strong></span> <span class='ocrx_word' id='word_1_156' title='bbox 1808 2040 1977 2109; x_wconf 88' lang='lat' dir='ltr'><strong>legem</strong></span> 
     </span>
    </p>
   </div>
   <div class='ocr_carea' id='block_1_21' title="bbox 389 2130 1977 2201">
    <p class='ocr_par' dir='ltr' id='par_1_21' title="bbox 389 2130 1977 2201">
     <span class='ocr_line' id='line_1_21' title="bbox 389 2130 1977 2201; baseline -0.003 -13"><span class='ocrx_word' id='word_1_157' title='bbox 389 2134 621 2189; x_wconf 76' lang='lat' dir='ltr'><strong>transfer</strong></span> <span class='ocrx_word' id='word_1_158' title='bbox 656 2133 921 2201; x_wconf 75' lang='lat' dir='ltr'><strong>exempla.</strong></span> <span class='ocrx_word' id='word_1_159' title='bbox 962 2131 1093 2185; x_wconf 83' lang='lat' dir='ltr'><strong>Nam</strong></span> <span class='ocrx_word' id='word_1_160' title='bbox 1129 2132 1217 2200; x_wconf 88' lang='lat' dir='ltr'><strong>qui</strong></span> <span class='ocrx_word' id='word_1_161' title='bbox 1252 2131 1404 2199; x_wconf 89' lang='lat' dir='ltr'><strong>jubet</strong></span> <span class='ocrx_word' id='word_1_162' title='bbox 1441 2131 1650 2183; x_wconf 82' lang='lat' dir='ltr'><strong>oculum</strong></span> <span class='ocrx_word' id='word_1_163' title='bbox 1692 2146 1787 2199; x_wconf 90' lang='lat' dir='ltr'><strong>pro</strong></span> <span class='ocrx_word' id='word_1_164' title='bbox 1823 2130 1977 2185; x_wconf 90' lang='lat' dir='ltr'><strong>oculo</strong></span> 
     </span>
    </p>
   </div>
   <div class='ocr_carea' id='block_1_22' title="bbox 385 2219 1975 2290">
    <p class='ocr_par' dir='ltr' id='par_1_22' title="bbox 385 2219 1975 2290">
     <span class='ocr_line' id='line_1_22' title="bbox 385 2219 1975 2290; baseline -0.004 -10"><span class='ocrx_word' id='word_1_165' title='bbox 385 2239 579 2280; x_wconf 83' lang='lat' dir='ltr'><strong>eruere</strong></span> <span class='ocrx_word' id='word_1_166' title='bbox 598 2266 613 2287; x_wconf 92' lang='lat'><strong>,</strong></span> <span class='ocrx_word' id='word_1_167' title='bbox 643 2238 741 2277; x_wconf 89' lang='lat' dir='ltr'><strong>ceu</strong></span> <span class='ocrx_word' id='word_1_168' title='bbox 782 2222 1049 2276; x_wconf 85' lang='lat' dir='ltr'><strong>vinculum</strong></span> <span class='ocrx_word' id='word_1_169' title='bbox 1078 2221 1345 2290; x_wconf 89' lang='lat' dir='ltr'><strong>quoddam</strong></span> <span class='ocrx_word' id='word_1_170' title='bbox 1377 2222 1587 2275; x_wconf 90' lang='lat' dir='ltr'><strong>lirmum</strong></span> <span class='ocrx_word' id='word_1_171' title='bbox 1616 2220 1665 2273; x_wconf 87' lang='lat' dir='ltr'><strong>itt</strong></span> <span class='ocrx_word' id='word_1_172' title='bbox 1707 2219 1975 2274; x_wconf 80' lang='lat' dir='ltr'><strong>facinoro-</strong></span> 
     </span>
    </p>
   </div>
   <div class='ocr_carea' id='block_1_23' title="bbox 387 2312 1977 2385">
    <p class='ocr_par' dir='ltr' id='par_1_23' title="bbox 387 2312 1977 2385">
     <span class='ocr_line' id='line_1_23' title="bbox 387 2312 1977 2385; baseline -0.004 -13"><span class='ocrx_word' id='word_1_173' title='bbox 387 2332 571 2372; x_wconf 90' lang='lat' dir='ltr'><strong>sorum</strong></span> <span class='ocrx_word' id='word_1_174' title='bbox 598 2316 803 2370; x_wconf 85' lang='lat' dir='ltr'><strong>animos</strong></span> <span class='ocrx_word' id='word_1_175' title='bbox 819 2316 1062 2385; x_wconf 89' lang='lat' dir='ltr'><strong>conjecit,</strong></span> <span class='ocrx_word' id='word_1_176' title='bbox 1079 2315 1237 2383; x_wconf 86' lang='lat' dir='ltr'><strong>eique</strong></span> <span class='ocrx_word' id='word_1_177' title='bbox 1254 2314 1444 2367; x_wconf 88' lang='lat' dir='ltr'><strong>similis</strong></span> <span class='ocrx_word' id='word_1_178' title='bbox 1470 2322 1569 2376; x_wconf 91' lang='lat' dir='ltr'><strong>est,</strong></span> <span class='ocrx_word' id='word_1_179' title='bbox 1586 2312 1672 2383; x_wconf 91' lang='lat' dir='ltr'><strong>qui</strong></span> <span class='ocrx_word' id='word_1_180' title='bbox 1686 2312 1872 2383; x_wconf 82' lang='lat' dir='ltr'><strong>gladiis</strong></span> <span class='ocrx_word' id='word_1_181' title='bbox 1890 2328 1977 2366; x_wconf 89' lang='lat' dir='ltr'><strong>ar-</strong></span> 
     </span>
    </p>
   </div>
   <div class='ocr_carea' id='block_1_24' title="bbox 386 2403 1969 2475">
    <p class='ocr_par' dir='ltr' id='par_1_24' title="bbox 386 2403 1969 2475">
     <span class='ocr_line' id='line_1_24' title="bbox 386 2403 1969 2475; baseline -0.004 -14"><span class='ocrx_word' id='word_1_182' title='bbox 386 2418 560 2461; x_wconf 86' lang='lat' dir='ltr'><strong>matos</strong></span> <span class='ocrx_word' id='word_1_183' title='bbox 592 2409 707 2461; x_wconf 92' lang='lat' dir='ltr'><strong>illos</strong></span> <span class='ocrx_word' id='word_1_184' title='bbox 722 2407 956 2461; x_wconf 88' lang='lat' dir='ltr'><strong>coercuit</strong></span> <span class='ocrx_word' id='word_1_185' title='bbox 980 2405 1236 2475; x_wconf 85' lang='lat' dir='ltr'><strong>:quivero</strong></span> <span class='ocrx_word' id='word_1_186' title='bbox 1254 2404 1379 2457; x_wconf 93' lang='lat' dir='ltr'><strong>nulli</strong></span> <span class='ocrx_word' id='word_1_187' title='bbox 1408 2403 1969 2473; x_wconf 90' lang='lat' dir='ltr'><strong>addiceretsupplicio,</strong></span> 
     </span>
    </p>
   </div>
   <div class='ocr_carea' id='block_1_25' title="bbox 389 2496 1970 2569">
    <p class='ocr_par' dir='ltr' id='par_1_25' title="bbox 389 2496 1970 2569">
     <span class='ocr_line' id='line_1_25' title="bbox 389 2496 1970 2569; baseline -0.004 -15"><span class='ocrx_word' id='word_1_188' title='bbox 389 2501 488 2555; x_wconf 89' lang='lat' dir='ltr'><strong>hac</strong></span> <span class='ocrx_word' id='word_1_189' title='bbox 517 2501 726 2555; x_wconf 89' lang='lat' dir='ltr'><strong>licentia</strong></span> <span class='ocrx_word' id='word_1_190' title='bbox 757 2515 889 2569; x_wconf 85' lang='lat' dir='ltr'><strong>pene</strong></span> <span class='ocrx_word' id='word_1_191' title='bbox 912 2499 1059 2552; x_wconf 93' lang='lat' dir='ltr'><strong>illum</strong></span> <span class='ocrx_word' id='word_1_192' title='bbox 1090 2507 1342 2561; x_wconf 89' lang='lat' dir='ltr'><strong>armaret,</strong></span> <span class='ocrx_word' id='word_1_193' title='bbox 1378 2497 1629 2565; x_wconf 88' lang='lat' dir='ltr'><strong>illumque</strong></span> <span class='ocrx_word' id='word_1_194' title='bbox 1658 2496 1970 2561; x_wconf 89' lang='lat' dir='ltr'><strong>imitaretur,</strong></span> 
     </span>
    </p>
   </div>
   <div class='ocr_carea' id='block_1_26' title="bbox 380 2586 1970 2662">
    <p class='ocr_par' dir='ltr' id='par_1_26' title="bbox 380 2586 1970 2662">
     <span class='ocr_line' id='line_1_26' title="bbox 380 2586 1970 2662; baseline -0.004 -18"><span class='ocrx_word' id='word_1_195' title='bbox 380 2593 474 2662; x_wconf 87' lang='lat' dir='ltr'><strong>qui</strong></span> <span class='ocrx_word' id='word_1_196' title='bbox 504 2600 736 2645; x_wconf 86' lang='lat' dir='ltr'><strong>armatos</strong></span> <span class='ocrx_word' id='word_1_197' title='bbox 763 2589 948 2658; x_wconf 78' lang='lat' dir='ltr'><strong>gladiis</strong></span> <span class='ocrx_word' id='word_1_198' title='bbox 972 2589 1114 2642; x_wconf 88' lang='lat' dir='ltr'><strong>viros</strong></span> <span class='ocrx_word' id='word_1_199' title='bbox 1158 2602 1251 2657; x_wconf 90' lang='lat' dir='ltr'><strong>per</strong></span> <span class='ocrx_word' id='word_1_200' title='bbox 1294 2595 1454 2641; x_wconf 90' lang='lat' dir='ltr'><strong>totam</strong></span> <span class='ocrx_word' id='word_1_201' title='bbox 1488 2586 1669 2640; x_wconf 84' lang='lat' dir='ltr'><strong>urbem</strong></span> <span class='ocrx_word' id='word_1_202' title='bbox 1720 2586 1970 2639; x_wconf 86' lang='lat' dir='ltr'><strong>mitteret.</strong></span> 
     </span>
    </p>
   </div>
   <div class='ocr_carea' id='block_1_27' title="bbox 458 2674 1973 2749">
    <p class='ocr_par' dir='ltr' id='par_1_27' title="bbox 458 2674 1973 2749">
     <span class='ocr_line' id='line_1_27' title="bbox 458 2674 1973 2749; baseline -0.004 -14"><span class='ocrx_word' id='word_1_203' title='bbox 458 2684 509 2735; x_wconf 88' lang='grc'><strong>7.</strong></span> <span class='ocrx_word' id='word_1_204' title='bbox 551 2681 678 2747; x_wconf 81' lang='lat' dir='ltr'><strong>Ipsa</strong></span> <span class='ocrx_word' id='word_1_205' title='bbox 705 2680 925 2749; x_wconf 82' lang='lat' dir='ltr'><strong>antiqua:</strong></span> <span class='ocrx_word' id='word_1_206' title='bbox 963 2679 1086 2748; x_wconf 88' lang='lat' dir='ltr'><strong>legis</strong></span> <span class='ocrx_word' id='word_1_207' title='bbox 1115 2687 1366 2747; x_wconf 74' lang='lat' dir='ltr'><strong>prtecepta</strong></span> <span class='ocrx_word' id='word_1_208' title='bbox 1404 2676 1617 2747; x_wconf 85' lang='lat' dir='ltr'><strong>benigna</strong></span> <span class='ocrx_word' id='word_1_209' title='bbox 1656 2685 1794 2729; x_wconf 89' lang='lat' dir='ltr'><strong>sunt.</strong></span> <span class='ocrx_word' id='word_1_210' title='bbox 1828 2674 1973 2730; x_wconf 86' lang='lat' dir='ltr'><strong>Unus</strong></span> 
     </span>
    </p>
   </div>
   <div class='ocr_carea' id='block_1_28' title="bbox 385 2768 1972 2843">
    <p class='ocr_par' dir='ltr' id='par_1_28' title="bbox 385 2768 1972 2843">
     <span class='ocr_line' id='line_1_28' title="bbox 385 2768 1972 2843; baseline -0.003 -16"><span class='ocrx_word' id='word_1_211' title='bbox 385 2775 614 2843; x_wconf 81' lang='lat' dir='ltr'><strong>idemque</strong></span> <span class='ocrx_word' id='word_1_212' title='bbox 640 2783 712 2826; x_wconf 88' lang='lat' dir='ltr'><strong>est</strong></span> <span class='ocrx_word' id='word_1_213' title='bbox 742 2773 1000 2838; x_wconf 84' lang='lat' dir='ltr'><strong>utriusque</strong></span> <span class='ocrx_word' id='word_1_214' title='bbox 1025 2770 1330 2825; x_wconf 85' lang='lat' dir='ltr'><strong>Testamenti</strong></span> <span class='ocrx_word' id='word_1_215' title='bbox 1358 2769 1633 2839; x_wconf 84' lang='lat' dir='ltr'><strong>legislator.</strong></span> <span class='ocrx_word' id='word_1_216' title='bbox 1674 2798 1744 2808; x_wconf 93' lang='lat'>—</span> <span class='ocrx_word' id='word_1_217' title='bbox 1785 2768 1972 2822; x_wconf 83' lang='lat' dir='ltr'><strong>Viden‘</strong></span> 
     </span>
    </p>
   </div>
   <div class='ocr_carea' id='block_1_29' title="bbox 383 2861 1969 2937">
    <p class='ocr_par' dir='ltr' id='par_1_29' title="bbox 383 2861 1969 2937">
     <span class='ocr_line' id='line_1_29' title="bbox 383 2861 1969 2937; baseline -0.004 -17"><span class='ocrx_word' id='word_1_218' title='bbox 383 2866 653 2937; x_wconf 90' lang='lat' dir='ltr'><strong>quomodo</strong></span> <span class='ocrx_word' id='word_1_219' title='bbox 672 2882 773 2919; x_wconf 89' lang='lat' dir='ltr'><strong>non</strong></span> <span class='ocrx_word' id='word_1_220' title='bbox 795 2864 1130 2927; x_wconf 90' lang='lat' dir='ltr'><strong>crudelitate,</strong></span> <span class='ocrx_word' id='word_1_221' title='bbox 1152 2863 1244 2917; x_wconf 86' lang='lat' dir='ltr'><strong>sed</strong></span> <span class='ocrx_word' id='word_1_222' title='bbox 1265 2863 1587 2931; x_wconf 73' lang='lat' dir='ltr'><strong>benignitate</strong></span> <span class='ocrx_word' id='word_1_223' title='bbox 1609 2877 1795 2930; x_wconf 81' lang='lat' dir='ltr'><strong>magna</strong></span> <span class='ocrx_word' id='word_1_224' title='bbox 1814 2861 1969 2930; x_wconf 90' lang='lat' dir='ltr'><strong>plena</strong></span> 
     </span>
    </p>
   </div>
   <div class='ocr_carea' id='block_1_30' title="bbox 383 2955 1967 3030">
    <p class='ocr_par' dir='ltr' id='par_1_30' title="bbox 383 2955 1967 3030">
     <span class='ocr_line' id='line_1_30' title="bbox 383 2955 1967 3030; baseline -0.003 -17"><span class='ocrx_word' id='word_1_225' title='bbox 383 2962 493 3013; x_wconf 91' lang='lat' dir='ltr'><strong>sint</strong></span> <span class='ocrx_word' id='word_1_226' title='bbox 520 2960 823 3030; x_wconf 64' lang='lat' dir='ltr'><strong>praecepta?</strong></span> <span class='ocrx_word' id='word_1_227' title='bbox 864 2959 919 3013; x_wconf 90' lang='lat' dir='ltr'><strong>Si</strong></span> <span class='ocrx_word' id='word_1_228' title='bbox 948 2974 1073 3012; x_wconf 89' lang='lat' dir='ltr'><strong>vero</strong></span> <span class='ocrx_word' id='word_1_229' title='bbox 1104 2966 1381 3026; x_wconf 82' lang='lat' dir='ltr'><strong>propterea</strong></span> <span class='ocrx_word' id='word_1_230' title='bbox 1412 2955 1765 3024; x_wconf 81' lang='lat' dir='ltr'><strong>Iegislatorem</strong></span> <span class='ocrx_word' id='word_1_231' title='bbox 1797 2955 1967 3010; x_wconf 89' lang='lat' dir='ltr'><strong>mole-</strong></span> 
     </span>
    </p>
   </div>
   <div class='ocr_carea' id='block_1_31' title="bbox 383 3047 1970 3118">
    <p class='ocr_par' dir='ltr' id='par_1_31' title="bbox 383 3047 1970 3118">
     <span class='ocr_line' id='line_1_31' title="bbox 383 3047 1970 3118; baseline -0.002 -13"><span class='ocrx_word' id='word_1_232' title='bbox 383 3062 524 3106; x_wconf 87' lang='lat' dir='ltr'><strong>stum</strong></span> <span class='ocrx_word' id='word_1_233' title='bbox 556 3065 948 3118; x_wconf 87' lang='lat' dir='ltr'><strong>onerosumque</strong></span> <span class='ocrx_word' id='word_1_234' title='bbox 974 3063 1151 3111; x_wconf 86' lang='lat' dir='ltr'><strong>vocas,</strong></span> <span class='ocrx_word' id='word_1_235' title='bbox 1181 3047 1309 3117; x_wconf 89' lang='lat' dir='ltr'><strong>quid</strong></span> <span class='ocrx_word' id='word_1_236' title='bbox 1340 3047 1613 3102; x_wconf 90' lang='lat' dir='ltr'><strong>molestius</strong></span> <span class='ocrx_word' id='word_1_237' title='bbox 1632 3088 1645 3109; x_wconf 86' lang='lat'><strong>,</strong></span> <span class='ocrx_word' id='word_1_238' title='bbox 1673 3062 1854 3117; x_wconf 67' lang='lat' dir='ltr'><strong>quaeso</strong></span> <span class='ocrx_word' id='word_1_239' title='bbox 1872 3089 1886 3111; x_wconf 89' lang='lat'><strong>,</strong></span> <span class='ocrx_word' id='word_1_240' title='bbox 1915 3057 1970 3102; x_wconf 91' lang='lat' dir='ltr'><strong>et</strong></span> 
     </span>
    </p>
   </div>
   <div class='ocr_carea' id='block_1_32' title="bbox 382 3139 1969 3215">
    <p class='ocr_par' dir='ltr' id='par_1_32' title="bbox 382 3139 1969 3215">
     <span class='ocr_line' id='line_1_32' title="bbox 382 3139 1969 3215; baseline -0.003 -17"><span class='ocrx_word' id='word_1_241' title='bbox 382 3146 508 3215; x_wconf 91' lang='lat' dir='ltr'><strong>quid</strong></span> <span class='ocrx_word' id='word_1_242' title='bbox 538 3144 816 3199; x_wconf 90' lang='lat' dir='ltr'><strong>onerosius</strong></span> <span class='ocrx_word' id='word_1_243' title='bbox 842 3143 942 3205; x_wconf 90' lang='lat' dir='ltr'><strong>sit,</strong></span> <span class='ocrx_word' id='word_1_244' title='bbox 976 3156 1080 3195; x_wconf 93' lang='lat' dir='ltr'><strong>non</strong></span> <span class='ocrx_word' id='word_1_245' title='bbox 1105 3139 1368 3203; x_wconf 90' lang='lat' dir='ltr'><strong>occidere,</strong></span> <span class='ocrx_word' id='word_1_246' title='bbox 1398 3155 1463 3194; x_wconf 89' lang='lat' dir='ltr'><strong>an</strong></span> <span class='ocrx_word' id='word_1_247' title='bbox 1488 3155 1595 3194; x_wconf 90' lang='lat' dir='ltr'><strong>non</strong></span> <span class='ocrx_word' id='word_1_248' title='bbox 1620 3140 1813 3194; x_wconf 86' lang='lat' dir='ltr'><strong>irasci?</strong></span> <span class='ocrx_word' id='word_1_249' title='bbox 1840 3140 1969 3206; x_wconf 83' lang='lat' dir='ltr'><strong>Quis</strong></span> 
     </span>
    </p>
   </div>
   <div class='ocr_carea' id='block_1_33' title="bbox 384 3231 1967 3307">
    <p class='ocr_par' dir='ltr' id='par_1_33' title="bbox 384 3231 1967 3307">
     <span class='ocr_line' id='line_1_33' title="bbox 384 3231 1967 3307; baseline -0.005 -15"><span class='ocrx_word' id='word_1_250' title='bbox 384 3238 641 3301; x_wconf 86' lang='lat' dir='ltr'><strong>severior,</strong></span> <span class='ocrx_word' id='word_1_251' title='bbox 674 3235 763 3305; x_wconf 91' lang='lat' dir='ltr'><strong>qui</strong></span> <span class='ocrx_word' id='word_1_252' title='bbox 794 3232 1063 3289; x_wconf 88' lang='lat' dir='ltr'><strong>homicidii</strong></span> <span class='ocrx_word' id='word_1_253' title='bbox 1094 3246 1279 3307; x_wconf 80' lang='lat' dir='ltr'><strong>ptenas</strong></span> <span class='ocrx_word' id='word_1_254' title='bbox 1306 3232 1517 3302; x_wconf 89' lang='lat' dir='ltr'><strong>repetit,</strong></span> <span class='ocrx_word' id='word_1_255' title='bbox 1546 3246 1613 3285; x_wconf 90' lang='lat' dir='ltr'><strong>an</strong></span> <span class='ocrx_word' id='word_1_256' title='bbox 1636 3231 1726 3301; x_wconf 91' lang='lat' dir='ltr'><strong>qui</strong></span> <span class='ocrx_word' id='word_1_257' title='bbox 1753 3232 1967 3286; x_wconf 86' lang='lat' dir='ltr'><strong>iracun-</strong></span> 
     </span>
    </p>
   </div>
   <div class='ocr_carea' id='block_1_34' title="bbox 379 3322 1967 3399">
    <p class='ocr_par' dir='ltr' id='par_1_34' title="bbox 379 3322 1967 3399">
     <span class='ocr_line' id='line_1_34' title="bbox 379 3322 1967 3399; baseline -0.005 -15"><span class='ocrx_word' id='word_1_258' title='bbox 379 3330 523 3384; x_wconf 73' lang='lat' dir='ltr'><strong>dite?</strong></span> <span class='ocrx_word' id='word_1_259' title='bbox 551 3328 641 3399; x_wconf 90' lang='lat' dir='ltr'><strong>qui</strong></span> <span class='ocrx_word' id='word_1_260' title='bbox 666 3325 934 3381; x_wconf 76' lang='lat' dir='ltr'><strong>mtechum</strong></span> <span class='ocrx_word' id='word_1_261' title='bbox 959 3334 1080 3395; x_wconf 88' lang='lat' dir='ltr'><strong>post</strong></span> <span class='ocrx_word' id='word_1_262' title='bbox 1105 3332 1370 3394; x_wconf 86' lang='lat' dir='ltr'><strong>peractam</strong></span> <span class='ocrx_word' id='word_1_263' title='bbox 1396 3338 1532 3389; x_wconf 89' lang='lat' dir='ltr'><strong>rem,</strong></span> <span class='ocrx_word' id='word_1_264' title='bbox 1560 3322 1820 3393; x_wconf 87' lang='lat' dir='ltr'><strong>supplicio</strong></span> <span class='ocrx_word' id='word_1_265' title='bbox 1843 3323 1967 3377; x_wconf 82' lang='lat' dir='ltr'><strong>sub-</strong></span> 
     </span>
    </p>
   </div>
   <div class='ocr_carea' id='block_1_35' title="bbox 383 3414 1966 3489">
    <p class='ocr_par' dir='ltr' id='par_1_35' title="bbox 383 3414 1966 3489">
     <span class='ocr_line' id='line_1_35' title="bbox 383 3414 1966 3489; baseline -0.003 -16"><span class='ocrx_word' id='word_1_266' title='bbox 383 3421 498 3489; x_wconf 82' lang='lat' dir='ltr'><strong>jicit</strong></span> <span class='ocrx_word' id='word_1_267' title='bbox 519 3458 535 3484; x_wconf 96' lang='lat'><strong>,</strong></span> <span class='ocrx_word' id='word_1_268' title='bbox 564 3433 630 3472; x_wconf 89' lang='lat' dir='ltr'><strong>an</strong></span> <span class='ocrx_word' id='word_1_269' title='bbox 662 3416 754 3487; x_wconf 87' lang='lat' dir='ltr'><strong>qui</strong></span> <span class='ocrx_word' id='word_1_270' title='bbox 794 3416 959 3485; x_wconf 91' lang='lat' dir='ltr'><strong>ipsius</strong></span> <span class='ocrx_word' id='word_1_271' title='bbox 984 3414 1430 3485; x_wconf 69' lang='lat' dir='ltr'><strong>concupiscentiae</strong></span> <span class='ocrx_word' id='word_1_272' title='bbox 1452 3414 1602 3484; x_wconf 90' lang='lat' dir='ltr'><strong>jubet</strong></span> <span class='ocrx_word' id='word_1_273' title='bbox 1628 3414 1758 3469; x_wconf 90' lang='lat' dir='ltr'><strong>dare</strong></span> <span class='ocrx_word' id='word_1_274' title='bbox 1782 3429 1966 3485; x_wconf 67' lang='lat' dir='ltr'><strong>poenas</strong></span> 
     </span>
    </p>
   </div>
   <div class='ocr_carea' id='block_1_36' title="bbox 383 3506 1967 3581">
    <p class='ocr_par' dir='ltr' id='par_1_36' title="bbox 383 3506 1967 3581">
     <span class='ocr_line' id='line_1_36' title="bbox 383 3506 1967 3581; baseline -0.003 -18"><span class='ocrx_word' id='word_1_275' title='bbox 383 3520 441 3565; x_wconf 86' lang='lat' dir='ltr'><strong>et</strong></span> <span class='ocrx_word' id='word_1_276' title='bbox 482 3524 668 3581; x_wconf 69' lang='lat' dir='ltr'><strong>poenas</strong></span> <span class='ocrx_word' id='word_1_277' title='bbox 708 3507 1075 3563; x_wconf 89' lang='lat' dir='ltr'><strong>immortales?</strong></span> <span class='ocrx_word' id='word_1_278' title='bbox 1119 3506 1346 3573; x_wconf 87' lang='lat' dir='ltr'><strong>Videte,</strong></span> <span class='ocrx_word' id='word_1_279' title='bbox 1392 3506 1445 3561; x_wconf 90' lang='lat' dir='ltr'><strong>in</strong></span> <span class='ocrx_word' id='word_1_280' title='bbox 1487 3506 1811 3561; x_wconf 83' lang='lat' dir='ltr'><strong>contrarium</strong></span> <span class='ocrx_word' id='word_1_281' title='bbox 1862 3506 1967 3560; x_wconf 83' lang='lat' dir='ltr'><strong>illis</strong></span> 
     </span>
    </p>
   </div>
   <div class='ocr_carea' id='block_1_37' title="bbox 383 3597 1963 3669">
    <p class='ocr_par' dir='ltr' id='par_1_37' title="bbox 383 3597 1963 3669">
     <span class='ocr_line' id='line_1_37' title="bbox 383 3597 1963 3669; baseline -0.002 -13"><span class='ocrx_word' id='word_1_282' title='bbox 383 3616 702 3656; x_wconf 86' lang='lat' dir='ltr'><strong>conversum</strong></span> <span class='ocrx_word' id='word_1_283' title='bbox 729 3614 847 3655; x_wconf 86' lang='lat' dir='ltr'><strong>esse</strong></span> <span class='ocrx_word' id='word_1_284' title='bbox 876 3614 1197 3654; x_wconf 89' lang='lat' dir='ltr'><strong>sermonem.</strong></span> <span class='ocrx_word' id='word_1_285' title='bbox 1240 3597 1374 3653; x_wconf 87' lang='lat' dir='ltr'><strong>Nam</strong></span> <span class='ocrx_word' id='word_1_286' title='bbox 1405 3598 1602 3654; x_wconf 91' lang='lat' dir='ltr'><strong>veteris</strong></span> <span class='ocrx_word' id='word_1_287' title='bbox 1630 3598 1762 3669; x_wconf 84' lang='lat' dir='ltr'><strong>legis</strong></span> <span class='ocrx_word' id='word_1_288' title='bbox 1788 3599 1927 3654; x_wconf 91' lang='lat' dir='ltr'><strong>Deus</strong></span> <span class='ocrx_word' id='word_1_289' title='bbox 1947 3640 1963 3665; x_wconf 94' lang='lat'><strong>,</strong></span> 
     </span>
    </p>
   </div>
   <div class='ocr_carea' id='block_1_38' title="bbox 384 3690 1965 3762">
    <p class='ocr_par' dir='ltr' id='par_1_38' title="bbox 384 3690 1965 3762">
     <span class='ocr_line' id='line_1_38' title="bbox 384 3690 1965 3762; baseline -0.001 -17"><span class='ocrx_word' id='word_1_290' title='bbox 384 3708 542 3762; x_wconf 90' lang='lat' dir='ltr'><strong>quem</strong></span> <span class='ocrx_word' id='word_1_291' title='bbox 574 3691 671 3761; x_wconf 90' lang='lat' dir='ltr'><strong>ipsi</strong></span> <span class='ocrx_word' id='word_1_292' title='bbox 698 3691 882 3746; x_wconf 90' lang='lat' dir='ltr'><strong>dicunt</strong></span> <span class='ocrx_word' id='word_1_293' title='bbox 907 3690 1179 3743; x_wconf 88' lang='lat' dir='ltr'><strong>crudelem</strong></span> <span class='ocrx_word' id='word_1_294' title='bbox 1208 3703 1357 3755; x_wconf 89' lang='lat' dir='ltr'><strong>esse,</strong></span> <span class='ocrx_word' id='word_1_295' title='bbox 1390 3697 1699 3743; x_wconf 89' lang='lat' dir='ltr'><strong>mansuetus</strong></span> <span class='ocrx_word' id='word_1_296' title='bbox 1727 3690 1965 3744; x_wconf 89' lang='lat' dir='ltr'><strong>invenie-</strong></span> 
     </span>
    </p>
   </div>
   <div class='ocr_carea' id='block_1_39' title="bbox 386 3781 1964 3851">
    <p class='ocr_par' dir='ltr' id='par_1_39' title="bbox 386 3781 1964 3851">
     <span class='ocr_line' id='line_1_39' title="bbox 386 3781 1964 3851; baseline -0.001 -14"><span class='ocrx_word' id='word_1_297' title='bbox 386 3793 507 3847; x_wconf 87' lang='lat' dir='ltr'><strong>tur;</strong></span> <span class='ocrx_word' id='word_1_298' title='bbox 555 3799 704 3836; x_wconf 71' lang='lat' dir='ltr'><strong>novre</strong></span> <span class='ocrx_word' id='word_1_299' title='bbox 743 3791 917 3836; x_wconf 89' lang='lat' dir='ltr'><strong>autem</strong></span> <span class='ocrx_word' id='word_1_300' title='bbox 951 3781 1081 3850; x_wconf 80' lang='lat' dir='ltr'><strong>legis</strong></span> <span class='ocrx_word' id='word_1_301' title='bbox 1107 3781 1277 3847; x_wconf 88' lang='lat' dir='ltr'><strong>Deus,</strong></span> <span class='ocrx_word' id='word_1_302' title='bbox 1308 3796 1468 3851; x_wconf 91' lang='lat' dir='ltr'><strong>quem</strong></span> <span class='ocrx_word' id='word_1_303' title='bbox 1494 3795 1613 3835; x_wconf 90' lang='lat' dir='ltr'><strong>esse</strong></span> <span class='ocrx_word' id='word_1_304' title='bbox 1641 3781 1834 3835; x_wconf 88' lang='lat' dir='ltr'><strong>bonttm</strong></span> <span class='ocrx_word' id='word_1_305' title='bbox 1868 3783 1964 3851; x_wconf 92' lang='lat' dir='ltr'><strong>ipsi</strong></span> 
     </span>
    </p>
   </div>
   <div class='ocr_carea' id='block_1_40' title="bbox 385 3870 1964 3937">
    <p class='ocr_par' dir='ltr' id='par_1_40' title="bbox 385 3870 1964 3937">
     <span class='ocr_line' id='line_1_40' title="bbox 385 3870 1964 3937; baseline -0.001 -10"><span class='ocrx_word' id='word_1_306' title='bbox 385 3875 654 3937; x_wconf 84' lang='lat' dir='ltr'><strong>fatentur,</strong></span> <span class='ocrx_word' id='word_1_307' title='bbox 706 3872 960 3925; x_wconf 90' lang='lat' dir='ltr'><strong>molestus</strong></span> <span class='ocrx_word' id='word_1_308' title='bbox 1008 3880 1061 3925; x_wconf 90' lang='lat' dir='ltr'><strong>et</strong></span> <span class='ocrx_word' id='word_1_309' title='bbox 1111 3886 1368 3925; x_wconf 88' lang='lat' dir='ltr'><strong>onerosus</strong></span> <span class='ocrx_word' id='word_1_310' title='bbox 1412 3870 1701 3925; x_wconf 88' lang='lat' dir='ltr'><strong>secundum</strong></span> <span class='ocrx_word' id='word_1_311' title='bbox 1753 3872 1964 3926; x_wconf 91' lang='lat' dir='ltr'><strong>illorum</strong></span> 
     </span>
    </p>
   </div>
   <div class='ocr_carea' id='block_1_41' title="bbox 384 3961 1967 4033">
    <p class='ocr_par' dir='ltr' id='par_1_41' title="bbox 384 3961 1967 4033">
     <span class='ocr_line' id='line_1_41' title="bbox 384 3961 1967 4033; baseline -0.001 -13"><span class='ocrx_word' id='word_1_312' title='bbox 384 3965 680 4020; x_wconf 89' lang='lat' dir='ltr'><strong>stultitiam.</strong></span> <span class='ocrx_word' id='word_1_313' title='bbox 735 3962 842 4016; x_wconf 88' lang='lat' dir='ltr'><strong>Nos</strong></span> <span class='ocrx_word' id='word_1_314' title='bbox 886 3963 1081 4033; x_wconf 92' lang='lat' dir='ltr'><strong>quippe</strong></span> <span class='ocrx_word' id='word_1_315' title='bbox 1128 3977 1290 4017; x_wconf 91' lang='lat' dir='ltr'><strong>unum</strong></span> <span class='ocrx_word' id='word_1_316' title='bbox 1337 3961 1690 4032; x_wconf 89' lang='lat' dir='ltr'><strong>eumdemque</strong></span> <span class='ocrx_word' id='word_1_317' title='bbox 1741 3961 1967 4018; x_wconf 89' lang='lat' dir='ltr'><strong>dicimus</strong></span> 
     </span>
    </p>
   </div>
   <div class='ocr_carea' id='block_1_42' title="bbox 383 4051 1966 4123">
    <p class='ocr_par' dir='ltr' id='par_1_42' title="bbox 383 4051 1966 4123">
     <span class='ocr_line' id='line_1_42' title="bbox 383 4051 1966 4123; baseline -0.001 -14"><span class='ocrx_word' id='word_1_318' title='bbox 383 4056 657 4123; x_wconf 88' lang='lat' dir='ltr'><strong>utriusque</strong></span> <span class='ocrx_word' id='word_1_319' title='bbox 688 4053 1010 4108; x_wconf 87' lang='lat' dir='ltr'><strong>Testamenti</strong></span> <span class='ocrx_word' id='word_1_320' title='bbox 1043 4052 1400 4122; x_wconf 90' lang='lat' dir='ltr'><strong>legislatorem</strong></span> <span class='ocrx_word' id='word_1_321' title='bbox 1420 4093 1435 4115; x_wconf 90' lang='lat'><strong>,</strong></span> <span class='ocrx_word' id='word_1_322' title='bbox 1465 4051 1554 4121; x_wconf 91' lang='lat' dir='ltr'><strong>qui</strong></span> <span class='ocrx_word' id='word_1_323' title='bbox 1583 4052 1760 4106; x_wconf 89' lang='lat' dir='ltr'><strong>omnia</strong></span> <span class='ocrx_word' id='word_1_324' title='bbox 1792 4062 1847 4107; x_wconf 92' lang='lat' dir='ltr'><strong>ut</strong></span> <span class='ocrx_word' id='word_1_325' title='bbox 1875 4054 1966 4109; x_wconf 84' lang='lat' dir='ltr'><strong>de—</strong></span> 
     </span>
    </p>
   </div>
   <div class='ocr_carea' id='block_1_43' title="bbox 378 4142 1965 4214">
    <p class='ocr_par' dir='ltr' id='par_1_43' title="bbox 378 4142 1965 4214">
     <span class='ocr_line' id='line_1_43' title="bbox 378 4142 1965 4214; baseline -0.001 -14"><span class='ocrx_word' id='word_1_326' title='bbox 378 4145 537 4201; x_wconf 88' lang='lat' dir='ltr'><strong>cebat</strong></span> <span class='ocrx_word' id='word_1_327' title='bbox 561 4143 886 4213; x_wconf 74' lang='lat' dir='ltr'><strong>dispensavit</strong></span> <span class='ocrx_word' id='word_1_328' title='bbox 906 4185 921 4208; x_wconf 91' lang='lat'><strong>,</strong></span> <span class='ocrx_word' id='word_1_329' title='bbox 950 4155 1003 4198; x_wconf 91' lang='lat' dir='ltr'><strong>et</strong></span> <span class='ocrx_word' id='word_1_330' title='bbox 1032 4154 1333 4213; x_wconf 92' lang='lat' dir='ltr'><strong>temporum</strong></span> <span class='ocrx_word' id='word_1_331' title='bbox 1357 4142 1653 4199; x_wconf 91' lang='lat' dir='ltr'><strong>discrimini</strong></span> <span class='ocrx_word' id='word_1_332' title='bbox 1690 4145 1965 4214; x_wconf 88' lang='lat' dir='ltr'><strong>utriusque</strong></span> 
     </span>
    </p>
   </div>
   <div class='ocr_carea' id='block_1_44' title="bbox 382 4233 1964 4307">
    <p class='ocr_par' dir='ltr' id='par_1_44' title="bbox 382 4233 1964 4307">
     <span class='ocr_line' id='line_1_44' title="bbox 382 4233 1964 4307; baseline 0 -16"><span class='ocrx_word' id='word_1_333' title='bbox 382 4237 515 4307; x_wconf 86' lang='lat' dir='ltr'><strong>legis</strong></span> <span class='ocrx_word' id='word_1_334' title='bbox 560 4235 913 4291; x_wconf 85' lang='lat' dir='ltr'><strong>dill‘ercntiam</strong></span> <span class='ocrx_word' id='word_1_335' title='bbox 957 4236 1176 4304; x_wconf 86' lang='lat' dir='ltr'><strong>aptavit.</strong></span> <span class='ocrx_word' id='word_1_336' title='bbox 1227 4233 1387 4304; x_wconf 86' lang='lat' dir='ltr'><strong>Igitur</strong></span> <span class='ocrx_word' id='word_1_337' title='bbox 1424 4250 1523 4289; x_wconf 91' lang='lat' dir='ltr'><strong>nec</strong></span> <span class='ocrx_word' id='word_1_338' title='bbox 1568 4235 1653 4288; x_wconf 91' lang='lat' dir='ltr'><strong>illa</strong></span> <span class='ocrx_word' id='word_1_339' title='bbox 1699 4246 1964 4306; x_wconf 62' lang='lat' dir='ltr'><strong>praecepta</strong></span> 
     </span>
    </p>
   </div>
   <div class='ocr_carea' id='block_1_45' title="bbox 382 4327 1965 4400">
    <p class='ocr_par' dir='ltr' id='par_1_45' title="bbox 382 4327 1965 4400">
     <span class='ocr_line' id='line_1_45' title="bbox 382 4327 1965 4400; baseline 0 -16"><span class='ocrx_word' id='word_1_340' title='bbox 382 4328 640 4394; x_wconf 87' lang='lat' dir='ltr'><strong>crudelia,</strong></span> <span class='ocrx_word' id='word_1_341' title='bbox 668 4342 839 4399; x_wconf 90' lang='lat' dir='ltr'><strong>neque</strong></span> <span class='ocrx_word' id='word_1_342' title='bbox 868 4327 981 4381; x_wconf 64' lang='lat' dir='ltr'><strong>haec</strong></span> <span class='ocrx_word' id='word_1_343' title='bbox 1002 4342 1231 4381; x_wconf 90' lang='lat' dir='ltr'><strong>onerosa</strong></span> <span class='ocrx_word' id='word_1_344' title='bbox 1254 4328 1336 4382; x_wconf 88' lang='lat' dir='ltr'><strong>vel</strong></span> <span class='ocrx_word' id='word_1_345' title='bbox 1357 4327 1601 4393; x_wconf 86' lang='lat' dir='ltr'><strong>molesta,</strong></span> <span class='ocrx_word' id='word_1_346' title='bbox 1628 4328 1721 4383; x_wconf 91' lang='lat' dir='ltr'><strong>sed</strong></span> <span class='ocrx_word' id='word_1_347' title='bbox 1742 4339 1965 4400; x_wconf 90' lang='lat' dir='ltr'><strong>utraque</strong></span> 
     </span>
    </p>
   </div>
   <div class='ocr_carea' id='block_1_46' title="bbox 382 4417 1965 4493">
    <p class='ocr_par' dir='ltr' id='par_1_46' title="bbox 382 4417 1965 4493">
     <span class='ocr_line' id='line_1_46' title="bbox 382 4417 1965 4493; baseline 0 -17"><span class='ocrx_word' id='word_1_348' title='bbox 382 4422 452 4476; x_wconf 81' lang='lat' dir='ltr'><strong>ab</strong></span> <span class='ocrx_word' id='word_1_349' title='bbox 492 4436 596 4475; x_wconf 90' lang='lat' dir='ltr'><strong>una</strong></span> <span class='ocrx_word' id='word_1_350' title='bbox 638 4419 930 4489; x_wconf 87' lang='lat' dir='ltr'><strong>eademque</strong></span> <span class='ocrx_word' id='word_1_351' title='bbox 966 4417 1296 4493; x_wconf 85' lang='lat' dir='ltr'><strong>providentia</strong></span> <span class='ocrx_word' id='word_1_352' title='bbox 1341 4419 1766 4486; x_wconf 79' lang='lat' dir='ltr'><strong>proﬁciscuntur.</strong></span> <span class='ocrx_word' id='word_1_353' title='bbox 1813 4422 1965 4490; x_wconf 88' lang='lat' dir='ltr'><strong>Quod</strong></span> 
     </span>
    </p>
   </div>
   <div class='ocr_carea' id='block_1_47' title="bbox 378 4508 1959 4581">
    <p class='ocr_par' dir='ltr' id='par_1_47' title="bbox 378 4508 1959 4581">
     <span class='ocr_line' id='line_1_47' title="bbox 378 4508 1959 4581; baseline 0.001 -16"><span class='ocrx_word' id='word_1_354' title='bbox 378 4510 526 4565; x_wconf 89' lang='lat' dir='ltr'><strong>enim</strong></span> <span class='ocrx_word' id='word_1_355' title='bbox 585 4508 701 4579; x_wconf 88' lang='lat' dir='ltr'><strong>ipse</strong></span> <span class='ocrx_word' id='word_1_356' title='bbox 753 4516 990 4564; x_wconf 86' lang='lat' dir='ltr'><strong>veterem</strong></span> <span class='ocrx_word' id='word_1_357' title='bbox 1037 4525 1255 4580; x_wconf 85' lang='lat' dir='ltr'><strong>quoque</strong></span> <span class='ocrx_word' id='word_1_358' title='bbox 1306 4510 1473 4581; x_wconf 90' lang='lat' dir='ltr'><strong>legem</strong></span> <span class='ocrx_word' id='word_1_359' title='bbox 1523 4511 1772 4577; x_wconf 86' lang='lat' dir='ltr'><strong>dederit,</strong></span> <span class='ocrx_word' id='word_1_360' title='bbox 1830 4513 1959 4567; x_wconf 87' lang='lat' dir='ltr'><strong>audi</strong></span> 
     </span>
    </p>
   </div>
   <div class='ocr_carea' id='block_1_48' title="bbox 380 4601 1955 4674">
    <p class='ocr_par' dir='ltr' id='par_1_48' title="bbox 380 4601 1955 4674">
     <span class='ocr_line' id='line_1_48' title="bbox 380 4601 1955 4674; baseline 0.001 -17"><span class='ocrx_word' id='word_1_361' title='bbox 380 4601 702 4674; x_wconf 79' lang='lat' dir='ltr'><strong>prOphetam</strong></span> <span class='ocrx_word' id='word_1_362' title='bbox 737 4601 1037 4667; x_wconf 87' lang='lat' dir='ltr'><strong>dicentem,</strong></span> <span class='ocrx_word' id='word_1_363' title='bbox 1079 4601 1189 4657; x_wconf 90' lang='lat' dir='ltr'><strong>imo</strong></span> <span class='ocrx_word' id='word_1_364' title='bbox 1221 4603 1531 4671; x_wconf 71' lang='lat' dir='ltr'><strong>(dicendurm</strong></span> <span class='ocrx_word' id='word_1_365' title='bbox 1564 4606 1687 4673; x_wconf 89' lang='lat' dir='ltr'><strong>est)</strong></span> <span class='ocrx_word' id='word_1_366' title='bbox 1719 4614 1773 4658; x_wconf 90' lang='lat' dir='ltr'><strong>et</strong></span> <span class='ocrx_word' id='word_1_367' title='bbox 1807 4604 1955 4658; x_wconf 89' lang='lat' dir='ltr'><strong>illum</strong></span> 
     </span>
    </p>
   </div>
   <div class='ocr_carea' id='block_1_49' title="bbox 380 4693 1957 4765">
    <p class='ocr_par' dir='ltr' id='par_1_49' title="bbox 380 4693 1957 4765">
     <span class='ocr_line' id='line_1_49' title="bbox 380 4693 1957 4765; baseline 0 -16"><span class='ocrx_word' id='word_1_368' title='bbox 380 4703 438 4750; x_wconf 90' lang='lat' dir='ltr'><strong>et</strong></span> <span class='ocrx_word' id='word_1_369' title='bbox 471 4694 789 4765; x_wconf 88' lang='lat' dir='ltr'><strong>prophetam</strong></span> <span class='ocrx_word' id='word_1_370' title='bbox 831 4713 844 4749; x_wconf 90' lang='lat'>:</span> <span class='ocrx_word' id='word_1_371' title='bbox 896 4693 1188 4763; x_wconf 84' lang='lat' dir='ltr'><strong>Disponam</strong></span> <span class='ocrx_word' id='word_1_372' title='bbox 1230 4696 1369 4748; x_wconf 84' lang='lat' dir='ltr'><strong>vobis</strong></span> <span class='ocrx_word' id='word_1_373' title='bbox 1418 4705 1819 4758; x_wconf 74' lang='lat' dir='ltr'><strong>testamentum,</strong></span> <span class='ocrx_word' id='word_1_374' title='bbox 1855 4712 1957 4749; x_wconf 87' lang='lat' dir='ltr'><strong>non</strong></span> 
     </span>
    </p>
   </div>
   <div class='ocr_carea' id='block_1_50' title="bbox 379 4788 1959 4860">
    <p class='ocr_par' dir='ltr' id='par_1_50' title="bbox 379 4788 1959 4860">
     <span class='ocr_line' id='line_1_50' title="bbox 379 4788 1959 4860; baseline 0.001 -18"><span class='ocrx_word' id='word_1_375' title='bbox 379 4788 668 4843; x_wconf 76' lang='lat' dir='ltr'><strong>secundum</strong></span> <span class='ocrx_word' id='word_1_376' title='bbox 721 4797 1091 4843; x_wconf 76' lang='lat' dir='ltr'><strong>testamentum</strong></span> <span class='ocrx_word' id='word_1_377' title='bbox 1142 4788 1280 4860; x_wconf 87' lang='lat' dir='ltr'><strong>quod</strong></span> <span class='ocrx_word' id='word_1_378' title='bbox 1327 4788 1568 4860; x_wconf 80' lang='lat' dir='ltr'><strong>disposui</strong></span> <span class='ocrx_word' id='word_1_379' title='bbox 1606 4790 1843 4858; x_wconf 78' lang='lat' dir='ltr'><strong>patribus</strong></span> <span class='ocrx_word' id='word_1_380' title='bbox 1877 4806 1959 4843; x_wconf 69' lang='lat' dir='ltr'><strong>ve-</strong></span> 
     </span>
    </p>
   </div>
   <div class='ocr_carea' id='block_1_51' title="bbox 376 4873 1967 4947">
    <p class='ocr_par' dir='ltr' id='par_1_51' title="bbox 376 4873 1967 4947">
     <span class='ocr_line' id='line_1_51' title="bbox 376 4873 1967 4947; baseline 0.003 -19"><span class='ocrx_word' id='word_1_381' title='bbox 376 4877 502 4928; x_wconf 81' lang='lat' dir='ltr'><strong>stris</strong></span> <span class='ocrx_word' id='word_1_382' title='bbox 531 4873 681 4944; x_wconf 80' lang='lat' dir='ltr'><strong>(Jer.</strong></span> <span class='ocrx_word' id='word_1_383' title='bbox 708 4875 796 4930; x_wconf 78' lang='grc'><strong>51.</strong></span> <span class='ocrx_word' id='word_1_384' title='bbox 821 4875 909 4929; x_wconf 76' lang='grc'><strong>51.</strong></span> <span class='ocrx_word' id='word_1_385' title='bbox 939 4874 1007 4931; x_wconf 77' lang='grc'><strong>52</strong></span> <span class='ocrx_word' id='word_1_386' title='bbox 1027 4874 1071 4945; x_wconf 89' lang='grc'><strong>).</strong></span> <span class='ocrx_word' id='word_1_387' title='bbox 1110 4874 1261 4943; x_wconf 88' lang='lat' dir='ltr'><strong>Quod</strong></span> <span class='ocrx_word' id='word_1_388' title='bbox 1298 4874 1341 4929; x_wconf 88' lang='lat' dir='ltr'><strong>si</strong></span> <span class='ocrx_word' id='word_1_389' title='bbox 1389 4878 1488 4930; x_wconf 91' lang='lat' dir='ltr'><strong>hoc</strong></span> <span class='ocrx_word' id='word_1_390' title='bbox 1528 4892 1632 4930; x_wconf 92' lang='lat' dir='ltr'><strong>non</strong></span> <span class='ocrx_word' id='word_1_391' title='bbox 1674 4877 1887 4947; x_wconf 88' lang='lat' dir='ltr'><strong>recipiat</strong></span> <span class='ocrx_word' id='word_1_392' title='bbox 1922 4878 1967 4933; x_wconf 87' lang='lat' dir='ltr'><strong>is</strong></span> 
     </span>
    </p>
   </div>
   <div class='ocr_carea' id='block_1_52' title="bbox 376 4965 1963 5038">
    <p class='ocr_par' dir='ltr' id='par_1_52' title="bbox 376 4965 1963 5038">
     <span class='ocr_line' id='line_1_52' title="bbox 376 4965 1963 5038; baseline 0.002 -18"><span class='ocrx_word' id='word_1_393' title='bbox 376 4967 473 5036; x_wconf 84' lang='lat' dir='ltr'><strong>qui</strong></span> <span class='ocrx_word' id='word_1_394' title='bbox 513 4965 921 5021; x_wconf 76' lang='lat' dir='ltr'><strong>Matiichacorum</strong></span> <span class='ocrx_word' id='word_1_395' title='bbox 959 4966 1144 5021; x_wconf 91' lang='lat' dir='ltr'><strong>morbo</strong></span> <span class='ocrx_word' id='word_1_396' title='bbox 1170 4966 1375 5021; x_wconf 87' lang='lat' dir='ltr'><strong>laborat</strong></span> <span class='ocrx_word' id='word_1_397' title='bbox 1401 4966 1510 5038; x_wconf 89' lang='lat' dir='ltr'><strong>(a),</strong></span> <span class='ocrx_word' id='word_1_398' title='bbox 1539 4967 1716 5022; x_wconf 87' lang='lat' dir='ltr'><strong>audiat</strong></span> <span class='ocrx_word' id='word_1_399' title='bbox 1743 4969 1963 5023; x_wconf 85' lang='lat' dir='ltr'><strong>Paulum</strong></span> 
     </span>
    </p>
   </div>
   <div class='ocr_carea' id='block_1_53' title="bbox 378 5056 1966 5133">
    <p class='ocr_par' dir='ltr' id='par_1_53' title="bbox 378 5056 1966 5133">
     <span class='ocr_line' id='line_1_53' title="bbox 378 5056 1966 5133; baseline 0.004 -22"><span class='ocrx_word' id='word_1_400' title='bbox 378 5057 487 5113; x_wconf 75' lang='lat' dir='ltr'><strong>hoc</strong></span> <span class='ocrx_word' id='word_1_401' title='bbox 514 5058 689 5126; x_wconf 89' lang='lat' dir='ltr'><strong>ipsum</strong></span> <span class='ocrx_word' id='word_1_402' title='bbox 714 5072 899 5112; x_wconf 85' lang='lat' dir='ltr'><strong>rursus</strong></span> <span class='ocrx_word' id='word_1_403' title='bbox 924 5056 1185 5114; x_wconf 85' lang='lat' dir='ltr'><strong>dicentem</strong></span> <span class='ocrx_word' id='word_1_404' title='bbox 1213 5078 1225 5113; x_wconf 75' lang='grc' dir='ltr'>ς</span> <span class='ocrx_word' id='word_1_405' title='bbox 1251 5059 1504 5111; x_wconf 81' lang='lat' dir='ltr'><strong>Abraham</strong></span> <span class='ocrx_word' id='word_1_406' title='bbox 1529 5062 1659 5133; x_wconf 77' lang='lat' dir='ltr'><strong>enim</strong></span> <span class='ocrx_word' id='word_1_407' title='bbox 1681 5061 1807 5115; x_wconf 88' lang='lat' dir='ltr'><strong>duos</strong></span> <span class='ocrx_word' id='word_1_408' title='bbox 1831 5063 1966 5131; x_wconf 77' lang='lat' dir='ltr'><strong>ﬁlios</strong></span> 
     </span>
    </p>
   </div>
   <div class='ocr_carea' id='block_1_54' title="bbox 382 5150 1965 5215">
    <p class='ocr_par' dir='ltr' id='par_1_54' title="bbox 382 5150 1965 5215">
     <span class='ocr_line' id='line_1_54' title="bbox 382 5150 1965 5215; baseline 0.003 -12"><span class='ocrx_word' id='word_1_409' title='bbox 382 5150 557 5204; x_wconf 73' lang='lat' dir='ltr'><strong>habuit</strong></span> <span class='ocrx_word' id='word_1_410' title='bbox 580 5166 598 5213; x_wconf 88' lang='lat'><strong>;</strong></span> <span class='ocrx_word' id='word_1_411' title='bbox 624 5164 781 5202; x_wconf 89' lang='lat' dir='ltr'><strong>unum</strong></span> <span class='ocrx_word' id='word_1_412' title='bbox 806 5151 868 5202; x_wconf 89' lang='lat' dir='ltr'><strong>de</strong></span> <span class='ocrx_word' id='word_1_413' title='bbox 886 5150 1092 5215; x_wconf 83' lang='lat' dir='ltr'><strong>ancilla,</strong></span> <span class='ocrx_word' id='word_1_414' title='bbox 1116 5161 1159 5202; x_wconf 92' lang='lat' dir='ltr'><strong>et</strong></span> <span class='ocrx_word' id='word_1_415' title='bbox 1186 5166 1338 5203; x_wconf 88' lang='lat' dir='ltr'><strong>unum</strong></span> <span class='ocrx_word' id='word_1_416' title='bbox 1361 5150 1423 5203; x_wconf 89' lang='lat' dir='ltr'><strong>de</strong></span> <span class='ocrx_word' id='word_1_417' title='bbox 1446 5152 1623 5207; x_wconf 86' lang='lat' dir='ltr'><strong>libera.</strong></span> <span class='ocrx_word' id='word_1_418' title='bbox 1651 5151 1777 5207; x_wconf 62' lang='lat' dir='ltr'><strong>Haec</strong></span> <span class='ocrx_word' id='word_1_419' title='bbox 1797 5163 1965 5207; x_wconf 84' lang='lat' dir='ltr'><strong>autem</strong></span> 
     </span>
    </p>
   </div>
   <div class='ocr_carea' id='block_1_55' title="bbox 380 5238 1965 5311">
    <p class='ocr_par' dir='ltr' id='par_1_55' title="bbox 380 5238 1965 5311">
     <span class='ocr_line' id='line_1_55' title="bbox 380 5238 1965 5311; baseline 0.003 -16"><span class='ocrx_word' id='word_1_420' title='bbox 380 5251 501 5295; x_wconf 83' lang='lat' dir='ltr'><strong>sunt</strong></span> <span class='ocrx_word' id='word_1_421' title='bbox 525 5241 625 5293; x_wconf 86' lang='lat' dir='ltr'><strong>duo</strong></span> <span class='ocrx_word' id='word_1_422' title='bbox 650 5248 941 5293; x_wconf 89' lang='lat' dir='ltr'><strong>testamenta</strong></span> <span class='ocrx_word' id='word_1_423' title='bbox 962 5238 1159 5309; x_wconf 81' lang='lat' dir='ltr'><strong>(Galat.</strong></span> <span class='ocrx_word' id='word_1_424' title='bbox 1185 5241 1237 5294; x_wconf 72' lang='grc'><strong>4.</strong></span> <span class='ocrx_word' id='word_1_425' title='bbox 1260 5240 1347 5293; x_wconf 82' lang='grc'><strong>22.</strong></span> <span class='ocrx_word' id='word_1_426' title='bbox 1371 5241 1482 5311; x_wconf 74' lang='grc'><strong>24).</strong></span> <span class='ocrx_word' id='word_1_427' title='bbox 1508 5242 1965 5309; x_wconf 87' lang='lat' dir='ltr'><strong>Quemadmodum</strong></span> 
     </span>
    </p>
   </div>
   <div class='ocr_carea' id='block_1_56' title="bbox 380 5329 1968 5402">
    <p class='ocr_par' dir='ltr' id='par_1_56' title="bbox 380 5329 1968 5402">
     <span class='ocr_line' id='line_1_56' title="bbox 380 5329 1968 5402; baseline 0.003 -16"><span class='ocrx_word' id='word_1_428' title='bbox 380 5347 512 5402; x_wconf 89' lang='lat' dir='ltr'><strong>ergo</strong></span> <span class='ocrx_word' id='word_1_429' title='bbox 540 5330 647 5385; x_wconf 90' lang='lat' dir='ltr'><strong>illic</strong></span> <span class='ocrx_word' id='word_1_430' title='bbox 672 5330 894 5385; x_wconf 72' lang='lat' dir='ltr'><strong>diversa:</strong></span> <span class='ocrx_word' id='word_1_431' title='bbox 918 5339 1037 5385; x_wconf 91' lang='lat' dir='ltr'><strong>sunt</strong></span> <span class='ocrx_word' id='word_1_432' title='bbox 1067 5329 1316 5386; x_wconf 85' lang='lat' dir='ltr'><strong>mulieres</strong></span> <span class='ocrx_word' id='word_1_433' title='bbox 1334 5371 1350 5397; x_wconf 96' lang='lat'><strong>,</strong></span> <span class='ocrx_word' id='word_1_434' title='bbox 1383 5348 1515 5385; x_wconf 91' lang='lat' dir='ltr'><strong>unus</strong></span> <span class='ocrx_word' id='word_1_435' title='bbox 1542 5342 1717 5387; x_wconf 85' lang='lat' dir='ltr'><strong>autem</strong></span> <span class='ocrx_word' id='word_1_436' title='bbox 1745 5334 1826 5388; x_wconf 91' lang='lat' dir='ltr'><strong>vir</strong></span> <span class='ocrx_word' id='word_1_437' title='bbox 1852 5352 1864 5387; x_wconf 89' lang='lat'><strong>:</strong></span> <span class='ocrx_word' id='word_1_438' title='bbox 1889 5336 1968 5391; x_wconf 90' lang='lat' dir='ltr'><strong>sic</strong></span> 
     </span>
    </p>
   </div>
   <div class='ocr_carea' id='block_1_57' title="bbox 382 5420 1967 5492">
    <p class='ocr_par' dir='ltr' id='par_1_57' title="bbox 382 5420 1967 5492">
     <span class='ocr_line' id='line_1_57' title="bbox 382 5420 1967 5492; baseline 0.004 -18"><span class='ocrx_word' id='word_1_439' title='bbox 382 5430 437 5474; x_wconf 88' lang='lat' dir='ltr'><strong>et</strong></span> <span class='ocrx_word' id='word_1_440' title='bbox 476 5420 576 5475; x_wconf 91' lang='lat' dir='ltr'><strong>hoc</strong></span> <span class='ocrx_word' id='word_1_441' title='bbox 616 5420 734 5475; x_wconf 91' lang='lat' dir='ltr'><strong>loco</strong></span> <span class='ocrx_word' id='word_1_442' title='bbox 771 5420 876 5474; x_wconf 88' lang='lat' dir='ltr'><strong>duo</strong></span> <span class='ocrx_word' id='word_1_443' title='bbox 902 5421 1240 5476; x_wconf 88' lang='lat' dir='ltr'><strong>Testamenta</strong></span> <span class='ocrx_word' id='word_1_444' title='bbox 1266 5462 1280 5487; x_wconf 96' lang='lat'><strong>,</strong></span> <span class='ocrx_word' id='word_1_445' title='bbox 1313 5438 1447 5476; x_wconf 90' lang='lat' dir='ltr'><strong>unus</strong></span> <span class='ocrx_word' id='word_1_446' title='bbox 1478 5423 1763 5492; x_wconf 85' lang='lat' dir='ltr'><strong>legislator.</strong></span> <span class='ocrx_word' id='word_1_447' title='bbox 1816 5426 1881 5481; x_wconf 86' lang='lat' dir='ltr'><strong>Et</strong></span> <span class='ocrx_word' id='word_1_448' title='bbox 1911 5436 1967 5481; x_wconf 96' lang='lat' dir='ltr'><strong>ut</strong></span> 
     </span>
    </p>
   </div>
   <div class='ocr_carea' id='block_1_58' title="bbox 384 5512 1967 5584">
    <p class='ocr_par' dir='ltr' id='par_1_58' title="bbox 384 5512 1967 5584">
     <span class='ocr_line' id='line_1_58' title="bbox 384 5512 1967 5584; baseline 0.005 -20"><span class='ocrx_word' id='word_1_449' title='bbox 384 5512 578 5579; x_wconf 83' lang='lat' dir='ltr'><strong>discas,</strong></span> <span class='ocrx_word' id='word_1_450' title='bbox 611 5528 765 5567; x_wconf 90' lang='lat' dir='ltr'><strong>unam</strong></span> <span class='ocrx_word' id='word_1_451' title='bbox 791 5512 1139 5583; x_wconf 88' lang='lat' dir='ltr'><strong>eamdemque</strong></span> <span class='ocrx_word' id='word_1_452' title='bbox 1165 5513 1329 5568; x_wconf 82' lang='lat' dir='ltr'><strong>fuisse</strong></span> <span class='ocrx_word' id='word_1_453' title='bbox 1355 5514 1631 5584; x_wconf 88' lang='lat' dir='ltr'><strong>utrobique</strong></span> <span class='ocrx_word' id='word_1_454' title='bbox 1661 5528 1967 5572; x_wconf 89' lang='lat' dir='ltr'><strong>mansuetu-</strong></span> 
     </span>
    </p>
   </div>
   <div class='ocr_carea' id='block_1_59' title="bbox 448 5618 1964 5712">
    <p class='ocr_par' dir='ltr' id='par_1_59' title="bbox 448 5618 1964 5712">
     <span class='ocr_line' id='line_1_59' title="bbox 448 5618 1964 5712; baseline 0.003 -16"><span class='ocrx_word' id='word_1_455' title='bbox 448 5648 523 5710; x_wconf 87' lang='lat' dir='ltr'><strong>(a)</strong></span> <span class='ocrx_word' id='word_1_456' title='bbox 558 5618 798 5699; x_wconf 70' lang='lat' dir='ltr'><strong>uaniclmi</strong></span> <span class='ocrx_word' id='word_1_457' title='bbox 837 5650 902 5698; x_wconf 89' lang='lat' dir='ltr'><strong>de</strong></span> <span class='ocrx_word' id='word_1_458' title='bbox 947 5648 1126 5712; x_wconf 79' lang='lat' dir='ltr'><strong>quibus</strong></span> <span class='ocrx_word' id='word_1_459' title='bbox 1165 5659 1282 5712; x_wconf 61' lang='lat' dir='ltr'><strong>mox</strong></span> <span class='ocrx_word' id='word_1_460' title='bbox 1318 5643 1531 5710; x_wconf 84' lang='lat' dir='ltr'><strong>loquitur</strong></span> <span class='ocrx_word' id='word_1_461' title='bbox 1581 5647 1964 5712; x_wconf 77' lang='lat' dir='ltr'><strong>Chrysoswmus,</strong></span> 
     </span>
    </p>
   </div>
   <div class='ocr_carea' id='block_1_60' title="bbox 390 5706 1405 5767">
    <p class='ocr_par' dir='ltr' id='par_1_60' title="bbox 390 5706 1405 5767">
     <span class='ocr_line' id='line_1_60' title="bbox 390 5706 1405 5767; baseline -0.003 -8"><span class='ocrx_word' id='word_1_462' title='bbox 390 5706 545 5767; x_wconf 77' lang='lat' dir='ltr'><strong>Vetus</strong></span> <span class='ocrx_word' id='word_1_463' title='bbox 563 5717 919 5760; x_wconf 75' lang='lat' dir='ltr'><strong>Testamentum</strong></span> <span class='ocrx_word' id='word_1_464' title='bbox 954 5706 1049 5759; x_wconf 86' lang='lat' dir='ltr'><strong>non</strong></span> <span class='ocrx_word' id='word_1_465' title='bbox 1072 5706 1405 5759; x_wconf 59' lang='lat' dir='ltr'><strong>admittebant}</strong></span> 
     </span>
    </p>
   </div>
   <div class='ocr_carea' id='block_1_61' title="bbox 1150 264 2946 327">
    <p class='ocr_par' dir='ltr' id='par_1_61' title="bbox 1150 264 2946 327">
     <span class='ocr_line' id='line_1_61' title="bbox 1150 264 2946 327; baseline -0.002 0"><span class='ocrx_word' id='word_1_466' title='bbox 1150 268 1204 327; x_wconf 87' lang='lat' dir='ltr'><strong>S.</strong></span> <span class='ocrx_word' id='word_1_467' title='bbox 1244 267 1520 326; x_wconf 78' lang='lat' dir='ltr'><strong>JOANNIS</strong></span> <span class='ocrx_word' id='word_1_468' title='bbox 1555 264 2025 323; x_wconf 78' lang='lat' dir='ltr'><strong>CHRYSOSTOMI</strong></span> <span class='ocrx_word' id='word_1_469' title='bbox 2062 265 2377 323; x_wconf 74' lang='lat' dir='ltr'><strong>ARCHIEP.</strong></span> <span class='ocrx_word' id='word_1_470' title='bbox 2417 265 2946 325; x_wconf 83' lang='lat' dir='ltr'><strong>CONSTANTINOP.</strong></span> 
     </span>
    </p>
   </div>
   <div class='ocr_carea' id='block_1_62' title="bbox 3588 274 3690 330">
    <p class='ocr_par' dir='ltr' id='par_1_62' title="bbox 3588 274 3690 330">
     <span class='ocr_line' id='line_1_62' title="bbox 3588 274 3690 330; baseline 0 0"><span class='ocrx_word' id='word_1_471' title='bbox 3588 274 3690 330; x_wconf 66' lang='lat'><strong>9.48</strong></span> 
     </span>
    </p>
   </div>
   <div class='ocr_carea' id='block_1_63' title="bbox 2104 379 3690 455">
    <p class='ocr_par' dir='ltr' id='par_1_63' title="bbox 2104 379 3690 455">
     <span class='ocr_line' id='line_1_63' title="bbox 2104 379 3690 455; baseline 0.002 -19"><span class='ocrx_word' id='word_1_472' title='bbox 2104 379 2282 436; x_wconf 90' lang='lat' dir='ltr'><strong>dinem</strong></span> <span class='ocrx_word' id='word_1_473' title='bbox 2314 399 2325 434; x_wconf 94' lang='lat'>:</span> <span class='ocrx_word' id='word_1_474' title='bbox 2356 382 2461 437; x_wconf 92' lang='lat' dir='ltr'><strong>illic</strong></span> <span class='ocrx_word' id='word_1_475' title='bbox 2489 383 2699 454; x_wconf 90' lang='lat' dir='ltr'><strong>quidem</strong></span> <span class='ocrx_word' id='word_1_476' title='bbox 2726 384 2877 447; x_wconf 81' lang='lat' dir='ltr'><strong>dixit,</strong></span> <span class='ocrx_word' id='word_1_477' title='bbox 2910 382 3127 439; x_wconf 82' lang='lat' dir='ltr'><strong>Oculum</strong></span> <span class='ocrx_word' id='word_1_478' title='bbox 3150 400 3243 455; x_wconf 90' lang='lat' dir='ltr'><strong>pro</strong></span> <span class='ocrx_word' id='word_1_479' title='bbox 3267 387 3453 452; x_wconf 84' lang='lat' dir='ltr'><strong>oculo;</strong></span> <span class='ocrx_word' id='word_1_480' title='bbox 3480 388 3567 445; x_wconf 82' lang='lat' dir='ltr'><strong>hic</strong></span> <span class='ocrx_word' id='word_1_481' title='bbox 3593 409 3690 444; x_wconf 88' lang='lat' dir='ltr'><strong>an-</strong></span> 
     </span>
    </p>
   </div>
   <div class='ocr_carea' id='block_1_64' title="bbox 2101 472 3686 545">
    <p class='ocr_par' dir='ltr' id='par_1_64' title="bbox 2101 472 3686 545">
     <span class='ocr_line' id='line_1_64' title="bbox 2101 472 3686 545; baseline 0.008 -20"><span class='ocrx_word' id='word_1_482' title='bbox 2101 484 2204 526; x_wconf 88' lang='lat' dir='ltr'><strong>tctn</strong></span> <span class='ocrx_word' id='word_1_483' title='bbox 2236 494 2247 527; x_wconf 94' lang='lat'>:</span> <span class='ocrx_word' id='word_1_484' title='bbox 2275 472 2333 527; x_wconf 90' lang='lat' dir='ltr'><strong>Si</strong></span> <span class='ocrx_word' id='word_1_485' title='bbox 2362 475 2474 543; x_wconf 87' lang='lat' dir='ltr'><strong>quis</strong></span> <span class='ocrx_word' id='word_1_486' title='bbox 2501 484 2547 527; x_wconf 89' lang='lat' dir='ltr'><strong>te</strong></span> <span class='ocrx_word' id='word_1_487' title='bbox 2572 476 2866 544; x_wconf 76' lang='lat' dir='ltr'><strong>percusserit</strong></span> <span class='ocrx_word' id='word_1_488' title='bbox 2887 476 2939 529; x_wconf 90' lang='lat' dir='ltr'><strong>in</strong></span> <span class='ocrx_word' id='word_1_489' title='bbox 2965 478 3224 531; x_wconf 75' lang='lat' dir='ltr'><strong>maxillam</strong></span> <span class='ocrx_word' id='word_1_490' title='bbox 3248 478 3529 545; x_wconf 76' lang='lat' dir='ltr'><strong>dexteram,</strong></span> <span class='ocrx_word' id='word_1_491' title='bbox 3557 494 3686 538; x_wconf 78' lang='lat' dir='ltr'><strong>verte</strong></span> 
     </span>
    </p>
   </div>
   <div class='ocr_carea' id='block_1_65' title="bbox 2097 564 3684 645">
    <p class='ocr_par' dir='ltr' id='par_1_65' title="bbox 2097 564 3684 645">
     <span class='ocr_line' id='line_1_65' title="bbox 2097 564 3684 645; baseline 0.007 -29"><span class='ocrx_word' id='word_1_492' title='bbox 2097 564 2171 616; x_wconf 87' lang='lat' dir='ltr'><strong>illi</strong></span> <span class='ocrx_word' id='word_1_493' title='bbox 2201 577 2249 617; x_wconf 89' lang='lat' dir='ltr'><strong>et</strong></span> <span class='ocrx_word' id='word_1_494' title='bbox 2273 566 2503 619; x_wconf 85' lang='lat' dir='ltr'><strong>alteram.</strong></span> <span class='ocrx_word' id='word_1_495' title='bbox 2544 567 3000 635; x_wconf 89' lang='lat' dir='ltr'><strong>Quemadmodum</strong></span> <span class='ocrx_word' id='word_1_496' title='bbox 3027 571 3169 624; x_wconf 91' lang='lat' dir='ltr'><strong>enim</strong></span> <span class='ocrx_word' id='word_1_497' title='bbox 3203 571 3310 625; x_wconf 86' lang='lat' dir='ltr'><strong>illic</strong></span> <span class='ocrx_word' id='word_1_498' title='bbox 3340 573 3529 627; x_wconf 91' lang='lat' dir='ltr'><strong>timore</strong></span> <span class='ocrx_word' id='word_1_499' title='bbox 3558 591 3684 645; x_wconf 84' lang='lat' dir='ltr'><strong>sup-</strong></span> 
     </span>
    </p>
   </div>
   <div class='ocr_carea' id='block_1_66' title="bbox 2097 655 3685 729">
    <p class='ocr_par' dir='ltr' id='par_1_66' title="bbox 2097 655 3685 729">
     <span class='ocr_line' id='line_1_66' title="bbox 2097 655 3685 729; baseline 0.009 -22"><span class='ocrx_word' id='word_1_500' title='bbox 2097 655 2237 723; x_wconf 92' lang='lat' dir='ltr'><strong>plicii</strong></span> <span class='ocrx_word' id='word_1_501' title='bbox 2272 656 2551 710; x_wconf 65' lang='lat' dir='ltr'><strong>laedentem</strong></span> <span class='ocrx_word' id='word_1_502' title='bbox 2579 658 2805 723; x_wconf 89' lang='lat' dir='ltr'><strong>retinet;</strong></span> <span class='ocrx_word' id='word_1_503' title='bbox 2840 659 2923 713; x_wconf 92' lang='lat' dir='ltr'><strong>hic</strong></span> <span class='ocrx_word' id='word_1_504' title='bbox 2949 676 3159 729; x_wconf 90' lang='lat' dir='ltr'><strong>quoque</strong></span> <span class='ocrx_word' id='word_1_505' title='bbox 3184 663 3373 717; x_wconf 90' lang='lat' dir='ltr'><strong>eodem</strong></span> <span class='ocrx_word' id='word_1_506' title='bbox 3403 664 3584 719; x_wconf 91' lang='lat' dir='ltr'><strong>modo.</strong></span> <span class='ocrx_word' id='word_1_507' title='bbox 3620 669 3685 721; x_wconf 81' lang='lat' dir='ltr'><strong>Et</strong></span> 
     </span>
    </p>
   </div>
   <div class='ocr_carea' id='block_1_67' title="bbox 2094 746 3681 822">
    <p class='ocr_par' dir='ltr' id='par_1_67' title="bbox 2094 746 3681 822">
     <span class='ocr_line' id='line_1_67' title="bbox 2094 746 3681 822; baseline 0.007 -24"><span class='ocrx_word' id='word_1_508' title='bbox 2094 746 2381 815; x_wconf 88' lang='lat' dir='ltr'><strong>quomodo,</strong></span> <span class='ocrx_word' id='word_1_509' title='bbox 2407 748 2634 817; x_wconf 90' lang='lat' dir='ltr'><strong>inquies,</strong></span> <span class='ocrx_word' id='word_1_510' title='bbox 2655 764 2776 803; x_wconf 93' lang='lat' dir='ltr'><strong>cum</strong></span> <span class='ocrx_word' id='word_1_511' title='bbox 2790 749 2978 818; x_wconf 85' lang='lat' dir='ltr'><strong>jubeat</strong></span> <span class='ocrx_word' id='word_1_512' title='bbox 2999 750 3141 804; x_wconf 91' lang='lat' dir='ltr'><strong>illum</strong></span> <span class='ocrx_word' id='word_1_513' title='bbox 3157 761 3211 806; x_wconf 90' lang='lat' dir='ltr'><strong>et</strong></span> <span class='ocrx_word' id='word_1_514' title='bbox 3230 753 3384 807; x_wconf 87' lang='lat' dir='ltr'><strong>aliam</strong></span> <span class='ocrx_word' id='word_1_515' title='bbox 3406 756 3681 822; x_wconf 66' lang='lat' dir='ltr'><strong>praebere?</strong></span> 
     </span>
    </p>
   </div>
   <div class='ocr_carea' id='block_1_68' title="bbox 2094 839 3681 905">
    <p class='ocr_par' dir='ltr' id='par_1_68' title="bbox 2094 839 3681 905">
     <span class='ocr_line' id='line_1_68' title="bbox 2094 839 3681 905; baseline 0.009 -14"><span class='ocrx_word' id='word_1_516' title='bbox 2094 839 2229 905; x_wconf 90' lang='lat' dir='ltr'><strong>Quid</strong></span> <span class='ocrx_word' id='word_1_517' title='bbox 2272 839 2373 894; x_wconf 92' lang='lat' dir='ltr'><strong>hoc</strong></span> <span class='ocrx_word' id='word_1_518' title='bbox 2404 839 2663 895; x_wconf 89' lang='lat' dir='ltr'><strong>tandem?</strong></span> <span class='ocrx_word' id='word_1_519' title='bbox 2704 840 2820 895; x_wconf 88' lang='lat' dir='ltr'><strong>Non</strong></span> <span class='ocrx_word' id='word_1_520' title='bbox 2853 843 2995 896; x_wconf 91' lang='lat' dir='ltr'><strong>enim</strong></span> <span class='ocrx_word' id='word_1_521' title='bbox 3034 852 3090 897; x_wconf 89' lang='lat' dir='ltr'><strong>ut</strong></span> <span class='ocrx_word' id='word_1_522' title='bbox 3125 856 3323 899; x_wconf 86' lang='lat' dir='ltr'><strong>metum</strong></span> <span class='ocrx_word' id='word_1_523' title='bbox 3364 848 3535 902; x_wconf 79' lang='lat' dir='ltr'><strong>solvat</strong></span> <span class='ocrx_word' id='word_1_524' title='bbox 3580 849 3681 905; x_wconf 84' lang='lat' dir='ltr'><strong>hoc</strong></span> 
     </span>
    </p>
   </div>
   <div class='ocr_carea' id='block_1_69' title="bbox 2093 934 3679 1011">
    <p class='ocr_par' dir='ltr' id='par_1_69' title="bbox 2093 934 3679 1011">
     <span class='ocr_line' id='line_1_69' title="bbox 2093 934 3679 1011; baseline 0.004 -22"><span class='ocrx_word' id='word_1_525' title='bbox 2093 934 2367 1003; x_wconf 61' lang='lat' dir='ltr'><strong>praecipit,</strong></span> <span class='ocrx_word' id='word_1_526' title='bbox 2398 936 2491 991; x_wconf 88' lang='lat' dir='ltr'><strong>sed</strong></span> <span class='ocrx_word' id='word_1_527' title='bbox 2514 934 2667 1005; x_wconf 89' lang='lat' dir='ltr'><strong>jubet</strong></span> <span class='ocrx_word' id='word_1_528' title='bbox 2704 936 2930 1005; x_wconf 72' lang='lat' dir='ltr'><strong>prarberi</strong></span> <span class='ocrx_word' id='word_1_529' title='bbox 2969 937 3068 1007; x_wconf 89' lang='lat' dir='ltr'><strong>ipsi</strong></span> <span class='ocrx_word' id='word_1_530' title='bbox 3108 938 3321 992; x_wconf 89' lang='lat' dir='ltr'><strong>modum</strong></span> <span class='ocrx_word' id='word_1_531' title='bbox 3359 955 3419 995; x_wconf 92' lang='lat' dir='ltr'><strong>se</strong></span> <span class='ocrx_word' id='word_1_532' title='bbox 3460 958 3679 1011; x_wconf 85' lang='lat' dir='ltr'><strong>prorsus</strong></span> 
     </span>
    </p>
   </div>
   <div class='ocr_carea' id='block_1_70' title="bbox 2090 1025 3677 1097">
    <p class='ocr_par' dir='ltr' id='par_1_70' title="bbox 2090 1025 3677 1097">
     <span class='ocr_line' id='line_1_70' title="bbox 2090 1025 3677 1097; baseline 0.005 -18"><span class='ocrx_word' id='word_1_533' title='bbox 2090 1025 2349 1091; x_wconf 83' lang='lat' dir='ltr'><strong>satiandi;</strong></span> <span class='ocrx_word' id='word_1_534' title='bbox 2383 1042 2555 1096; x_wconf 89' lang='lat' dir='ltr'><strong>neque</strong></span> <span class='ocrx_word' id='word_1_535' title='bbox 2582 1027 2715 1082; x_wconf 80' lang='lat' dir='ltr'><strong>dixit</strong></span> <span class='ocrx_word' id='word_1_536' title='bbox 2741 1028 2887 1081; x_wconf 90' lang='lat' dir='ltr'><strong>illutn</strong></span> <span class='ocrx_word' id='word_1_537' title='bbox 2912 1028 3126 1097; x_wconf 89' lang='lat' dir='ltr'><strong>impune</strong></span> <span class='ocrx_word' id='word_1_538' title='bbox 3151 1028 3283 1093; x_wconf 80' lang='lat' dir='ltr'><strong>fore,</strong></span> <span class='ocrx_word' id='word_1_539' title='bbox 3314 1046 3497 1084; x_wconf 83' lang='lat' dir='ltr'><strong>verum</strong></span> <span class='ocrx_word' id='word_1_540' title='bbox 3530 1042 3582 1085; x_wconf 90' lang='lat' dir='ltr'><strong>tu</strong></span> <span class='ocrx_word' id='word_1_541' title='bbox 3610 1049 3677 1087; x_wconf 89' lang='lat' dir='ltr'><strong>ne</strong></span> 
     </span>
    </p>
   </div>
   <div class='ocr_carea' id='block_1_71' title="bbox 2091 1118 3675 1193">
    <p class='ocr_par' dir='ltr' id='par_1_71' title="bbox 2091 1118 3675 1193">
     <span class='ocr_line' id='line_1_71' title="bbox 2091 1118 3675 1193; baseline 0.004 -22"><span class='ocrx_word' id='word_1_542' title='bbox 2091 1118 2317 1186; x_wconf 90' lang='lat' dir='ltr'><strong>punias;</strong></span> <span class='ocrx_word' id='word_1_543' title='bbox 2344 1119 2497 1173; x_wconf 86' lang='lat' dir='ltr'><strong>simul</strong></span> <span class='ocrx_word' id='word_1_544' title='bbox 2526 1135 2895 1188; x_wconf 88' lang='lat' dir='ltr'><strong>percussorem</strong></span> <span class='ocrx_word' id='word_1_545' title='bbox 2918 1120 2960 1175; x_wconf 92' lang='lat' dir='ltr'><strong>si</strong></span> <span class='ocrx_word' id='word_1_546' title='bbox 2985 1122 3234 1189; x_wconf 86' lang='lat' dir='ltr'><strong>persistat</strong></span> <span class='ocrx_word' id='word_1_547' title='bbox 3254 1123 3422 1193; x_wconf 86' lang='lat' dir='ltr'><strong>magis</strong></span> <span class='ocrx_word' id='word_1_548' title='bbox 3444 1132 3675 1193; x_wconf 86' lang='lat' dir='ltr'><strong>terrens,</strong></span> 
     </span>
    </p>
   </div>
   <div class='ocr_carea' id='block_1_72' title="bbox 2088 1210 3673 1283">
    <p class='ocr_par' dir='ltr' id='par_1_72' title="bbox 2088 1210 3673 1283">
     <span class='ocr_line' id='line_1_72' title="bbox 2088 1210 3673 1283; baseline 0.005 -22"><span class='ocrx_word' id='word_1_549' title='bbox 2088 1218 2144 1262; x_wconf 89' lang='lat' dir='ltr'><strong>et</strong></span> <span class='ocrx_word' id='word_1_550' title='bbox 2174 1224 2483 1277; x_wconf 90' lang='lat' dir='ltr'><strong>percussum</strong></span> <span class='ocrx_word' id='word_1_551' title='bbox 2512 1211 2814 1265; x_wconf 86' lang='lat' dir='ltr'><strong>consolans.</strong></span> <span class='ocrx_word' id='word_1_552' title='bbox 2859 1210 3055 1265; x_wconf 76' lang='lat' dir='ltr'><strong>Verum</strong></span> <span class='ocrx_word' id='word_1_553' title='bbox 3100 1215 3213 1265; x_wconf 66' lang='lat' dir='ltr'><strong>hare</strong></span> <span class='ocrx_word' id='word_1_554' title='bbox 3237 1252 3252 1277; x_wconf 88' lang='lat'><strong>,</strong></span> <span class='ocrx_word' id='word_1_555' title='bbox 3292 1222 3349 1265; x_wconf 92' lang='lat' dir='ltr'><strong>ut</strong></span> <span class='ocrx_word' id='word_1_556' title='bbox 3386 1214 3428 1266; x_wconf 87' lang='lat' dir='ltr'><strong>si</strong></span> <span class='ocrx_word' id='word_1_557' title='bbox 3461 1215 3577 1283; x_wconf 87' lang='lat' dir='ltr'><strong>quis</strong></span> <span class='ocrx_word' id='word_1_558' title='bbox 3623 1216 3673 1269; x_wconf 90' lang='lat' dir='ltr'><strong>in</strong></span> 
     </span>
    </p>
   </div>
   <div class='ocr_carea' id='block_1_73' title="bbox 2089 1301 3674 1373">
    <p class='ocr_par' dir='ltr' id='par_1_73' title="bbox 2089 1301 3674 1373">
     <span class='ocr_line' id='line_1_73' title="bbox 2089 1301 3674 1373; baseline 0.004 -18"><span class='ocrx_word' id='word_1_559' title='bbox 2089 1308 2397 1356; x_wconf 88' lang='lat' dir='ltr'><strong>transcursu</strong></span> <span class='ocrx_word' id='word_1_560' title='bbox 2433 1301 2502 1357; x_wconf 90' lang='lat' dir='ltr'><strong>de</strong></span> <span class='ocrx_word' id='word_1_561' title='bbox 2543 1303 2792 1357; x_wconf 90' lang='lat' dir='ltr'><strong>omnibus</strong></span> <span class='ocrx_word' id='word_1_562' title='bbox 2828 1304 3107 1373; x_wconf 45' lang='lat' dir='ltr'><strong>praeceptis</strong></span> <span class='ocrx_word' id='word_1_563' title='bbox 3148 1304 3423 1373; x_wconf 83' lang='lat' dir='ltr'><strong>loquatur,</strong></span> <span class='ocrx_word' id='word_1_564' title='bbox 3455 1322 3482 1358; x_wconf 90' lang='lat' dir='ltr'><strong>a</strong></span> <span class='ocrx_word' id='word_1_565' title='bbox 3521 1308 3674 1362; x_wconf 90' lang='lat' dir='ltr'><strong>nobis</strong></span> 
     </span>
    </p>
   </div>
   <div class='ocr_carea' id='block_1_74' title="bbox 2086 1392 3670 1463">
    <p class='ocr_par' dir='ltr' id='par_1_74' title="bbox 2086 1392 3670 1463">
     <span class='ocr_line' id='line_1_74' title="bbox 2086 1392 3670 1463; baseline 0.003 -16"><span class='ocrx_word' id='word_1_566' title='bbox 2086 1392 2230 1447; x_wconf 87' lang='lat' dir='ltr'><strong>dicta</strong></span> <span class='ocrx_word' id='word_1_567' title='bbox 2268 1404 2447 1448; x_wconf 89' lang='lat' dir='ltr'><strong>sunto.</strong></span> <span class='ocrx_word' id='word_1_568' title='bbox 2494 1393 2610 1448; x_wconf 80' lang='lat' dir='ltr'><strong>Jam</strong></span> <span class='ocrx_word' id='word_1_569' title='bbox 2640 1393 2705 1447; x_wconf 90' lang='lat' dir='ltr'><strong>ad</strong></span> <span class='ocrx_word' id='word_1_570' title='bbox 2740 1396 3065 1462; x_wconf 80' lang='lat' dir='ltr'><strong>propositum</strong></span> <span class='ocrx_word' id='word_1_571' title='bbox 3100 1396 3273 1450; x_wconf 88' lang='lat' dir='ltr'><strong>redire</strong></span> <span class='ocrx_word' id='word_1_572' title='bbox 3300 1412 3519 1452; x_wconf 84' lang='lat' dir='ltr'><strong>necesse</strong></span> <span class='ocrx_word' id='word_1_573' title='bbox 3547 1408 3629 1451; x_wconf 83' lang='lat' dir='ltr'><strong>est</strong></span> <span class='ocrx_word' id='word_1_574' title='bbox 3654 1439 3670 1463; x_wconf 88' lang='lat'><strong>,</strong></span> 
     </span>
    </p>
   </div>
   <div class='ocr_carea' id='block_1_75' title="bbox 2086 1484 3674 1555">
    <p class='ocr_par' dir='ltr' id='par_1_75' title="bbox 2086 1484 3674 1555">
     <span class='ocr_line' id='line_1_75' title="bbox 2086 1484 3674 1555; baseline 0.002 -17"><span class='ocrx_word' id='word_1_575' title='bbox 2086 1499 2295 1539; x_wconf 90' lang='lat' dir='ltr'><strong>necnon</strong></span> <span class='ocrx_word' id='word_1_576' title='bbox 2327 1484 2521 1540; x_wconf 90' lang='lat' dir='ltr'><strong>seriem</strong></span> <span class='ocrx_word' id='word_1_577' title='bbox 2556 1485 2700 1552; x_wconf 90' lang='lat' dir='ltr'><strong>prius</strong></span> <span class='ocrx_word' id='word_1_578' title='bbox 2728 1485 2987 1538; x_wconf 90' lang='lat' dir='ltr'><strong>dictorum</strong></span> <span class='ocrx_word' id='word_1_579' title='bbox 3020 1497 3282 1555; x_wconf 85' lang='lat' dir='ltr'><strong>repetere.</strong></span> <span class='ocrx_word' id='word_1_580' title='bbox 3315 1489 3415 1552; x_wconf 82' lang='lat' dir='ltr'><strong>Qui</strong></span> <span class='ocrx_word' id='word_1_581' title='bbox 3440 1490 3674 1542; x_wconf 82' lang='lat' dir='ltr'><strong>irascitur</strong></span> 
     </span>
    </p>
   </div>
   <div class='ocr_carea' id='block_1_76' title="bbox 2088 1575 3671 1646">
    <p class='ocr_par' dir='ltr' id='par_1_76' title="bbox 2088 1575 3671 1646">
     <span class='ocr_line' id='line_1_76' title="bbox 2088 1575 3671 1646; baseline 0.004 -19"><span class='ocrx_word' id='word_1_582' title='bbox 2088 1576 2235 1646; x_wconf 75' lang='lat' dir='ltr'><strong>fratri</strong></span> <span class='ocrx_word' id='word_1_583' title='bbox 2259 1593 2350 1629; x_wconf 88' lang='lat' dir='ltr'><strong>suo</strong></span> <span class='ocrx_word' id='word_1_584' title='bbox 2381 1585 2580 1630; x_wconf 77' lang='lat' dir='ltr'><strong>temere</strong></span> <span class='ocrx_word' id='word_1_585' title='bbox 2601 1616 2614 1637; x_wconf 87' lang='lat'><strong>,</strong></span> <span class='ocrx_word' id='word_1_586' title='bbox 2652 1592 2765 1629; x_wconf 86' lang='lat' dir='ltr'><strong>reus</strong></span> <span class='ocrx_word' id='word_1_587' title='bbox 2790 1575 2882 1628; x_wconf 89' lang='lat' dir='ltr'><strong>erit</strong></span> <span class='ocrx_word' id='word_1_588' title='bbox 2898 1576 3099 1646; x_wconf 82' lang='lat' dir='ltr'><strong>judicio</strong></span> <span class='ocrx_word' id='word_1_589' title='bbox 3119 1619 3133 1641; x_wconf 95' lang='lat'><strong>,</strong></span> <span class='ocrx_word' id='word_1_590' title='bbox 3164 1576 3350 1645; x_wconf 89' lang='lat' dir='ltr'><strong>inquit.</strong></span> <span class='ocrx_word' id='word_1_591' title='bbox 3382 1578 3495 1632; x_wconf 88' lang='lat' dir='ltr'><strong>Non</strong></span> <span class='ocrx_word' id='word_1_592' title='bbox 3528 1581 3671 1634; x_wconf 87' lang='lat' dir='ltr'><strong>enim</strong></span> 
     </span>
    </p>
   </div>
   <div class='ocr_carea' id='block_1_77' title="bbox 2084 1669 3672 1739">
    <p class='ocr_par' dir='ltr' id='par_1_77' title="bbox 2084 1669 3672 1739">
     <span class='ocr_line' id='line_1_77' title="bbox 2084 1669 3672 1739; baseline 0.002 -17"><span class='ocrx_word' id='word_1_593' title='bbox 2084 1684 2305 1739; x_wconf 88' lang='lat' dir='ltr'><strong>prorsus</strong></span> <span class='ocrx_word' id='word_1_594' title='bbox 2342 1684 2455 1723; x_wconf 88' lang='lat' dir='ltr'><strong>rem</strong></span> <span class='ocrx_word' id='word_1_595' title='bbox 2498 1669 2709 1723; x_wconf 90' lang='lat' dir='ltr'><strong>sustulit</strong></span> <span class='ocrx_word' id='word_1_596' title='bbox 2736 1687 2747 1720; x_wconf 91' lang='lat'>:</span> <span class='ocrx_word' id='word_1_597' title='bbox 2780 1669 2954 1737; x_wconf 90' lang='lat' dir='ltr'><strong>primo</strong></span> <span class='ocrx_word' id='word_1_598' title='bbox 2979 1710 2992 1732; x_wconf 89' lang='lat'><strong>,</strong></span> <span class='ocrx_word' id='word_1_599' title='bbox 3019 1669 3139 1737; x_wconf 87' lang='lat' dir='ltr'><strong>quia</strong></span> <span class='ocrx_word' id='word_1_600' title='bbox 3172 1685 3276 1723; x_wconf 87' lang='lat' dir='ltr'><strong>non</strong></span> <span class='ocrx_word' id='word_1_601' title='bbox 3307 1680 3481 1738; x_wconf 89' lang='lat' dir='ltr'><strong>potest</strong></span> <span class='ocrx_word' id='word_1_602' title='bbox 3513 1671 3672 1725; x_wconf 88' lang='lat' dir='ltr'><strong>homo</strong></span> 
     </span>
    </p>
   </div>
   <div class='ocr_carea' id='block_1_78' title="bbox 2085 1759 3673 1828">
    <p class='ocr_par' dir='ltr' id='par_1_78' title="bbox 2085 1759 3673 1828">
     <span class='ocr_line' id='line_1_78' title="bbox 2085 1759 3673 1828; baseline 0.003 -15"><span class='ocrx_word' id='word_1_603' title='bbox 2085 1761 2246 1815; x_wconf 88' lang='lat' dir='ltr'><strong>animi</strong></span> <span class='ocrx_word' id='word_1_604' title='bbox 2289 1759 2566 1814; x_wconf 78' lang='lat' dir='ltr'><strong>all‘ectibus</strong></span> <span class='ocrx_word' id='word_1_605' title='bbox 2610 1774 2826 1828; x_wconf 79' lang='lat' dir='ltr'><strong>prorsus</strong></span> <span class='ocrx_word' id='word_1_606' title='bbox 2872 1759 3121 1822; x_wconf 87' lang='lat' dir='ltr'><strong>liberari;</strong></span> <span class='ocrx_word' id='word_1_607' title='bbox 3154 1760 3245 1813; x_wconf 92' lang='lat' dir='ltr'><strong>sed</strong></span> <span class='ocrx_word' id='word_1_608' title='bbox 3279 1761 3399 1815; x_wconf 94' lang='lat' dir='ltr'><strong>illos</strong></span> <span class='ocrx_word' id='word_1_609' title='bbox 3436 1764 3673 1818; x_wconf 78' lang='lat' dir='ltr'><strong>retinere</strong></span> 
     </span>
    </p>
   </div>
   <div class='ocr_carea' id='block_1_79' title="bbox 2083 1850 3667 1923">
    <p class='ocr_par' dir='ltr' id='par_1_79' title="bbox 2083 1850 3667 1923">
     <span class='ocr_line' id='line_1_79' title="bbox 2083 1850 3667 1923; baseline 0.003 -18"><span class='ocrx_word' id='word_1_610' title='bbox 2083 1851 2299 1920; x_wconf 88' lang='lat' dir='ltr'><strong>quidem</strong></span> <span class='ocrx_word' id='word_1_611' title='bbox 2331 1864 2610 1919; x_wconf 91' lang='lat' dir='ltr'><strong>possumus</strong></span> <span class='ocrx_word' id='word_1_612' title='bbox 2628 1891 2644 1912; x_wconf 88' lang='lat'><strong>,</strong></span> <span class='ocrx_word' id='word_1_613' title='bbox 2672 1851 2872 1919; x_wconf 89' lang='lat' dir='ltr'><strong>absque</strong></span> <span class='ocrx_word' id='word_1_614' title='bbox 2900 1850 3001 1904; x_wconf 90' lang='lat' dir='ltr'><strong>illis</strong></span> <span class='ocrx_word' id='word_1_615' title='bbox 3027 1852 3244 1905; x_wconf 92' lang='lat' dir='ltr'><strong>omnino</strong></span> <span class='ocrx_word' id='word_1_616' title='bbox 3269 1866 3388 1906; x_wconf 87' lang='lat' dir='ltr'><strong>esse</strong></span> <span class='ocrx_word' id='word_1_617' title='bbox 3412 1869 3515 1906; x_wconf 87' lang='lat' dir='ltr'><strong>non</strong></span> <span class='ocrx_word' id='word_1_618' title='bbox 3544 1870 3667 1923; x_wconf 87' lang='lat' dir='ltr'><strong>pos-</strong></span> 
     </span>
    </p>
   </div>
   <div class='ocr_carea' id='block_1_80' title="bbox 2082 1942 3671 2013">
    <p class='ocr_par' dir='ltr' id='par_1_80' title="bbox 2082 1942 3671 2013">
     <span class='ocr_line' id='line_1_80' title="bbox 2082 1942 3671 2013; baseline 0.003 -16"><span class='ocrx_word' id='word_1_619' title='bbox 2082 1958 2300 2008; x_wconf 88' lang='lat' dir='ltr'><strong>sumus;</strong></span> <span class='ocrx_word' id='word_1_620' title='bbox 2333 1942 2526 1998; x_wconf 90' lang='lat' dir='ltr'><strong>deinde</strong></span> <span class='ocrx_word' id='word_1_621' title='bbox 2550 1984 2564 2007; x_wconf 95' lang='lat'><strong>,</strong></span> <span class='ocrx_word' id='word_1_622' title='bbox 2600 1943 2723 2013; x_wconf 90' lang='lat' dir='ltr'><strong>quia</strong></span> <span class='ocrx_word' id='word_1_623' title='bbox 2765 1944 2853 1997; x_wconf 92' lang='lat' dir='ltr'><strong>ille</strong></span> <span class='ocrx_word' id='word_1_624' title='bbox 2890 1945 3050 1997; x_wconf 89' lang='lat' dir='ltr'><strong>animi</strong></span> <span class='ocrx_word' id='word_1_625' title='bbox 3083 1956 3259 1999; x_wconf 90' lang='lat' dir='ltr'><strong>motus</strong></span> <span class='ocrx_word' id='word_1_626' title='bbox 3288 1947 3431 2000; x_wconf 90' lang='lat' dir='ltr'><strong>utilis</strong></span> <span class='ocrx_word' id='word_1_627' title='bbox 3460 1958 3542 2001; x_wconf 90' lang='lat' dir='ltr'><strong>est</strong></span> <span class='ocrx_word' id='word_1_628' title='bbox 3564 1990 3579 2012; x_wconf 90' lang='lat'><strong>,</strong></span> <span class='ocrx_word' id='word_1_629' title='bbox 3624 1950 3671 2001; x_wconf 89' lang='lat' dir='ltr'><strong>si</strong></span> 
     </span>
    </p>
   </div>
   <div class='ocr_carea' id='block_1_81' title="bbox 2084 2035 3669 2111">
    <p class='ocr_par' dir='ltr' id='par_1_81' title="bbox 2084 2035 3669 2111">
     <span class='ocr_line' id='line_1_81' title="bbox 2084 2035 3669 2111; baseline 0.005 -23"><span class='ocrx_word' id='word_1_630' title='bbox 2084 2035 2176 2089; x_wconf 92' lang='lat' dir='ltr'><strong>illo</strong></span> <span class='ocrx_word' id='word_1_631' title='bbox 2216 2037 2450 2091; x_wconf 88' lang='lat' dir='ltr'><strong>sciamus</strong></span> <span class='ocrx_word' id='word_1_632' title='bbox 2492 2046 2790 2105; x_wconf 87' lang='lat' dir='ltr'><strong>opportune</strong></span> <span class='ocrx_word' id='word_1_633' title='bbox 2830 2038 2926 2091; x_wconf 91' lang='lat' dir='ltr'><strong>uti.</strong></span> <span class='ocrx_word' id='word_1_634' title='bbox 2973 2037 3247 2107; x_wconf 86' lang='lat' dir='ltr'><strong>Perpende</strong></span> <span class='ocrx_word' id='word_1_635' title='bbox 3290 2040 3430 2092; x_wconf 89' lang='lat' dir='ltr'><strong>enim</strong></span> <span class='ocrx_word' id='word_1_636' title='bbox 3472 2051 3669 2111; x_wconf 90' lang='lat' dir='ltr'><strong>quanta</strong></span> 
     </span>
    </p>
   </div>
   <div class='ocr_carea' id='block_1_82' title="bbox 2084 2128 3671 2187">
    <p class='ocr_par' dir='ltr' id='par_1_82' title="bbox 2084 2128 3671 2187">
     <span class='ocr_line' id='line_1_82' title="bbox 2084 2128 3671 2187; baseline 0.004 -6"><span class='ocrx_word' id='word_1_637' title='bbox 2084 2128 2219 2182; x_wconf 86' lang='lat' dir='ltr'><strong>bona</strong></span> <span class='ocrx_word' id='word_1_638' title='bbox 2242 2128 2480 2183; x_wconf 91' lang='lat' dir='ltr'><strong>attulerit</strong></span> <span class='ocrx_word' id='word_1_639' title='bbox 2499 2128 2645 2183; x_wconf 86' lang='lat' dir='ltr'><strong>Pauli</strong></span> <span class='ocrx_word' id='word_1_640' title='bbox 2669 2129 2745 2183; x_wconf 90' lang='lat' dir='ltr'><strong>ira</strong></span> <span class='ocrx_word' id='word_1_641' title='bbox 2767 2139 2950 2183; x_wconf 89' lang='lat' dir='ltr'><strong>contra</strong></span> <span class='ocrx_word' id='word_1_642' title='bbox 2971 2129 3296 2184; x_wconf 90' lang='lat' dir='ltr'><strong>Corinthios.</strong></span> <span class='ocrx_word' id='word_1_643' title='bbox 3319 2130 3447 2185; x_wconf 83' lang='lat' dir='ltr'><strong>Nam</strong></span> <span class='ocrx_word' id='word_1_644' title='bbox 3471 2142 3523 2186; x_wconf 88' lang='lat' dir='ltr'><strong>et</strong></span> <span class='ocrx_word' id='word_1_645' title='bbox 3550 2133 3671 2187; x_wconf 86' lang='lat' dir='ltr'><strong>illos</strong></span> 
     </span>
    </p>
   </div>
   <div class='ocr_carea' id='block_1_83' title="bbox 2080 2221 3670 2294">
    <p class='ocr_par' dir='ltr' id='par_1_83' title="bbox 2080 2221 3670 2294">
     <span class='ocr_line' id='line_1_83' title="bbox 2080 2221 3670 2294; baseline 0.003 -20"><span class='ocrx_word' id='word_1_646' title='bbox 2080 2236 2110 2274; x_wconf 91' lang='lat' dir='ltr'><strong>a</strong></span> <span class='ocrx_word' id='word_1_647' title='bbox 2141 2237 2327 2288; x_wconf 73' lang='lat' dir='ltr'><strong>magna</strong></span> <span class='ocrx_word' id='word_1_648' title='bbox 2369 2231 2514 2291; x_wconf 89' lang='lat' dir='ltr'><strong>peste</strong></span> <span class='ocrx_word' id='word_1_649' title='bbox 2544 2221 2819 2285; x_wconf 89' lang='lat' dir='ltr'><strong>liberavit;</strong></span> <span class='ocrx_word' id='word_1_650' title='bbox 2865 2221 3166 2277; x_wconf 87' lang='lat' dir='ltr'><strong>Galatarum</strong></span> <span class='ocrx_word' id='word_1_651' title='bbox 3194 2223 3318 2278; x_wconf 91' lang='lat' dir='ltr'><strong>item</strong></span> <span class='ocrx_word' id='word_1_652' title='bbox 3345 2234 3557 2294; x_wconf 89' lang='lat' dir='ltr'><strong>gentem</strong></span> <span class='ocrx_word' id='word_1_653' title='bbox 3590 2226 3670 2279; x_wconf 89' lang='lat' dir='ltr'><strong>la-</strong></span> 
     </span>
    </p>
   </div>
   <div class='ocr_carea' id='block_1_84' title="bbox 2082 2312 3667 2383">
    <p class='ocr_par' dir='ltr' id='par_1_84' title="bbox 2082 2312 3667 2383">
     <span class='ocr_line' id='line_1_84' title="bbox 2082 2312 3667 2383; baseline 0.004 -17"><span class='ocrx_word' id='word_1_654' title='bbox 2082 2328 2228 2381; x_wconf 87' lang='lat' dir='ltr'><strong>psam</strong></span> <span class='ocrx_word' id='word_1_655' title='bbox 2276 2328 2372 2381; x_wconf 88' lang='lat' dir='ltr'><strong>pcr</strong></span> <span class='ocrx_word' id='word_1_656' title='bbox 2402 2312 2538 2367; x_wconf 90' lang='lat' dir='ltr'><strong>hanc</strong></span> <span class='ocrx_word' id='word_1_657' title='bbox 2568 2314 2932 2383; x_wconf 88' lang='lat' dir='ltr'><strong>recuperavit,</strong></span> <span class='ocrx_word' id='word_1_658' title='bbox 2971 2313 3211 2383; x_wconf 90' lang='lat' dir='ltr'><strong>aliosque</strong></span> <span class='ocrx_word' id='word_1_659' title='bbox 3253 2316 3466 2369; x_wconf 87' lang='lat' dir='ltr'><strong>multos.</strong></span> <span class='ocrx_word' id='word_1_660' title='bbox 3513 2317 3667 2383; x_wconf 90' lang='lat' dir='ltr'><strong>Quod</strong></span> 
     </span>
    </p>
   </div>
   <div class='ocr_carea' id='block_1_85' title="bbox 2079 2406 3668 2475">
    <p class='ocr_par' dir='ltr' id='par_1_85' title="bbox 2079 2406 3668 2475">
     <span class='ocr_line' id='line_1_85' title="bbox 2079 2406 3668 2475; baseline 0.005 -17"><span class='ocrx_word' id='word_1_661' title='bbox 2079 2420 2206 2474; x_wconf 89' lang='lat' dir='ltr'><strong>ergo</strong></span> <span class='ocrx_word' id='word_1_662' title='bbox 2244 2415 2452 2475; x_wconf 88' lang='lat' dir='ltr'><strong>tempus</strong></span> <span class='ocrx_word' id='word_1_663' title='bbox 2498 2406 2591 2460; x_wconf 73' lang='lat' dir='ltr'><strong>ira:</strong></span> <span class='ocrx_word' id='word_1_664' title='bbox 2616 2416 2971 2475; x_wconf 89' lang='lat' dir='ltr'><strong>opportunum</strong></span> <span class='ocrx_word' id='word_1_665' title='bbox 3012 2406 3136 2462; x_wconf 86' lang='lat' dir='ltr'><strong>est?</strong></span> <span class='ocrx_word' id='word_1_666' title='bbox 3164 2406 3386 2474; x_wconf 85' lang='lat' dir='ltr'><strong>Quando</strong></span> <span class='ocrx_word' id='word_1_667' title='bbox 3423 2424 3525 2463; x_wconf 91' lang='lat' dir='ltr'><strong>non</strong></span> <span class='ocrx_word' id='word_1_668' title='bbox 3565 2427 3668 2466; x_wconf 87' lang='lat' dir='ltr'><strong>nos</strong></span> 
     </span>
    </p>
   </div>
   <div class='ocr_carea' id='block_1_86' title="bbox 2081 2497 3663 2568">
    <p class='ocr_par' dir='ltr' id='par_1_86' title="bbox 2081 2497 3663 2568">
     <span class='ocr_line' id='line_1_86' title="bbox 2081 2497 3663 2568; baseline 0.004 -19"><span class='ocrx_word' id='word_1_669' title='bbox 2081 2497 2225 2566; x_wconf 88' lang='lat' dir='ltr'><strong>ipsos</strong></span> <span class='ocrx_word' id='word_1_670' title='bbox 2267 2498 2573 2552; x_wconf 89' lang='lat' dir='ltr'><strong>ulciscimur</strong></span> <span class='ocrx_word' id='word_1_671' title='bbox 2595 2538 2610 2561; x_wconf 93' lang='lat'><strong>,</strong></span> <span class='ocrx_word' id='word_1_672' title='bbox 2642 2497 2736 2552; x_wconf 90' lang='lat' dir='ltr'><strong>sed</strong></span> <span class='ocrx_word' id='word_1_673' title='bbox 2773 2498 2905 2551; x_wconf 89' lang='lat' dir='ltr'><strong>alios</strong></span> <span class='ocrx_word' id='word_1_674' title='bbox 2945 2500 3246 2567; x_wconf 82' lang='lat' dir='ltr'><strong>petulantes</strong></span> <span class='ocrx_word' id='word_1_675' title='bbox 3286 2501 3623 2568; x_wconf 86' lang='lat' dir='ltr'><strong>reprimimus</strong></span> <span class='ocrx_word' id='word_1_676' title='bbox 3646 2544 3663 2565; x_wconf 92' lang='lat'><strong>,</strong></span> 
     </span>
    </p>
   </div>
   <div class='ocr_carea' id='block_1_87' title="bbox 2078 2585 3665 2660">
    <p class='ocr_par' dir='ltr' id='par_1_87' title="bbox 2078 2585 3665 2660">
     <span class='ocr_line' id='line_1_87' title="bbox 2078 2585 3665 2660; baseline 0.005 -21"><span class='ocrx_word' id='word_1_677' title='bbox 2078 2585 2291 2642; x_wconf 88' lang='lat' dir='ltr'><strong>desides</strong></span> <span class='ocrx_word' id='word_1_678' title='bbox 2319 2589 2697 2642; x_wconf 87' lang='lat' dir='ltr'><strong>convertimus.</strong></span> <span class='ocrx_word' id='word_1_679' title='bbox 2724 2587 2874 2655; x_wconf 90' lang='lat' dir='ltr'><strong>Quod</strong></span> <span class='ocrx_word' id='word_1_680' title='bbox 2905 2598 3111 2658; x_wconf 90' lang='lat' dir='ltr'><strong>tempus</strong></span> <span class='ocrx_word' id='word_1_681' title='bbox 3135 2604 3238 2643; x_wconf 93' lang='lat' dir='ltr'><strong>non</strong></span> <span class='ocrx_word' id='word_1_682' title='bbox 3265 2602 3623 2660; x_wconf 89' lang='lat' dir='ltr'><strong>opportunum</strong></span> <span class='ocrx_word' id='word_1_683' title='bbox 3640 2595 3665 2646; x_wconf 83' lang='lat'><strong>?</strong></span> 
     </span>
    </p>
   </div>
   <div class='ocr_carea' id='block_1_88' title="bbox 2077 2679 3661 2749">
    <p class='ocr_par' dir='ltr' id='par_1_88' title="bbox 2077 2679 3661 2749">
     <span class='ocr_line' id='line_1_88' title="bbox 2077 2679 3661 2749; baseline 0.004 -15"><span class='ocrx_word' id='word_1_684' title='bbox 2077 2679 2301 2746; x_wconf 85' lang='lat' dir='ltr'><strong>Quando</strong></span> <span class='ocrx_word' id='word_1_685' title='bbox 2329 2695 2428 2734; x_wconf 91' lang='lat' dir='ltr'><strong>nos</strong></span> <span class='ocrx_word' id='word_1_686' title='bbox 2456 2680 2601 2749; x_wconf 86' lang='lat' dir='ltr'><strong>ipsos</strong></span> <span class='ocrx_word' id='word_1_687' title='bbox 2629 2680 2944 2735; x_wconf 89' lang='lat' dir='ltr'><strong>ulciscentes</strong></span> <span class='ocrx_word' id='word_1_688' title='bbox 2974 2681 3025 2735; x_wconf 90' lang='lat' dir='ltr'><strong>id</strong></span> <span class='ocrx_word' id='word_1_689' title='bbox 3058 2680 3298 2736; x_wconf 80' lang='lat' dir='ltr'><strong>facimus.</strong></span> <span class='ocrx_word' id='word_1_690' title='bbox 3330 2683 3483 2749; x_wconf 90' lang='lat' dir='ltr'><strong>Quod</strong></span> <span class='ocrx_word' id='word_1_691' title='bbox 3521 2685 3661 2740; x_wconf 85' lang='lat' dir='ltr'><strong>Pau-</strong></span> 
     </span>
    </p>
   </div>
   <div class='ocr_carea' id='block_1_89' title="bbox 2078 2771 3657 2842">
    <p class='ocr_par' dir='ltr' id='par_1_89' title="bbox 2078 2771 3657 2842">
     <span class='ocr_line' id='line_1_89' title="bbox 2078 2771 3657 2842; baseline 0.004 -18"><span class='ocrx_word' id='word_1_692' title='bbox 2078 2771 2161 2825; x_wconf 90' lang='lat' dir='ltr'><strong>lus</strong></span> <span class='ocrx_word' id='word_1_693' title='bbox 2200 2772 2456 2826; x_wconf 87' lang='lat' dir='ltr'><strong>cohibens</strong></span> <span class='ocrx_word' id='word_1_694' title='bbox 2483 2772 2696 2827; x_wconf 88' lang='lat' dir='ltr'><strong>dicebat</strong></span> <span class='ocrx_word' id='word_1_695' title='bbox 2728 2790 2741 2825; x_wconf 90' lang='lat'><strong>:</strong></span> <span class='ocrx_word' id='word_1_696' title='bbox 2777 2771 2899 2825; x_wconf 85' lang='lat' dir='ltr'><strong>Non</strong></span> <span class='ocrx_word' id='word_1_697' title='bbox 2942 2775 3265 2842; x_wconf 80' lang='lat' dir='ltr'><strong>vosmetipsos</strong></span> <span class='ocrx_word' id='word_1_698' title='bbox 3308 2776 3619 2830; x_wconf 83' lang='lat' dir='ltr'><strong>vindicantes</strong></span> <span class='ocrx_word' id='word_1_699' title='bbox 3642 2818 3657 2839; x_wconf 84' lang='lat'><strong>,</strong></span> 
     </span>
    </p>
   </div>
   <div class='ocr_carea' id='block_1_90' title="bbox 2076 2862 3661 2936">
    <p class='ocr_par' dir='ltr' id='par_1_90' title="bbox 2076 2862 3661 2936">
     <span class='ocr_line' id='line_1_90' title="bbox 2076 2862 3661 2936; baseline 0.004 -22"><span class='ocrx_word' id='word_1_700' title='bbox 2076 2862 2279 2929; x_wconf 85' lang='lat' dir='ltr'><strong>dilecti,</strong></span> <span class='ocrx_word' id='word_1_701' title='bbox 2311 2862 2399 2917; x_wconf 87' lang='lat' dir='ltr'><strong>scd</strong></span> <span class='ocrx_word' id='word_1_702' title='bbox 2428 2863 2545 2917; x_wconf 90' lang='lat' dir='ltr'><strong>date</strong></span> <span class='ocrx_word' id='word_1_703' title='bbox 2566 2864 2731 2917; x_wconf 88' lang='lat' dir='ltr'><strong>locum</strong></span> <span class='ocrx_word' id='word_1_704' title='bbox 2759 2864 2850 2917; x_wconf 77' lang='lat' dir='ltr'><strong>ira:</strong></span> <span class='ocrx_word' id='word_1_705' title='bbox 2874 2863 3051 2933; x_wconf 83' lang='lat' dir='ltr'><strong>(Rom.</strong></span> <span class='ocrx_word' id='word_1_706' title='bbox 3086 2864 3174 2919; x_wconf 86' lang='grc'><strong>12.</strong></span> <span class='ocrx_word' id='word_1_707' title='bbox 3204 2864 3313 2936; x_wconf 84' lang='grc'><strong>19).</strong></span> <span class='ocrx_word' id='word_1_708' title='bbox 3343 2866 3564 2933; x_wconf 89' lang='lat' dir='ltr'><strong>Quando</strong></span> <span class='ocrx_word' id='word_1_709' title='bbox 3592 2867 3661 2922; x_wconf 90' lang='lat' dir='ltr'><strong>de</strong></span> 
     </span>
    </p>
   </div>
   <div class='ocr_carea' id='block_1_91' title="bbox 2077 2955 3657 3025">
    <p class='ocr_par' dir='ltr' id='par_1_91' title="bbox 2077 2955 3657 3025">
     <span class='ocr_line' id='line_1_91' title="bbox 2077 2955 3657 3025; baseline 0.002 -16"><span class='ocrx_word' id='word_1_710' title='bbox 2077 2956 2316 3024; x_wconf 89' lang='lat' dir='ltr'><strong>pecuniis</strong></span> <span class='ocrx_word' id='word_1_711' title='bbox 2357 2956 2643 3025; x_wconf 89' lang='lat' dir='ltr'><strong>litigamus.</strong></span> <span class='ocrx_word' id='word_1_712' title='bbox 2688 2955 2822 3010; x_wconf 88' lang='lat' dir='ltr'><strong>Nam</strong></span> <span class='ocrx_word' id='word_1_713' title='bbox 2861 2965 2915 3011; x_wconf 92' lang='lat' dir='ltr'><strong>et</strong></span> <span class='ocrx_word' id='word_1_714' title='bbox 2952 2956 3055 3011; x_wconf 92' lang='lat' dir='ltr'><strong>hoc</strong></span> <span class='ocrx_word' id='word_1_715' title='bbox 3092 2956 3173 3011; x_wconf 91' lang='lat' dir='ltr'><strong>his</strong></span> <span class='ocrx_word' id='word_1_716' title='bbox 3200 2958 3376 3012; x_wconf 89' lang='lat' dir='ltr'><strong>verbis</strong></span> <span class='ocrx_word' id='word_1_717' title='bbox 3402 2958 3657 3013; x_wconf 87' lang='lat' dir='ltr'><strong>sustulit:</strong></span> 
     </span>
    </p>
   </div>
   <div class='ocr_carea' id='block_1_92' title="bbox 2078 3048 3660 3122">
    <p class='ocr_par' dir='ltr' id='par_1_92' title="bbox 2078 3048 3660 3122">
     <span class='ocr_line' id='line_1_92' title="bbox 2078 3048 3660 3122; baseline 0.003 -22"><span class='ocrx_word' id='word_1_718' title='bbox 2078 3048 2246 3115; x_wconf 84' lang='lat' dir='ltr'><strong>Quare</strong></span> <span class='ocrx_word' id='word_1_719' title='bbox 2274 3064 2372 3102; x_wconf 90' lang='lat' dir='ltr'><strong>non</strong></span> <span class='ocrx_word' id='word_1_720' title='bbox 2401 3049 2561 3118; x_wconf 85' lang='lat' dir='ltr'><strong>magis</strong></span> <span class='ocrx_word' id='word_1_721' title='bbox 2590 3048 2831 3118; x_wconf 86' lang='lat' dir='ltr'><strong>injuriam</strong></span> <span class='ocrx_word' id='word_1_722' title='bbox 2858 3049 3123 3118; x_wconf 82' lang='lat' dir='ltr'><strong>accipitis?</strong></span> <span class='ocrx_word' id='word_1_723' title='bbox 3164 3066 3319 3119; x_wconf 84' lang='lat' dir='ltr'><strong>quare</strong></span> <span class='ocrx_word' id='word_1_724' title='bbox 3359 3066 3460 3104; x_wconf 85' lang='lat' dir='ltr'><strong>non</strong></span> <span class='ocrx_word' id='word_1_725' title='bbox 3499 3053 3660 3122; x_wconf 82' lang='lat' dir='ltr'><strong>magis</strong></span> 
     </span>
    </p>
   </div>
   <div class='ocr_carea' id='block_1_93' title="bbox 2073 3140 3657 3210">
    <p class='ocr_par' dir='ltr' id='par_1_93' title="bbox 2073 3140 3657 3210">
     <span class='ocr_line' id='line_1_93' title="bbox 2073 3140 3657 3210; baseline 0.002 -17"><span class='ocrx_word' id='word_1_726' title='bbox 2073 3141 2304 3209; x_wconf 80' lang='lat' dir='ltr'><strong>fraudem</strong></span> <span class='ocrx_word' id='word_1_727' title='bbox 2330 3141 2558 3209; x_wconf 87' lang='lat' dir='ltr'><strong>patimini</strong></span> <span class='ocrx_word' id='word_1_728' title='bbox 2587 3142 2605 3210; x_wconf 90' lang='lat'><strong>(</strong></span> <span class='ocrx_word' id='word_1_729' title='bbox 2632 3141 2682 3194; x_wconf 84' lang='grc'><strong>1.</strong></span> <span class='ocrx_word' id='word_1_730' title='bbox 2711 3140 2827 3195; x_wconf 83' lang='lat' dir='ltr'><strong>Cor.</strong></span> <span class='ocrx_word' id='word_1_731' title='bbox 2862 3142 2915 3196; x_wconf 88' lang='lat'><strong>6.</strong></span> <span class='ocrx_word' id='word_1_732' title='bbox 2956 3142 3072 3210; x_wconf 87' lang='lat'><strong>7)?</strong></span> <span class='ocrx_word' id='word_1_733' title='bbox 3098 3141 3246 3197; x_wconf 89' lang='lat' dir='ltr'><strong>Sicut</strong></span> <span class='ocrx_word' id='word_1_734' title='bbox 3267 3142 3408 3197; x_wconf 90' lang='lat' dir='ltr'><strong>enim</strong></span> <span class='ocrx_word' id='word_1_735' title='bbox 3439 3143 3553 3197; x_wconf 75' lang='lat' dir='ltr'><strong>hac</strong></span> <span class='ocrx_word' id='word_1_736' title='bbox 3579 3144 3657 3196; x_wconf 86' lang='lat' dir='ltr'><strong>ira</strong></span> 
     </span>
    </p>
   </div>
   <div class='ocr_carea' id='block_1_94' title="bbox 2074 3232 3655 3300">
    <p class='ocr_par' dir='ltr' id='par_1_94' title="bbox 2074 3232 3655 3300">
     <span class='ocr_line' id='line_1_94' title="bbox 2074 3232 3655 3300; baseline 0.002 -16"><span class='ocrx_word' id='word_1_737' title='bbox 2074 3246 2465 3300; x_wconf 81' lang='lat' dir='ltr'><strong>supervacanea</strong></span> <span class='ocrx_word' id='word_1_738' title='bbox 2492 3241 2574 3285; x_wconf 89' lang='lat' dir='ltr'><strong>est</strong></span> <span class='ocrx_word' id='word_1_739' title='bbox 2594 3273 2609 3297; x_wconf 91' lang='lat'><strong>,</strong></span> <span class='ocrx_word' id='word_1_740' title='bbox 2641 3232 2719 3287; x_wconf 91' lang='lat' dir='ltr'><strong>sic</strong></span> <span class='ocrx_word' id='word_1_741' title='bbox 2746 3232 2834 3286; x_wconf 88' lang='lat' dir='ltr'><strong>illa</strong></span> <span class='ocrx_word' id='word_1_742' title='bbox 2864 3234 3161 3287; x_wconf 86' lang='lat' dir='ltr'><strong>necessaria</strong></span> <span class='ocrx_word' id='word_1_743' title='bbox 3186 3243 3239 3287; x_wconf 83' lang='lat' dir='ltr'><strong>et</strong></span> <span class='ocrx_word' id='word_1_744' title='bbox 3265 3235 3426 3288; x_wconf 87' lang='lat' dir='ltr'><strong>utilis.</strong></span> <span class='ocrx_word' id='word_1_745' title='bbox 3463 3233 3655 3289; x_wconf 83' lang='lat' dir='ltr'><strong>Verum</strong></span> 
     </span>
    </p>
   </div>
   <div class='ocr_carea' id='block_1_95' title="bbox 2073 3324 3655 3396">
    <p class='ocr_par' dir='ltr' id='par_1_95' title="bbox 2073 3324 3655 3396">
     <span class='ocr_line' id='line_1_95' title="bbox 2073 3324 3655 3396; baseline 0.002 -18"><span class='ocrx_word' id='word_1_746' title='bbox 2073 3324 2224 3379; x_wconf 90' lang='lat' dir='ltr'><strong>multi</strong></span> <span class='ocrx_word' id='word_1_747' title='bbox 2251 3341 2281 3378; x_wconf 90' lang='lat' dir='ltr'><strong>e</strong></span> <span class='ocrx_word' id='word_1_748' title='bbox 2317 3325 2588 3379; x_wconf 87' lang='lat' dir='ltr'><strong>contrario</strong></span> <span class='ocrx_word' id='word_1_749' title='bbox 2626 3325 2855 3391; x_wconf 81' lang='lat' dir='ltr'><strong>faciunt,</strong></span> <span class='ocrx_word' id='word_1_750' title='bbox 2893 3325 3095 3381; x_wconf 75' lang='lat' dir='ltr'><strong>ell‘erati</strong></span> <span class='ocrx_word' id='word_1_751' title='bbox 3122 3368 3135 3389; x_wconf 90' lang='lat'><strong>,</strong></span> <span class='ocrx_word' id='word_1_752' title='bbox 3162 3341 3282 3380; x_wconf 90' lang='lat' dir='ltr'><strong>cum</strong></span> <span class='ocrx_word' id='word_1_753' title='bbox 3321 3326 3510 3396; x_wconf 90' lang='lat' dir='ltr'><strong>injuria</strong></span> <span class='ocrx_word' id='word_1_754' title='bbox 3533 3326 3655 3381; x_wconf 77' lang='lat' dir='ltr'><strong>alli-</strong></span> 
     </span>
    </p>
   </div>
   <div class='ocr_carea' id='block_1_96' title="bbox 2071 3415 3653 3480">
    <p class='ocr_par' dir='ltr' id='par_1_96' title="bbox 2071 3415 3653 3480">
     <span class='ocr_line' id='line_1_96' title="bbox 2071 3415 3653 3480; baseline 0.001 -11"><span class='ocrx_word' id='word_1_755' title='bbox 2071 3417 2285 3469; x_wconf 92' lang='lat' dir='ltr'><strong>ciuntur</strong></span> <span class='ocrx_word' id='word_1_756' title='bbox 2308 3456 2323 3478; x_wconf 92' lang='lat'><strong>,</strong></span> <span class='ocrx_word' id='word_1_757' title='bbox 2368 3415 2585 3470; x_wconf 90' lang='lat' dir='ltr'><strong>resoluti</strong></span> <span class='ocrx_word' id='word_1_758' title='bbox 2628 3428 2683 3471; x_wconf 89' lang='lat' dir='ltr'><strong>et</strong></span> <span class='ocrx_word' id='word_1_759' title='bbox 2720 3417 2908 3471; x_wconf 90' lang='lat' dir='ltr'><strong>molles</strong></span> <span class='ocrx_word' id='word_1_760' title='bbox 2932 3457 2947 3480; x_wconf 93' lang='lat'><strong>,</strong></span> <span class='ocrx_word' id='word_1_761' title='bbox 2984 3431 3103 3470; x_wconf 91' lang='lat' dir='ltr'><strong>cum</strong></span> <span class='ocrx_word' id='word_1_762' title='bbox 3153 3417 3335 3470; x_wconf 79' lang='lat' dir='ltr'><strong>lzcsum</strong></span> <span class='ocrx_word' id='word_1_763' title='bbox 3375 3417 3536 3471; x_wconf 88' lang='lat' dir='ltr'><strong>alium</strong></span> <span class='ocrx_word' id='word_1_764' title='bbox 3571 3418 3653 3470; x_wconf 52' lang='lat' dir='ltr'><strong>vi.</strong></span> 
     </span>
    </p>
   </div>
   <div class='ocr_carea' id='block_1_97' title="bbox 2072 3505 3652 3577">
    <p class='ocr_par' dir='ltr' id='par_1_97' title="bbox 2072 3505 3652 3577">
     <span class='ocr_line' id='line_1_97' title="bbox 2072 3505 3652 3577; baseline 0.001 -18"><span class='ocrx_word' id='word_1_765' title='bbox 2072 3505 2202 3561; x_wconf 89' lang='lat' dir='ltr'><strong>deut</strong></span> <span class='ocrx_word' id='word_1_766' title='bbox 2242 3524 2254 3559; x_wconf 91' lang='lat'><strong>:</strong></span> <span class='ocrx_word' id='word_1_767' title='bbox 2285 3522 2403 3576; x_wconf 74' lang='lat' dir='ltr'><strong>quae</strong></span> <span class='ocrx_word' id='word_1_768' title='bbox 2431 3507 2588 3560; x_wconf 90' lang='lat' dir='ltr'><strong>ambo</strong></span> <span class='ocrx_word' id='word_1_769' title='bbox 2617 3506 2880 3561; x_wconf 89' lang='lat' dir='ltr'><strong>contraria</strong></span> <span class='ocrx_word' id='word_1_770' title='bbox 2910 3517 3032 3560; x_wconf 92' lang='lat' dir='ltr'><strong>sunt</strong></span> <span class='ocrx_word' id='word_1_771' title='bbox 3069 3507 3386 3577; x_wconf 81' lang='lat' dir='ltr'><strong>evangelicis</strong></span> <span class='ocrx_word' id='word_1_772' title='bbox 3426 3506 3652 3577; x_wconf 84' lang='lat' dir='ltr'><strong>legibus.</strong></span> 
     </span>
    </p>
   </div>
   <div class='ocr_carea' id='block_1_98' title="bbox 2072 3595 3651 3669">
    <p class='ocr_par' dir='ltr' id='par_1_98' title="bbox 2072 3595 3651 3669">
     <span class='ocr_line' id='line_1_98' title="bbox 2072 3595 3651 3669; baseline 0.002 -20"><span class='ocrx_word' id='word_1_773' title='bbox 2072 3595 2187 3650; x_wconf 87' lang='lat' dir='ltr'><strong>Non</strong></span> <span class='ocrx_word' id='word_1_774' title='bbox 2214 3612 2343 3667; x_wconf 91' lang='lat' dir='ltr'><strong>ergo</strong></span> <span class='ocrx_word' id='word_1_775' title='bbox 2370 3598 2523 3652; x_wconf 90' lang='lat' dir='ltr'><strong>irasci</strong></span> <span class='ocrx_word' id='word_1_776' title='bbox 2556 3598 2791 3667; x_wconf 89' lang='lat' dir='ltr'><strong>iniquum</strong></span> <span class='ocrx_word' id='word_1_777' title='bbox 2819 3608 2902 3652; x_wconf 92' lang='lat' dir='ltr'><strong>est</strong></span> <span class='ocrx_word' id='word_1_778' title='bbox 2926 3638 2942 3663; x_wconf 96' lang='lat'><strong>,</strong></span> <span class='ocrx_word' id='word_1_779' title='bbox 2972 3596 3065 3652; x_wconf 91' lang='lat' dir='ltr'><strong>sed</strong></span> <span class='ocrx_word' id='word_1_780' title='bbox 3094 3599 3448 3669; x_wconf 90' lang='lat' dir='ltr'><strong>inopportune</strong></span> <span class='ocrx_word' id='word_1_781' title='bbox 3473 3598 3651 3652; x_wconf 87' lang='lat' dir='ltr'><strong>irasci.</strong></span> 
     </span>
    </p>
   </div>
   <div class='ocr_carea' id='block_1_99' title="bbox 2074 3689 3651 3760">
    <p class='ocr_par' dir='ltr' id='par_1_99' title="bbox 2074 3689 3651 3760">
     <span class='ocr_line' id='line_1_99' title="bbox 2074 3689 3651 3760; baseline 0 -19"><span class='ocrx_word' id='word_1_782' title='bbox 2074 3689 2198 3743; x_wconf 85' lang='lat' dir='ltr'><strong>Ideo</strong></span> <span class='ocrx_word' id='word_1_783' title='bbox 2226 3690 2479 3760; x_wconf 87' lang='lat' dir='ltr'><strong>propheta</strong></span> <span class='ocrx_word' id='word_1_784' title='bbox 2506 3690 2715 3744; x_wconf 88' lang='lat' dir='ltr'><strong>dicebat</strong></span> <span class='ocrx_word' id='word_1_785' title='bbox 2744 3708 2757 3743; x_wconf 90' lang='lat'><strong>:</strong></span> <span class='ocrx_word' id='word_1_786' title='bbox 2788 3689 3077 3743; x_wconf 83' lang='lat' dir='ltr'><strong>Irascimini</strong></span> <span class='ocrx_word' id='word_1_787' title='bbox 3095 3730 3110 3754; x_wconf 93' lang='lat'><strong>,</strong></span> <span class='ocrx_word' id='word_1_788' title='bbox 3150 3699 3197 3743; x_wconf 89' lang='lat' dir='ltr'><strong>et</strong></span> <span class='ocrx_word' id='word_1_789' title='bbox 3235 3689 3389 3744; x_wconf 79' lang='lat' dir='ltr'><strong>nolite</strong></span> <span class='ocrx_word' id='word_1_790' title='bbox 3426 3706 3651 3759; x_wconf 79' lang='lat' dir='ltr'><strong>peccare.</strong></span> 
     </span>
    </p>
   </div>
   <div class='ocr_carea' id='block_1_100' title="bbox 2076 3779 3655 3850">
    <p class='ocr_par' dir='ltr' id='par_1_100' title="bbox 2076 3779 3655 3850">
     <span class='ocr_line' id='line_1_100' title="bbox 2076 3779 3655 3850; baseline 0.002 -20"><span class='ocrx_word' id='word_1_791' title='bbox 2076 3779 2175 3845; x_wconf 85' lang='lat' dir='ltr'><strong>Qui</strong></span> <span class='ocrx_word' id='word_1_792' title='bbox 2206 3791 2373 3834; x_wconf 88' lang='lat' dir='ltr'><strong>autem</strong></span> <span class='ocrx_word' id='word_1_793' title='bbox 2406 3780 2587 3835; x_wconf 78' lang='lat' dir='ltr'><strong>dixerit</strong></span> <span class='ocrx_word' id='word_1_794' title='bbox 2625 3780 2774 3850; x_wconf 80' lang='lat' dir='ltr'><strong>fratri</strong></span> <span class='ocrx_word' id='word_1_795' title='bbox 2810 3797 2936 3845; x_wconf 87' lang='lat' dir='ltr'><strong>suo,</strong></span> <span class='ocrx_word' id='word_1_796' title='bbox 2966 3796 3087 3833; x_wconf 79' lang='lat' dir='ltr'><strong>rara</strong></span> <span class='ocrx_word' id='word_1_797' title='bbox 3110 3819 3125 3842; x_wconf 95' lang='lat'><strong>,</strong></span> <span class='ocrx_word' id='word_1_798' title='bbox 3165 3796 3278 3832; x_wconf 91' lang='lat' dir='ltr'><strong>reus</strong></span> <span class='ocrx_word' id='word_1_799' title='bbox 3314 3780 3408 3833; x_wconf 88' lang='lat' dir='ltr'><strong>erit</strong></span> <span class='ocrx_word' id='word_1_800' title='bbox 3444 3780 3655 3833; x_wconf 84' lang='lat' dir='ltr'><strong>concilio</strong></span> 
     </span>
    </p>
   </div>
   <div class='ocr_carea' id='block_1_101' title="bbox 2072 3869 3653 3948">
    <p class='ocr_par' dir='ltr' id='par_1_101' title="bbox 2072 3869 3653 3948">
     <span class='ocr_line' id='line_1_101' title="bbox 2072 3869 3653 3948; baseline -0.006 -13"><span class='ocrx_word' id='word_1_801' title='bbox 2072 3879 2091 3948; x_wconf 89' lang='lat'><strong>(</strong></span> <span class='ocrx_word' id='word_1_802' title='bbox 2120 3876 2265 3934; x_wconf 91' lang='lat' dir='ltr'><strong>Psal.</strong></span> <span class='ocrx_word' id='word_1_803' title='bbox 2297 3877 2349 3930; x_wconf 74' lang='grc'><strong>4.</strong></span> <span class='ocrx_word' id='word_1_804' title='bbox 2382 3874 2475 3944; x_wconf 89' lang='grc'><strong>5).</strong></span> <span class='ocrx_word' id='word_1_805' title='bbox 2525 3872 2820 3928; x_wconf 89' lang='lat' dir='ltr'><strong>Concilium</strong></span> <span class='ocrx_word' id='word_1_806' title='bbox 2850 3870 2937 3926; x_wconf 91' lang='lat' dir='ltr'><strong>hic</strong></span> <span class='ocrx_word' id='word_1_807' title='bbox 2957 3911 2973 3937; x_wconf 91' lang='lat'><strong>,</strong></span> <span class='ocrx_word' id='word_1_808' title='bbox 3012 3870 3266 3940; x_wconf 89' lang='lat' dir='ltr'><strong>judicium</strong></span> <span class='ocrx_word' id='word_1_809' title='bbox 3311 3869 3653 3925; x_wconf 64' lang='lat' dir='ltr'><strong>Hebraeorum</strong></span> 
     </span>
    </p>
   </div>
   <div class='ocr_carea' id='block_1_102' title="bbox 2071 3962 3657 4035">
    <p class='ocr_par' dir='ltr' id='par_1_102' title="bbox 2071 3962 3657 4035">
     <span class='ocr_line' id='line_1_102' title="bbox 2071 3962 3657 4035; baseline -0.005 -10"><span class='ocrx_word' id='word_1_810' title='bbox 2071 3978 2247 4025; x_wconf 86' lang='lat' dir='ltr'><strong>vocat.</strong></span> <span class='ocrx_word' id='word_1_811' title='bbox 2293 3964 2445 4035; x_wconf 88' lang='lat' dir='ltr'><strong>Quod</strong></span> <span class='ocrx_word' id='word_1_812' title='bbox 2487 3964 2606 4021; x_wconf 89' lang='lat' dir='ltr'><strong>ideo</strong></span> <span class='ocrx_word' id='word_1_813' title='bbox 2638 3977 2777 4018; x_wconf 91' lang='lat' dir='ltr'><strong>nunc</strong></span> <span class='ocrx_word' id='word_1_814' title='bbox 2806 3964 3017 4033; x_wconf 89' lang='lat' dir='ltr'><strong>posuit,</strong></span> <span class='ocrx_word' id='word_1_815' title='bbox 3060 3977 3127 4018; x_wconf 92' lang='lat' dir='ltr'><strong>ne</strong></span> <span class='ocrx_word' id='word_1_816' title='bbox 3168 3962 3362 4033; x_wconf 90' lang='lat' dir='ltr'><strong>ubique</strong></span> <span class='ocrx_word' id='word_1_817' title='bbox 3387 3962 3657 4017; x_wconf 83' lang='lat' dir='ltr'><strong>videretur</strong></span> 
     </span>
    </p>
   </div>
   <div class='ocr_carea' id='block_1_103' title="bbox 2072 4053 3655 4129">
    <p class='ocr_par' dir='ltr' id='par_1_103' title="bbox 2072 4053 3655 4129">
     <span class='ocr_line' id='line_1_103' title="bbox 2072 4053 3655 4129; baseline -0.003 -14"><span class='ocrx_word' id='word_1_818' title='bbox 2072 4076 2212 4115; x_wconf 86' lang='lat' dir='ltr'><strong>nova</strong></span> <span class='ocrx_word' id='word_1_819' title='bbox 2259 4068 2312 4113; x_wconf 90' lang='lat' dir='ltr'><strong>et</strong></span> <span class='ocrx_word' id='word_1_820' title='bbox 2348 4056 2624 4129; x_wconf 79' lang='lat' dir='ltr'><strong>peregrina</strong></span> <span class='ocrx_word' id='word_1_821' title='bbox 2660 4056 2857 4112; x_wconf 90' lang='lat' dir='ltr'><strong>dicere.</strong></span> <span class='ocrx_word' id='word_1_822' title='bbox 2903 4054 3033 4111; x_wconf 90' lang='lat' dir='ltr'><strong>Illud</strong></span> <span class='ocrx_word' id='word_1_823' title='bbox 3072 4062 3249 4110; x_wconf 90' lang='lat' dir='ltr'><strong>autem</strong></span> <span class='ocrx_word' id='word_1_824' title='bbox 3273 4097 3289 4121; x_wconf 90' lang='lat'><strong>,</strong></span> <span class='ocrx_word' id='word_1_825' title='bbox 3329 4053 3469 4109; x_wconf 82' lang='lat' dir='ltr'><strong>Raca</strong></span> <span class='ocrx_word' id='word_1_826' title='bbox 3493 4096 3508 4117; x_wconf 92' lang='lat'><strong>,</strong></span> <span class='ocrx_word' id='word_1_827' title='bbox 3548 4070 3655 4110; x_wconf 88' lang='lat' dir='ltr'><strong>non</strong></span> 
     </span>
    </p>
   </div>
   <div class='ocr_carea' id='block_1_104' title="bbox 2071 4148 3657 4224">
    <p class='ocr_par' dir='ltr' id='par_1_104' title="bbox 2071 4148 3657 4224">
     <span class='ocr_line' id='line_1_104' title="bbox 2071 4148 3657 4224; baseline -0.003 -16"><span class='ocrx_word' id='word_1_828' title='bbox 2071 4168 2276 4224; x_wconf 66' lang='lat' dir='ltr'><strong>magna:</strong></span> <span class='ocrx_word' id='word_1_829' title='bbox 2303 4150 2641 4207; x_wconf 66' lang='lat' dir='ltr'><strong>contumeliae</strong></span> <span class='ocrx_word' id='word_1_830' title='bbox 2668 4166 2768 4203; x_wconf 82' lang='lat' dir='ltr'><strong>vox</strong></span> <span class='ocrx_word' id='word_1_831' title='bbox 2793 4158 2905 4213; x_wconf 90' lang='lat' dir='ltr'><strong>est,</strong></span> <span class='ocrx_word' id='word_1_832' title='bbox 2927 4148 3023 4203; x_wconf 90' lang='lat' dir='ltr'><strong>sed</strong></span> <span class='ocrx_word' id='word_1_833' title='bbox 3048 4150 3221 4218; x_wconf 89' lang='lat' dir='ltr'><strong>potius</strong></span> <span class='ocrx_word' id='word_1_834' title='bbox 3244 4159 3582 4219; x_wconf 87' lang='lat' dir='ltr'><strong>contemptus</strong></span> <span class='ocrx_word' id='word_1_835' title='bbox 3600 4159 3657 4205; x_wconf 87' lang='lat' dir='ltr'><strong>et</strong></span> 
     </span>
    </p>
   </div>
   <div class='ocr_carea' id='block_1_105' title="bbox 2071 4238 3656 4315">
    <p class='ocr_par' dir='ltr' id='par_1_105' title="bbox 2071 4238 3656 4315">
     <span class='ocr_line' id='line_1_105' title="bbox 2071 4238 3656 4315; baseline -0.003 -16"><span class='ocrx_word' id='word_1_836' title='bbox 2071 4243 2427 4315; x_wconf 67' lang='lat' dir='ltr'><strong>negligentiae.</strong></span> <span class='ocrx_word' id='word_1_837' title='bbox 2451 4238 2911 4308; x_wconf 89' lang='lat' dir='ltr'><strong>Quemadmodum</strong></span> <span class='ocrx_word' id='word_1_838' title='bbox 2930 4238 3071 4293; x_wconf 90' lang='lat' dir='ltr'><strong>enim</strong></span> <span class='ocrx_word' id='word_1_839' title='bbox 3091 4254 3189 4293; x_wconf 90' lang='lat' dir='ltr'><strong>nos</strong></span> <span class='ocrx_word' id='word_1_840' title='bbox 3206 4238 3416 4294; x_wconf 79' lang='lat' dir='ltr'><strong>famulis</strong></span> <span class='ocrx_word' id='word_1_841' title='bbox 3434 4239 3656 4310; x_wconf 88' lang='lat' dir='ltr'><strong>aliisque</strong></span> 
     </span>
    </p>
   </div>
   <div class='ocr_carea' id='block_1_106' title="bbox 2072 4329 3654 4405">
    <p class='ocr_par' dir='ltr' id='par_1_106' title="bbox 2072 4329 3654 4405">
     <span class='ocr_line' id='line_1_106' title="bbox 2072 4329 3654 4405; baseline -0.004 -15"><span class='ocrx_word' id='word_1_842' title='bbox 2072 4337 2239 4391; x_wconf 79' lang='lat' dir='ltr'><strong>intimi</strong></span> <span class='ocrx_word' id='word_1_843' title='bbox 2280 4333 2475 4405; x_wconf 87' lang='lat' dir='ltr'><strong>gradus</strong></span> <span class='ocrx_word' id='word_1_844' title='bbox 2506 4333 2828 4403; x_wconf 88' lang='lat' dir='ltr'><strong>imperantes</strong></span> <span class='ocrx_word' id='word_1_845' title='bbox 2865 4329 3093 4384; x_wconf 89' lang='lat' dir='ltr'><strong>dicimus</strong></span> <span class='ocrx_word' id='word_1_846' title='bbox 3123 4349 3136 4384; x_wconf 91' lang='lat'><strong>:</strong></span> <span class='ocrx_word' id='word_1_847' title='bbox 3166 4329 3313 4383; x_wconf 81' lang='lat' dir='ltr'><strong>Vade</strong></span> <span class='ocrx_word' id='word_1_848' title='bbox 3361 4340 3415 4383; x_wconf 93' lang='lat' dir='ltr'><strong>tu</strong></span> <span class='ocrx_word' id='word_1_849' title='bbox 3436 4371 3450 4394; x_wconf 89' lang='lat'><strong>,</strong></span> <span class='ocrx_word' id='word_1_850' title='bbox 3483 4330 3568 4385; x_wconf 90' lang='lat' dir='ltr'><strong>dic</strong></span> <span class='ocrx_word' id='word_1_851' title='bbox 3598 4340 3654 4384; x_wconf 87' lang='lat' dir='ltr'><strong>tu</strong></span> 
     </span>
    </p>
   </div>
   <div class='ocr_carea' id='block_1_107' title="bbox 2072 4420 3655 4497">
    <p class='ocr_par' dir='ltr' id='par_1_107' title="bbox 2072 4420 3655 4497">
     <span class='ocr_line' id='line_1_107' title="bbox 2072 4420 3655 4497; baseline -0.005 -14"><span class='ocrx_word' id='word_1_852' title='bbox 2072 4428 2149 4483; x_wconf 90' lang='lat' dir='ltr'><strong>illi</strong></span> <span class='ocrx_word' id='word_1_853' title='bbox 2181 4447 2194 4482; x_wconf 90' lang='lat'><strong>:</strong></span> <span class='ocrx_word' id='word_1_854' title='bbox 2221 4428 2299 4481; x_wconf 91' lang='lat' dir='ltr'><strong>sic</strong></span> <span class='ocrx_word' id='word_1_855' title='bbox 2338 4426 2427 4497; x_wconf 90' lang='lat' dir='ltr'><strong>qui</strong></span> <span class='ocrx_word' id='word_1_856' title='bbox 2457 4424 2711 4496; x_wconf 85' lang='lat' dir='ltr'><strong>Syrorum</strong></span> <span class='ocrx_word' id='word_1_857' title='bbox 2753 4423 2925 4493; x_wconf 89' lang='lat' dir='ltr'><strong>lingua</strong></span> <span class='ocrx_word' id='word_1_858' title='bbox 2969 4431 3218 4486; x_wconf 90' lang='lat' dir='ltr'><strong>utuntur,</strong></span> <span class='ocrx_word' id='word_1_859' title='bbox 3247 4436 3382 4478; x_wconf 87' lang='lat' dir='ltr'><strong>voce</strong></span> <span class='ocrx_word' id='word_1_860' title='bbox 3413 4421 3554 4476; x_wconf 83' lang='lat' dir='ltr'><strong>Raca</strong></span> <span class='ocrx_word' id='word_1_861' title='bbox 3581 4420 3655 4475; x_wconf 91' lang='lat' dir='ltr'><strong>uti</strong></span> 
     </span>
    </p>
   </div>
   <div class='ocr_carea' id='block_1_108' title="bbox 2072 4511 3655 4585">
    <p class='ocr_par' dir='ltr' id='par_1_108' title="bbox 2072 4511 3655 4585">
     <span class='ocr_line' id='line_1_108' title="bbox 2072 4511 3655 4585; baseline -0.004 -13"><span class='ocrx_word' id='word_1_862' title='bbox 2072 4517 2265 4581; x_wconf 90' lang='lat' dir='ltr'><strong>solent,</strong></span> <span class='ocrx_word' id='word_1_863' title='bbox 2293 4515 2372 4570; x_wconf 85' lang='lat' dir='ltr'><strong>Tu</strong></span> <span class='ocrx_word' id='word_1_864' title='bbox 2398 4514 2780 4585; x_wconf 80' lang='lat' dir='ltr'><strong>significantes.</strong></span> <span class='ocrx_word' id='word_1_865' title='bbox 2808 4512 2913 4569; x_wconf 89' lang='lat' dir='ltr'><strong>Sed</strong></span> <span class='ocrx_word' id='word_1_866' title='bbox 2940 4511 3199 4582; x_wconf 90' lang='lat' dir='ltr'><strong>benignus</strong></span> <span class='ocrx_word' id='word_1_867' title='bbox 3224 4512 3363 4568; x_wconf 89' lang='lat' dir='ltr'><strong>Deus</strong></span> <span class='ocrx_word' id='word_1_868' title='bbox 3389 4513 3473 4566; x_wconf 87' lang='lat' dir='ltr'><strong>vel</strong></span> <span class='ocrx_word' id='word_1_869' title='bbox 3502 4513 3655 4567; x_wconf 84' lang='lat' dir='ltr'><strong>mini-</strong></span> 
     </span>
    </p>
   </div>
   <div class='ocr_carea' id='block_1_109' title="bbox 2072 4604 3655 4673">
    <p class='ocr_par' dir='ltr' id='par_1_109' title="bbox 2072 4604 3655 4673">
     <span class='ocr_line' id='line_1_109' title="bbox 2072 4604 3655 4673; baseline -0.003 -11"><span class='ocrx_word' id='word_1_870' title='bbox 2072 4622 2157 4662; x_wconf 89' lang='lat' dir='ltr'><strong>ma</strong></span> <span class='ocrx_word' id='word_1_871' title='bbox 2186 4605 2406 4672; x_wconf 90' lang='lat' dir='ltr'><strong>evellit,</strong></span> <span class='ocrx_word' id='word_1_872' title='bbox 2441 4604 2634 4673; x_wconf 87' lang='lat' dir='ltr'><strong>jubens</strong></span> <span class='ocrx_word' id='word_1_873' title='bbox 2677 4617 2777 4657; x_wconf 88' lang='lat' dir='ltr'><strong>nos</strong></span> <span class='ocrx_word' id='word_1_874' title='bbox 2819 4611 3129 4657; x_wconf 88' lang='lat' dir='ltr'><strong>reverenter</strong></span> <span class='ocrx_word' id='word_1_875' title='bbox 3161 4612 3347 4657; x_wconf 90' lang='lat' dir='ltr'><strong>mutuo</strong></span> <span class='ocrx_word' id='word_1_876' title='bbox 3372 4618 3531 4672; x_wconf 87' lang='lat' dir='ltr'><strong>agere</strong></span> <span class='ocrx_word' id='word_1_877' title='bbox 3555 4644 3570 4668; x_wconf 94' lang='lat'><strong>,</strong></span> <span class='ocrx_word' id='word_1_878' title='bbox 3602 4612 3655 4657; x_wconf 89' lang='lat' dir='ltr'><strong>et</strong></span> 
     </span>
    </p>
   </div>
   <div class='ocr_carea' id='block_1_110' title="bbox 2073 4695 3654 4765">
    <p class='ocr_par' dir='ltr' id='par_1_110' title="bbox 2073 4695 3654 4765">
     <span class='ocr_line' id='line_1_110' title="bbox 2073 4695 3654 4765; baseline -0.002 -13"><span class='ocrx_word' id='word_1_879' title='bbox 2073 4714 2194 4753; x_wconf 92' lang='lat' dir='ltr'><strong>cum</strong></span> <span class='ocrx_word' id='word_1_880' title='bbox 2224 4698 2428 4751; x_wconf 91' lang='lat' dir='ltr'><strong>honore</strong></span> <span class='ocrx_word' id='word_1_881' title='bbox 2455 4696 2686 4761; x_wconf 90' lang='lat' dir='ltr'><strong>decenti,</strong></span> <span class='ocrx_word' id='word_1_882' title='bbox 2710 4705 2767 4750; x_wconf 92' lang='lat' dir='ltr'><strong>ut</strong></span> <span class='ocrx_word' id='word_1_883' title='bbox 2794 4710 2887 4765; x_wconf 89' lang='lat' dir='ltr'><strong>per</strong></span> <span class='ocrx_word' id='word_1_884' title='bbox 2908 4695 3021 4750; x_wconf 63' lang='lat' dir='ltr'><strong>haec</strong></span> <span class='ocrx_word' id='word_1_885' title='bbox 3041 4696 3201 4750; x_wconf 88' lang='lat' dir='ltr'><strong>etiam</strong></span> <span class='ocrx_word' id='word_1_886' title='bbox 3232 4695 3435 4764; x_wconf 86' lang='lat' dir='ltr'><strong>majora</strong></span> <span class='ocrx_word' id='word_1_887' title='bbox 3463 4695 3654 4749; x_wconf 80' lang='lat' dir='ltr'><strong>tollan-</strong></span> 
     </span>
    </p>
   </div>
   <div class='ocr_carea' id='block_1_111' title="bbox 2074 4786 3699 4858">
    <p class='ocr_par' dir='ltr' id='par_1_111' title="bbox 2074 4786 3699 4858">
     <span class='ocr_line' id='line_1_111' title="bbox 2074 4786 3699 4858; baseline -0.002 -14"><span class='ocrx_word' id='word_1_888' title='bbox 2074 4799 2178 4844; x_wconf 90' lang='lat' dir='ltr'><strong>tur.</strong></span> <span class='ocrx_word' id='word_1_889' title='bbox 2214 4789 2313 4854; x_wconf 86' lang='lat' dir='ltr'><strong>Qui</strong></span> <span class='ocrx_word' id='word_1_890' title='bbox 2339 4798 2504 4842; x_wconf 91' lang='lat' dir='ltr'><strong>autem</strong></span> <span class='ocrx_word' id='word_1_891' title='bbox 2528 4788 2747 4852; x_wconf 79' lang='lat' dir='ltr'><strong>dixerit,</strong></span> <span class='ocrx_word' id='word_1_892' title='bbox 2780 4790 2919 4858; x_wconf 74' lang='lat' dir='ltr'><strong>fatue</strong></span> <span class='ocrx_word' id='word_1_893' title='bbox 2937 4828 2957 4852; x_wconf 83' lang='lat'><strong>,</strong></span> <span class='ocrx_word' id='word_1_894' title='bbox 2980 4803 3097 4840; x_wconf 89' lang='lat' dir='ltr'><strong>reus</strong></span> <span class='ocrx_word' id='word_1_895' title='bbox 3122 4787 3214 4840; x_wconf 85' lang='lat' dir='ltr'><strong>erit</strong></span> <span class='ocrx_word' id='word_1_896' title='bbox 3241 4787 3480 4857; x_wconf 79' lang='lat' dir='ltr'><strong>geltertnte</strong></span> <span class='ocrx_word' id='word_1_897' title='bbox 3502 4786 3652 4856; x_wconf 80' lang='lat' dir='ltr'><strong>ignis.</strong></span> <span class='ocrx_word' id='word_1_898' title='bbox 3691 4852 3699 4858; x_wconf 91' lang='lat'><em>_</em></span> 
     </span>
    </p>
   </div>
   <div class='ocr_carea' id='block_1_112' title="bbox 2073 4877 3651 4950">
    <p class='ocr_par' dir='ltr' id='par_1_112' title="bbox 2073 4877 3651 4950">
     <span class='ocr_line' id='line_1_112' title="bbox 2073 4877 3651 4950; baseline -0.005 -14"><span class='ocrx_word' id='word_1_899' title='bbox 2073 4880 2187 4937; x_wconf 84' lang='lat' dir='ltr'><strong>Hoc</strong></span> <span class='ocrx_word' id='word_1_900' title='bbox 2215 4888 2537 4950; x_wconf 74' lang='lat' dir='ltr'><strong>prteccptum</strong></span> <span class='ocrx_word' id='word_1_901' title='bbox 2567 4878 2749 4933; x_wconf 91' lang='lat' dir='ltr'><strong>multis</strong></span> <span class='ocrx_word' id='word_1_902' title='bbox 2773 4892 2934 4950; x_wconf 87' lang='lat' dir='ltr'><strong>grave</strong></span> <span class='ocrx_word' id='word_1_903' title='bbox 2956 4887 3009 4932; x_wconf 92' lang='lat' dir='ltr'><strong>et</strong></span> <span class='ocrx_word' id='word_1_904' title='bbox 3033 4892 3315 4933; x_wconf 88' lang='lat' dir='ltr'><strong>onerosum</strong></span> <span class='ocrx_word' id='word_1_905' title='bbox 3342 4877 3514 4931; x_wconf 88' lang='lat' dir='ltr'><strong>visum</strong></span> <span class='ocrx_word' id='word_1_906' title='bbox 3537 4884 3651 4931; x_wconf 87' lang='lat' dir='ltr'><strong>est:</strong></span> 
     </span>
    </p>
   </div>
   <div class='ocr_carea' id='block_1_113' title="bbox 2073 4968 3653 5044">
    <p class='ocr_par' dir='ltr' id='par_1_113' title="bbox 2073 4968 3653 5044">
     <span class='ocr_line' id='line_1_113' title="bbox 2073 4968 3653 5044; baseline -0.003 -17"><span class='ocrx_word' id='word_1_907' title='bbox 2073 4974 2118 5028; x_wconf 91' lang='lat' dir='ltr'><strong>si</strong></span> <span class='ocrx_word' id='word_1_908' title='bbox 2158 4988 2255 5044; x_wconf 93' lang='lat' dir='ltr'><strong>pro</strong></span> <span class='ocrx_word' id='word_1_909' title='bbox 2282 4988 2389 5027; x_wconf 90' lang='lat' dir='ltr'><strong>uno</strong></span> <span class='ocrx_word' id='word_1_910' title='bbox 2417 4972 2640 5042; x_wconf 86' lang='lat' dir='ltr'><strong>simplici</strong></span> <span class='ocrx_word' id='word_1_911' title='bbox 2668 4970 2837 5027; x_wconf 90' lang='lat' dir='ltr'><strong>verbo</strong></span> <span class='ocrx_word' id='word_1_912' title='bbox 2876 4979 3081 5024; x_wconf 88' lang='lat' dir='ltr'><strong>tantum</strong></span> <span class='ocrx_word' id='word_1_913' title='bbox 3119 4968 3412 5025; x_wconf 91' lang='lat' dir='ltr'><strong>debeamus</strong></span> <span class='ocrx_word' id='word_1_914' title='bbox 3455 4968 3653 5038; x_wconf 69' lang='lat' dir='ltr'><strong>suppli-</strong></span> 
     </span>
    </p>
   </div>
   <div class='ocr_carea' id='block_1_114' title="bbox 2072 5056 3652 5131">
    <p class='ocr_par' dir='ltr' id='par_1_114' title="bbox 2072 5056 3652 5131">
     <span class='ocr_line' id='line_1_114' title="bbox 2072 5056 3652 5131; baseline -0.006 -12"><span class='ocrx_word' id='word_1_915' title='bbox 2072 5066 2215 5120; x_wconf 91' lang='lat' dir='ltr'><strong>cium</strong></span> <span class='ocrx_word' id='word_1_916' title='bbox 2254 5065 2421 5119; x_wconf 90' lang='lat' dir='ltr'><strong>lnere.</strong></span> <span class='ocrx_word' id='word_1_917' title='bbox 2453 5062 2677 5131; x_wconf 88' lang='lat' dir='ltr'><strong>Quidam</strong></span> <span class='ocrx_word' id='word_1_918' title='bbox 2705 5076 2831 5116; x_wconf 89' lang='lat' dir='ltr'><strong>vero</strong></span> <span class='ocrx_word' id='word_1_919' title='bbox 2870 5062 2971 5116; x_wconf 91' lang='lat' dir='ltr'><strong>hoc</strong></span> <span class='ocrx_word' id='word_1_920' title='bbox 3010 5061 3181 5130; x_wconf 90' lang='lat' dir='ltr'><strong>ipsum</strong></span> <span class='ocrx_word' id='word_1_921' title='bbox 3212 5057 3551 5131; x_wconf 88' lang='lat' dir='ltr'><strong>hyperbolice</strong></span> <span class='ocrx_word' id='word_1_922' title='bbox 3577 5056 3652 5111; x_wconf 82' lang='lat' dir='ltr'><strong>di-</strong></span> 
     </span>
    </p>
   </div>
   <div class='ocr_carea' id='block_1_115' title="bbox 2079 5149 3653 5213">
    <p class='ocr_par' dir='ltr' id='par_1_115' title="bbox 2079 5149 3653 5213">
     <span class='ocr_line' id='line_1_115' title="bbox 2079 5149 3653 5213; baseline -0.006 0"><span class='ocrx_word' id='word_1_923' title='bbox 2079 5167 2221 5213; x_wconf 91' lang='lat' dir='ltr'><strong>ctum</strong></span> <span class='ocrx_word' id='word_1_924' title='bbox 2247 5157 2568 5212; x_wconf 80' lang='lat' dir='ltr'><strong>existimant.</strong></span> <span class='ocrx_word' id='word_1_925' title='bbox 2619 5153 2721 5210; x_wconf 90' lang='lat' dir='ltr'><strong>Sed</strong></span> <span class='ocrx_word' id='word_1_926' title='bbox 2750 5168 2940 5208; x_wconf 90' lang='lat' dir='ltr'><strong>vereor</strong></span> <span class='ocrx_word' id='word_1_927' title='bbox 2966 5168 3032 5207; x_wconf 89' lang='lat' dir='ltr'><strong>ne</strong></span> <span class='ocrx_word' id='word_1_928' title='bbox 3061 5151 3238 5206; x_wconf 81' lang='lat' dir='ltr'><strong>verbis</strong></span> <span class='ocrx_word' id='word_1_929' title='bbox 3270 5151 3353 5206; x_wconf 90' lang='lat' dir='ltr'><strong>hic</strong></span> <span class='ocrx_word' id='word_1_930' title='bbox 3382 5164 3479 5204; x_wconf 91' lang='lat' dir='ltr'><strong>nos</strong></span> <span class='ocrx_word' id='word_1_931' title='bbox 3508 5149 3653 5204; x_wconf 81' lang='lat' dir='ltr'><strong>deci-</strong></span> 
     </span>
    </p>
   </div>
   <div class='ocr_carea' id='block_1_116' title="bbox 2075 5242 3510 5320">
    <p class='ocr_par' dir='ltr' id='par_1_116' title="bbox 2075 5242 3510 5320">
     <span class='ocr_line' id='line_1_116' title="bbox 2075 5242 3510 5320; baseline -0.006 -17"><span class='ocrx_word' id='word_1_932' title='bbox 2075 5250 2303 5320; x_wconf 88' lang='lat' dir='ltr'><strong>pientes,</strong></span> <span class='ocrx_word' id='word_1_933' title='bbox 2333 5247 2506 5316; x_wconf 88' lang='lat' dir='ltr'><strong>reipsa</strong></span> <span class='ocrx_word' id='word_1_934' title='bbox 2535 5258 2834 5301; x_wconf 79' lang='lat' dir='ltr'><strong>extremum</strong></span> <span class='ocrx_word' id='word_1_935' title='bbox 2862 5243 3146 5299; x_wconf 89' lang='lat' dir='ltr'><strong>subeamus</strong></span> <span class='ocrx_word' id='word_1_936' title='bbox 3172 5242 3510 5312; x_wconf 88' lang='lat' dir='ltr'><strong>supplicium.</strong></span> 
     </span>
    </p>
   </div>
   <div class='ocr_carea' id='block_1_117' title="bbox 2148 5332 3654 5408">
    <p class='ocr_par' dir='ltr' id='par_1_117' title="bbox 2148 5332 3654 5408">
     <span class='ocr_line' id='line_1_117' title="bbox 2148 5332 3654 5408; baseline -0.006 -14"><span class='ocrx_word' id='word_1_937' title='bbox 2148 5342 2201 5395; x_wconf 87' lang='lat'><strong>8.</strong></span> <span class='ocrx_word' id='word_1_938' title='bbox 2243 5338 2335 5393; x_wconf 88' lang='lat' dir='ltr'><strong>Ira</strong></span> <span class='ocrx_word' id='word_1_939' title='bbox 2363 5355 2453 5392; x_wconf 86' lang='lat' dir='ltr'><strong>cur</strong></span> <span class='ocrx_word' id='word_1_940' title='bbox 2480 5337 2817 5408; x_wconf 88' lang='lat' dir='ltr'><strong>reprimenda.</strong></span> <span class='ocrx_word' id='word_1_941' title='bbox 2847 5335 3161 5393; x_wconf 84' lang='lat' dir='ltr'><strong>Contumelia</strong></span> <span class='ocrx_word' id='word_1_942' title='bbox 3198 5335 3325 5387; x_wconf 81' lang='lat' dir='ltr'><strong>nihil</strong></span> <span class='ocrx_word' id='word_1_943' title='bbox 3363 5332 3654 5386; x_wconf 81' lang='lat' dir='ltr'><strong>intolerabi-</strong></span> 
     </span>
    </p>
   </div>
   <div class='ocr_carea' id='block_1_118' title="bbox 2078 5426 3653 5499">
    <p class='ocr_par' dir='ltr' id='par_1_118' title="bbox 2078 5426 3653 5499">
     <span class='ocr_line' id='line_1_118' title="bbox 2078 5426 3653 5499; baseline -0.006 -15"><span class='ocrx_word' id='word_1_944' title='bbox 2078 5429 2193 5485; x_wconf 88' lang='lat' dir='ltr'><strong>lius.</strong></span> <span class='ocrx_word' id='word_1_945' title='bbox 2218 5460 2283 5471; x_wconf 93' lang='lat'><strong><em>—</em></strong></span> <span class='ocrx_word' id='word_1_946' title='bbox 2312 5429 2439 5494; x_wconf 88' lang='lat' dir='ltr'><strong>Cur,</strong></span> <span class='ocrx_word' id='word_1_947' title='bbox 2482 5443 2685 5499; x_wconf 64' lang='lat' dir='ltr'><strong>quasso,</strong></span> <span class='ocrx_word' id='word_1_948' title='bbox 2734 5443 3022 5483; x_wconf 90' lang='lat' dir='ltr'><strong>onerosum</strong></span> <span class='ocrx_word' id='word_1_949' title='bbox 3068 5426 3275 5481; x_wconf 89' lang='lat' dir='ltr'><strong>videtur</strong></span> <span class='ocrx_word' id='word_1_950' title='bbox 3303 5438 3425 5480; x_wconf 88' lang='lat' dir='ltr'><strong>esse</strong></span> <span class='ocrx_word' id='word_1_951' title='bbox 3448 5438 3653 5495; x_wconf 50' lang='lat' dir='ltr'><strong>pmice-</strong></span> 
     </span>
    </p>
   </div>
   <div class='ocr_carea' id='block_1_119' title="bbox 2076 5521 3651 5593">
    <p class='ocr_par' dir='ltr' id='par_1_119' title="bbox 2076 5521 3651 5593">
     <span class='ocr_line' id='line_1_119' title="bbox 2076 5521 3651 5593; baseline -0.003 -16"><span class='ocrx_word' id='word_1_952' title='bbox 2076 5525 2263 5593; x_wconf 75' lang='lat' dir='ltr'><strong>ptumt</strong></span> <span class='ocrx_word' id='word_1_953' title='bbox 2289 5525 2369 5577; x_wconf 83' lang='lat' dir='ltr'><strong>An</strong></span> <span class='ocrx_word' id='word_1_954' title='bbox 2396 5524 2571 5578; x_wconf 89' lang='lat' dir='ltr'><strong>nescis</strong></span> <span class='ocrx_word' id='word_1_955' title='bbox 2596 5523 2849 5591; x_wconf 85' lang='lat' dir='ltr'><strong>pleraque</strong></span> <span class='ocrx_word' id='word_1_956' title='bbox 2878 5521 3135 5590; x_wconf 88' lang='lat' dir='ltr'><strong>supplicia</strong></span> <span class='ocrx_word' id='word_1_957' title='bbox 3156 5530 3211 5575; x_wconf 93' lang='lat' dir='ltr'><strong>et</strong></span> <span class='ocrx_word' id='word_1_958' title='bbox 3236 5529 3451 5590; x_wconf 84' lang='lat' dir='ltr'><strong>peccata</strong></span> <span class='ocrx_word' id='word_1_959' title='bbox 3478 5535 3507 5573; x_wconf 89' lang='lat' dir='ltr'><strong>a</strong></span> <span class='ocrx_word' id='word_1_960' title='bbox 3534 5534 3651 5573; x_wconf 88' lang='lat' dir='ltr'><strong>vcr-</strong></span> 
     </span>
    </p>
   </div>
   <div class='ocr_carea' id='block_1_120' title="bbox 2078 5612 3653 5683">
    <p class='ocr_par' dir='ltr' id='par_1_120' title="bbox 2078 5612 3653 5683">
     <span class='ocr_line' id='line_1_120' title="bbox 2078 5612 3653 5683; baseline -0.001 -14"><span class='ocrx_word' id='word_1_961' title='bbox 2078 5615 2162 5669; x_wconf 88' lang='lat' dir='ltr'><strong>bis</strong></span> <span class='ocrx_word' id='word_1_962' title='bbox 2190 5614 2395 5668; x_wconf 89' lang='lat' dir='ltr'><strong>initium</strong></span> <span class='ocrx_word' id='word_1_963' title='bbox 2440 5613 2673 5669; x_wconf 86' lang='lat' dir='ltr'><strong>ducere?</strong></span> <span class='ocrx_word' id='word_1_964' title='bbox 2716 5612 2819 5668; x_wconf 82' lang='lat' dir='ltr'><strong>Per</strong></span> <span class='ocrx_word' id='word_1_965' title='bbox 2845 5613 3005 5666; x_wconf 89' lang='lat' dir='ltr'><strong>verba</strong></span> <span class='ocrx_word' id='word_1_966' title='bbox 3044 5613 3188 5666; x_wconf 92' lang='lat' dir='ltr'><strong>enim</strong></span> <span class='ocrx_word' id='word_1_967' title='bbox 3236 5612 3584 5683; x_wconf 64' lang='lat' dir='ltr'><strong>blasphemiae</strong></span> <span class='ocrx_word' id='word_1_968' title='bbox 3600 5622 3653 5667; x_wconf 91' lang='lat' dir='ltr'><strong>et</strong></span> 
     </span>
    </p>
   </div>
   <div class='ocr_carea' id='block_1_121' title="bbox 2079 5704 3691 5779">
    <p class='ocr_par' dir='ltr' id='par_1_121' title="bbox 2079 5704 3691 5779">
     <span class='ocr_line' id='line_1_121' title="bbox 2079 5704 3691 5779; baseline 0 -19"><span class='ocrx_word' id='word_1_969' title='bbox 2079 5707 2357 5777; x_wconf 88' lang='lat' dir='ltr'><strong>abnegatio</strong></span> <span class='ocrx_word' id='word_1_970' title='bbox 2374 5706 2497 5772; x_wconf 87' lang='lat' dir='ltr'><strong>Dei;</strong></span> <span class='ocrx_word' id='word_1_971' title='bbox 2524 5722 2617 5776; x_wconf 91' lang='lat' dir='ltr'><strong>per</strong></span> <span class='ocrx_word' id='word_1_972' title='bbox 2634 5705 2812 5769; x_wconf 87' lang='lat' dir='ltr'><strong>verba,</strong></span> <span class='ocrx_word' id='word_1_973' title='bbox 2836 5704 3070 5761; x_wconf 83' lang='lat' dir='ltr'><strong>convicia</strong></span> <span class='ocrx_word' id='word_1_974' title='bbox 3092 5714 3145 5759; x_wconf 92' lang='lat' dir='ltr'><strong>et</strong></span> <span class='ocrx_word' id='word_1_975' title='bbox 3165 5704 3623 5779; x_wconf 69' lang='lat' dir='ltr'><strong>C0nl||ﬂl€lliB,p&lt;‘l</strong></span> <span class='ocrx_word' id='word_1_976' title='bbox 3640 5736 3655 5747; x_wconf 86' lang='lat'><strong>-</strong></span> <span class='ocrx_word' id='word_1_977' title='bbox 3690 5742 3691 5747; x_wconf 59' lang='grc' dir='ltr'><strong>η</strong></span> 
     </span>
    </p>
   </div>
  </div>
