4084 6210
379 299 486 357 259

382 413 541 483 juna,
583 410 716 466 falsa
758 406 1082 473 testimonia,
1112 405 1224 476 ipsa
1254 402 1561 459 homicidia.
1611 400 1688 456 Ne
1717 401 1876 469 igitur
1908 398 1961 452 id

386 501 655 565 attendas.
682 500 819 571 quod
848 513 1009 554 unum
1036 500 1105 552 sit
1127 496 1386 561 verbum;
1416 494 1510 551 sed
1540 509 1607 549 an
1626 492 1847 548 inultum
1867 491 1964 547 hac

387 596 512 649 beat
538 592 773 665 periculi,
798 591 899 647 hoc
923 591 1191 647 examina.
1213 591 1293 644 An
1316 589 1548 659 ignoras,
1572 584 1964 641 inimicitiarum

389 694 650 754 tempore.
673 699 789 738 cum
818 683 892 737 ira
916 681 1256 738 succenditur
1276 681 1485 735 animus
1509 688 1564 734 et
1588 678 1965 742 inﬂammatur,

396 790 501 828 rem
525 775 790 828 minimam
808 788 1056 843 magnam
1076 772 1268 838 videri,
1292 780 1347 826 et
1372 770 1637 825 modicum
1667 768 1966 823 convicium

390 866 668 919 molestum
692 865 849 919 esse?
871 864 1130 935 Smpeque
1159 864 1275 918 hare
1302 877 1460 933 parva
1487 870 1541 917 et
1563 860 1969 917 homicidiorum

387 970 540 1009 causa
571 952 743 1019 fuere,
770 963 826 1008 et
853 954 1099 1010 civitates
1138 954 1373 1024 integras
1399 953 1793 1007 subverterunt.
1823 949 1971 1006 Sicut

385 1048 525 1101 enim
558 1046 700 1104 inter
726 1048 930 1102 amicos
957 1045 1118 1103 etiam
1144 1062 1263 1116 qua:
1291 1046 1510 1101 molesta
1533 1055 1679 1107 sunt.
1705 1044 1837 1099 levia
1866 1044 1967 1097 du-

383 1149 610 1192 cuntur:
634 1138 732 1202 sic,
761 1138 1034 1192 inimicitia
1054 1138 1293 1197 suborta.
1316 1138 1396 1192 vel
1422 1137 1636 1191 minima
1665 1134 1972 1190 intolerabi-

385 1227 455 1281 lia
483 1228 749 1282 videntur.
782 1228 1003 1283 Etiamsi
1031 1229 1344 1299 simpliciter
1372 1228 1513 1283 dicta
1542 1229 1668 1292 sint,
1695 1226 1836 1281 malo
1856 1227 1973 1280 ani-

387 1337 478 1375 mo
502 1322 706 1391 prolata
747 1321 1136 1375 existimantur.
1165 1323 1245 1376 Ac
1270 1319 1717 1391 quemadmodum
1748 1319 1801 1373 in
1826 1318 1968 1387 igne,

387 1413 432 1466 si
462 1427 621 1482 parva
652 1412 879 1467 scintilla
928 1413 1015 1476 sit,
1068 1413 1276 1467 etiamsi
1325 1413 1602 1467 innumera
1655 1412 1792 1480 ligna
1823 1409 1974 1476 adja-

387 1512 564 1570 ccaut,
596 1518 702 1559 non
733 1502 887 1559 facile
914 1504 1343 1568 inﬂammantur;
1376 1504 1421 1559 si
1448 1518 1576 1558 vero
1602 1504 1710 1571 jam
1737 1503 1789 1556 in
1808 1501 1974 1554 altum

389 1595 602 1649 ﬂamma
626 1603 934 1664 consurgat,
959 1609 1065 1649 non
1097 1594 1237 1663 ligna
1264 1593 1442 1656 modo.
1467 1593 1561 1647 sed
1584 1594 1743 1647 etiam
1774 1591 1978 1660 lapides

389 1685 656 1754 aliamque
680 1684 1003 1739 incidentem
1034 1685 1311 1739 materiam
1342 1683 1499 1740 facile
1523 1682 1772 1753 corripit;
1799 1692 1853 1738 et
1883 1696 1980 1752 per

390 1792 509 1846 qure
540 1776 793 1848 restingui
817 1777 975 1842 solet,
1006 1792 1101 1845 per
1123 1777 1237 1830 hare
1256 1776 1540 1831 violentius
1564 1775 1715 1830 ardet
1741 1776 1977 1848 (quidam

392 1870 535 1922 cnim
562 1868 747 1923 dicunt
774 1884 881 1923 non
913 1868 1110 1938 lignum
1141 1868 1320 1931 modo,
1347 1876 1592 1938 stuppam
1620 1868 1827 1936 aliaque
1845 1867 1979 1936 ignis

393 1960 668 2023 alimenta,
695 1958 790 2014 sed
816 1960 975 2021 etiam
1003 1958 1294 2013 immissam
1315 1973 1505 2028 aquam
1527 1958 1695 2028 magis
1715 1958 1820 2012 vim
1842 1957 1979 2027 ignis

394 2050 681 2119 excitare):
705 2051 783 2105 sic
808 2059 861 2105 et
889 2050 943 2104 in
969 2051 1045 2104 ira
1090 2049 1315 2105 accidit:
1340 2048 1593 2119 quidquid
1628 2049 1849 2114 dixeris,
1878 2049 1978 2102 ali-

400 2149 637 2193 mentum
667 2138 886 2210 maligni
918 2139 1145 2195 incendii
1170 2139 1348 2193 statim
1369 2137 1622 2193 efficitur.
1648 2138 1777 2206 Quae
1801 2136 1978 2192 omnia

396 2228 641 2284 Christus
670 2238 793 2283 ante
819 2231 1201 2300 comprimens,
1227 2245 1349 2285 eum
1374 2230 1461 2299 qui
1492 2239 1695 2285 temere
1713 2229 1977 2296 irascitur,

392 2318 592 2387 judicio
619 2318 991 2373 condemnavit
1016 2319 1158 2388 (ideo
1187 2320 1339 2386 dixit,
1367 2320 1466 2386 Qui
1485 2320 1738 2386 irascitur,
1760 2336 1875 2375 reus
1887 2321 1982 2373 erit

387 2411 630 2480 judicio),
657 2412 922 2467 dicentem
949 2427 1099 2480 vero,
1126 2428 1271 2480 raca,
1303 2428 1454 2468 reum
1483 2427 1605 2469 esse
1630 2414 1705 2468 ait
1730 2414 1978 2469 concilio.

392 2500 499 2557 Sed
540 2501 653 2556 haec
682 2502 920 2558 nondum
951 2518 1140 2574 magna
1171 2512 1329 2558 sunt:
1364 2504 1415 2558 in
1446 2503 1549 2559 hoc
1589 2505 1731 2559 enim
1780 2504 1983 2559 saeculo

396 2592 705 2658 puniuntur.
728 2592 959 2663 Ideoque
986 2594 1034 2648 ei
1057 2594 1146 2664 qui
1178 2594 1377 2647 fatuum
1396 2594 1761 2665 appellaverit,
1784 2595 1987 2665 gehen-

397 2700 479 2738 nre
501 2683 675 2754 ignem
702 2684 928 2755 adjecit;
962 2701 1208 2756 nuncque
1249 2685 1478 2755 primum
1507 2686 1766 2756 gebenna:
1796 2701 1981 2741 vocem

398 2775 638 2844 protulit.
672 2774 825 2829 Prius
852 2774 994 2829 enim
1036 2776 1201 2830 multa
1232 2776 1298 2831 de
1343 2791 1507 2847 regno
1544 2776 1810 2847 loquutus,
1859 2785 1985 2832 tunc

396 2882 517 2921 eam
541 2867 888 2932 memoravit;
918 2867 1208 2922 ostendens
1240 2866 1368 2923 illud
1398 2868 1613 2937 quidem
1644 2869 1985 2939 benignitatis

397 2967 453 3009 et
479 2957 771 3012 voluntatis
799 2972 911 3013 suae
937 2972 1077 3023 esse,
1120 2958 1259 3013 hanc
1302 2974 1434 3014 vero
1462 2970 1660 3016 nostra:
1699 2962 1979 3018 socordiae.

398 3051 477 3102 Ac
501 3047 624 3103 vide
651 3048 923 3120 quomodo
976 3051 1227 3121 paulatim
1276 3052 1534 3121 procedat
1583 3054 1637 3109 in
1687 3056 1980 3127 suppliciis,

397 3141 548 3211 quasi
581 3141 694 3197 fere
722 3158 842 3197 sese
868 3142 1008 3212 apud
1039 3152 1090 3197 te
1120 3155 1390 3213 purgaret,
1421 3147 1734 3211 ostendens,
1773 3165 1833 3204 se
1861 3149 1982 3221 qui-

398 3233 520 3287 dem
566 3234 736 3289 nullas
762 3234 964 3290 similes
1004 3237 1177 3291 minas
1203 3238 1467 3294 intentare
1494 3240 1649 3305 velle,
1682 3257 1780 3295 nos
1806 3251 1983 3298 autem

400 3326 556 3380 illum
573 3326 637 3379 ad
658 3326 789 3381 tales
803 3327 1232 3384 denuntiationes
1246 3330 1589 3401 compellere.
1608 3333 1986 3389 Animadverte

398 3418 563 3471 enim.
599 3416 735 3483 Dixi,
769 3433 837 3472 ne
881 3418 1075 3472 frustra
1106 3419 1372 3485 irascaris,
1402 3437 1525 3476 nam
1555 3438 1683 3477 reus
1708 3424 1816 3478 eris
1836 3424 1983 3493 judi-

398 3507 517 3571 cio;
540 3508 767 3576 primum
794 3508 925 3562 illud
960 3511 1349 3580 contempsisti.
1381 3510 1514 3567 Vide
1554 3513 1681 3582 quid
1720 3516 2000 3584 pepererit-

399 3600 513 3653 ira:
541 3600 607 3654 ad
633 3600 1011 3656 contumeliam
1043 3600 1376 3658 inferendam
1405 3612 1457 3659 te
1486 3604 1664 3659 statim
1705 3608 1982 3675 pertraxit.

398 3690 543 3746 Raea
574 3692 715 3746 enim
743 3694 944 3748 vocasti
976 3693 1194 3750 fratrem
1227 3704 1407 3762 tuum;
1441 3712 1627 3753 rursus
1652 3697 1811 3753 aliam
1854 3714 1985 3755 con-

398 3782 547 3837 stitui
578 3797 812 3853 ptenam,
842 3800 1033 3855 nempe
1059 3788 1293 3843 concilii.
1317 3788 1502 3844 SLhac
1524 3792 1686 3845 etiam
1706 3766 1982 3861 despecta,

400 3874 625 3929 adaliud
647 3876 904 3943 procedas
916 3877 1150 3946 gravius.
1174 3893 1278 3933 non
1302 3880 1437 3934 ultra
1457 3889 1506 3934 te
1527 3879 1816 3937 moderatis
1838 3883 1986 3939 hisce

397 3966 574 4035 panis
604 3966 851 4034 ulciscar,
880 3968 973 4023 sed
1007 3970 1288 4024 immortali
1321 3972 1580 4042 gehennae
1609 3974 1892 4044 supplicio,
1917 3991 1985 4030 ne

397 4057 617 4113 demum
641 4058 706 4113 ad
737 4060 942 4116 czedem
968 4062 1125 4115 etiam
1150 4063 1417 4131 prosilias.
1445 4064 1587 4120 Nihil
1612 4076 1690 4120 est
1715 4067 1877 4128 enim.
1906 4068 1987 4122 ni-

399 4148 582 4204 biltest
612 4151 795 4221 utique
818 4153 1141 4208 contumelia
1157 4153 1562 4221 intolerabilius,
1590 4172 1688 4211 ncc
1711 4158 1852 4227 quod
1873 4174 1987 4212 ma-

397 4242 480 4311 gis
496 4242 660 4312 possit
686 4241 976 4299 humanum
994 4244 1244 4301 mordere
1267 4245 1523 4300 animum.
1543 4247 1693 4313 Quod
1720 4248 1763 4300 si
1784 4247 1983 4303 dictum

397 4332 530 4387 illud
558 4334 1001 4389 contumeliosius
1029 4346 1084 4389 et
1114 4336 1289 4391 acrius
1331 4335 1511 4403 fuerit,
1556 4345 1665 4391 tum
1705 4336 1896 4408 duplex
1927 4339 1987 4393 tit

400 4422 729 4478 incendium.
762 4424 838 4479 Ne
863 4424 1021 4494 igitur
1042 4425 1158 4480 leve
1183 4426 1457 4482 existimes
1485 4443 1605 4482 esse
1631 4426 1863 4497 aliquem
1886 4445 1984 4480 vo-

396 4530 522 4569 care
553 4514 773 4570 fatuum.
815 4517 1038 4585 Quando
1064 4518 1205 4573 enim
1247 4520 1360 4585 illo,
1391 4536 1498 4591 quo
1522 4536 1552 4575 a
1583 4520 1751 4576 brutis
1778 4522 1995 4578 differi-‘

396 4622 538 4669 Inus.
565 4616 619 4663 et
643 4623 750 4678 quo
788 4610 1019 4665 maxime
1043 4609 1287 4668 homines
1315 4626 1523 4677 sumus,
1566 4622 1747 4669 mente
1780 4614 1985 4669 scilicet

397 4707 557 4767 atque
578 4698 858 4768 prudentia
876 4700 1093 4757 fratrem
1119 4704 1340 4773 spolias,
1363 4705 1505 4759 omni
1534 4705 1680 4759 illum
1704 4706 1983 4761 nobilitate

395 4790 640 4856 privasti.
668 4788 746 4844 Ne
770 4790 946 4862 itaque
970 4793 1149 4849 verbis
1168 4794 1341 4850 solum
1371 4796 1733 4863 attendamus,
1769 4797 1862 4851 sed
1894 4812 1982 4852 res

396 4878 543 4947 ipsas
581 4888 637 4935 et
660 4879 907 4937 allectum
942 4883 1366 4954 considerantes,
1405 4888 1702 4957 cogitemus
1729 4896 1980 4960 quantam

398 4970 503 5027 hoc
529 4972 748 5028 verbum
779 4974 988 5049 plagam
1020 4975 1232 5041 inferat,
1282 4986 1335 5033 et
1378 4979 1430 5033 in
1474 4988 1730 5050 quantum
1781 4979 1979 5035 malum

396 5065 695 5136 perveniat.
726 5068 851 5123 ldeo
874 5068 1066 5125 Paulus
1096 5086 1201 5125 non
1232 5071 1470 5129 moechos
1500 5082 1702 5129 tantum
1741 5083 1798 5130 et
1839 5074 1980 5129 mol-

398 5156 499 5221 les.
530 5173 713 5213 verum
739 5160 902 5215 etiam
931 5159 1219 5216 maledicos
1246 5177 1276 5216 a
1303 5178 1472 5233 regno
1498 5164 1723 5219 exclusit
1750 5166 1825 5236 (l.
1855 5162 1975 5220 Cor.

396 5248 453 5303 6.
479 5248 568 5320 l0)
594 5268 609 5305 :
633 5259 689 5305 et
709 5250 831 5321 jure
858 5251 1093 5322 quidem.
1123 5252 1257 5308 Nam
1285 5256 1705 5311 contumeliosus
1742 5256 1979 5312 caritatis

394 5341 593 5397 bonum
625 5344 969 5414 ‘pessumdat,
1014 5359 1079 5401 ac
1120 5348 1385 5402 sexcentis
1415 5349 1715 5418 proximum
1745 5348 1975 5403 involvit

398 5435 578 5501 malis,
626 5446 912 5508 perpetuas
942 5436 1084 5494 fovet
1127 5439 1452 5506 inimicitias,
1499 5438 1692 5496 Christi
1737 5439 1976 5496 membra

398 5525 675 5595 discerpit,
707 5542 890 5597 pacem
916 5527 1058 5583 illam
1088 5529 1200 5584 Deo
1222 5529 1513 5600 optabilem
1538 5530 1775 5600 quotidie
1804 5531 1971 5601 pellit,

400 5612 559 5674 latam
580 5616 792 5673 diabolo
820 5633 914 5690 per
936 5619 1291 5676 contumelias
1316 5635 1511 5690 parans
1530 5620 1691 5687 viam,
1722 5622 1978 5693 illumque

396 5708 637 5765 efﬁciens
665 5709 953 5766 fortiorem.
985 5709 1108 5766 Ideo
1133 5710 1375 5768 Christus
1405 5728 1599 5769 nervos
1622 5712 1765 5769 illius
1791 5721 1980 5782 poten-

1476 289 1538 344 IN
1575 282 1979 342 MATTBEUM
2020 283 2251 339 llOIllL.
2293 284 2439 344 XVI.

3554 286 3659 342 95f)

2075 400 2163 456 tia:
2188 398 2528 467 exscindens,
2561 398 2698 454 hanc
2738 398 2906 469 legem
2955 399 3180 455 induxit.
3230 398 3416 472 Magna
3462 402 3661 472 quippe

2071 500 2155 547 est
2183 492 2258 545 illi
2284 492 2521 547 caritatis
2546 507 2694 546 cura.
2731 491 2853 546 Haec
2886 492 3082 561 quippe
3114 495 3463 549 est«omuium
3490 505 3660 550 mater

2072 584 2360 648 bonorum,
2386 594 2534 638 certa
2564 582 2960 651 discipulorum
2975 592 3116 647 nota,
3142 600 3260 653 qua:
3276 586 3452 640 omnia
3479 595 3659 640 nostra

2072 675 2330 728 continet.
2352 672 2481 729 Jure
2502 688 2631 742 ergo
2660 673 2867 727 radices
2906 681 2961 727 et
3006 672 3179 728 fontes
3224 676 3512 733 inimicitia
3541 695 3660 748 qua:

2074 766 2215 820 illam
2248 764 2556 835 pessumdat
2579 780 2699 819 cum
2728 763 3061 819 vehementia
3090 766 3253 820 multa
3278 767 3522 825 Christus
3547 786 3659 824 amo

2074 864 2224 926 putat
2250 864 2307 911 et
2334 856 2490 911 tollit.
2519 854 2598 911 Ne
2624 856 2784 926 igitur
2808 856 2923 911 hate
2942 872 3038 927 per
3055 857 3385 929 hyperbolen
3402 860 3546 916 dicta
3566 878 3664 932 pu-

2076 959 2177 1015 tes,
2208 948 2304 1004 sed
2329 950 2572 1021 cogitans
2594 958 2791 1020 quanta
2818 950 2957 1005 bona
2990 968 3182 1020 parere
3211 954 3436 1022 possint,
3474 955 3661 1011 harum

2075 1040 2539 1095 mansuetudinem
2578 1041 2754 1111 legum
2801 1040 3017 1097 mirare.
3048 1042 3191 1097 Nihil
3235 1044 3377 1099 enim
3419 1046 3489 1100 ita
3515 1060 3666 1102 curat

2076 1130 2240 1197 Deus,
2269 1141 2329 1185 ut
2358 1147 2457 1187 nos
2478 1133 2674 1187 mutuis
2693 1133 2919 1188 vinculis
2938 1134 3197 1205 colligari.
3223 1136 3346 1192 ldeo
3366 1147 3419 1192 et
3444 1153 3542 1210 per
3560 1140 3666 1194 sei-

2079 1240 2229 1291 psum
2268 1234 2323 1280 et
2364 1240 2462 1295 per
2490 1225 2779 1296 discipulos
2822 1242 2970 1293 suos,
3020 1238 3123 1282 tam
3168 1230 3218 1283 in
3247 1230 3394 1285 Novo
3422 1246 3580 1302 quam
3614 1235 3665 1287 in

2078 1313 2257 1370 Veteri
2288 1316 2653 1384 Testamento,
2707 1318 2875 1372 multo
2918 1318 3020 1373 hoc
3064 1331 3387 1391 przeceptum
3416 1340 3667 1382 sermone

2078 1408 2435 1474 commendat,
2481 1418 2537 1462 et
2575 1410 2865 1465 vehemens
2894 1412 3088 1467 vindex
3116 1424 3198 1469 est
3222 1431 3405 1470 eorum
3433 1418 3523 1487 qui
3554 1419 3667 1473 haec

2079 1500 2398 1570 deepiciunt.
2426 1500 2635 1557 Etenim
2668 1503 2800 1558 nihil
2832 1505 2901 1559 ita
2933 1507 3187 1560 malitiam
3214 1524 3428 1564 omnem
3463 1510 3667 1566 inducit

2082 1604 2133 1646 ct
2152 1593 2356 1659 fundat,
2383 1596 2691 1649 utcaritatis
2711 1599 2958 1652 remotio.
2980 1599 3103 1653 Ideo
3118 1600 3347 1668 dicebat,
3371 1604 3494 1656 Cum
3514 1604 3667 1657 abun-

2082 1684 2271 1738 daverit
2292 1685 2549 1755 iniquitas,
2597 1688 2884 1755 refrigescet
2908 1690 3096 1743 caritas
3140 1691 3412 1745 multorum
3452 1693 3665 1760 (Matth.

2080 1776 2170 1830 24.
2202 1778 2313 1846 12).
2353 1779 2443 1833 Sic
2478 1779 2609 1833 Cain
2644 1779 2911 1834 fratricida
2958 1782 3126 1837 factus
3156 1793 3259 1849 est,
3290 1786 3368 1841 sic
3404 1787 3563 1853 Esau,
3593 1790 3670 1845 sic

2083 1869 2272 1923 fratres
2291 1868 2507 1940 Josephi
2524 1886 2539 1932 ;
2558 1872 2634 1925 sic
2651 1871 2925 1927 innumera
2947 1884 3130 1928 exorta
3153 1886 3280 1929 sunt
3305 1878 3466 1943 mala,
3489 1880 3668 1933 avulsa

2081 1962 2323 2015 caritate.
2348 1960 2472 2017 ldeo
2497 1962 2586 2017 ille
2614 1978 2698 2026 ca,
2726 1980 2843 2034 quae
2866 1966 3033 2036 ipsam
3062 1968 3406 2037 pessumdare
3427 1983 3669 2041 possunt,

2082 2065 2203 2105 cum
2225 2066 2413 2123 magna
2441 2055 2780 2108 accuratione
2803 2066 3060 2111 removet.

2155 2144 2207 2198 9.
2247 2142 2375 2198 Cant
2411 2155 2603 2214 quanta
2638 2146 2858 2200 bonitate
2898 2150 3350 2206 reconciliationem
3381 2158 3670 2227 prwceperit

2083 2234 2331 2290 Christus.
2365 2235 2731 2292 Recanciliatio
2758 2255 2871 2291 cum
2911 2240 3072 2309 fratre
3099 2258 3212 2295 vere
3240 2244 3547 2312 sacriﬁcium
3572 2256 3665 2300 est.

2086 2324 2330 2380 Nondum
2353 2326 2665 2381 initiatorum
2686 2330 2937 2397 sacriﬁcia
2963 2347 3096 2400 quae.
3120 2363 3187 2372 —
3211 2333 3394 2404 Neque
3412 2338 3462 2391 in
3485 2352 3669 2406 supra-

2085 2416 2243 2471 dictis
2270 2418 2493 2487 gradum
2537 2419 2697 2483 sistit,
2742 2422 2835 2475 sed
2879 2422 2982 2477 alia
3030 2424 3181 2493 plura
3232 2426 3467 2491 adhibet,
3519 2432 3671 2499 queis

2085 2507 2315 2561 ostendit
2336 2519 2585 2577 quantam
2616 2511 2735 2577 ejus
2760 2510 2952 2566 habeat
2977 2514 3259 2570 rationem.
3282 2516 3414 2572 Nam
3438 2535 3555 2573 cum
3579 2537 3671 2590 por

2085 2598 2391 2662 concilium,
2421 2614 2519 2668 per
2542 2600 2796 2668 judicium
2822 2612 2877 2656 et
2907 2618 3003 2672 per
3026 2604 3324 2674 gehennam
3358 2610 3493 2679 ignis
3518 2626 3668 2664 coui-

2087 2689 2317 2743 miuatus
2360 2699 2522 2754 esset,
2572 2692 2671 2745 alia
2714 2692 2909 2761 adjecit
2954 2699 3375 2764 praecedentibus
3412 2716 3671 2769 consona,

2086 2794 2312 2848 nempe:
2342 2779 2433 2835 25.
2463 2780 2526 2835 Si
2544 2779 2696 2847 offers
2722 2798 2902 2837 munus
2930 2794 3073 2838 tuum
3098 2787 3166 2840 ad
3194 2788 3375 2855 altare,
3413 2801 3472 2845 et-
3492 2792 3560 2845 ibi
3586 2810 3670 2847 re-

2086 2870 2325 2924 cordatus
2347 2872 2502 2941 fueris
2521 2873 2640 2941 quia
2665 2872 2821 2941 frater
2856 2883 2972 2930 tuus
3014 2876 3161 2931 habet
3194 2878 3389 2950 aliquid
3399 2882 3675 2938 adversum

2087 2970 2152 3018 te.
2183 2961 2271 3015 24.
2302 2962 2529 3031 relinque
2558 2979 2739 3017 munus
2765 2975 2905 3018 ticum
2927 2976 3043 3020 ante
3062 2970 3241 3035 altare,
3289 2982 3334 3025 et
3360 2974 3502 3040 vade,
3531 2977 3671 3042 prius

2086 3053 2411 3107 reconciliare
2435 3054 2709 3122 fratriltuo,
2735 3065 2780 3109 et
2805 3067 2924 3111 tunc
2940 3060 3139 3113 veniens
3161 3061 3289 3129 o/fer
3309 3082 3488 3120 munus
3508 3077 3669 3122 mum.

2086 3144 2130 3200 Ο
2155 3145 2462 3210 bonitatem,
2492 3164 2524 3198 «ι
2553 3147 2946 3216 benignitatem,
2979 3168 3097 3221 qttu:
3125 3170 3337 3211 omnem
3368 3172 3671 3216 sermonem

2087 3239 2333 3306 superat!
2369 3238 2633 3294 [leuorem
2676 3258 2829 3295 suum
2874 3242 3115 3312 despicit
3144 3251 3508 3315 procaritate
3548 3268 3671 3323 erga

2088 3330 2387 3399 proximqu
2404 3347 2420 3394 ;
2438 3332 2746 3396 ostendens,
2771 3348 2828 3389 se
2846 3336 3383 3404 priuscomminatum
3408 3358 3549 3407 esse.-
3567 3362 3672 3401 non

2086 3420 2442 3475 exinimicitia
2466 3422 2715 3491 quadam,
2741 3425 2825 3480 vel
2850 3440 2913 3480 ex
2943 3426 3234 3493 cupiditate
3261 3429 3522 3487 inferendi
3540 3449 3679 3504 sup-

2089 3511 2252 3578 plicii,
2275 3510 2369 3566 sed
2398 3527 2469 3567 ex
2494 3528 2676 3568 amore
2707 3515 2955 3571 ferventi.
2982 3517 3117 3585 Quid
3140 3520 3283 3574 enim
3318 3522 3464 3578 hisce
3494 3526 3671 3581 verbis

2088 3601 2415 3655 mansuetius
2439 3602 2561 3671 fingi
2588 3606 2793 3674 possit?
2816 3604 3253 3678 lutcrrumpatttr,
3282 3612 3471 3684 inquit,
3499 3616 3672 3672 cultus

2090 3710 2260 3760 meus,
2302 3705 2357 3749 ut
2396 3696 2588 3751 caritas
2636 3707 2720 3753 tua
2762 3710 2994 3755 maneat.
3039 3701 3170 3758 Nam
3200 3722 3324 3761 vere
3352 3708 3670 3763 sacriﬁcium

2087 3798 2169 3840 est
2195 3787 2553 3842 reconciliatio
2577 3804 2699 3843 cum
2718 3789 2904 3847 fratre.
2933 3791 3056 3848 ldeo
3082 3810 3186 3850 non
3214 3796 3366 3863 dixit,
3389 3799 3670 3870 Postquam

2093 3879 2383 3943 obtuleris.
2421 3882 2524 3945 vel,
2551 3882 2857 3952 Antequam
2882 3882 3078 3938 offeras
3106 3902 3120 3949 ;
3162 3884 3254 3939 sed
3287 3886 3407 3952 ipso
3441 3898 3669 3936 munere

2096 3980 2386 4040 praesente,
2418 3981 2473 4026 et
2490 3972 2602 4041 jam
2628 3973 2900 4027 sacrificio
2926 3974 3217 4043 incipiente
3246 3974 3575 4034 mittiteunt.
3610 3982 3671 4025 ut

2091 4077 2153 4116 se
2165 4077 2287 4117 cum
2308 4061 2475 4117 fratre
2498 4064 2828 4127 reconciliet,
2845 4078 2944 4118 nec
2961 4078 3185 4133 propere
3196 4062 3449 4118 confecto
3460 4064 3668 4117 sacrifi-

2092 4150 2201 4217 cio,
2230 4167 2328 4207 nec
2347 4162 2639 4221 antequam
2665 4169 2865 4208 munus
2888 4153 3152 4220 attulerit,
3174 4153 3268 4209 sed
3290 4155 3382 4208 illo
3401 4155 3454 4209 in
3486 4154 3666 4209 medio

2087 4242 2461 4310 jacentejubet
2481 4243 2607 4296 illuc
2624 4242 3043 4300 accurrere.Cur
3058 4259 3188 4317 ergo
3210 4244 3454 4315 sicjubet
3474 4244 3526 4299 id
3546 4260 3670 4315 age-

2087 4344 2167 4393 rc,
2199 4337 2251 4383 et
2279 4344 2381 4399 qua
2412 4328 2480 4385 de
2507 4344 2664 4385 causa
2682 4332 2711 4385 ?.
2744 4330 2868 4386 llzec
2900 4332 3078 4398 ambo,
3108 4342 3160 4388 ut
3190 4334 3317 4389 mihi
3348 4335 3561 4405 quidem
3592 4337 3671 4390 vi.

2087 4419 2264 4487 detur,
2292 4419 2656 4487 subindicans,
2700 4430 2755 4478 et
2791 4439 2987 4493 agens:
3012 4442 3173 4481 unum
3212 4426 3447 4497 quidem,
3479 4438 3537 4482 ut
3560 4428 3669 4497 jam

2087 4514 2222 4581 dixi,
2264 4524 2323 4569 ut
2346 4515 2594 4571 ostendat
2629 4530 2689 4573 se
2716 4517 2992 4575 caritatem
3020 4520 3196 4590 magni
3224 4519 3419 4584 facere,
3446 4530 3502 4575 et
3526 4521 3669 4576 illam

2087 4622 2206 4662 esse
2229 4618 2415 4677 putare
2433 4608 2723 4663 maximum
2750 4610 2987 4665 omnium
3007 4610 3345 4675 sacrificium,
3373 4625 3537 4681 seque
3556 4615 3672 4667 sine

2087 4701 2307 4756 caritate
2332 4701 2651 4756 sacrificium
2678 4717 2782 4756 non
2806 4702 3119 4767 admittere;
3148 4704 3440 4758 secundum
3468 4713 3667 4769 autem,

2089 4802 2148 4848 ut
2171 4793 2620 4850 reconciliationis
2649 4794 3006 4851 inevitabilem
3048 4796 3419 4851 necessitatem
3462 4797 3669 4854 afferat.

2086 4884 2219 4940 Nam
2250 4885 2341 4956 qui
2366 4886 2549 4954 jussus
2573 4895 2656 4941 est
2685 4900 2790 4940 non
2821 4886 2969 4956 prius
2995 4886 3207 4952 offerre,
3240 4904 3399 4958 quam
3431 4892 3674 4946 reconci-

2088 4976 2329 5042 liaretur,
2359 4976 2570 5032 etiamsi
2600 4991 2705 5033 non
2727 4992 2793 5033 ex
2812 4992 2995 5033 amore
3012 4979 3260 5049 proximi,
3285 4980 3477 5036 saltem
3504 4996 3573 5038 ne
3588 4996 3675 5037 sa-

2087 5067 2348 5123 crificium
2376 5066 2744 5137 imperfectum
2774 5078 3005 5136 maneat,
3053 5070 3361 5142 properabit
3395 5071 3463 5128 ad
3504 5072 3672 5129 offen-

2087 5176 2205 5215 sum
2235 5160 2475 5227 fratrem,
2510 5170 2569 5215 ut
2609 5161 2938 5217 inimicitiam
2986 5165 3176 5219 solvat.
3223 5164 3452 5235 Ideoque
3493 5165 3670 5221 omnia

2087 5271 2172 5310 cm
2180 5254 2402 5325 phaticis
2415 5256 2680 5325 expressit
2701 5257 2895 5323 verbis,
2918 5265 3125 5313 terrens
3142 5258 3290 5314 illum
3307 5259 3670 5327 excitansque.

2088 5344 2221 5400 Cum
2241 5344 2464 5400 dixisset
2482 5345 2647 5414 enim,
2670 5344 2920 5418 Relinque
2937 5364 3118 5402 munus
3139 5358 3299 5411 tuum,
3324 5362 3427 5402 non
3453 5346 3525 5401 ibi
3546 5346 3671 5401 sub-

2088 5438 2242 5503 stitit,
2270 5436 2363 5493 sed
2390 5437 2683 5507 subjunxit,
2707 5438 2834 5493 Ante
2858 5438 3042 5506 altare,
3072 5449 3127 5495 et
3155 5450 3433 5510 postquam
3459 5452 3524 5492 ex
3554 5437 3670 5491 loco

2089 5529 2142 5584 in
2167 5528 2444 5584 horrorem
2476 5530 2758 5599 quemdam
2786 5530 3035 5600 conjecit,
3064 5528 3131 5583 Et
3158 5529 3301 5583 vade.
3332 5527 3440 5582 Nec
3464 5536 3669 5583 tantum

2088 5618 2242 5684 dixit,
2281 5617 2442 5686 Vade,
2473 5618 2567 5675 sed
2597 5619 2858 5691 adjunxit,
2907 5621 3068 5692 prius,
3096 5628 3141 5673 et
3166 5630 3283 5673 tunc
3311 5618 3511 5673 veniens
3543 5618 3670 5687 οῙῙιιν

2091 5727 2272 5765 munus
2303 5722 2475 5778 tuum;
2518 5727 2613 5784 per
2653 5711 2769 5768 haec
2815 5712 2990 5768 onmia
3020 5710 3329 5777 declarans,~
3352 5710 3487 5767 hanc
3516 5728 3669 5769 ruen-
