4084 6210
462 281 559 336 “liii

458 410 573 450 sam
596 409 703 449 non
725 393 1010 448 admittere
1026 407 1116 446 eos
1136 393 1225 462 qui
1247 392 1548 446 inimicitias
1569 401 1751 446 mutuo
1770 401 2040 449 exercent.

459 488 696 543 Audiam
717 487 932 553 initiati,
957 487 1044 556 qui
1066 500 1186 540 cum
1212 486 1499 539 inimicitiis
1518 485 1805 551 accedunt;
1826 486 2045 541 audiant

460 588 517 633 et
543 579 634 650 qui
662 578 897 635 nondum
924 587 1047 632 sunt
1072 576 1295 631 initiati:
1325 591 1447 630 nam
1473 576 1538 631 ad
1570 576 1669 631 hos
1691 592 1902 647 quoque
1930 594 2042 631 ser-

461 684 554 726 mo
578 669 974 741 quodammodo
1000 669 1246 739 pertinet.
1277 667 1515 724 Oﬁ'crunt
1546 670 1686 724 enim
1716 679 1769 725 et
1800 670 1897 740 ipsi
1939 669 2039 725 do-

457 777 584 815 num
615 771 668 816 et
705 761 1041 823 sacriﬁcium,
1075 761 1371 815 orationem
1398 760 1521 815 dico
1543 769 1596 815 et
1620 761 2035 833 cleemosynam.

455 850 607 919 Quod
646 851 787 905 enim
818 851 930 905 lucc
956 850 1275 906 sacriﬁcium
1303 850 1429 913 sint,
1460 849 1582 905 audi
1613 850 1922 921 prophetam
1951 852 2036 907 di-

453 950 663 996 centem
686 958 701 993 :
722 941 1047 1011 Sacri/icium
1074 942 1240 994 laudis
1267 942 1617 1009 honoriﬁcabit
1646 959 1725 995 me
1749 944 1767 1008 (
1780 942 1920 997 I’sal.
1942 944 2032 997 49.

449 1035 573 1104 εδ).
601 1043 656 1090 et
684 1050 914 1100 rursum,
946 1033 1167 1087 Immola
1190 1034 1300 1087 Deo
1329 1035 1634 1104 sacriﬁcium
1678 1036 1843 1089 laudis
1870 1035 2028 1106 (Ibid.

451 1142 498 1177 ν.
531 1126 600 1180 14
621 1138 667 1194 );
710 1137 762 1179 et
787 1168 801 1189 ,
840 1125 1066 1179 Elevatio
1096 1143 1334 1179 manuum
1363 1143 1587 1179 inearum
1614 1129 1919 1196 sacriﬁcium
1946 1145 2030 1183 ve-

445 1217 725 1283 spertinum
754 1215 921 1287 (Psal.
947 1216 1067 1270 Mil.
1091 1217 1171 1286 2).
1202 1217 1382 1285 Itaque
1410 1218 1451 1269 si
1481 1219 1774 1273 orationem
1798 1235 1917 1274 cum
1940 1221 2030 1275 tali

446 1308 641 1362 allecto
670 1308 927 1377 proferas,
960 1310 1152 1364 melius
1179 1319 1259 1362 est
1291 1310 1592 1380 relinquere
1625 1311 1942 1377 orationem,
1976 1321 2030 1367 et

446 1400 517 1456 ad
546 1411 597 1456 te
622 1417 741 1455 cum
776 1401 938 1457 fratre
963 1402 1414 1458 reconciliandum
1444 1417 1753 1475 properare,
1798 1414 2029 1475 tuncque

443 1494 743 1547 orationem
758 1493 971 1548 offerre.
996 1495 1217 1563 Propter
1232 1495 1332 1548 hoc
1353 1495 1517 1562 enim,
1537 1496 1713 1550 omnia
1730 1496 1864 1551 facta
1883 1506 2026 1554 sunt:

442 1595 662 1652 propter
686 1584 788 1639 hoc
816 1585 953 1638 Deus
981 1586 1138 1638 homo
1185 1585 1350 1639 factus
1393 1596 1495 1650 est,
1539 1597 1594 1641 et
1620 1590 1797 1643 omnia
1828 1588 1915 1643 illa
1944 1600 2028 1644 est

441 1684 712 1743 operatus.
746 1685 797 1727 ut
827 1692 925 1729 nos
947 1688 1314 1746 congregaret.
1346 1678 1439 1730 Hic
1462 1677 1619 1747 igitur
1646 1678 1926 1733 laedentem
1958 1681 2024 1735 ad

440 1766 625 1821 larsum
648 1766 825 1832 misit;
855 1767 904 1820 in
933 1768 1172 1823 oratione
1205 1783 1332 1821 vero
1360 1768 1542 1822 laesum
1564 1769 1708 1823 ducit
1735 1770 1799 1823 ad
1828 1770 2026 1824 laeden-

442 1865 570 1921 tem,
594 1866 648 1911 et
674 1858 1002 1912 reconciliat.
1024 1858 1130 1912 Illic
1145 1859 1286 1913 enim
1312 1859 1416 1913 ait:
1442 1860 1698 1914 Dimittite
1720 1862 2024 1917 hominibus

438 1948 615 2003 debita
643 1947 849 2017 (Matth.
868 1949 921 2002 6.
953 1949 1072 2019 id);
1094 1949 1178 2004 hic
1195 1966 1354 2004 vero:
1378 1950 1431 2004 Si
1451 1951 1608 2005 habet
1627 1952 1819 2022 aliquid
1837 1965 2020 2009 contra

442 2050 527 2100 te,
566 2040 699 2093 vade
739 2039 804 2093 ad
849 2055 990 2093 eum.
1042 2039 1154 2094 lmo
1175 2055 1301 2095 vero
1339 2040 1424 2095 hic
1448 2042 1577 2095 mihi
1606 2042 1812 2097 videtur
1836 2044 2018 2098 laesum

440 2131 684 2201 mittere;
729 2141 1051 2200 quapropter
1091 2148 1197 2186 non
1239 2132 1388 2193 dicit,
1440 2132 1742 2188 Reconcilia
1791 2136 2016 2203 teipsum

439 2221 587 2276 t‘ratri
616 2230 728 2284 tuo,
760 2223 872 2285 sed,
909 2223 1360 2278 Reconciliare:et
1404 2224 1613 2278 videtur
1656 2225 1871 2294 quidem
1920 2226 2019 2281 hoc

436 2315 503 2368 de
528 2314 754 2370 lzedente
778 2314 913 2379 dici;
944 2315 1038 2369 sed
1070 2324 1237 2369 totum
1268 2331 1336 2371 ex
1378 2331 1605 2385 persona
1646 2318 1756 2372 latsi
1802 2319 2013 2373 dicitur.

435 2406 488 2459 Si
518 2406 659 2460 enim
689 2405 763 2460 illi
792 2407 1165 2461 reconciliatus
1186 2407 1369 2471 fueris,
1392 2409 1578 2478 inquit,
1610 2424 1701 2476 rer
1725 2417 1866 2463 tuam
1890 2426 2013 2480 erga

434 2512 556 2551 eum
586 2497 883 2563 caritatem,
917 2514 1004 2551 tne
1031 2498 1189 2552 etiam
1230 2497 1450 2552 habebis
1478 2500 1783 2568 propitium,
1814 2510 1867 2555 et
1892 2517 2012 2555 cum

432 2589 597 2643 multa
624 2589 812 2644 liducia
829 2591 1029 2659 poteris
1048 2590 1366 2646 sacriﬁcium
1384 2592 1598 2647 oll'errc.
1620 2593 1674 2647 Si
1694 2609 1820 2649 vero
1841 2594 2013 2651 adhuc

432 2680 742 2751 indignaris,
770 2682 1050 2737 considera
1081 2697 1167 2738 me
1209 2682 1438 2738 libenter
1479 2685 1748 2738 contemni
1778 2701 1896 2739 mea
1920 2687 2011 2752 ju-

431 2773 579 2837 bere,
609 2782 667 2826 ut
698 2788 790 2826 vos
817 2773 972 2827 amici
996 2774 1255 2828 evadatis.
1285 2774 1351 2827 Et
1372 2773 1487 2829 haec
1506 2774 1596 2827 tibi
1618 2776 1688 2828 sit
1708 2775 1758 2828 in
1784 2776 1858 2829 ira
1882 2792 2012 2831 con-

429 2862 638 2927 solatio.
669 2862 787 2917 Non
810 2863 963 2927 dixit,
991 2864 1121 2919 Cum
1150 2865 1379 2933 graviter
1405 2865 1641 2920 oll'ensus
1666 2881 1745 2928 es,
1781 2875 1887 2920 tum
1920 2884 2008 2922 re-

378 2958 381 2961 ‘
428 2957 743 3018 conciliare;
775 2958 891 3019 sed,
923 2958 1143 3011 Etiamsi
1172 2958 1287 3011 leve
1316 2957 1589 3026 quidpiam
1613 2968 1797 3012 contra
1827 2969 1877 3014 te
1914 2959 2009 3013 ha.

429 3048 623 3103 buerit.
654 3048 840 3118 Neque
865 3049 1079 3115 adjecit,
1127 3048 1251 3103 Sive
1293 3049 1457 3117 juste,
1504 3049 1617 3103 sive
1656 3048 1877 3118 injuste;
1912 3053 2004 3105 sed

424 3142 757 3210 simpliciter,
788 3140 841 3196 Si
870 3140 1114 3196 habuerit
1141 3140 1339 3209 aliquid
1365 3140 1644 3195 adversum
1678 3151 1750 3196 te.
1784 3142 2005 3197 Etiamsi

423 3233 567 3288 enim
590 3233 752 3302 juste,
786 3248 956 3301 neque
984 3234 1061 3287 sic
1089 3233 1243 3287 decet
1266 3233 1592 3287 inimicitiam
1627 3234 1825 3287 diutius
1852 3232 2001 3288 fove—

424 3340 483 3379 re
502 3342 516 3378 :
540 3323 969 3393 quandoquidem
989 3332 1042 3378 et
1060 3322 1305 3378 Christus
1319 3323 1463 3392 juste
1482 3323 1634 3377 nobis
1653 3323 1999 3389 irascebatur,

420 3422 653 3468 attamen
684 3415 916 3482 seipsum
949 3430 1045 3483 pro
1087 3414 1240 3468 nobis
1283 3414 1430 3469 dedit
1474 3413 1846 3482 occidendum,
1893 3431 2001 3471 non

417 3507 683 3575 itaputans
712 3505 866 3561 nobis
896 3506 983 3560 illa
1015 3516 1249 3576 peccata.

492 3598 577 3653 i0.
618 3597 720 3653 Cur
747 3597 944 3653 Paulus
976 3608 1092 3653 ante
1119 3608 1333 3665 noctem,
1362 3610 1406 3654 et
1435 3600 1662 3654 Christus
1687 3610 1804 3655 ante
1832 3603 1999 3655 sacri-

421 3689 590 3756 ﬁcium
616 3692 929 3743 reconciliari
956 3692 1221 3761 jusserint.
1252 3691 1480 3746 Christus
1513 3703 1753 3760 quantum
1782 3695 1835 3748 in
1859 3696 1999 3761 peri-

415 3781 610 3835 mendis
637 3782 909 3835 inimicitiis
937 3783 1161 3836 studium
1201 3784 1500 3837 adhibuerit.
1550 3783 1615 3837 In
1654 3784 1769 3838 boni
1809 3802 1997 3854 opera-

415 3870 550 3924 tione
584 3887 686 3924 non
727 3873 1171 3925 cunctandum.-—
1191 3872 1315 3926 Ideo
1344 3872 1537 3927 Paulus
1565 3873 1672 3927 alio
1701 3874 1858 3927 modo
1898 3889 1995 3929 nos

413 3962 481 4016 ad
524 3962 1009 4017 reconciliationem
1035 3977 1219 4032 agens,
1251 3962 1460 4017 diccbat
1492 3980 1505 4015 :
1551 3962 1647 4019 Sol
1674 3980 1773 4018 non
1800 3965 1995 4019 occidat

410 4068 561 4123 super
584 4053 904 4108 iracundiam
929 4063 1145 4108 uestram
1172 4052 1390 4123 (Ep/tes.
1414 4054 1467 4108 4.
1486 4053 1602 4124 26).
1630 4054 1994 4122 Quemadmo-

412 4144 537 4198 dum
561 4145 701 4199 enim
731 4145 816 4201 hic
844 4160 875 4198 a
899 4145 1163 4200 sacriﬁcio
1189 4146 1451 4210 Christus,
1484 4146 1552 4200 ita
1592 4147 1703 4202 illic
1732 4148 1925 4206 Paulus
1961 4168 1990 4206 a

409 4237 497 4293 die
525 4236 592 4292 ad
635 4237 865 4307 idipsum
907 4237 1169 4292 hortatur.
1208 4240 1381 4294 Timet
1415 4240 1611 4310 quippe
1650 4253 1878 4310 noctem,
1923 4261 1991 4301 ne

411 4330 548 4384 forte
574 4328 746 4383 solum
795 4329 1074 4399 excipiens
1117 4331 1430 4395 sauciatam,
1475 4333 1645 4401 majus
1687 4334 1835 4389 ulcus
1870 4336 1989 4390 elli-

407 4421 532 4473 ciat.
562 4419 619 4474 In
646 4418 735 4474 die
762 4434 990 4490 namque
1016 4421 1168 4474 multi
1195 4434 1316 4475 sunt
1338 4422 1429 4491 qui
1455 4424 1691 4479 avellant
1718 4436 1771 4480 ct
1796 4427 1990 4482 distra-

411 4512 575 4578 lmnt;
620 4511 673 4566 in
704 4522 859 4567 nocte
900 4526 1048 4578 vero,
1088 4527 1207 4565 cum
1251 4513 1396 4567 solus
1434 4514 1522 4579 sit,
1565 4525 1620 4569 et
1661 4516 1774 4571 lucc
1811 4520 1991 4575 animo

408 4612 602 4667 verset,
633 4606 990 4659 intumescunt
1014 4603 1228 4670 ﬂuctus,
1271 4611 1325 4658 et
1363 4604 1533 4672 major
1578 4606 1635 4659 fit
1679 4617 1977 4677 tempestas.

412 4694 533 4748 Ideo
557 4695 674 4749 hate
701 4696 1029 4765 praeveniens
1052 4695 1265 4760 Paulus,
1288 4695 1686 4750 reconciliatum
1708 4699 1820 4751 vult
1845 4700 1985 4754 nocti

407 4785 637 4851 tradere,
677 4796 737 4841 ut
781 4788 981 4842 nullam
1025 4803 1089 4843 ex
1134 4788 1310 4857 quiete
1337 4788 1507 4857 possit
1533 4788 1775 4844 diabolus
1803 4806 1983 4846 ansam

405 4876 644 4945 arripere
670 4878 735 4931 ad
766 4880 857 4932 irzc
879 4879 1146 4933 fornacem
1174 4881 1589 4947 accendendam,
1617 4891 1671 4936 et
1692 4882 1983 4938 vehemen-

370 4982 376 5031 ς
404 4968 595 5021 tiorem
621 4967 975 5023 eﬂiciendam.
1003 4970 1091 5025 Sic
1116 4972 1273 5025 etiam
1302 4971 1544 5026 Christus
1583 4988 1688 5025 non
1728 4974 1985 5042 permittit

370 5055 373 5059 ’
404 5058 488 5112 vel
514 5058 781 5113 tantillum
808 5059 1041 5124 diti‘erre,
1088 5077 1154 5115 ne
1184 5062 1451 5131 completo
1489 5062 1769 5126 sacriﬁcio,
1812 5064 1982 5134 negli-

368 5130 369 5133 η
400 5149 611 5218 gentior
639 5148 726 5203 ille
756 5149 909 5215 foret,
947 5166 1119 5220 exque
1142 5152 1228 5206 die
1262 5130 1319 5206 in,
1352 5153 1492 5207 diem
1522 5153 1779 5209 dill‘erret.
1825 5154 1983 5211 Novit

400 5244 543 5298 enim
583 5242 722 5297 hunc
764 5242 1215 5298 animiinorbom
1261 5247 1422 5300 multa
1473 5263 1631 5317 egere
1667 5248 1975 5313 celeritate;

400 5346 558 5405 atque
592 5343 654 5390 ut
675 5336 889 5403 sapiens
918 5335 1153 5389 medicus
1184 5352 1290 5390 non
1322 5337 1481 5391 modo
1504 5354 1623 5408 qua:
1650 5349 1981 5409 prteservent

397 5441 424 5476 a
458 5426 656 5481 morbis
693 5426 948 5481 adbibere
990 5435 1233 5494 occupat,
1281 5428 1374 5481 sed
1413 5428 1576 5483 etiam
1615 5445 1733 5498 qua:
1775 5429 1975 5485 mederi

396 5520 599 5586 possint
637 5519 868 5575 ostendit
899 5538 911 5573 :
945 5519 1024 5573 sic
1050 5527 1105 5573 et
1136 5519 1225 5572 illc
1264 5520 1390 5589 agit.
1418 5519 1548 5574 Nam
1579 5535 1698 5576 cum
1731 5522 1976 5591 prohibet

396 5624 463 5663 ne
497 5612 615 5679 quis
642 5612 813 5667 fatuus
841 5610 1237 5681 appelletur,'id
1266 5610 1519 5689 praevium
1560 5613 1852 5668 remedium
1892 5624 1975 5669 est

398 5699 466 5754 ad
496 5700 821 5758 inimicitiam
849 5703 1148 5769 vitandam;
1184 5718 1302 5758 cum
1332 5717 1459 5758 vero
1498 5703 1737 5774 prmcipit
1779 5721 1968 5762 recou-

1142 280 1198 334 S.
1240 278 1514 334 JOANNIS
1548 277 2017 335 CllRYSOSTOMl
2056 282 2372 340 ARCHIEP.
2413 288 2948 352 CONSTANTINUP.

3625 305 3735 362 2ἓᾶ

2153 397 2498 468 ciliationem,
2525 404 2574 459 id
2603 407 2839 473 morbos,
2871 411 2959 481 qui
2987 419 3103 481 post
3130 412 3461 471 inimicitiam
3497 420 3727 478 suboriri

2147 493 2355 559 solent,
2412 498 2671 565 praecidit.
2739 502 2871 557 Vide
2928 514 3103 559 autem
3162 522 3320 577 quant
3382 508 3731 569 vehementer

2146 593 2425 656 utrumque
2462 598 2707 658 ponatur.
2737 591 2847 649 illic
2875 596 3016 651 enim
3046 598 3343 667 gehennam
3369 604 3727 661 comminatus

2142 685 2257 741 est;
2299 676 2387 733 hic
2423 694 2554 735 vero
2589 681 2786 738 donum
2826 701 2931 740 non
2961 688 3149 759 recipit
3175 702 3300 745 ante
3329 694 3727 749 reconciliatio-

2142 780 2284 833 nem,
2312 769 2682 828 vehementem
2704 775 3025 831 iracundiam
3048 794 3167 835 esse
3190 793 3513 849 monstrans,
3542 801 3605 842 ac
3628 804 3723 856 per

2140 855 2254 912 haec
2278 861 2457 915 omnia
2487 871 2542 917 et
2570 864 2800 921 radicem
2830 877 2884 923 et
2912 868 3135 925 fructum
3164 872 3419 929 avellens.
3453 875 3520 930 Et
3549 855 3723 947 primo

2138 948 2351 1017 quidem
2388 952 2463 1006 ait
2502 969 2516 1005 :
2557 954 2635 1010 Ne
2663 956 2909 1014 irascaris
2951 979 2963 1014 :
3010 971 3194 1031 postea
3230 975 3377 1031 vero,
3422 967 3500 1023 Ne
3536 972 3725 1025 convi-

2136 1041 2312 1096 cieris.
2343 1042 2476 1098 Nam
2514 1045 2627 1101 haec
2656 1051 2815 1103 ambo
2845 1067 2964 1108 sese
2993 1063 3175 1110 mutuo
3201 1054 3382 1111 fovent
3406 1067 3462 1113 et
3486 1074 3679 1130 augent
3705 1083 3721 1118 ;

2135 1134 2203 1187 ab
2244 1135 2513 1191 inimicitia
2555 1143 2872 1208 convicium,
2906 1161 2936 1200 a
2964 1150 3205 1204 convicio
3243 1150 3537 1207 inimicitia.
3570 1155 3721 1211 ideo-

2134 1238 2236 1292 que
2278 1240 2419 1280 nunc
2449 1229 2633 1296 radici,
2684 1249 2823 1289 nunc
2868 1234 3062 1291 fructui
3107 1242 3403 1297 remedium
3440 1244 3713 1315 admovet,

2135 1321 2193 1367 ut
2222 1316 2477 1385 impediat
2504 1336 2571 1374 ne
2599 1322 2797 1377 malum
2825 1328 3028 1381 oriatur
3054 1348 3067 1383 :
3100 1332 3143 1384 si
3174 1347 3303 1386 vero
3340 1336 3719 1403 germinaverit

2132 1415 2186 1460 et
2213 1405 2439 1464 fructum
2468 1410 2603 1467 ferat
2630 1418 2941 1485 pessimum,
2976 1421 3125 1475 illum
3171 1424 3403 1494 undique
3427 1429 3714 1487 comburit.

2131 1496 2256 1551 Ideo
2286 1511 2562 1570 postquam
2606 1506 2739 1561 dixit
2778 1509 3053 1579 judicium,
3088 1515 3372 1571 concilium
3418 1529 3471 1574 et
3512 1523 3716 1591 gcheu.

2130 1603 2275 1652 nam,
2316 1606 2377 1645 ac
2406 1593 2474 1647 de
2511 1608 2608 1649 suo
2634 1600 2895 1655 sacrificio
2923 1602 3193 1672 disseruit,
3223 1608 3321 1662 alia
3366 1626 3574 1665 rursum
3616 1613 3716 1667 ad-

2128 1676 2206 1731 dit
2253 1679 2334 1734 his
2375 1685 2553 1739 verbis
2606 1708 2618 1741 :
2663 1686 2754 1742 25.
2798 1689 2926 1745 Esto
2955 1699 3268 1751 consentiens
3311 1701 3597 1757 adversario
3625 1714 3712 1759 tuo

2127 1768 2247 1833 cito,
2279 1771 2398 1825 dum
2424 1790 2474 1827 es
2498 1791 2612 1829 cum
2639 1778 2730 1832 illo
2756 1781 2809 1834 in
2850 1784 2947 1836 ria.
2978 1784 3061 1840 Ne
3096 1789 3238 1842 enim
3279 1790 3487 1847 diceres
3515 1810 3529 1847 :
3569 1794 3706 1863 Quid

2126 1856 2286 1926 igitur
2323 1862 2367 1916 si
2415 1863 2661 1933 iujuriam
2701 1872 2908 1938 patiar?
2945 1876 3070 1945 quid
3110 1879 3152 1933 si
3200 1879 3357 1936 bonis
3394 1856 3614 1952 spolier:
3654 1896 3709 1940 et

2125 1950 2189 2004 ad
2228 1951 2485 2021 judicium
2529 1958 2743 2014 trahar?
2774 1962 2909 2020 banc
2943 1983 3155 2040 quoque
3183 1986 3368 2027 ansam
3398 1950 3453 2030 et
3480 1990 3709 2033 excusa—

2127 2042 2324 2098 tionem
2355 2050 2582 2103 removit
2613 2068 2627 2104 :
2664 2052 2815 2120 jubet
2855 2058 2997 2111 enim
3042 2070 3093 2114 te
3121 2077 3191 2116 ne
3234 2063 3312 2118 sic
3354 2066 3567 2133 quidem
3598 2069 3707 2123 ini-

2124 2133 2350 2189 micitias
2373 2136 2657 2208 aliquando
2684 2145 2977 2215 suscipere.
3021 2148 3224 2206 Deinde
3265 2154 3386 2223 quia
3418 2155 3543 2210 illud
3584 2172 3703 2211 ma-

2120 2238 2281 2291 guum
2307 2237 2421 2281 erat
2448 2242 2790 2302 praeceptum,
2836 2252 2866 2290 a
2906 2242 3256 2307 praesentibus
3283 2243 3372 2298 dat
3397 2248 3700 2315 consilium,

2119 2328 2240 2382 qme
2276 2329 2421 2372 certe
2460 2323 2646 2390 magis,
2685 2340 2842 2393 quam
2883 2327 3080 2397 futura,
3136 2334 3426 2391 crassiores
3467 2337 3703 2395 retinere

2120 2407 2311 2459 solent.
2342 2408 2477 2476 Quid
2522 2414 2662 2467 enim
2703 2416 2855 2481 dicis,
2900 2419 3089 2489 inquit,
3134 2422 3302 2492 ipsum
3344 2430 3697 2495 potentiorem

2118 2509 2262 2563 esse,
2308 2508 2363 2551 et
2408 2500 2498 2554 tibi
2547 2506 2776 2559 nocere?
2819 2506 2983 2578 Magis
3010 2525 3137 2582 ergo
3185 2514 3278 2567 tibi
3319 2517 3553 2583 nocebit,
3596 2519 3698 2574 nisi

2118 2585 2288 2655 ipsum
2320 2591 2633 2660 placaveris,
2678 2606 2733 2651 et
2770 2599 2815 2653 si
2863 2610 3079 2657 coactus
3124 2604 3285 2660 fueris
3328 2608 3382 2661 in
3425 2623 3698 2666 earccrem

2117 2677 2213 2732 ire.
2250 2680 2401 2737 Tunc
2439 2687 2582 2740 enim
2625 2688 2714 2743 illo
2755 2691 2943 2747 sedato
2974 2698 3215 2764 pecuniis
3238 2702 3471 2763 amissis,
3500 2719 3696 2774 corpus

2115 2769 2337 2827 liberum
2371 2775 2592 2833 habebis
2621 2797 2635 2833 :
2667 2793 2851 2837 contra
2880 2800 3005 2841 vero
3033 2787 3077 2842 si
3119 2790 3218 2844 sub
3250 2791 3445 2859 judicis
3473 2769 3696 2851 senten-

2116 2861 2183 2913 tia
2230 2866 2429 2931 positus
2472 2870 2567 2931 sis.
2599 2872 2825 2929 vinculis
2867 2879 3269 2948 constringeris,
3315 2896 3695 2956 extremasque

2111 2953 2266 3009 dabis
2295 2972 2497 3024 ptenas.
2531 2962 2623 3016 Sin
2667 2973 2843 3019 autem
2885 2966 3119 3038 jurgium
3151 2972 3277 3025 illud
3325 2974 3541 3044 fugeris,
3584 2953 3693 3033 duo

2110 3058 2401 3114 assequere
2431 3049 2567 3105 bona
2602 3072 2614 3108 :
2646 3062 2701 3107 et
2734 3057 2874 3124 quod
2907 3059 3039 3112 nihil
3078 3059 3340 3130 ingratum
3372 3068 3607 3133 patiaris,
3635 3078 3690 3123 et

2107 3138 2247 3203 quod
2277 3139 2472 3194 bonum
2499 3158 2635 3212 opus
2664 3153 2813 3199 tuum
2841 3148 2954 3212 tibi,
2985 3165 3088 3205 non
3118 3151 3258 3207 illius
3289 3155 3553 3210 violentiae
3595 3158 3692 3215 de-

2107 3226 2313 3285 beatur.
2356 3231 2508 3298 Quod
2539 3235 2581 3289 si
2623 3236 2779 3291 dictis
2816 3239 3187 3309 obtemperare
3233 3262 3335 3299 non
3384 3248 3535 3314 velis,
3579 3268 3685 3305 non

2108 3318 2180 3372 illi
2224 3330 2426 3378 tantum
2466 3326 2685 3381 nocebis
2708 3340 2963 3398 quantum
3002 3333 3096 3386 tibi
3126 3336 3245 3405 ipsi.
3297 3337 3573 3408 Perpende
3596 3357 3691 3395 au-

2108 3420 2212 3465 tem
2243 3413 2331 3468 hic
2365 3419 2634 3485 quomodo
2674 3420 2846 3490 ipsum
2891 3423 3131 3479 hortetur
3168 3443 3181 3481 :
3230 3439 3510 3499 postquam
3544 3433 3685 3488 enim

2104 3502 2257 3571 dixit,
2284 3506 2405 3561 Esto
2431 3512 2744 3565 consentiens
2773 3514 3061 3569 adversario
3089 3526 3192 3582 tuo,
3223 3520 3516 3588 subjunxit,
3539 3522 3687 3589 Cito;

2103 3610 2200 3647 nec
2226 3608 2508 3653 contentus
2534 3600 2634 3655 hoc
2654 3602 3036 3672 additamenta,
3062 3606 3204 3660 aliud
3226 3610 3515 3665 celeritatis
3538 3628 3685 3683 qua:—

2102 3687 2226 3740 sivit
2246 3698 2587 3757 augmentum
2617 3691 2820 3759 dicens,
2852 3693 2985 3748 Dum
3022 3712 3073 3750 es
3110 3713 3224 3749 cum
3254 3698 3343 3752 illo
3373 3700 3425 3753 in
3453 3702 3571 3767 via;
3599 3702 3685 3757 his

2105 3779 2386 3848 impellens
2410 3781 2585 3850 ipsum
2619 3792 2674 3837 et
2706 3800 2895 3855 magna
2932 3800 3051 3841 cum
3083 3786 3417 3844 vehementia
3462 3807 3677 3862 urgeas.

2100 3869 2240 3924 Nihil
2267 3873 2407 3926 enim
2450 3874 2519 3927 ita
2559 3874 2720 3928 vitam
2751 3885 2985 3931 nostram
3022 3881 3232 3943 evertit,
3280 3889 3338 3934 ιιι
3377 3882 3423 3936 si
3460 3893 3681 3941 cuncte-

2099 3976 2220 4015 lllllt'
2237 3971 2292 4016 et
2317 3961 2624 4019 dill‘eramus
2644 3966 2695 4019 in
2720 3966 2977 4021 bonorum
2998 3972 3326 4038 operatione.
3352 3972 3507 4042 Smpe
3534 3991 3683 4029 uatu-

2102 4066 2205 4121 que
2246 4052 2377 4107 illud
2409 4054 2461 4107 itt
2502 4069 2662 4109 causa
2693 4055 2791 4109 fuit
2818 4066 2875 4111 ut
2899 4059 2966 4112 ab
2991 4060 3239 4114 omnibus
3264 4063 3632 4120 excideremus
3663 4084 3677 4120 :

2097 4143 2543 4213 quemadmodum
2571 4154 2625 4200 et
2651 4146 2843 4201 Paulus
2868 4149 2976 4203 ait:
3003 4148 3316 4221 Priusquam
3340 4155 3417 4207 sol
3448 4156 3676 4221 occidat,

2098 4237 2230 4290 iram
2258 4238 2404 4292 solve
2434 4238 2646 4309 (Ep/tes.
2676 4241 2728 4295 4.
2753 4240 2844 4311 2b)
2872 4258 2887 4306 ;
2914 4251 2969 4296 et
2992 4245 3236 4312 superius
3261 4247 3374 4316 ipse
3394 4246 3636 4304 Christus
3662 4269 3675 4305 :

2097 4329 2411 4400 Priusquam
2440 4332 2762 4387 oblationem
2792 4334 3052 4403 perlicias,
3082 4340 3451 4395 reconciliare.
3497 4342 3587 4396 Sic
3626 4354 3678 4398 et

2096 4420 2197 4474 hoc
2224 4422 2342 4476 loco
2379 4423 2531 4486 dicit,
2562 4424 2693 4488 Cito,
2729 4427 2851 4479 dum
2893 4443 2944 4481 es
2987 4445 3102 4482 cum
3142 4432 3231 4484 illo
3272 4432 3324 4485 in
3365 4435 3464 4498 via,
3498 4438 3677 4506 prius-

2094 4523 2251 4582 quam
2282 4514 2346 4568 ad
2369 4515 2555 4584 judicii
2582 4516 2722 4573 fores
2747 4520 2991 4586 accedas,
3022 4523 3325 4592 priusquam
3354 4527 3418 4579 ad
3447 4529 3677 4583 tribunal

2093 4606 2323 4671 sistaris,
2354 4616 2409 4661 et
2440 4608 2539 4661 sub
2572 4608 2768 4677 judicis
2796 4610 3009 4666 demum
3040 4624 3305 4684 potestate
3339 4618 3540 4686 positus
3578 4622 3673 4677 sis.

2092 4698 2232 4751 Ante
2257 4698 2554 4768 ingressum
2595 4701 2736 4756 enim
2780 4718 2944 4771 penes
2981 4716 3031 4759 te
3074 4716 3197 4761 sunt
3240 4711 3454 4774 omnia;
3489 4728 3673 4767 verum

2093 4790 2145 4843 in
2178 4790 2261 4844 illa
2308 4791 2580 4861 ingressus
2609 4793 2811 4860 limina,
2859 4799 3201 4867 quantumvis
3233 4810 3285 4855 te
3323 4818 3523 4867 verses,
3569 4820 3673 4859 non

2091 4883 2293 4951 poteris
2330 4892 2419 4938 tua
2461 4884 2526 4940 ad
2570 4898 2760 4941 nutum
2798 4898 2944 4943 tuum
2983 4893 3288 4961 disponere,
3324 4897 3422 4949 sub
3454 4898 3674 4954 alterius

2090 4985 2351 5043 potestate
2387 4978 2652 5034 redactus.
2681 4980 2817 5049 Quid
2843 4995 3020 5040 autem
3054 4997 3136 5041 est
3172 5004 3292 5044 esse
3330 4993 3674 5047 consentien-

2090 5068 2235 5121 tem?
2263 5067 2355 5121 Vel
2384 5069 2432 5123 id
2468 5071 2753 5141 signiﬁcat,
2796 5074 2979 5129 Potius
3008 5078 3259 5134 damnum
3301 5084 3555 5151 patiaris;
3587 5086 3671 5140 vel

2089 5159 2234 5218 illud.
2264 5159 2525 5217 .ludiciutu
2554 5164 2707 5230 ferto,
2738 5183 2799 5222 ac
2826 5171 2867 5221 si
2893 5170 3035 5226 illius
3066 5187 3346 5240 personam
3372 5192 3577 5246 ageres,
3606 5195 3674 5234 ne

2086 5266 2148 5305 ex
2177 5267 2359 5306 amore
2400 5256 2473 5308 ttti
2508 5256 2627 5323 jura
2668 5259 2839 5313 violes
2872 5281 2886 5316 :
2916 5262 3009 5316 sed
3050 5263 3117 5317 de
3141 5265 3336 5331 alieno,
3364 5282 3427 5320 ac
3451 5269 3494 5320 si
3524 5280 3668 5323 tuum

2085 5355 2246 5409 esset,
2290 5349 2505 5416 negotio
2528 5349 2854 5417 deliberans,
2878 5353 2948 5407 ita
2972 5357 3289 5411 sententiam
3320 5357 3478 5413 feras.
3514 5360 3665 5426 Quod

2084 5436 2127 5489 si
2154 5437 2356 5505 grande
2384 5439 2511 5493 illud
2535 5450 2638 5507 est,
2670 5458 2738 5497 ne
2766 5443 2995 5500 mireris.
3024 5444 3149 5501 Ideo
3168 5449 3310 5503 enim
3333 5450 3455 5504 illas
3477 5466 3667 5508 omnes

2085 5528 2302 5594 protulit
2348 5529 2723 5595 beatitudines,
2777 5542 2835 5588 ut
2876 5537 3214 5606 complanato
3259 5556 3323 5595 ac
3363 5553 3664 5609 praeparato

2074 5618 2336 5674 auditoris
2379 5621 2591 5685 animo.
2636 5625 2897 5694 aptiorem
2949 5628 3095 5685 illum
3150 5631 3393 5691 efﬁceret
3440 5638 3507 5695 ad
3553 5639 3650 5695 has

2083 5726 2268 5766 utnues
2310 5711 2456 5783 leges
2489 5716 2843 5789 recipiendas.
3220 5738 3223 5739 '
