4084 6210
508 263 615 320 255
1188 273 1243 329 S.
1282 275 1559 336 JOANNIS
1585 279 2054 343 CHRYSOSTOMI
2094 291 2407 352 ARCIIIEP.
2450 298 2979 367 CONSTANTINOP.
3664 330 3779 391 256

505 403 3787 489 ———__~‘\_____

1841 498 2188 566 HOMlLlA
2232 510 2434 573 XVII.

501 601 626 653 (ΣΑΡ.
658 601 711 656 5.
743 618 793 656 ν.
820 604 909 660 27.
941 607 1162 663 Audistis
1185 612 1305 681 quia
1342 613 1532 668 dictum
1578 627 1651 670 est
1681 621 1897 688 antiquis
1927 638 1948 676 :
1977 623 2095 680 Non

572 692 910 749 nime/iuberis.
950 695 1041 752 28.
1101 696 1211 770 Ego
1239 711 1404 756 autem
1431 704 1545 759 dico
1572 707 1707 760 vobis
1727 751 1740 772 ,
1769 713 1889 778 quia
1931 716 2093 769 cumis

570 783 653 845 qui
698 784 874 837 viderit
911 788 1172 842 mulierem
1209 792 1278 844 ad
1321 796 1775 865 concupiscendum
1811 818 1946 869 eam,
1970 804 2085 873 jam

2202 648 2319 688 mus
2337 677 2351 699 ,
2380 650 2475 692 cor
2500 642 2725 709 primum
2757 663 3030 719 expurgat.
3082 654 3149 710 Et
3175 662 3444 726 quomodo
3469 682 3783 736 possumus.

2199 721 2403 791 inquies
2425 769 2439 792 ,
2468 744 2496 782 a
2524 736 2947 804 concupiscentia
2981 744 3231 803 liberari?
3260 751 3486 811 Maxime
3511 761 3731 828 quidem
3758 805 3781 829 ,

569 875 842 930 nime-Iratus
865 888 936 931 est
964 896 1075 932 eam
1098 882 1151 934 in
1177 883 1327 938 corde
1349 901 1460 939 suo.

562 965 616 1018 .1.
649 966 932 1035 Postquam
961 972 1188 1041 primum
1220 977 1526 1031 mandatum
1570 979 1869 1049 explicandi
1919 986 2079 1040 linem

492 1055 638 1121 fecit,
694 1057 928 1129 illudque
976 1062 1042 1115 ad
1085 1077 1352 1118 summum
1408 1066 1761 1143 philosophiae
1799 1075 2075 1142 extendit,

380 1180 393 1187 -
486 1148 678 1203 ordine
729 1152 1045 1219 procedens,
1073 1156 1139 1209 ad
1190 1158 1482 1213 secundum
1527 1163 1865 1230 provehitur,
1893 1166 1943 1219 in
1977 1166 2079 1225 hoc

488 1254 699 1308 quoque
730 1241 829 1311 legi
875 1244 1224 1316 obsequutus.
1269 1251 1431 1320 Atqui
1480 1251 1581 1307 hoc
1630 1271 1734 1309 non
1785 1259 2074 1314 secundum

489 1340 812 1399 praeceptum
843 1344 945 1400 est,
978 1336 1205 1405 inquies,
1234 1340 1328 1394 sed
1376 1343 1609 1397 tertium.
1654 1345 1768 1400 Non
1796 1349 1938 1403 enim
1965 1351 2075 1419 pri-

497 1434 640 1472 mum
670 1435 996 1492 praereptum
1022 1436 1121 1481 est.
1152 1428 1271 1483 Non
1296 1433 1490 1487 occides
1515 1432 1536 1505 (
1557 1434 1703 1490 Deut.
1728 1436 1781 1491 6.
1804 1439 1837 1492 4
1857 1440 1911 1509 );
1940 1441 2033 1496 sed
2055 1460 2069 1498 :

492 1509 737 1566 Dominus
766 1516 905 1569 Deus
947 1528 1065 1573 tuus
1087 1561 1103 1585 ,
1138 1519 1387 1578 Dominus
1415 1542 1544 1580 unus
1572 1538 1661 1581 est.
1717 1528 2070 1595 Qvantobrem

478 1605 822 1672 quaerendum
850 1618 966 1674 est,
998 1625 1094 1664 cur
1120 1627 1225 1665 non
1265 1615 1388 1669 inde
1413 1619 1653 1685 cmperit.
1685 1621 1798 1687 Qua
1844 1623 1913 1677 de
1940 1639 2069 1679 cau-

479 1709 534 1746 sa
568 1695 768 1763 igitur?
793 1698 925 1763 Quia
967 1701 1009 1753 si
1052 1702 1173 1757 inde
1205 1706 1475 1773 empisset,
1500 1711 1796 1777 oportebat,
1823 1722 1875 1767 et
1922 1715 2065 1770 illam

475 1801 704 1856 augere,
753 1798 810 1844 et
856 1796 1198 1863 semetipsum
1257 1800 1307 1851 in
1361 1802 1712 1868 explicatione
1760 1808 2061 1876 complecti.

473 1874 717 1931 Nondum
766 1891 943 1935 autem
997 1892 1202 1953 tempus
1252 1898 1369 1942 erat
1420 1891 1486 1944 de
1534 1894 1711 1962 seipse
1762 1874 2062 1965 lllljllSlltOdl

472 1966 741 2033 quidpiam
767 1969 977 2026 docere.
1024 1976 1268 2044 Alioquin
1317 1990 1493 2034 autem
1545 1985 1799 2040 moralem
1848 1987 2061 2045 interim

470 2072 772 2112 sermonem
808 2062 1138 2125 lmbehat,et
1180 2069 1303 2123 hinc
1350 2082 1402 2123 et
1451 2088 1516 2127 ex
1564 2076 1831 2133 miraculis
1877 2081 2060 2137 volens

469 2147 798 2205 auditoribus
842 2157 1160 2220 persuadere
1190 2175 1247 2213 se
1274 2160 1464 2216 Filium
1500 2165 1591 2219 Dei
1635 2182 1775 2225 esse.
1821 2168 1875 2225 Sl
1916 2173 2057 2228 enim

468 2249 751 2310 antequam
803 2246 945 2299 aliud
1002 2250 1268 2319 quidpiam
1316 2255 1653 2325 loqueretur,
1702 2270 1794 2315 aut
1836 2263 2054 2331 faceret,

468 2331 643 2384 statim
692 2334 955 2393 dixisset:
986 2341 1227 2399 Audistis
1253 2345 1373 2412 quia
1420 2346 1620 2403 dictum
1668 2359 1751 2405 est
1777 2355 2053 2424 antiquis:

468 2419 582 2491 Ego
607 2424 859 2479 Dominus
890 2428 1028 2482 Deus
1059 2444 1195 2494 tttu~,
1220 2444 1273 2488 et
1315 2447 1512 2505 praeter
1542 2456 1626 2495 me
1651 2458 1756 2496 non
1783 2455 1865 2499 est
1884 2446 2051 2511 alius;

466 2527 568 2581 ego
592 2527 767 2569 autem
793 2517 913 2572 dico
938 2520 1108 2585 vobis,
1134 2533 1187 2577 ut
1224 2536 1280 2580 et
1321 2543 1406 2581 me
1441 2530 1694 2599 adoretis,
1724 2535 1863 2591 sicut
1886 2548 1939 2592 et
1985 2540 2051 2593 il-

466 2603 573 2656 lum
599 2625 611 2658 :
643 2606 693 2659 id
723 2607 1004 2677 effecisset,
1043 2622 1098 2666 ut
1124 2630 1309 2670 omnes
1336 2618 1480 2672 illum
1502 2625 1650 2690 quasi
1674 2624 1933 2682 furentem
1958 2630 2052 2683 ha-

466 2692 671 2748 berent.
696 2694 752 2751 Si
780 2697 922 2752 enim
956 2710 1076 2768 post
1106 2711 1304 2759 tantam
1330 2708 1626 2767 doctrinam
1663 2726 1717 2770 et
1760 2698 1880 2787 post
1906 2730 2048 2776 tanta

462 2786 632 2855 signa,
659 2803 779 2843 cum
804 2792 1036 2848 nondum
1067 2794 1183 2851 haec
1205 2798 1294 2854 ille
1322 2801 1468 2856 clare
1486 2802 1729 2872 dixisset,
1754 2808 2046 2865 daemonia.

462 2892 581 2930 eum
613 2879 757 2933 illum
784 2884 1043 2938 vocabant
1067 2886 1262 2953 (Joan.
1295 2891 1348 2944 8.
1375 2892 1465 2946 52.
1501 2904 1549 2947 et
1578 2896 1665 2951 10.
1690 2897 1784 2967 20)
1817 2902 1894 2953 :si
1924 2913 2047 2959 ante

460 2967 549 3021 illa
587 2972 765 3025 omnia
804 2974 976 3029 simile
1021 2979 1145 3045 quid
1192 2981 1370 3037 dicere
1412 2989 1755 3051 tentavisset,
1786 2993 1912 3061 quid
1938 3011 2043 3050 non

460 3058 771 3116 dixissent?
797 3065 921 3133 quid
954 3082 1058 3120 non
1100 3072 1462 3140 cogitassent?
1500 3079 1570 3131 At
1594 3094 1719 3134 vero
1746 3058 2041 3141 doctrinam

464 3151 779 3220 hujusmodi
819 3158 887 3211 ad
920 3168 1134 3227 tempus
1196 3174 1553 3231 Opportunum
1604 3186 1944 3239 reservasse,
1990 3178 2041 3233 id

458 3249 663 3303 l'aeiletn
695 3253 911 3316 parabat
938 3256 1076 3309 viam
1102 3263 1158 3311 ut
1189 3254 1291 3312 hoc
1324 3256 1519 3325 dogma
1540 3275 1568 3312 a
1596 3263 1776 3318 multis
1799 3268 2039 3337 suscipe.

455 3349 620 3394 retur.
642 3344 1003 3407 Quamobrem
1051 3363 1193 3404 nunc
1219 3352 1344 3406 illud
1367 3357 1729 3424 prtetermisit;
1748 3370 2033 3430 postquam

454 3445 579 3487 Vero
606 3449 699 3503 per
726 3435 875 3505 signa
899 3455 1098 3511 perque
1134 3442 1431 3500 doctrinam
1458 3449 1710 3516 optimam
1732 3453 1797 3506 ad
1824 3454 1874 3507 id
1899 3470 2036 3522 pra:-

458 3535 721 3590 parasset,
781 3528 955 3584 verbis
1005 3531 1220 3588 demum
1275 3536 1504 3607 idipsum
1556 3543 1831 3598 revelavit.
1885 3546 2039 3603 Nunc

450 3623 594 3668 certe
618 3626 670 3669 et
695 3617 859 3687 signis
879 3631 933 3675 et
954 3623 1069 3691 ipso
1089 3625 1347 3681 doctrinae
1367 3630 1547 3693 modo,
1568 3633 1819 3701 paulatim
1840 3648 1893 3690 et
1913 3653 2037 3693 sen-

449 3705 548 3759 sim
578 3706 702 3761 illud
732 3709 987 3766 declarat.
1012 3714 1144 3769 Nam
1170 3734 1291 3771 cum
1324 3729 1585 3789 potestate
1613 3724 1759 3795 leges
1789 3728 1904 3782 illas
1924 3740 2034 3785 sta-

448 3806 595 3851 tuere
615 3801 692 3854 vel
718 3801 1042 3871 reformare,
1076 3807 1126 3861 id
1158 3810 1337 3879 utique
1364 3827 1485 3867 eum
1514 3816 1604 3884 qui
1634 3818 1932 3876 attenderet
1977 3833 2033 3878 et

445 3900 623 3944 mente
649 3894 850 3949 valeret
879 3897 943 3950 ad
972 3898 1083 3953 veri
1112 3901 1374 3971 dogmatis
1419 3909 1680 3964 rationem
1709 3911 2024 3973 deducebat.

442 3979 898 4051 Obstupescebant
946 3990 1087 4044 enim
1115 4034 1130 4058 ,
1177 3995 1289 4059 ait,
1335 3998 1458 4066 quia
1515 4015 1620 4055 non
1671 4002 1806 4058 sicut
1838 4009 2028 4064 scribae

440 4090 626 4129 eorum
655 4076 880 4134 docebat
901 4085 919 4151 (
940 4081 1125 4137 Matth.
1160 4086 1211 4140 7.
1235 4086 1325 4143 29.
1366 4088 1530 4145 Marc.
1559 4093 1611 4147 i.
1639 4092 1765 4165 22).
1790 4101 1829 4151 Α
1858 4114 2026 4167 gene-

441 4164 643 4220 ralibus
683 4169 879 4239 quippe
905 4173 1046 4226 vitiis
1071 4190 1226 4230 orsus
1248 4219 1265 4244 ,
1293 4179 1363 4233 ab
1392 4181 1468 4234 ira
1514 4198 1707 4254 nempe
1735 4196 1790 4242 et
1821 4164 2024 4245 concu-

438 4257 690 4327 piscentia
708 4260 846 4329 (hate
861 4263 999 4316 enim
1022 4266 1251 4324 maxime
1267 4274 1597 4340 tyrannidem
1621 4277 1672 4330 in
1694 4278 1850 4335 nobis
1864 4296 2020 4337 exer-

437 4356 593 4412 cent,
621 4356 675 4401 et
705 4359 906 4405 natura:
951 4364 1075 4408 sunt
1100 4358 1269 4426 magis
1313 4364 1594 4433 consona),
1641 4381 1761 4421 cum
1790 4374 2020 4428 auctori—

438 4445 544 4490 tate
561 4438 744 4505 multa,
763 4451 1015 4508 quantum
1046 4444 1267 4502 decebat
1296 4449 1674 4523 legislaturem,
1698 4458 1810 4514 haec
1830 4478 2019 4519 emen-

435 4527 596 4590 davit,
620 4540 673 4584 et
693 4546 813 4585 cum
833 4535 975 4587 omni
992 4539 1329 4594 aceuratione
1345 4543 1609 4600 ordinavit
1627 4548 1854 4620 thque
1872 4563 2014 4610 enim

434 4620 563 4677 dixit
588 4630 790 4678 tantum
818 4626 1083 4683 machum
1112 4643 1300 4699 prunas
1336 4648 1456 4689 esse
1497 4636 1744 4695 daturum
1771 4661 1785 4696 :
1811 4648 1903 4699 sed
1930 4647 2013 4701 id-

435 4711 604 4781 ipsum
633 4715 719 4770 hic
745 4717 868 4772 facit
894 4720 1033 4788 quod
1057 4722 1196 4778 circa
1243 4724 1563 4783 homicidam
1590 4730 1807 4801 fecerat,
1839 4737 2013 4808 impu-

431 4804 553 4859 dico
599 4807 758 4859 etiam
805 4815 1040 4880 aspectui
1090 4829 1276 4884 pmoas
1327 4816 1682 4889 denuntians,
1725 4834 1784 4880 ut
1835 4804 2012 4886 discas

431 4894 557 4961 quid
584 4896 653 4947 sit
683 4898 807 4951 illud
829 4904 967 4969 quod
994 4904 1127 4958 ultra
1149 4908 1372 4978 scriptas
1391 4910 1537 4980 leges
1554 4916 1861 4984 requiritur.
1884 4918 2010 4977 Ideo

428 4984 559 5037 dicit
584 5004 597 5038 :
624 4988 723 5051 Qui
743 4995 1012 5059 respexerit
1042 4999 1296 5053 mulierem
1317 5002 1385 5056 ad
1405 5008 1854 5076 concupiscendum
1872 5026 2004 5081 eam,

423 5077 535 5144 jam
564 5080 838 5134 moechatus
866 5095 937 5137 est
964 5101 1073 5138 eam
1100 5089 1154 5141 in
1181 5092 1333 5144 corde
1357 5110 1486 5158 suo;
1514 5096 1564 5151 id
1588 5109 1708 5165 est,
1735 5104 1825 5171 qui
1867 5106 2007 5162 solet

428 5180 649 5225 Venusta
670 5185 892 5240 corpora
918 5179 1181 5233 curiosius
1209 5182 1423 5249 intueri,
1457 5186 1720 5259 faciesque
1745 5194 2003 5252 formosas

426 5263 627 5329 venari,
655 5274 711 5319 et
738 5267 838 5320 hoc
883 5272 1184 5338 spectaculo
1204 5277 1437 5333 animum
1459 5296 1695 5350 pascere,
1715 5290 2003 5360 oculosque

423 5353 655 5423 deligere
685 5357 736 5411 in
766 5359 1027 5415 formosos
1057 5365 1250 5421 vultus.
1274 5367 1389 5424 Non
1411 5374 1551 5428 enim
1576 5391 1770 5447 corpus
1794 5388 1998 5437 tantum

426 5448 564 5501 venit
589 5465 617 5500 a
648 5451 801 5505 malis
846 5455 1053 5508 actibus
1078 5456 1302 5515 liberare
1325 5502 1340 5526 ,
1373 5464 1466 5518 sed
1504 5476 1559 5521 et
1596 5470 1826 5525 animam
1874 5485 2000 5531 ante

421 5554 634 5607 corpus.
680 5544 811 5610 Quia
839 5546 979 5599 enim
1012 5548 1063 5601 in
1094 5550 1258 5605 corde
1296 5553 1525 5622 Spiritus
1545 5560 1770 5628 gratiam
1802 5566 1999 5634 accipi-

486 5635 498 5659 ·
535 5629 625 5679 Alii
642 5646 738 5682 non
757 5640 910 5719 intret,
935 5650 1044 5689 cum
1067 5638 1195 5693 oumi
1213 5645 1516 5699 accuratioue
1537 5650 1784 5712 repressit.
1799 5655 1996 5719 quasie-

422 5692 519 5745 ctio
537 5705 632 5743 non
654 5692 943 5758 spernenda.

2190 812 2234 865 si
2261 816 2504 883 velimus,
2527 838 2805 891 possumus
2830 846 2945 885 eam
2968 840 3326 910 exstinguere,
3351 857 3404 899 et
3431 865 3497 902 ne
3526 867 3785 924 erumpat

3146 904 3165 909 ν
3309 904 3321 910 ν
3536 904 3548 906 ~
3564 904 3571 905 ί
3596 904 3775 924 κάν-ττ-

2186 904 2478 961 continere.
2503 911 2748 985 Alioquin
2770 932 2944 975 autem
2970 923 3053 979 hic
3074 944 3178 982 non
3203 934 3359 987 modo
3380 944 3775 1011 concupiscen-

3496 992 3739 1011 _,,r-_-v..

2187 992 2311 1047 tiam
2345 998 2496 1063 tollit,
2525 1005 2617 1058 sed
2644 1009 2800 1062 etiam
2832 1012 2973 1069 illam
3018 1025 3501 1091 concupiscentiam
3535 1052 3652 1103 qua:
3700 1058 3773 1095 ex.

2183 1098 2400 1154 aspectu
2438 1095 2630 1160 prodit.
2656 1097 2785 1154 Nam
2814 1105 2901 1174 qui
2930 1106 3186 1167 formosas
3225 1115 3421 1174 intueri
3447 1095 3609 1181 facies
3645 1140 3767 1184 stu-
3828 1178 3831 1181 ς

2183 1174 2308 1242 det,
2338 1179 2427 1235 ille
2454 1188 2718 1256 prtecipne
2749 1194 2862 1248 vitii
2909 1196 3178 1257 fornacem
3208 1202 3469 1276 accendit,
3494 1216 3763 1274 animam-

2179 1281 2283 1335 que
2301 1273 2561 1340 captivam
2590 1278 2751 1334 efficit
2774 1325 2791 1350 ,
2818 1294 2869 1339 et
2899 1288 3005 1343 cito
3028 1292 3094 1346 ad
3116 1309 3247 1363 opus
3275 1273 3486 1371 quoque
3516 1310 3739 1365 accedet

2177 1357 2463 1431 Propterea
2492 1382 2597 1422 non
2623 1370 2774 1441 dixit,
2806 1375 2902 1444 Qui
2927 1357 3253 1453 concupierit
3292 1357 3584 1453 inmehari:
3635 1404 3739 1457 sed

2178 1448 2278 1514 Qui
2295 1459 2564 1523 respexerit
2579 1463 2648 1515 ad
2661 1469 3129 1545 concupiscendum.
3152 1477 3357 1536 Etcum
3380 1486 3446 1541 de
3472 1487 3542 1541 ira
3572 1490 3757 1562 loque-

2175 1550 2340 1605 retur,
2368 1544 2762 1608 distinctionem
2816 1544 3097 1627 quamdam
3144 1572 3338 1637 posuit,
3388 1573 3610 1644 Temere,
3641 1544 3757 1638 Ιπίοι

2174 1631 2299 1688 Sine
2320 1650 2474 1691 causa
2498 1639 2756 1711 dicendo;
2781 1648 2865 1703 hic
2886 1665 3013 1707 vero
3039 1671 3142 1711 non
3165 1659 3255 1725 ita,
3281 1664 3374 1718 sed
3399 1670 3561 1724 semel
3586 1681 3755 1731 totam

2164 2100 2218 2145 et
2241 2107 2409 2162 genus
2436 2110 2673 2158 nostrum
2704 2113 3042 2170 successione
3084 2135 3421 2192 propagetur.

2234 2180 2289 2237 2.
2339 2184 2568 2244 Christus
2607 2193 2832 2252 illicitum
2862 2211 3055 2258 tantum
3083 2180 3534 2282 concupiscentiam
3563 2226 3749 2292 prohi-

2161 2272 2258 2327 bet.
2289 2276 2462 2341 Quare
2483 2282 2649 2353 ipsum
2677 2303 2931 2359 aspectum
2952 2298 3193 2356 cohibent.
3226 2305 3484 2377 Impudici
3511 2272 3745 2387 aspectus

2164 2365 2305 2387 4m“
2323 2385 2343 2387 _
2479 2373 2516 2387 η
2898 2386 2907 2387 ,

2157 2365 2361 2421 damna.
2384 2401 2453 2411 —
2476 2373 2584 2429 Cur
2608 2393 2735 2449 ergo
2762 2399 2864 2439 non
2897 2386 2979 2442 hic
3016 2393 3174 2447 etiam
3208 2365 3600 2461 disdnetioncm
3642 2427 3742 2480 po-

2159 2457 2258 2480 -.-τι
2276 2459 2300 2480 ο
2325 2460 2396 2480 ΙΙ-
2414 2463 2457 2480 ι·
2499 2479 2503 2480 ν
2892 2478 2899 2480 ⁴

3642 2457 3713 2480 re

2158 2457 2300 2512 snit?
2322 2460 2603 2522 Maximam
2646 2483 2825 2541 certe,
2858 2478 2901 2532 si
2931 2484 3171 2540 attendas
3191 2529 3204 2549 ,
3234 2489 3317 2545 hic
3342 2493 3737 2557 distinctionem

2158 2549 2434 2619 percipies.
2468 2555 2581 2612 Non
2616 2563 2756 2617 enim
2799 2568 3111 2638 simpliciter
3156 2578 3308 2643 dixit,
3341 2585 3441 2650 Qui
3477 2596 3744 2661 concupi-

2150 2824 2480 2897 piscendum;
2509 2834 2561 2889 id
2591 2846 2692 2906 est,
2720 2844 2807 2911 qui
2832 2846 2930 2900 sibi
2978 2850 3075 2919 ipsi
3121 2824 3602 2928 concupiscentiam
3636 2883 3731 2924 ac.-

2148 2918 2329 2984 eersit,
2380 2931 2472 2990 qui
2513 2930 2725 2985 nemine
2752 2947 2973 3007 cogente
3020 2942 3187 3000 feram
3237 2950 3379 3006 illam
3413 2956 3463 3009 in
3489 2960 3731 3024 sedatum

2147 3009 2379 3065 animum
2406 3013 2664 3074 immittit.
2695 3022 2827 3080 Illud
2865 3031 3005 3085 enim
3034 3050 3137 3089 non
3161 3039 3270 3107 jam
3300 3059 3363 3097 ex
3396 3057 3581 3105 natura
3602 3068 3731 3123 pro.

2149 3098 2402 3123 ll..!..-!n--..
2496 3122 2501 3123 ,
2534 3109 2547 3123 I
2701 3114 2714 3123 .
2780 3117 2791 3123 -
2817 3119 2845 3123 -.

2142 3464 2232 3519 bet
2254 3482 2545 3541 aspectum,
2575 3493 2643 3535 ne
2685 3480 2782 3535 hac
2810 3484 3032 3544 fidenter
3078 3508 3206 3549 usus
3245 3499 3477 3572 licentia,
3508 3507 3560 3561 in
3591 3526 3723 3579 pec-

2138 3567 2311 3611 catum
2342 3562 2620 3631 aliquando
2669 3571 2887 3631 incidas.
2930 3579 3064 3647 Quid
3108 3586 3264 3656 igitur
3308 3592 3352 3647 si
3395 3562 3640 3669 videatur,
3667 3618 3721 3661 et

2138 3655 2508 3722 concupiscam
2532 3700 2545 3723 ,
2580 3661 2813 3735 nihilque
2865 3675 2987 3728 mali
3039 3655 3227 3747 agam?
3292 3684 3461 3742 Etiam
3490 3693 3569 3747 sic
3595 3655 3717 3751 cum

2137 3744 2359 3799 moechis
2390 3754 2703 3809 numeraris.
2727 3757 3051 3821 Sententiam
3076 3744 3200 3826 tulit
3226 3773 3516 3847 legislator,
3545 3800 3663 3855 nequ

2138 3830 2297 3855 ΑΛ.--
2331 3836 2453 3855 .-ιαμ
2607 3844 2617 3854 ·
2763 3848 2774 3855 ·
2894 3853 2903 3855 -

2135 3830 2299 3887 debes
2330 3836 2462 3891 ultra
2505 3844 2717 3900 curiose
2761 3848 3048 3921 inquirere.
3082 3858 3214 3917 Cum
3253 3868 3394 3922 enim
3430 3876 3597 3931 semel

3437 3923 3448 3925 ‘
3471 3923 3597 3931 """
3624 3923 3714 3947 *Ρ

2135 3923 2214 3979 bis
2241 3937 2331 3982 aut
2356 3938 2438 3985 ter
2464 3933 2541 3988 sic
2568 3944 2867 4008 respexeris
2888 3988 2902 4011 ,
2937 3957 2989 4003 te
3014 3950 3149 4008 forte
3178 3960 3376 4024 poteris
3405 3968 3714 4036 continere;

3180 4014 3193 4024 _
3362 4014 3370 4016 ~
3413 4014 3712 4036 ——------v-vs

2132 4014 2177 4068 si
2203 4030 2330 4072 vero
2359 4019 2665 4094 frequenter
2687 4030 2740 4085 id
2779 4033 2973 4104 facias,
3006 4051 3060 4096 et
3095 4043 3365 4105 fornacem
3407 4060 3671 4116 accendas
3696 4107 3712 4129 ,

2134 4108 2359 4129 “JH”
2499 4117 2509 4128 .
2579 4120 2589 4129 .
2902 4128 2907 4129 ν

3452 4108 3670 4116 mm“
3696 4108 3712 4129 ,

2131 4108 2369 4177 profecto
2393 4117 2621 4185 capieris
2646 4138 2659 4174 :
2690 4139 2794 4179 non
2825 4128 2966 4183 enim
2997 4143 3143 4189 extra
3175 4138 3458 4199 humanam
3488 4150 3620 4206 situs
3651 4170 3713 4210 es

2130 4209 2393 4257 naturam.
2418 4206 2871 4272 Quemadmodum
2893 4233 3020 4291 ergo
3046 4240 3144 4279 nos
3168 4243 3287 4285 cum
3316 4248 3534 4302 ptmrum
3562 4244 3713 4300 vide-

2126 4304 2244 4345 mus
2269 4294 2500 4363 gladium
2537 4309 2805 4363 tenentem
2826 4351 2840 4373 ,
2869 4313 3076 4371 etiamsi
3108 4323 3340 4380 nondum
3374 4330 3708 4395 vulneratum

2124 4396 2428 4457 cernamus,
2460 4396 2802 4456 verberamus
2846 4412 3020 4463 tamen
3063 4414 3506 4492 prohibemusque
3533 4444 3600 4484 ne
3627 4433 3709 4487 sic

2124 4490 2374 4545 umquam
2437 4485 2659 4555 attingat
2706 4508 2719 4544 :
2769 4494 2845 4549 sic
2892 4492 3106 4569 quoque
3179 4506 3315 4562 Deus
3379 4512 3706 4583 impudicum

2121 4578 2392 4635 aspectum
2422 4583 2544 4630 ante
2573 4593 2707 4649 Opus
2734 4585 2891 4651 tollit,
2916 4604 2982 4644 ne
3008 4590 3143 4649 forte
3170 4597 3221 4651 in
3251 4616 3384 4669 opus
3415 4578 3585 4672 ipsum
3617 4611 3706 4665 in-

2119 4657 2378 4717 cidamus.
2422 4664 2551 4721 Nam
2584 4672 2671 4740 qui
2719 4678 2886 4733 semel
2929 4680 3197 4742 ﬂammam
3245 4695 3507 4765 accendit,
3537 4702 3702 4760 etiam

2118 4748 2339 4807 absente
2366 4754 2473 4821 illa,
2501 4774 2656 4827 quam
2684 4770 2933 4836 respexit,
2966 4775 3191 4833 muliere
3211 4821 3225 4844 ,
3254 4798 3430 4840 rerum
3465 4794 3700 4860 turpium

2118 4838 2372 4911 imagines
2400 4845 2501 4902 sibi
2531 4851 2625 4919 ipsi
2657 4852 2962 4926 frequenter
2990 4863 3155 4935 ﬁngit,
3189 4838 3242 4925 et
3265 4887 3330 4927 ex
3360 4875 3487 4945 ipsis
3514 4838 3700 4953 imagi-

2116 4933 2271 4989 nibus
2298 4937 2348 4991 in
2378 4954 2511 5009 opus
2534 4958 2675 5015 saepe
2694 4947 2989 5009 deducitur.
3017 4933 3246 5030 Ideoque
3272 4933 3513 5024 Christus
3535 4933 3697 5031 etiajm

2114 5025 2280 5091 illum,
2312 5032 2401 5099 qui
2428 5034 2479 5087 in
2506 5038 2685 5093 animo
2724 5040 2957 5113 ﬁngitur,
2990 5025 3184 5107 coitum
3227 5055 3296 5111 de
3328 5060 3503 5116 medio
3533 5067 3693 5123 tollit.

2110 5118 2246 5185 Quid
2288 5124 2443 5193 igitur
2489 5127 2718 5187 dixerint
2742 5134 2777 5189 ii
2803 5139 2889 5207 qui
2920 5154 3098 5197 secum
3148 5147 3449 5209 habitantes
3496 5118 3696 5217 habent

2107 5212 2338 5283 virgines
2360 5219 2475 5290 (a)?
2512 5221 2720 5278 Etenim
2753 5231 3041 5286 secundum
3072 5234 3207 5292 hanc
3230 5239 3421 5311 legem,
3462 5260 3692 5309 sexcen-

2276 5349 3041 5438 Ilpkt‘l_losmqui~haliitautessecym
3060 5369 3276 5432 virgines
3292 5372 3493 5438 habent,
3507 5378 3687 5434 librum

2107 5409 2257 5459 edidit
2280 5409 2659 5473 Chrvsosbomus,
2684 5422 2765 5482 qui
2784 5409 3043 5476 casus'fu'it
3065 5409 3214 5480 iiiiiiii
3221 5409 3685 5506 1153333633,?

2107 5483 2210 5506 rum
2253 5474 2325 5506 nnl
2373 5464 2574 5506 ἔέμωωω
2608 5482 2690 5506 ιιι-ἒ
2716 5483 2959 5506 s:a..l.-....:-
2978 5489 3067 5506 ιλ.
3087 5500 3118 5506 -.
3168 5502 3188 5506 -
3281 5496 3291 5506 .
3471 5504 3479 5506 _

2104 5483 2240 5562 rima,
2253 5474 2344 5521 col.

2103 5534 2366 5623 regttﬁtres,
2387 5552 2503 5612 eum
2535 5534 2649 5613 viris
2666 5542 2883 5623 Itgbitare

2103 5606 2218 5623 ηπ.
2261 5608 2309 5623 ..υ
2351 5611 2679 5623 .,...,..η-.-.,
2725 5615 2802 5623 ___.
2858 5614 2885 5623 ,.
2993 5619 3001 5623 -
3044 5621 3052 5623 _

2101 5594 2183 5680 eis
2206 5594 2568 5680 ittgfﬂtrgings
2582 5604 2825 5680 intelligit.
2840 5594 2893 5657 ut
2913 5594 3091 5680 ratio
3107 5594 3681 5680 Ῐίῦἔιιῗᾶἑεέἱῖὲιῖῖὶῖῖὲἕᾏ

2101 5657 3004 5749 Eff:..§?.‘i‘.’.."‘::{:2lf?:?facta???
3026 5657 3489 5749 mutuam

2104 5720 2364 5782 quemdam
2387 5723 2436 5772 in
2459 5727 2668 5778 Ecclesia
2693 5720 2915 5783 ordinem
2937 5720 3169 5789 tenebant
