4084 6210
477 271 605 336 251-—

478 395 576 449 καὶ
615 392 677 445 o6
731 392 999 460 τοσαύτην
1032 388 1139 442 ἀπὸ
1187 389 1287 459 τῆς
1330 389 1506 459 ὅψεως
1547 389 1910 460 καρπούμεθα
1961 390 2061 463 τὴν

477 475 693 546 ἡδονὴν,
720 474 852 542 ὅσην
874 473 977 525 ἀπὸ
1008 470 1102 523 τοῦ
1137 470 1234 541 τὴν
1267 472 1562 539 ἐπιθυμίαν
1594 472 1829 541 αὐξῆσαι
1855 472 2061 543 ταύτην

486 558 833 626 ὑπομένομεν
869 556 968 625 τὴν
1010 554 1207 623 λύμην,
1249 556 1466 626 ἰσχυρὸν
1509 555 1787 617 ποιοῦντες
1813 555 1905 608 τὸν
1932 557 2060 609 ἀντ-

479 640 784 710 αγωνιστὴν
804 678 817 701 ,
853 638 949 690 καὶ
978 637 1197 689 πλείονα
1231 637 1464 701 διδόντες
1490 640 1589 709 τὴν
1612 640 1953 710 εὐρυχωρίαν
1984 640 2062 709 τῷ

479 724 727 792 διαϐόλῳ,
758 723 851 774 καὶ
881 722 1063 773 οὐκέτι
1100 720 1376 789 ἰσχύοντες
1396 722 1556 774 αὑτὸν
1589 722 2058 791 ἀποκρούσασθαι,

477 807 609 859 ὅταν
649 808 730 867 εἰς
760 804 828 857 τά
866 804 1120 856 ἐνδότατα
1153 804 1554 873 εἰσαγάγωμεν,
1581 805 1675 856 καὶ
1711 805 2062 857 ἀναπετάσω-

480 905 581 959 μεν
603 888 750 957 αὑτῷ
769 888 867 957 τὴν
896 887 1150 940 διάνοιαν.
1177 888 1275 940 Διά
1300 886 1459 939 τοῦτό
1480 903 1634 957 φησι⁸
1656 889 1746 957 Μὴ
1768 888 2060 959 μοιχεύσῃς

477 974 587 1033 τοῖς
614 971 933 1041 ὀφθαλμοῖς,
973 972 1066 1022 καὶ
1103 972 1164 1023 06
1199 970 1505 1040 μοιχεύσεις
1538 975 1605 1041 τῇ
1634 972 1863 1042 διανοίᾳ.
1905 974 2060 1025 Ἐστι

477 1057 587 1126 γὰρ
620 1057 713 1108 καὶ
742 1056 914 1118 ἄλλως
957 1055 1105 1117 ἰδεῖν,
1142 1055 1219 1116 ὡς
1248 1056 1297 1107 οἱ
1339 1058 1611 1124 σώφρονες
1643 1055 1915 1123 βλέπουσι.
1962 1057 2059 1110 Διά

474 1140 633 1193 τοῦτο
669 1141 768 1209 οὐχ
801 1139 988 1201 ἁπλῶς
1024 1140 1122 1207 τὴν
1172 1139 1295 1207 ὄψιν
1338 1139 1580 1204 ἀνεῖλεν,
1624 1139 1761 1192 άλλά
1795 1154 1892 1209 την
1923 1142 2060 1209 μετά

477 1223 773 1289 ἐπιθυμίας
812 1223 954 1290 ὄψιν.
993 1222 1137 1275 Εἰδέ
1172 1223 1245 1293 μὴ
1285 1221 1443 1274 τοῦτο
1483 1221 1756 1286 ἐϐούλετο,
1787 1218 1938 1274 εἶπεν
1968 1222 2056 1285 ἂν,

487 1306 547 1359 '0
580 1306 791 1375 βλέπων
813 1306 856 1335 ’ί
889 1308 1128 1372 γυναῖκα
1164 1304 1380 1367 ἀπλῶςο
1413 1303 1508 1357 νῦν
1540 1304 1597 1356 δὲ
1638 1306 1735 1373 οὐχ
1764 1303 1933 1367 οὕτως
1980 1300 2059 1359 εἶ-

482 1406 610 1451 πεν,
642 1388 778 1452 ἀλλ’,
818 1389 878 1439 Ὀ
906 1387 1120 1457 βλέπων
1144 1388 1281 1457 1:96;
1314 1386 1375 1439 :6
1400 1387 1756 1457 ἐπιθυμῆσαι,
1788 1390 1815 1441 6
1850 1388 2060 1457 βλέπων

475 1473 615 1526 ὥστε
650 1472 842 1542 τέρψαι
879 1472 978 1541 τὴν
1009 1472 1151 1539 ὄψιν.
1196 1470 1329 1523 Οὐδὲ
1362 1470 1471 1541 γὰρ
1502 1473 1579 1534 εἰς
1608 1471 1767 1523 τοῦτὸ
1813 1488 1895 1525 σοι
1934 1473 2061 1535 τοὺς

474 1555 787 1625 ὀφθαλμοὺς
813 1555 1068 1623 ἐποίησεν
1093 1556 1120 1606 6
1149 1553 1301 1617 Θεὸς,
1331 1554 1417 1605 ἵνα
1455 1553 1542 1605 διὰ
1569 1553 1775 1606 τούτων
1814 1553 2059 1624 μοιχείαν

473 1640 797 1709 εἰσαγάγῃς,
829 1637 941 1691 ἀλλ’
971 1638 1057 1689 ἵνα
1082 1636 1246 1690 αὐτοῦ
1274 1637 1340 1689 τὰ
1368 1638 1642 1707 κτίσματα
1670 1638 1900 1707 βλέπων,
1928 1638 2059 1691 θαυ-

477 1722 655 1793 μάζῃς
685 1724 776 1775 τὸν
802 1721 1164 1791 Δημιουργόν.
1190 1721 1406 1790 Ὠσπερ
1436 1717 1529 1774 οὖν
1567 1722 1714 1774 ἐστιν
1748 1723 1868 1792 είκῆ
1904 1723 2057 1794 ὀργί-

480 1806 691 1871 ζεσθαι,
724 1804 897 1867 οὕτως
925 1805 1072 1858 ἐστιν
1101 1803 1221 1870 εἰκῆ
1248 1805 1411 1873 όρᾷν,
1446 1805 1574 1856 ὅταν
1609 1804 1746 1873 πρὸς
1766 1805 2058 1874 ἐπιθυμίαν

470 1889 631 1940 τοῦτο
664 1890 841 1958 ποιῇς.
870 1888 931 1939 Εἰ
973 1887 1081 1956 γὰρ
1113 1884 1291 1955 βούλει
1322 1887 1453 1956 ὀρᾷν
1491 1888 1582 1938 καὶ
1605 1886 1928 1956 τέρπεσθαι,
1957 1889 2059 1959 ὅρα

471 1973 572 2042 τὴν
595 1970 792 2025 σαυτοῦ
820 1972 1074 2038 γυναῖκα,
1098 1970 1191 2022 x01
1212 1968 1414 2038 ταύτης
1433 1968 1533 2039 ἐρα
1563 1969 1825 2039 διηνεκῶς
1845 1987 1858 1999 ·
1883 1971 2059 2034 οὐδεὶς

474 2054 674 2107 κωλύει
714 2054 898 2123 νόμος.
932 2054 995 2105 Εἰ
1025 2052 1081 2104 δὲ
1120 2052 1189 2103 τὰ
1220 2050 1473 2121 ἀλλότρια
1519 2051 1730 2120 μέλλεις
1764 2056 2058 2127 περιεργά-

473 2138 665 2201 ζεσθαι
707 2136 905 2207 κάλλη,
936 2136 1194 2205 κάκείνην
1223 2136 1425 2197 ἀδικεῖς
1452 2134 1685 2206 ἀλλαχοῦ
1719 2139 2061 2209 μετεωρίζων

471 2222 598 2283 τοὺς
613 2219 942 2290 ὀφθαλμοὺς,
962 2221 1057 2272 x01
1082 2218 1286 2287 ταύτην
1311 2219 1376 2286 ἣν
1394 2214 1551 2282 εἶδες,
1575 2219 1875 2291 ἁπτόμενος
1892 2221 2060 2294 αὐτῆς

476 2304 824 2375 παρανόμως.
862 2304 924 2356 El
953 2302 1061 2374 γὰρ
1090 2304 1184 2355 καὶ
1213 2302 1287 2372 μὴ
1328 2301 1451 2371 ἥψω
1477 2303 1542 2373 τῇ
1589 2304 1751 2373 χειρὶ.
1782 2304 1896 2357 ἀλλ’
1926 2306 2059 2377 ἔφη’

470 2387 718 2459 λάφησας
749 2390 861 2451 τοῖς
884 2385 1181 2456 ὀφθαλμοῖς
1204 2401 1216 2413 ·
1245 2386 1333 2438 διὰ
1360 2384 1519 2438 τοῦτο
1541 2388 1635 2439 καὶ
1662 2386 1817 2441 τοῦτο
1845 2391 2058 2460 μοιχεία

469 2473 803 2540 νενόμισται,
850 2470 942 2523 καὶ
973 2470 1080 2540 πρὸ
1117 2469 1218 2537 τῆς
1268 2468 1544 2531 κολάσεως
1583 2471 1798 2539 ἐκείνης
1837 2473 2057 2527 κόλασιν

468 2556 531 2608 06
563 2555 660 2625 τὴν
685 2553 956 2623 τυχοῦσαν
991 2554 1208 2620 ἐπάγει.
1229 2553 1338 2605 Καὶ
1364 2552 1475 2621 γὰρ
1505 2551 1737 2622 θορύὸου
1763 2555 1859 2607 καὶ
1888 2572 2057 2627 ταρα-

468 2638 569 2707 χῆς
602 2636 779 2689 πάντα
833 2637 902 2688 τά
947 2635 1094 2689 ἔνδον
1151 2635 1490 2704 πληροῦται,
1525 2636 1616 2688 καὶ
1668 2636 1835 2707 πολλὴ
1890 2640 1987 2708 μὲν
2021 2642 2054 2710 ή

467 2719 627 2790 ζάλη.
655 2718 1010 2789 χαλεπωτάτη
1041 2718 1097 2771 δὲ
1136 2720 1169 2789 ἡ
1204 2718 1385 2789 ὀδύνη,
1422 2720 1515 2771 καὶ
1548 2720 1656 2771 τῶν
1694 2722 2056 2790 αἰχμαλώτων

467 2804 563 2857 καὶ
594 2803 893 2874 δεδεμένων
916 2802 1070 2855 οὐδὲν
1109 2802 1330 2872 ἄμεινον
1359 2806 1387 2857 6
1424 2802 1599 2855 ταῦτα
1639 2802 1826 2856 παθὼν
1853 2804 2055 2858 διακεί-

467 2904 638 2941 σεται.
676 2886 786 2940 K01
812 2889 846 2957 η
881 2885 979 2955 μὶν
1010 2886 1070 2938 :6
1096 2886 1249 2956 βέλος
1277 2888 1477 2954 ἀφεῖσα
1509 2885 1768 2951 πολλάκις
1793 2888 2014 2959 άπέπτη
2034 2901 2049 2917 '

465 2974 501 3041 ἡ
534 2970 589 3023 δὲ
620 2970 803 3040 πληγὴ
829 2972 922 3021 καὶ
954 2966 1096 3021 οὓτω
1126 2968 1296 3037 μένει.
1327 2967 1542 3021 Μᾶλλον
1570 2967 1628 3021 δὲ
1649 2970 1750 3022 οὐκ
1777 2969 1960 3040 ἐκείνη
1991 2972 2053 3024 :6

467 3054 620 3123 βέλος
656 3054 896 3123 ἀφῆκεν,
931 3051 1066 3105 ἀλλά
1104 3054 1167 3104 σὺ
1202 3050 1351 3123 [225]
1381 3052 1602 3122 καιρίαν
1642 3052 1848 3117 ἔδωκας
1878 3056 2053 3127 ἑαυτῷ

463 3138 565 3207 τήν
600 3137 834 3207 πληγὴν,
865 3134 1180 3196 ἀκολάστως
1230 3132 1372 3188 ἰδών.
1404 3134 1512 3186 K01
1550 3134 1724 3188 ταῦτα
1755 3135 1920 3204 λέγω,
1955 3137 2055 3200 τὰς

467 3218 852 3289 σωφρονούσας
883 3216 1247 3271 ἀπαλλάττων
1286 3216 1386 3286 τῆς
1420 3217 1770 3288 κατηγορίας.
1819 3218 1904 3281 Ὦς
1936 3220 2051 3288 είγε

464 3318 548 3365 τις
592 3301 1014 3362 καλλωπίζοιτο,
1054 3300 1148 3353 καὶ
1193 3299 1383 3370 καλοίη
1423 3299 1469 3331 ³⁸
1504 3301 1642 3371 πρὸς
1681 3301 1882 3371 ἑαυτήν
1927 3305 2054 3367 τοὺς

464 3386 574 3439 τῶν
614 3385 979 3439 ἀπαντώντων
1002 3386 1049 3418 ⁸⁸
1078 3383 1425 3454 ὀφθαλμοὺς,
1470 3383 1571 3437 κᾶν
1610 3385 1683 3455 μὴ
1740 3385 1915 3458 πλήξῃ
1962 3386 2054 3438 τὸν

465 3471 895 3543 ἐντυγχάνοντα,
946 3470 1101 3538 δίκην
1150 3470 1334 3523 δίδωσι
1380 3470 1479 3539 τὴν
1522 3470 1779 3540 ἐσχάτην.
1828 3472 1901 3524 Τό
1943 3474 2052 3541 γάρ

466 3555 759 3627 φάρμακον
787 3554 1043 3625 ἐκέρασε,
1074 3554 1253 3607 καὶτὸ
1291 3552 1515 3606 κώνειον
1549 3554 1971 3616 κατεσκεύασεν,
2004 3558 2051 3609 εἰ

465 3641 561 3694 καὶ
595 3639 669 3710 μὴ
698 3640 795 3710 τὴν
846 3638 1045 3692 κύλικα
1078 3641 1432 3708 προσήγαγε·
1477 3637 1678 3707 μᾶλλον
1718 3637 1775 3689 δὲ
1818 3638 1911 3691 καὶ
1952 3638 2051 3709 τήν

465 3721 665 3775 κύλικα
694 3724 1065 3791 προσήγαγεν,
1111 3723 1161 3774 εἰ
1204 3722 1298 3772 καὶ
1332 3721 1520 3789 μηδεὶς
1556 3721 1584 3773 6
1617 3719 1788 3772 πίνων
1826 3721 2046 3791 εὑρέθη.

466 3805 532 3858 Τί
559 3801 653 3859 οὖν
680 3806 800 3876 ούχὶ
831 3805 924 3857 καὶ
955 3804 1089 3875 πρὸς
1120 3803 1290 3865 αὑτάς
1328 3802 1669 3871 διαλέγεται;
1708 3804 1893 3873 φησίν.
1928 3804 2051 3858 ’Ὁτι

464 3889 677 3953 κοινοὺς
710 3890 834 3950 :06;
865 3888 1061 3959 νόμους
1092 3887 1366 3957 πανταχοῦ
1399 3885 1601 3957 τίθησι,
1638 3887 1741 3940 κᾶν
1769 3888 1904 3959 πρὸς
1925 3890 2050 3953 τοὺς

463 3971 661 4043 ἄνδρας
696 3969 1073 4025 ἀποτείνεσθαι
1110 3971 1241 4041 δοκῇ
1263 3971 1312 4001 ⁸⁵
1336 3970 1529 4040 μόνους
1549 3986 1561 3999 ⁸
1596 3972 1662 4040 τῇ
1694 3970 1803 4040 γάρ
1839 3971 2045 4041 κεφαλῇ

462 4053 864 4125 διαλεγόμενος,
888 4055 1072 4124 κοινὴν
1091 4054 1136 4087 ’⁵
1162 4055 1257 4107 καὶ
1278 4052 1413 4124 1:96;
1438 4052 1498 4105 :6
1524 4052 1684 4124 σῶμα
1711 4053 1856 4107 ἀπαν
1889 4058 2047 4108 ποιεῖ-

462 4156 551 4192 ται
581 4141 679 4211 τὴν
710 4139 1049 4211 παραίνεσιν.
1086 4139 1324 4190 Γυναῖκα
1366 4138 1475 4208 γάρ
1515 4139 1608 4190 καί
1641 4137 1811 4208 ἄνδρα
1844 4137 1903 4192 ἓν
1938 4134 2046 4192 οἶδε

463 4221 623 4284 ζῶον,
658 4222 752 4274 καὶ
777 4220 1016 4290 οὐδαμοῦ
1040 4221 1238 4290 διαιρεί
1266 4221 1328 4273 :6
1366 4221 1539 4287 γένος.

536 4304 604 4373 7'.
643 4307 704 4357 Εἰ
728 4305 785 4357 δὲ
816 4306 907 4357 καί
938 4305 1081 4366 ἰδίως
1107 4304 1336 4357 ἀκοῦσαι
1364 4304 1544 4373 βούλει
1584 4305 1682 4375 τῆς
1727 4306 1847 4358 κατ’
1868 4305 2049 4361 αὐτῶν

462 4388 827 4459 ἐπιπλήξεως,
870 4388 1100 4441 ἄκουσον
1144 4387 1239 4440 τοῦ
1276 4389 1498 4441 Ἡσαΐου
1521 4388 1771 4456 λέγοντος
1805 4389 1851 4423 ’⁸
1876 4390 2047 4444 πολλά

463 4474 599 4543 πρὸς
618 4472 781 4525 αύτάε
803 4471 1241 4541 ἀποτεινομένου,
1274 4473 1367 4524 καὶ
1391 4471 1775 4541 κωμῳδοῦντος
1793 4473 1970 4526 αὐτῶν
1986 4476 2047 4527 :6

465 4560 681 4627 σχῆμα,
724 4554 785 4607 :6
822 4554 1073 4624 βλέμμα,
1107 4556 1206 4625 τὴν
1258 4553 1497 4625 βάδισιν,
1544 4554 1670 4615 τοὺς
1718 4554 2046 4624 συρομένους

460 4640 723 4709 χιτῶνας,
758 4642 886 4700 τοὺς
915 4637 1208 4702 παίζοντας
1245 4636 1442 4700 πόδας,
1477 4636 1602 4698 τοὺς
1645 4635 2045 4705 διακλωμένους

459 4721 781 4794 τραχήλους.
806 4722 1072 4774 Ἄκουσον
1096 4721 1213 4792 μετ’
1235 4721 1444 4774 ἐκείνου
1458 4720 1501 4750 ³⁷
1522 4718 1617 4773 καὶ
1644 4716 1738 4771 τοῦ
1770 4722 2041 4792 μακαρίου

462 4804 676 4857 Παύλου
712 4804 939 4868 πολλοὺς
982 4806 1173 4868 αὑταῖς
1218 4802 1459 4865 τιθέντος
1493 4800 1715 4872 νόμους,
1756 4802 1851 4854 καὶ
1904 4804 2043 4877 ὑπὲρ

459 4888 665 4959 τριχῶν
690 4889 920 4957 πλοκῆς,
969 4890 1063 4943 καὶ
1096 4889 1238 4959 ὑπὲρ
1272 4886 1571 4957 σπατάλης,
1615 4886 1710 4939 καὶ
1758 4886 1897 4958 ὑπὲρ
1935 4888 2043 4941 τῶν

462 4971 639 5025 ἀλλων
667 4971 776 5026 τῶν
805 4973 1061 5026 τοιούτων
1096 4971 1342 5041 σφοδρῶς
1390 4969 1750 5041 ἐπιτιμῶντος
1788 4968 1866 5040 τῷ
1895 4972 2043 5039 γένει

460 5056 654 5126 τούτῳ.
683 5058 793 5109 K01
817 5059 844 5109 6
879 5058 1107 5128 Χριστὸς
1135 5058 1191 5110 δέ
1221 5058 1308 5110 διὰ
1329 5056 1437 5108 τῶν
1467 5054 1592 5124 ἐξῆς
1630 5055 2043 5124 αἰνιγματωδῶς

460 5140 594 5192 06:6
618 5139 774 5193 τοῦτο
802 5140 1061 5209 ἐνέφηνεν
1079 5156 1094 5171 ο
1119 5141 1246 5193 ὃταν
1269 5140 1375 5209 γάρ
1392 5138 1740 5211 λέγῃ,“Ἐεελε
1762 5139 1854 5190 καὶ
1883 5137 2041 5192 ἐκκο-

460 5224 563 5292 ψον
590 5223 682 5277 τὸν
709 5225 1149 5290 σκανδαλίζοντα,
1185 5226 1283 5295 τὴν
1317 5224 1453 5295 πρὸς
1490 5222 1707 5282 ἐκείνας
1737 5221 1907 5292 ὀργὴν
1950 5223 2037 5274 ἐν-

460 5306 805 5379 δεικνύμενός
832 5324 985 5377 φησι.
1018 5309 1116 5360 Διά
1152 5307 1309 5360 τοῦτο
1348 5307 1440 5359 καὶ
1467 5306 1778 5373 ἐπήγαγεν·
1821 5302 1963 5356 Ἐὰν
2004 5307 2039 5357 ὀ

460 5390 767 5460 ὀφθαλμός
798 5408 915 5445 σου
938 5394 971 5445 ὁ
991 5390 1191 5457 δεξιὸς
1213 5388 1583 5456 σκανδαλίζῃ
1610 5404 1704 5450 σε,
1734 5386 1905 5450 ἔξελε
1929 5388 2035 5441 αὺο

458 5473 567 5527 τὸν
601 5475 699 5528 καὶ
722 5474 883 5539 ,βάλε
906 5475 1024 5530 ἀπὸ
1052 5474 1319 5529 σοῦ.’Ὶνα
1343 5472 1450 5543 γὰρ
1481 5472 1556 5543 μὴ
1576 5470 1739 5542 λέγῃς
1765 5480 1781 5498 ⁸
1819 5469 1883 5521 Τί
1916 5467 2029 5533 οὖν,

559 5566 936 5638 ’ί-ἐμδλέπων
987 5572 1054 5623 Α.
1111 5568 1175 5624 C.
1278 5568 1340 5638 "ﬂ
1377 5566 1537 5638 καλοῖ

458 5652 578 5690 πων
623 5635 694 5691 Β(
741 5640 801 5693 D.
857 5639 917 5694 F.
1023 5641 1070 5672 ’δ
1121 5639 1267 5692 δοκεῖ
1312 5636 1371 5691 Β.
1404 5638 1465 5689 ι).
1502 5635 1563 5689 F.

1227 270 1287 327 S.
1325 270 1611 326 JOANNIS
1649 266 2135 327 CHRYSOSTOMI
2173 267 2494 327 ARCHIEP.
2530 265 3073 324 CONSTANTINOP.

3641 266 3751 320 258

2163 390 2260 445 ἐάν
2301 384 2670 461 συγγενὴςῇ;
2713 388 2766 440 τί
2804 384 2897 441 οῦν
2922 428 2935 450 ,
2991 388 3085 440 ἐάν
3124 386 3298 449 ἄλλως
3336 402 3424 454 μοι
3454 384 3749 455 προσήκῃ;

2161 472 2249 525 διὰ
2284 472 2441 525 τοῦτο
2472 472 2648 525 ταῦτα
2693 471 3048 542 προσέταξεν,
3079 472 3141 523 o6
3182 469 3311 539 περὶ
3356 467 3531 537 μελῶν
3568 467 3754 525 διαῗι..

2162 554 2415 625 γόμενος,
2446 557 2624 622 ἄπαγε
2644 572 2655 584 ’
2693 552 2929 622 οὐδαμοῦ
2958 554 3063 624 γὰρ
3089 553 3189 622 τῆς
3213 550 3413 620 σαρκὸς
3447 549 3513 601 τά
3549 549 3751 618 ἐγκλη-

2165 654 2309 707 ματα
2348 633 2484 690 εἷναί
2540 654 2725 706 φησιν,
2756 637 2890 689 ἀλλά
2929 632 3203 703 πανταχοῦ
3248 635 3348 701 τῆς
3387 629 3612 701 γνώμης
3644 635 3750 701 τῆς

2163 723 2405 789 πονηρᾶς
2446 722 2477 789 ἡ
2504 721 2824 791 κατηγορία.
2864 721 2937 771 Οὐ
2975 720 3083 789 γὰρ
3118 721 3145 771 ὁ
3168 717 3441 787 ὀφθαλμός
3465 717 3510 747 ⁸⁸
3539 717 3689 767 ἐστιν
3720 720 3751 769 6

2161 805 2321 873 ὁρῶν,
2341 805 2455 856 ἀλλ’
2481 807 2509 856 6
2529 804 2654 867 νοῦς
2679 804 2770 857 καὶ
2792 806 2819 856 6
2841 804 3115 872 λογισμός.
3137 802 3401 863 Πολλάκις
3428 799 3557 867 γοῦν
3583 798 3752 853 ἀλλα·

2161 889 2257 957 χοῦ
2288 888 2683 957 τετραμμένων
2721 888 2882 957 ήμῶν
2917 889 2948 940 6
2984 885 3261 955 ὀφθαλμὸς
3302 885 3429 947 τοὺς
3467 883 3748 954 παρόντας

2159 972 2220 1023 06
2253 971 2474 1040 βλέπει’
2518 969 2659 1023 ὥστε
2685 972 2784 1024 ούκ
2826 971 2974 1023 ἐστιν
3014 969 3181 1024 αὐτοῦ
3214 970 3314 1040 τῆς
3358 969 3638 1038 ἐνεργείας
3684 968 3749 1021 :6

2162 1059 2287 1110 πᾶν.
2322 1057 2384 1109 Et
2414 1056 2521 1124 γὰρ
2556 1055 2683 1124 περὶ
2734 1054 2906 1123 μελῶν
2958 1055 3172 1121 ἔλεγεν,
3203 1053 3307 1106 οὐκ
3342 1053 3409 1105 ἂν
3448 1054 3574 1121 1:891
3614 1052 3740 1115 ἐνὸς

2160 1136 2314 1192 εἶπεν
2338 1138 2643 1207 ὀφθαλμοῦ,
2673 1139 2780 1190 οὐδ’
2812 1138 2878 1189 ἂν
2904 1136 2995 1189 τοῦ
3022 1135 3198 1199 δεξιοῦ
3227 1136 3408 1205 μόνον,
3439 1134 3577 1188 ἀλλά
3609 1136 3743 1204 περὶ

2160 1222 2511 1291 ἀμφοτέρων.
2560 1221 2617 1273 'U
2648 1221 2756 1290 γάρ
2782 1220 2887 1273 ὑπὸ
2920 1219 3011 1273 τοῦ
3040 1218 3215 1283 δεξιοῦ
3236 1217 3743 1285 σκανδαλιζόμενος,

2160 1304 2378 1374 εὔδηλον
2407 1305 2487 1356 ὅτι
2519 1304 2612 1356 καὶ
2638 1303 2742 1355 61:6
2765 1302 2856 1355 :06
2887 1301 3178 1372 ἀριστεροῦ
3200 1301 3258 1354 :6
3288 1301 3419 1353 06:6
3437 1300 3595 1353 τοῦτο
3624 1300 3743 1352 πεί-

2162 1405 2335 1443 σεται.
2365 1387 2520 1449 Τίνος
2554 1383 2646 1439 οὖν
2676 1387 2858 1439 ἐνεκεν
2902 1386 2991 1439 τὸν
3029 1386 3202 1449 δεξιὸν
3225 1388 3269 1418 ⁸⁸
3298 1384 3483 1455 ἔθηκε,
3513 1385 3608 1438 καὶ
3637 1382 3742 1456 τὴν

2161 1476 2319 1545 χεῖρα
2358 1470 2697 1541 προσέθηκεν
2719 1488 2733 1534 ;
2759 1471 2879 1522 ’Ὶνα
2915 1469 3092 1541 μάθῃς
3121 1470 3202 1523 ὃτι
3239 1468 3301 1521 06
3332 1468 3461 1538 περὶ
3502 1468 3679 1538 μελῶν
3713 1470 3745 1521 6

2160 1554 2337 1623 λόγος.
2370 1552 2508 1607 ἀλλά
2558 1553 2687 1620 περὶ
2718 1551 2825 1605 τῶν
2858 1552 3073 1617 οἰκείως
3120 1553 3256 1624 πρὸς
3294 1553 3441 1623 ἡμᾶς
3483 1552 3743 1620 ἐχόντων.

2164 1639 2263 1690 ’Ἂν
2285 1638 2395 1707 γάρ
2418 1652 2540 1689 τινα
2563 1636 2702 1689 οῦτω
2734 1635 2914 1706 φιλῇς,
2947 1636 3132 1706 φησὶν,
3164 1636 3239 1699 ὠς
3266 1638 3323 1689 ἐν
3348 1634 3500 1707 χώρα
3519 1637 3535 1667 ⁸
3561 1636 3742 1702 δεξιοῦ

2158 1720 2460 1791 ὀφθαλμοῦ,
2507 1720 2539 1790 ἢ
2592 1719 2734 1773 οὕτω
2765 1721 3032 1791 χρήσιμον
3077 1715 3215 1772 εἰναι
3268 1720 3514 1791 νομίσῃς,
3554 1720 3628 1783 ὡς
3683 1720 3745 1770 ἐν

2158 1806 2309 1871 τάξει
2335 1806 2479 1874 ἔχειν
2504 1804 2701 1874 χειρὸς,
2737 1806 2833 1855 καὶ
2866 1803 3075 1873 βλάπτῃ
3102 1806 3123 1835 ¹
3154 1821 3248 1856 σου
3276 1802 3375 1875 τὴν
3414 1804 3611 1873 ψυχὴν,
3648 1803 3747 1855 καὶ

2158 1890 2381 1950 τούτους
2410 1890 2673 1957 ἀπότεμε.
2712 1887 2823 1940 Καὶ
2851 1889 2953 1959 690
2991 1887 3089 1958 τὴν
3126 1888 3382 1957 ἔμφασιν.
3416 1888 3492 1940 Ού
3520 1887 3629 1956 γὰρ
3660 1884 3745 1938 εἰ·

2160 1991 2283 2036 πεν,
2319 1970 2612 2041 Ἀπόστηθι
2632 1986 2648 2002 ⁸
2666 1970 2803 2025 ἀλλά
2830 1971 2921 2023 τὸν
2949 1972 3115 2024 πολὺν
3142 1972 3417 2041 χωρισμὸν
3439 1970 3743 2040 ἐμφαίνων,

2164 2058 2399 2122 Ἕξελε,
2426 2057 2579 2125 φησι,
2607 2055 2706 2108 καὶ
2737 2054 2897 2119 βάλε
2917 2055 3035 2108 ἀπὸ
3076 2055 3215 2109 σοῦ.
3241 2051 3373 2108 Εἶτα
3401 2055 3586 2125 ἐπειδὴ
3615 2056 3747 2107 ἀπο-

2159 2144 2340 2211 τόμως
2369 2140 2642 2203 ἐκέλευσε,
2663 2139 2904 2191 δείκνυσι
2936 2137 3089 2210 [2261
3118 2138 3212 2192 καὶ
3242 2139 3304 2191 τὸ
3334 2138 3521 2209 κέρδος
3552 2139 3748 2192 ἐκατέ-

2161 2223 2355 2296 ρωθεν,
2387 2222 2495 2275 ἀπό
2522 2238 2581 2274 τε
2607 2222 2715 2274 τῶν
2749 2220 2990 2290 ἀγαθῶν,
3027 2221 3135 2274 ἀπό
3160 2239 3215 2274 τε
3248 2221 3355 2273 τῶν
3400 2220 3585 2275 κακῶν
3616 2224 3746 2273 ἐπι-

2163 2306 2340 2376 μένων
2365 2308 2431 2376 τῇ
2461 2306 2774 2376 μεταφορᾷ·
2811 2303 3100 2374 Σιμφέρει
3128 2303 3237 2374 γάρ
3268 2320 3387 2367 σοι,
3421 2305 3604 2373 φησὶν,
3639 2305 3745 2357 ἵνα

2159 2390 2455 2456 ἀπόληται
2471 2389 2541 2443 ἐν
2561 2388 2680 2443 τῶν
2696 2387 2901 2458 μελῶν
2918 2404 3055 2451 σου,
3075 2388 3174 2443 καὶ
3199 2390 3284 2458 μὴ
3307 2389 3455 2442 ὅλον
3476 2388 3541 2442 τὸ
3570 2387 3745 2458 σῶμά

2158 2491 2274 2528 σου
2300 2472 2511 2542 βληθῇ
2537 2475 2624 2539 εἰς
2662 2472 2934 2543 γέενναν.
2977 2474 3145 2526 Ὅταν
3185 2475 3320 2542 μήτε
3352 2473 3543 2528 ἑαυτὸν
3573 2472 3593 2503 ³
3621 2474 3741 2527 δια-

2160 2557 2329 2631 σώζῃ,
2370 2560 2463 2611 καὶ
2504 2560 2562 2611 σὲ
2597 2557 3008 2629 προσαπολλύῃ,
3052 2558 3178 2611 ποία
3214 2557 3593 2627 φιλανθρωπία
3626 2560 3739 2627 ἀμ-

2158 2642 2418 2712 φοτέρους
2444 2640 2953 2706 καταποντίζεσθαι,
2975 2641 3095 2705 ἐξὸν
3117 2640 3493 2711 χωρισθέντων
3518 2641 3620 2693 κᾶν
3640 2641 3739 2694 ἐνα

2159 2724 2433 2794 σωθῆναι;
2480 2724 2543 2776 Τί
2578 2720 2670 2777 οὖν
2718 2726 2747 2777 6
2788 2724 2998 2788 Παῦλος
3039 2724 3243 2787 εἵλετο,
3272 2725 3456 2793 φησὶν.
3491 2724 3739 2793 ἀνάθεμα

2156 2806 2407 2874 γενέσθαι
2433 2823 2447 2871 ;
2480 2806 2592 2876 Οὐχ
2625 2805 2764 2860 ὥστε
2803 2808 2967 2878 μηδὲν
2999 2808 3274 2877 κερδᾶναι,
3301 2806 3415 2860 ἀλλ’
3443 2807 3583 2859 ὥστε
3617 2808 3731 2860 ἐτέ-

2158 2907 2284 2960 ρους
2317 2892 2575 2961 σωθῆναι.
2615 2891 2879 2945 Ἐνταῦθα
2902 2893 2959 2945 δέ
2982 2892 3307 2962 ἀμφοτέρων
3327 2894 3361 2961 ἡ
3392 2890 3564 2961 βλάὸη
3596 2891 3742 2958 γίνε-

2154 2990 2275 3025 ταιθ
2309 2972 2497 3044 διόπερ
2542 2975 2644 3027 ούκ
2682 2970 2870 3037 εἶπεν,
2915 2976 3162 3038 Ἔξελε,
3200 2974 3396 3044 μόνον,
3440 2974 3577 3027 ἀλλά
3618 2975 3740 3037 καὶ,

2155 3055 2309 3109 Βάλε
2332 3056 2447 3109 ἀπὸ
2474 3056 2613 3122 σοῦ,
2635 3057 2776 3112 ὥστε
2804 3057 2826 3089 ⁵
2859 3058 3055 3128 μηκέτι
3092 3057 3411 3128 λαμόάνειν,
3436 3055 3529 3110 ἐὰν
3560 3057 3742 3110 τοιοῦ-

2154 3154 2241 3201 τος
2283 3138 2440 3210 μένῃ.
2482 3138 2638 3192 Οῦτω
2671 3140 2780 3211 γάρ
2824 3143 3073 3193 κάκεῖνον
3118 3140 3364 3211 μείζονος
3410 3138 3744 3205 ἀπαλλάξεις

2153 3220 2519 3291 ἐγκλήματος,
2545 3222 2639 3275 καὶ
2670 3223 2861 3276 σαυτὸν
2891 3222 3163 3286 ἀπωλείας
3183 3221 3592 3293 ἐλευθερώσεις.
3620 3223 3742 3275 ἰνα

2153 3304 2209 3356 δὲ
2236 3305 2329 3355 καὶ
2353 3304 2685 3376 σαφέστερον
2718 3306 2833 3376 ίδῃς
2866 3305 2958 3358 τοῦ
2987 3306 3152 3376 νόμου
3180 3306 3241 3358 :6
3261 3305 3470 3376 κέρδος,
3492 3308 3540 3358 εἰ
3568 3305 3737 3369 δοκεῖ,

2153 3387 2245 3438 καὶ
2280 3387 2372 3439 ἐπὶ
2400 3388 2653 3457 σώματος
2685 3388 2805 3441 καθ’
2831 3389 3085 3441 ὑπόθεσιν
3116 3386 3458 3457 ἐξετάσωμεν
3489 3389 3549 3441 :6
3582 3392 3739 3460 εἰρη-

2156 3471 2337 3539 μένον.
2364 3472 2426 3525 Εἰ
2457 3471 2567 3543 γὰρ
2616 3473 2831 3543 αἵρεσις
2873 3472 3184 3543 προύκειτο,
3223 3476 3319 3526 καὶ
3356 3473 3567 3545 ἀνάγκη
3596 3470 3667 3544 ἦν
3702 3476 3736 3545 ἦ

2151 3554 2243 3607 τὸν
2285 3555 2564 3624 ὀφθαλμὸν
2613 3556 2806 3625 ἔχοντα
2857 3555 3195 3625 ἐμϐληθῆναι
3252 3558 3333 3620 είς
3367 3556 3587 3628 ὄρυγμα
3640 3562 3742 3612 καὶ

2153 3638 2471 3697 ἀπολέσθαι,
2516 3638 2550 3708 ἢ
2592 3638 2843 3704 ἐξελόντα
2875 3638 2939 3689 :6
2971 3638 3155 3691 λοιπὸν
3198 3638 3369 3693 σῶσαι
3407 3639 3590 3711 σῶμα,
3625 3636 3741 3712 ἆρα

2151 3721 2252 3773 οὐκ
2275 3720 2342 3773 ἂν
2366 3721 2427 3773 :6
2456 3720 2709 3791 δεύτερον
2730 3721 2923 3787 ἐδέξως
2955 3722 3123 3775 Παντί
3150 3738 3251 3774 που
3289 3722 3447 3793 δῆλόν
3472 3725 3639 3778 ἐστιν.
3658 3727 3736 3779 Ού

2152 3804 2259 3874 γὰρ
2285 3803 2569 3873 μισοῦντος
2590 3800 2659 3873 ἦν
2682 3803 2838 3857 τοῦτο
2866 3804 2956 3857 τὸν
2978 3804 3275 3875 ὀφθαλμὸν,
3303 3805 3439 3858 ἀλλά
3459 3806 3521 3859 :6
3550 3806 3737 3861 λοιπὸν

2153 3885 2433 3955 φιλοῦντος
2480 3887 2659 3957 σῶμα.
2696 3886 2868 3940 Τοῦτο
2898 3887 2963 3959 δὴ
3003 3888 3096 3941 καὶ
3140 3887 3228 3940 ἐπ’
3271 3888 3482 3958 ἀνδρῶν
3514 3888 3735 3957 λογίζου

2152 3970 2563 4039 καὶγυναικῶν.
2602 3973 2664 4023 Εἰ
2693 3972 2800 4041 γάρ
2823 3973 2851 4023 6
2879 3970 3131 4041 βλάπτων
3152 3988 3209 4023 σε
3241 3974 3304 4042 τῇ
3334 3971 3486 4043 φιλίᾳ
3512 3974 3737 4039 ἀνίατος

2154 4054 2304 4124 μένοι
2326 4054 2369 4117 ⁵,
2400 4054 2493 4107 καί
2530 4054 2587 4106 σέ
2608 4053 2781 4124 λύμης
2811 4053 3106 4118 ἀπαλλάξει
3132 4055 3309 4123 πάσης
3333 4055 3735 4126 ἐκκοπτόμενος

2150 4135 2291 4189 οὕτω
2335 4138 2392 4199 ⁸,
2449 4136 2542 4189 καὶ
2598 4137 2758 4200 06:6;
2809 4136 2919 4189 τῶν
2965 4136 3227 4208 μειζόνων
3288 4137 3736 4209 ἀπαλλαγήσεται

2149 4220 2531 4290 ἐγκλημάτων,
2566 4220 2747 4273 ούκέτι
2780 4220 2919 4290 μετά
2942 4220 3052 4273 τῶν
3076 4219 3241 4273 αὑτοῦ
3268 4220 3454 4275 κακῶν
3502 4223 3597 4274 καὶ
3634 4225 3738 4292 τῆς

2152 4303 2251 4373 σῆς
2283 4303 2563 4367 ἀπωλείας
2588 4304 2678 4357 τὸν
2708 4302 2864 4372 λόγον
2887 4303 3122 4374 ὑπέχων.
3156 4300 3306 4368 Εἶδες
3328 4304 3347 4337 ⁷
3369 4304 3500 4375 ὅσης
3528 4307 3738 4375 ἡμερόο

2147 4403 2307 4456 τητος
2338 4390 2367 4441 6
2395 4389 2557 4458 νόμος
2580 4393 2739 4457 γέμει
2776 4388 2869 4440 καὶ
2908 4387 3270 4459 κηδεμονίας;
3304 4388 3398 4441 καλ⁵
3429 4390 3462 4458 ή
3496 4388 3734 4443 δοκοῦσα

2149 4472 2297 4538 παρά
2328 4475 2440 4534 τοίς
2467 4471 2682 4536 πολλοῖς
2711 4472 2984 4541 ἀποτομία
3014 4467 3173 4535 εῖναι,
3202 4470 3376 4540 πόσην
3392 4472 3731 4527 ἐνδείκνυται

2148 4554 2340 4623 φιλανθ
2351 4555 2597 4625 ρωπίαν;
2636 4556 3007 4609 Ἀκουέτωσαν
3035 4557 3239 4609 τούτων
3265 4558 3313 4609 οί
3336 4556 3473 4627 πρὸς
3505 4556 3574 4609 τά
3600 4557 3732 4611 θέα-

2144 4655 2250 4709 τρα
2286 4638 2604 4702 σπεύδοντες
2626 4679 2640 4699 ,
2684 4639 2775 4691 καὶ
2809 4640 3027 4710 μοιχοὺς
3062 4640 3289 4703 ἑαυτοὺς
3321 4640 3441 4691 καθ’
3488 4642 3730 4711 ἑκάστην

2146 4721 2425 4783 ποιοῦντες
2460 4722 2559 4793 τὴν
2607 4723 2840 4793 ἡμέραν.
2872 4725 2934 4776 Εἰ
2974 4722 3083 4792 γάρ
3117 4723 3209 4776 τὸν
3251 4723 3600 4778 οίκειωθέντα
3630 4728 3724 4780 ἐπὶ

2147 4802 2319 4875 βλάϐῃ
2349 4806 2633 4859 ἐκκόπτειν
2657 4808 2686 4858 6
2713 4807 2873 4877 νόμος
2902 4806 3132 4870 κελεύει,
3149 4807 3270 4859 τίνα
3298 4806 3365 4859 ἂν
3394 4807 3566 4876 ἔχοιεν
3592 4809 3728 4862 ἀπο-

2144 4886 2331 4954 λογίαν
2363 4890 2411 4940 οί
2436 4890 2561 4951 τοὺς
2588 4890 2797 4943 οὐδέπω
2823 4892 3146 4959 γενομένους
3177 4891 3487 4962 γνωρίμους
3508 4890 3596 4945 διὰ
3624 4892 3725 4960 τῆς

2145 4972 2261 5023 ἐκεῖ
2288 4971 2571 5042 διατριϐῆς
2615 4972 2737 5025 καθ’
2773 4973 3011 5044 ἑκάστην
3052 4974 3427 5043 ἐπισπώμενοι
3457 4972 3555 5044 τὴν
3585 4976 3718 5044 ήμέ-

2145 5071 2268 5123 ραν,
2300 5055 2394 5108 καὶ
2428 5055 2629 5125 μυρίας
2671 5057 3167 5122 κατασκευάζοντες
3200 5060 3411 5119 ἑαυτοῖς
3448 5056 3726 5120 ἀπωλείας

2141 5138 2424 5209 ἀφορμάς;
2454 5140 2528 5193 06
2552 5138 2660 5211 γὰρ
2684 5142 2842 5213 μόνον
2869 5141 3180 5206 ἀκολάστως
3210 5143 3336 5196 ἰδεῖν
3360 5143 3421 5196 06
3451 5153 3727 5214 συγχωρεῖ

2140 5220 2359 5274 λοιπόνι
2408 5220 2524 5274 ἀλλ’
2576 5224 2764 5296 ἐπειδὴ
2804 5226 2904 5295 τὴν
2937 5226 3000 5278 ἐκ
3042 5225 3137 5278 τοῦ
3185 5226 3509 5297 πράγματος
3552 5226 3728 5291 ἔδειξε

2142 5304 2367 5375 βλάϐην,
2406 5306 2501 5358 καὶ
2541 5307 2800 5361 ἐπιτείνει
2843 5308 2933 5361 τὸν
2963 5308 3126 5378 νόμον
3168 5308 3401 5380 προῖὼν,
3430 5310 3727 5363 ἐκκόπτειν

2140 5387 2378 5441 κελεύων
2410 5389 2503 5442 καὶ
2525 5391 2856 5461 ἀποτέμνειν
2878 5392 2973 5445 καὶ
2999 5392 3188 5463 πόρρω
3210 5409 3312 5446 που
3346 5394 3580 5465 βάλλειν.
3606 5396 3722 5450 K01

2138 5470 2307 5524 :06:0
2352 5473 2381 5524 6
2415 5473 2639 5543 μυρίους
2667 5476 2795 5545 περὶ
2830 5475 3049 5545 ἀγάπης
3082 5477 3307 5546 κινήσας
3342 5477 3532 5547 λόγους
3556 5495 3725 5549 νομο-

1817 5562 1863 5593 ⁹³
1915 5562 2052 5640 άξαν

2154 5562 2321 5640 ’FPY]
2388 5563 2480 5621 δίο
2537 5568 2604 5622 Α·
2660 5568 2724 5640 (ἶο
2776 5567 2876 5640 Ep;
2925 5567 3296 5640 ἀπάντων-Ε.
3351 5570 3449 5625 Ge.
3504 5570 3727 5640 ἀνθρώ..

1667 5635 1712 5665 9⁵
1762 5630 2052 5711 ﬂown-[61h

2168 5635 2222 5711 "_
2252 5630 2498 5711 λέγοντος
2538 5654 2649 5694 om.
2676 5630 2968 5711 ξανέΒιιυς
2987 5637 3211 5711 Δπολλά]
3250 5642 3344 5693 καὶ
3372 5641 3543 5711 πολλά
3558 5630 3623 5711 ΒῘ
3654 5640 3714 5698 F.

458 5710 712 5760 ἀποτεινο
759 5709 903 5779 ένου]
931 5711 1023 5762 καὶ
1043 5710 1201 5763 ἀποτ.
1242 5708 1302 5761 D.
1380 5708 1423 5740 ’⁷
1446 5708 1649 5759 ἐκεῖνον
1666 5705 1730 5756 Α.
1765 5703 1826 5757 F.
1904 5703 1949 5733 "
1979 5702 2052 5771 6:9

460 5775 647 5829 ἐθηκεί
680 5728 887 5829 τέιθεικε
922 5779 981 5829 Β.
1011 5779 1107 5829 En.
1133 5775 1335 5829 εἷπεΑ.
1416 5780 1431 5809 ¹
1468 5775 1642 5829 γώοιι
1677 5776 1800 5827 add.
1824 5771 2026 5825 τιθέναι

2196 5703 2278 5775 ός]
2313 5702 2436 5778 add.
2478 5724 2571 5761 σου
2592 5711 2657 5764 Α.
2690 5709 2751 5762 C.
2783 5708 2843 5761 E.
2923 5708 2966 5737 ”
2981 5706 3171 5779 δεξιόν]
3192 5702 3316 5763 add.
3350 5711 3378 5761 6
3422 5710 3713 5779 0019.611}.

2154 5722 2212 5829 ἕ.
2237 5774 2434 5829 δεξιοῦί
2473 5780 2598 5829 add.
2625 5779 2766 5829 ἐνειν
2801 5779 2839 5829 Β
2935 5778 2955 5807 ¹
2989 5777 3221 5829 Βλάπτνη]
3262 5728 3439 5829 Sic
3463 5780 3525 5829 C.
3548 5776 3713 5829 vm'lm

460 5775 647 5857 ξθηκει
680 5771 903 5857 τέθεικε
922 5779 981 5857 If.
1011 5779 1107 5857 Εἰ).
1133 5775 1254 5857 εἷπε
1416 5775 1648 5857 χχιὺριὶ
1677 5771 2026 5857 αι.1“ιί.·τιθέναι
2055 5776 2117 5827 Α.
2151 5771 2212 5829 C.
2237 5771 2357 5857 δεςι]

462 5843 709 5935 ἓλέξῖιτέεο
727 5846 966 5935 τρύτιιςλ
994 5843 1266 5935 τ’»δτονηΑ-
1298 5849 1361 5903 (³-
1438 5843 1775 5935 "1136):"-
1802 5843 1859 5895 ν·
1891 5857 2027 5935 ιλ..ιό
2060 5843 2459 5935 τξρεὶτξξιπῆλέξξέι
2485 5843 2734 5935 1253:"!-

2237 5774 2434 5851 δεξιοῦ]
2473 5780 2598 5851 add:
2625 5779 2766 5851 ἔχειν
2801 5779 2849 5851 υ.
2890 5848 2911 5851 __
2935 5778 2955 5807 θ
2989 5774 3221 5851 βλάπτῃ]
3262 5780 3353 5834 Sic
3379 5774 3439 5833 Β.
3463 5774 3717 5851 Οξνυρςο

2838 5846 3042 5918 δῶστε]
3073 5848 3148 5918 ῶς
3172 5846 3241 5905 λ.
3267 5853 3327 5907 (ὲ.
3365 5851 3427 5905 Ε.
3500 5850 3522 5881 ⁸
3556 5846 3713 5918 μίένει

460 5912 606 5969 A.C.
679 5918 699 5947 ⁶
727 5918 888 5989 οὕτω]
914 5911 1066 5983 οἶτος
1088 5926 1152 5974 Α.
1183 5920 1245 5975 C.
1275 5929 1326 5973 et
1356 5936 1500 5973 corr.
1534 5917 1592 5970 Β.
1630 5911 1772 5967 οὕτω
1795 5928 1907 5965 om.
1942 5911 2000 5963 1³.

2154 5911 2312 5984 ῖῑδες]
2350 5914 2481 5973 Vide
2517 5917 2652 5973 Edd.
2687 5918 2842 5990 ὅσης]
2872 5911 3044 5989 πόσης
3076 5916 3136 5971 E.
