4084 6210
370 374 474 435 ππ

375 492 441 546 tis
462 488 540 544 rei
562 484 759 541 fuerint
786 476 1240 541 l‘ornicationibus,
1271 473 1505 545 quotidie
1530 473 1647 526 illas
1672 485 1793 525 cum
1822 484 1950 525 con-

375 579 699 651 cupiscentia
741 576 1025 628 intuentes.
1052 566 1282 637 Ideoque
1308 566 1496 621 beatus
1528 564 1629 618 Job
1673 562 1810 615 hanc
1848 560 1949 651 sibi

378 673 553 741 legem
581 684 611 723 a
638 663 894 738 principio
926 660 1132 731 posuit,
1176 672 1236 713 se
1280 656 1476 725 ubique
1513 653 1770 710 cohibens
1800 666 1831 704 a
1859 650 1952 705 tali

381 759 678 833 spectaculo
692 756 721 827 ⁴(
736 754 836 809 Job
864 754 954 809 51.
982 751 1079 821 '9).
1106 749 1237 805 Nam
1264 758 1410 803 certe
1438 754 1557 815 post
1579 753 1850 814 aspectum
1887 756 1955 796 ne

384 851 573 907 fruaris
613 848 697 902 illa
743 860 903 916 quam
932 857 1113 904 amas,
1142 838 1313 909 majus
1342 848 1423 892 est
1448 845 1717 891 certamen
1744 852 1759 888 :
1783 846 1955 902 neque

384 953 576 998 tantam
603 939 671 993 ab
699 946 917 1007 aspectu
961 932 1283 1003 percipimus
1325 928 1673 997 voluptatem,
1706 932 1954 994 quantam

380 1050 408 1087 a
435 1030 745 1102 cupiditatis
786 1034 1074 1095 augmento
1125 1021 1432 1091 experimur
1480 1016 1801 1088 perniciem,
1832 1015 1956 1070 dum

380 1122 518 1175 hosti
544 1118 912 1175 fortitudinem
948 1114 1295 1173 accersimus,
1322 1119 1381 1165 et
1406 1109 1621 1164 diabolo
1664 1106 1836 1176 majus
1863 1120 1961 1160 no-

378 1211 536 1266 cendi
562 1209 793 1280 spatium
832 1215 891 1261 et
933 1205 1107 1259 locum
1150 1203 1339 1258 damus
1365 1220 1378 1253 :
1408 1210 1465 1254 ut
1494 1215 1665 1270 neque
1694 1198 1959 1268 possimus

380 1303 456 1357 illi
486 1303 756 1363 resistere,
781 1308 1059 1369 postquam
1090 1296 1142 1349 in
1171 1295 1353 1349 Intima
1374 1292 1553 1348 cordis
1578 1292 1725 1345 illum
1752 1290 1964 1345 induxi-

383 1411 525 1461 mus,
553 1406 603 1447 et
632 1400 871 1463 apertum
914 1390 1013 1459 ipsi
1052 1389 1285 1443 animum
1334 1384 1704 1455 expzmdimus.
1763 1383 1966 1437 Idcirco

385 1491 459 1542 ait
488 1504 501 1541 :
527 1485 645 1541 Noli
666 1484 919 1540 mazchari
948 1481 1115 1536 oculis
1136 1520 1151 1546 ,
1181 1485 1236 1534 et
1255 1478 1436 1533 animo
1460 1491 1572 1530 non
1589 1472 1964 1529 moechaberis.

388 1579 485 1635 Est
508 1578 651 1632 enim
674 1584 729 1630 et
764 1574 900 1628 alius
927 1569 1218 1640 aspiciendi
1264 1567 1455 1622 modus
1476 1605 1492 1630 ,
1523 1577 1580 1619 ut
1608 1565 1740 1617 casti
1766 1563 1970 1616 scilicet

386 1670 669 1740 aspiciunt.
702 1666 931 1734 Ideoque
958 1678 1068 1717 non
1097 1660 1409 1730 simpliciter
1437 1668 1707 1726 aspectum
1736 1654 1967 1719 sustulit,

388 1761 482 1815 sed
525 1768 801 1828 aSpectum
828 1771 949 1809 cum
984 1750 1432 1820 concupiscentia.
1488 1747 1597 1801 Nisi
1624 1746 1764 1801 enim
1793 1745 1845 1799 id
1868 1744 1971 1801 sibi

388 1852 667 1913 voluisset,
724 1848 947 1903 dixisset
999 1844 1201 1913 utique,
1246 1841 1347 1908 Qui
1405 1839 1621 1907 respicit
1657 1836 1967 1897 mulierem,

389 1940 704 2011 simpliciter
727 1957 742 1991 :
772 1952 877 1992 non
903 1936 981 1990 sic
1004 1943 1182 1989 autem
1207 1932 1378 1995 dixit,
1406 1930 1523 1995 sed,
1556 1928 1653 1996 Qui
1677 1925 1974 1995 respexerit

392 2032 459 2087 ad
494 2026 996 2099 concupiscendum,
1023 2024 1111 2094 qui
1139 2020 1458 2092 respexerit,
1488 2029 1546 2072 ut
1573 2026 1843 2086 aspectum
1874 2013 1972 2068 de-

395 2127 578 2180 lectet.
621 2120 735 2176 Non
761 2118 903 2174 enim
933 2117 1054 2171 ideo
1083 2114 1177 2169 tibi
1207 2114 1347 2168 Deus
1374 2111 1557 2166 oculos
1582 2107 1762 2172 dedit,
1786 2118 1842 2161 ut
1870 2105 1975 2159 illis

394 2213 463 2269 ad
484 2211 881 2269 fornicationem
903 2204 1255 2262 inducendam
1276 2202 1463 2266 utaris,
1487 2201 1581 2256 sed
1606 2208 1662 2253 ut
1686 2201 1804 2267 ejus
1824 2210 1975 2252 crea-

400 2317 548 2361 turas
617 2305 823 2369 videns,
873 2302 1185 2357 Creatorem
1231 2298 1463 2353 mireris.
1520 2293 1974 2364 Quemadmodum

395 2411 524 2468 ergo
591 2396 706 2451 ﬁeri
755 2402 930 2465 potest
971 2402 1031 2447 ut
1094 2400 1300 2447 temere
1366 2387 1613 2444 irascaris
1662 2404 1675 2441 :
1726 2386 1795 2439 ita
1865 2383 1977 2439 lleri

393 2498 570 2561 potest
592 2496 655 2541 ut
689 2496 891 2542 temere
929 2482 1182 2554 aspicias,
1202 2496 1327 2537 cum
1382 2493 1576 2549 nempe
1622 2477 1687 2531 ad
1721 2476 1977 2545 concupi-

394 2579 651 2635 scentiam
703 2575 998 2647 aspexeris.
1042 2574 1097 2630 Si
1141 2573 1285 2629 enim
1330 2570 1597 2640 respicere
1644 2578 1699 2622 et
1726 2567 1979 2622 delectari

395 2671 548 2735 velis,
572 2669 778 2739 respice
802 2682 1023 2722 uxorem
1054 2676 1225 2730 tuam,
1256 2664 1509 2740 illamque
1538 2670 1796 2731 perpetuo
1823 2674 1978 2714 ama:

399 2762 541 2816 nulla
564 2762 613 2814 id
637 2761 723 2814 lex
751 2758 1019 2828 prohibet.
1041 2756 1096 2811 Si
1118 2771 1246 2810 vero
1265 2755 1495 2808 alienam
1519 2755 1742 2808 formam
1769 2752 1984 2806 curiose

399 2854 592 2907 intueri
630 2849 893 2915 volueris,
915 2857 971 2902 et
993 2847 1136 2902 illam
1165 2844 1334 2909 ludis,
1354 2845 1458 2898 alio
1485 2843 1669 2898 oculos
1697 2851 1980 2908 avertens;

399 2955 452 3000 et
506 2945 643 2998 hanc
696 2956 854 3011 quam
904 2940 1167 3010 respicis,
1199 2939 1244 2993 si
1275 2936 1458 2992 illicito
1507 2936 1648 2990 illam
1681 2935 1981 3005 contingas.

406 3036 626 3090 Etiamsi
655 3034 798 3088 enim
838 3031 984 3085 illam
1029 3044 1189 3083 manu
1234 3043 1340 3082 non
1368 3026 1658 3096 contigeris
1679 3067 1693 3091 ,
1725 3035 1779 3080 at
1816 3025 1985 3081 oculis

401 3125 701 3196 contigisti;
757 3121 985 3190 ideoque
1034 3119 1165 3175 illud
1218 3134 1314 3189 pro
1356 3116 1622 3172 adulterio
1671 3124 1982 3185 reputatur,

402 3227 457 3273 et
515 3223 638 3271 ante
700 3213 1016 3283 supplicium
1082 3210 1214 3265 illud
1267 3209 1632 3274 destinatum,
1674 3206 1820 3261 aliud
1878 3221 1983 3259 non

408 3309 526 3363 leve
572 3306 888 3375 supplicium
938 3301 1160 3358 inducit.
1203 3301 1332 3356 Nam
1363 3299 1594 3354 tumultu
1623 3306 1679 3353 et
1704 3296 1985 3367 perturba-

404 3400 551 3453 tione
576 3397 752 3452 omnia
780 3394 1031 3450 interiora
1056 3393 1259 3463 replet;
1284 3407 1473 3461 magna
1497 3391 1649 3445 adest
1672 3398 1985 3459 tempestas,

406 3490 752 3560 gravissimus
794 3486 982 3550 dolor,
1025 3499 1126 3540 nec
1153 3484 1375 3539 meliore
1419 3482 1724 3536 conditione
1752 3480 1858 3536 erit
1898 3479 1990 3534 ille

406 3582 500 3653 qui
521 3581 637 3635 haec
664 3579 888 3649 patitur,
916 3593 1074 3648 quam
1102 3577 1139 3632 ii
1163 3577 1252 3646 qui
1278 3575 1507 3629 vinculis
1530 3582 1587 3628 et
1612 3572 1820 3628 catenis
1860 3587 1991 3627 con-

408 3674 583 3730 stricti
604 3681 745 3727 sunt.
774 3672 840 3726 Et
868 3671 986 3733 illa,
1020 3685 1140 3741 qua:
1183 3669 1347 3723 telum
1379 3667 1593 3733 emisit,
1622 3680 1766 3736 saepe
1792 3664 1986 3731 avolat,

412 3764 707 3833 vulnusque
731 3770 908 3816 tamen
934 3769 1134 3815 manet.
1158 3757 1269 3813 Iino
1284 3772 1415 3813 vero
1436 3772 1541 3811 nou
1567 3756 1656 3811 illa
1678 3756 1837 3811 telum
1858 3755 1992 3811 emi-

411 3855 500 3919 sit,
523 3853 617 3909 sed
644 3863 699 3907 tu
729 3854 842 3921 ipse
873 3852 965 3906 tibi
994 3851 1204 3906 letalem
1233 3851 1441 3919 plagam
1471 3847 1705 3902 inﬂixisti
1724 3888 1740 3914 ,
1773 3847 1862 3917 qui
1888 3847 1989 3901 im-

414 3946 607 4016 pudice
626 3945 848 3998 iutuitus
876 3956 954 3998 es.
992 3941 1059 3995 Et
1084 3940 1201 3995 haec
1226 3938 1381 4006 dico,
1410 3948 1469 3993 ut
1495 3938 1713 4008 pudicas
1740 3937 1807 3992 ab
1835 3952 1993 3993 accu-

410 4039 621 4094 satione
648 4037 902 4093 eximam.
934 4033 991 4090 Si
1035 4048 1139 4104 qua
1184 4046 1311 4088 vero
1354 4045 1475 4087 sese
1518 4031 1589 4086 ita
1632 4040 1889 4095 exornat,
1936 4039 1996 4084 ut

409 4126 922 4187 obviorum'oculos
933 4125 998 4181 ad
1023 4138 1082 4179 se
1106 4130 1403 4189 convertat,
1427 4121 1639 4177 etiamsi
1666 4121 1869 4175 nullum
1900 4120 1996 4174 ob-

408 4225 556 4278 vium
581 4219 910 4281 confuderit,
942 4224 1210 4271 extremas
1238 4213 1386 4269 dabit
1413 4227 1618 4283 pinnas.
1645 4211 1993 4267 Pharmacum

411 4314 557 4369 enim
603 4308 914 4381 apparavit,
963 4316 1019 4362 et
1072 4306 1218 4361 virus
1262 4304 1598 4375 composuit,
1648 4303 1749 4358 etsi
1797 4303 1996 4357 nemini

416 4403 662 4475 poculum
715 4398 1043 4472 porrexerit;
1075 4398 1181 4451 imo
1225 4397 1498 4465 porrexit,
1546 4394 1648 4449 etsi
1704 4409 1862 4449 nemo
1908 4394 1996 4464 qui

413 4496 652 4560 biberet,
682 4490 991 4548 accesserit.
1037 4487 1175 4556 Quid
1201 4487 1367 4556 ergo?
1392 4502 1518 4540 num
1545 4485 1707 4540 etiam
1746 4483 1999 4539 mulieres

414 4584 743 4656 alloquitur?
794 4582 927 4650 Quia
972 4581 1119 4651 leges
1170 4579 1367 4649 ubique
1412 4592 1727 4633 communes
1781 4576 1997 4641 statuit,

414 4678 623 4735 etiamsi
650 4676 794 4731 viros
818 4682 1022 4729 tantum
1048 4671 1243 4740 alloqui
1270 4669 1529 4733 videatur,
1562 4670 1721 4739 capiti
1750 4669 1999 4739 loquens,

413 4782 755 4825 communem
787 4766 883 4820 toti
910 4763 1122 4834 corpori
1160 4761 1576 4817 admonitionem
1620 4761 1844 4833 profert.
1890 4760 2005 4816 Mu-

416 4861 603 4917 lierem
632 4872 862 4928 namque
887 4865 943 4911 et
973 4857 1144 4910 virum
1173 4868 1336 4907 unum
1381 4853 1531 4909 novit
1555 4867 1676 4907 esse
1700 4852 1921 4917 animal,
1949 4859 2003 4906 et

416 4964 678 5021 nusquam
719 4963 887 5018 genus
929 4946 1056 5000 illud
1092 4944 1296 4999 dividit.
1346 4966 1355 4985 ι

490 5042 550 5097 3.
580 5039 768 5096 Contra
796 5039 971 5093 luxum
989 5038 1275 5091 mulierum.
1303 5034 1496 5089 Eorum
1515 5035 1601 5105 qui
1630 5052 1721 5090 nos
1743 5033 2001 5088 scandali-

420 5140 539 5187 sant
584 5128 892 5184 conuersatio
928 5124 1191 5199 fugienda,
1231 5124 1616 5196 qualescumque
1654 5125 1774 5179 sint.
1820 5123 2006 5177 Contra

422 5222 735 5276 theatrorum
754 5214 1289 5289 spectacula.—Quod
1309 5215 1353 5269 si
1376 5215 1509 5270 velis
1524 5215 1935 5285 increpationem
1954 5214 2006 5269 in

421 5311 544 5367 illas
572 5309 830 5380 prolatam
856 5307 1133 5378 speciatim
1167 5307 1369 5371 audire,
1402 5305 1590 5361 Isaiam
1619 5305 1744 5361 audi
1769 5305 2008 5378 pluribus

424 5401 480 5457 in
515 5400 634 5456 illas
676 5399 1051 5465 invehentem,
1083 5397 1552 5467 traducentemque
1596 5397 1827 5467 ipsarum
1857 5397 2009 5453 habi-

426 5504 566 5563 tum,
603 5504 905 5565 aspectum,
940 5492 1232 5556 incessum,
1267 5491 1474 5547 tunicas
1504 5489 1649 5545 humi
1678 5490 2007 5561 detinentes,

428 5584 764 5642 lascivientes
784 5583 968 5653 pedes,
983 5582 1118 5638 colla
1131 5581 1295 5637 fracta
1318 5581 1540 5637 mollitie
1560 5581 1635 5652 (a)
1650 5579 1800 5654 (lsai.
1820 5584 1872 5638 5.
1894 5583 2008 5655 16).

493 5720 512 5751 ί
547 5717 662 5777 Alii,
692 5722 745 5767 ut
768 5716 1025 5767 hominum.

498 5780 573 5843 (a)
606 5782 690 5831 Hic
711 5779 851 5832 Isaia:
873 5778 1010 5830 Iocus
1021 5780 1093 5829 sic
1113 5777 1320 5831 habetur
1342 5778 1392 5828 in
1406 5783 1533 5840 Lxx,
1560 5777 1698 5828 Isaiae
1719 5778 1770 5840 5,
1794 5778 1854 5829 16
1876 5792 1889 5828 :
1918 5787 2013 5832 Pro

1502 357 1567 415 IN
1604 353 2008 414 MATTIIEUM
2046 355 2276 413 HOMIL.
2320 354 2483 411 XVII.

3533 358 3642 416 258

2056 469 2196 523 Audi
2232 483 2353 524 cum
2383 470 2474 524 illo
2497 469 2711 525 beatum
2734 470 2952 526 Paulum
2979 474 3171 530 multas
3198 473 3330 544 ipsis
3353 472 3500 544 leges
3525 483 3640 529 sta-

2058 569 2314 625 tuentem,
2341 571 2395 616 et
2416 563 2484 618 de
2518 564 2768 630 vestibus,
2806 565 2954 621 etde
2977 567 3150 622 aureis
3171 567 3463 631 ornatibus,
3492 576 3545 623 et
3573 572 3642 623 de

2057 656 2428 710 ealamistratis
2451 656 2680 726 capillis,
2722 666 2776 712 et
2800 659 2867 713 de
2896 658 3133 722 lascivia,
3157 670 3211 714 et
3238 660 3306 714 de
3333 660 3451 715 aliis
3488 660 3641 715 simi-

2061 747 2198 802 libus
2225 746 2364 801 hunc
2389 763 2572 802 sexum
2605 749 2949 803 vehementer
2977 751 3352 820 corripientem
3394 753 3471 823 (l.
3501 750 3639 806 Tim.

2059 838 2113 891 2.
2140 836 2217 910 9).
2248 837 2490 893 Christus
2516 840 2677 894 etiam
2720 840 2772 894 in
2800 842 3145 911 sequentibus
3171 844 3499 913 mnigmatice
3545 842 3645 897 hoc

2063 932 2235 1000 ipsum
2277 930 2540 995 declarat;
2584 947 2703 985 cum
2732 934 2873 988 enim
2912 934 3061 997 dicit,
3103 934 3267 999 Erue,
3303 934 3554 989 exscinde
3594 935 3647 989 id

2063 1022 2202 1093 quod
2233 1033 2283 1077 te
2317 1022 2660 1087 scandalizat,
2709 1025 2842 1079 iram
2884 1026 3141 1081 adversus
3184 1027 3303 1081 illas
3329 1026 3645 1081 concitatam

2064 1115 2298 1173 exhibet.
2342 1116 2468 1173 Ideo
2504 1118 2776 1187 subjunxit
2819 1136 2833 1173 :
2872 1118 2961 1172 εξ).
3015 1117 3078 1173 Si
3120 1120 3296 1172 oculus
3326 1128 3439 1172 tuus
3478 1118 3653 1171 dexter

2066 1209 2379 1264 scandalth
2395 1217 2461 1275 te,
2482 1225 2597 1263 erue
2614 1226 2746 1276 eum,
2766 1218 2811 1264 et
2837 1211 3027 1280 projice
3052 1211 3139 1263 abs
3161 1220 3223 1263 te.
3249 1208 3327 1265 Ne
3339 1210 3481 1265 enim
3503 1210 3650 1265 dice-

2068 1316 2188 1366 res,
2228 1301 2364 1369 Quid
2408 1316 2560 1371 ergo,
2593 1302 2637 1356 si
2663 1313 2884 1371 cognata
2916 1317 3031 1357 mea
3070 1303 3176 1358 sit?
3212 1302 3359 1373 quid,
3401 1303 3447 1359 si
3477 1302 3652 1372 aliqua

2070 1393 2198 1447 mihi
2238 1394 2626 1449 necessitudine
2640 1394 2862 1463 juncta?
2888 1395 3007 1449 ideo
3030 1395 3143 1449 haec
3171 1395 3429 1464 praecipit,
3460 1410 3563 1447 non
3585 1393 3655 1447 de

2072 1486 2325 1540 membris
2349 1487 2591 1554 loquens,
2622 1486 2761 1540 absit
2789 1505 2800 1538 :
2833 1501 3089 1556 nusquam
3115 1487 3256 1541 enim
3282 1485 3653 1540 dixitcrimiua

2073 1575 2138 1628 ad
2169 1591 2381 1629 carnem
2429 1578 2725 1644 pertinere;
2765 1577 2859 1632 sed
2898 1580 3164 1632 accusatio
3197 1592 3411 1647 pravam
3443 1591 3655 1647 semper

2080 1667 2405 1723 voluntatem
2432 1676 2655 1737 spectat.
2686 1667 2868 1738 Neque
2897 1669 3037 1723 enim
3067 1670 3252 1723 oculus
3282 1676 3403 1724 tuus
3430 1676 3533 1734 est,
3558 1669 3651 1737 qui

2074 1759 2240 1822 videt,
2273 1759 2368 1814 sed
2399 1774 2551 1814 mens
2576 1769 2627 1813 et
2652 1760 2920 1829 cogitatio.
2942 1758 3096 1828 Stepe
3125 1774 3353 1829 namque
3376 1758 3531 1813 nobis
3552 1759 3659 1812 alio

2075 1852 2371 1916 conversis,
2413 1865 2508 1906 eos
2540 1850 2631 1920 qui
2661 1859 2952 1919 praesentes
2986 1860 3110 1904 sunt
3137 1866 3240 1904 non
3269 1849 3412 1904 videt
3431 1849 3655 1905 oculus:

2076 1943 2256 2012 itaque
2302 1950 2472 1996 totum
2515 1957 2621 1995 non
2664 1950 2745 1995 est
2794 1940 2932 1994 illius
2958 1949 3097 1995 actm
3143 1940 3569 1995 adscribendum.
3602 1939 3659 1993 Si

2078 2036 2219 2089 enim
2267 2034 2335 2089 de
2382 2034 2638 2089 membris
2680 2033 3006 2104 loqueretur,
3052 2048 3156 2087 non
3198 2034 3266 2087 de
3312 2047 3417 2086 uno
3459 2032 3662 2087 diceret

2078 2125 2256 2189 oculo,
2287 2140 2458 2195 neque
2499 2125 2745 2181 dextrum
2776 2120 2950 2180 solum
2997 2124 3281 2195 posuisset,
3328 2123 3422 2179 sed
3451 2125 3657 2179 ambos.

2080 2215 2210 2271 Nam
2237 2218 2326 2286 qui
2358 2233 2388 2271 a
2416 2217 2606 2273 dextro
2635 2216 3045 2282 scandalizatur,
3078 2216 3307 2285 idipsum
3338 2215 3477 2271 haud
3502 2216 3663 2271 dubie

2081 2308 2313 2377 patietur
2334 2323 2363 2359 a
2391 2308 2628 2361 sinistro.
2655 2307 2762 2362 Cur
2797 2322 2927 2378 ergo
2950 2308 3196 2363 dextrum
3229 2307 3439 2361 oculum
3464 2308 3661 2376 posuit,

2082 2407 2135 2453 et
2160 2412 2374 2453 manum
2400 2397 2632 2468 adjecit?
2663 2397 2728 2452 Ut
2757 2398 2932 2453 discas
2961 2414 3066 2453 non
3093 2398 3160 2453 de
3180 2398 3434 2452 membris
3460 2411 3663 2450 sermo-

2084 2506 2206 2545 nem
2235 2504 2376 2554 esse,
2406 2490 2500 2545 sed
2528 2491 2596 2545 de
2636 2491 2700 2544 iis
2724 2491 2812 2559 qui
2838 2492 2990 2545 nobis
3012 2491 3243 2546 amicitia
3270 2490 3583 2560 junguntur.
3608 2488 3664 2543 Si

2084 2584 2383 2654 quempiam
2410 2584 2479 2638 ita
2500 2598 2667 2646 amas,
2698 2584 2888 2652 inquit,
2928 2591 2986 2637 ut
3006 2598 3127 2638 eum
3157 2583 3360 2638 dexteri
3386 2582 3525 2636 oculi
3550 2582 3668 2636 loco

2086 2694 2273 2749 ponas,
2297 2686 2386 2731 aut
2410 2678 2480 2730 ita
2505 2675 2596 2729 tibi
2627 2675 2809 2730 utilem
2839 2683 3012 2745 putas,
3037 2683 3094 2729 ut
3111 2689 3205 2743 pro
3234 2690 3389 2728 manu
3412 2675 3557 2728 illum
3579 2673 3666 2727 ha-

2086 2772 2234 2835 beas,
2276 2771 2320 2822 si
2363 2768 2509 2822 lmdit
2534 2768 2764 2822 animam
2806 2775 2984 2833 tuam,
3015 2776 3070 2821 et
3110 2766 3253 2821 hunc
3288 2765 3559 2821 abscinde.
3603 2765 3669 2821 Et

2085 2865 2192 2921 vim
2230 2863 2356 2918 dicti
2395 2861 2687 2932 perpende.
2722 2860 2836 2914 Non
2879 2862 3023 2914 enim
3066 2859 3220 2925 dixit,
3271 2858 3542 2926 Abscede;
3572 2859 3667 2915 sed

2089 2958 2370 3013 maximam
2393 2955 2782 3023 scparationem
2807 2953 3069 3019 indicans,
3093 2951 3247 3016 Eme,
3273 2953 3459 3022 inquit,
3479 2964 3529 3008 et
3550 2969 3669 3024 pro-

2077 3050 2183 3121 jice
2208 3049 2295 3103 abs
2333 3057 2397 3101 te.
2429 3046 2629 3100 Deinde
2652 3048 2774 3116 quia
2817 3060 3005 3100 severe
3034 3055 3382 3114 praeceperat,
3422 3048 3671 3115 utrinque

2089 3142 2295 3196 lucrum
2321 3154 2442 3195 esse
2469 3137 2643 3203 docet,
2687 3146 2740 3192 et
2766 3152 2829 3192 ex
2856 3138 3010 3192 bonis
3035 3146 3089 3192 et
3112 3152 3176 3191 ex
3206 3138 3381 3202 malis,
3406 3137 3458 3191 in
3482 3138 3669 3192 eadem

2089 3229 2398 3301 metaphora
2424 3230 2677 3285 insistens
2704 3248 2717 3282 :
2746 3227 2971 3298 Expedit
2998 3230 3131 3283 enim
3158 3229 3267 3295 tibi,
3296 3229 3484 3299 inquit,
3512 3239 3565 3283 ut
3587 3246 3673 3298 ρας

2088 3333 2196 3378 reat
2235 3340 2393 3377 unum
2438 3323 2774 3377 membrorum
2816 3332 3037 3388 tuorum,
3066 3331 3114 3375 et
3153 3338 3254 3375 non
3295 3331 3455 3375 totum
3491 3337 3674 3393 εονριω

2091 3427 2231 3472 tuam
2256 3418 2485 3470 mittatur
2505 3416 2558 3470 in
2587 3418 2886 3487 gehennam.
2910 3413 3042 3469 Cum
3072 3415 3214 3469 enim
3241 3430 3414 3485 neque
3438 3416 3674 3485 seipsum

2091 3519 2288 3575 servet,
2316 3518 2369 3565 et
2402 3519 2454 3565 te
2476 3524 2656 3564 secum
2686 3507 2895 3579 perdat,
2934 3523 3051 3578 qua:
3075 3508 3376 3561 humanitas
3400 3517 3541 3561 esset
3561 3522 3676 3560 am-

2093 3603 2162 3659 bo
2185 3601 2433 3673 perdere,
2473 3616 2592 3656 cum
2635 3599 2791 3655 liceat
2831 3599 2895 3653 iis
2922 3598 3187 3669 separatis
3214 3612 3377 3652 unum
3422 3598 3676 3652 servare?

2093 3696 2205 3751 Cur
2223 3696 2363 3751 enim
2387 3694 2582 3749 Paulus
2599 3692 2816 3763 Optabat
2841 3692 3123 3748 anathema
3147 3706 3266 3747 esse
3289 3690 3467 3763 (Rom.
3496 3693 3546 3746 9.
3579 3689 3677 3762 '5)?

2093 3788 2209 3844 Non
2232 3789 2302 3842 ita
2330 3795 2386 3842 ut
2410 3785 2541 3840 nihil
2564 3784 2685 3839 inde
2710 3784 2842 3839 lucri
2863 3783 3141 3839 accederet
3160 3784 3199 3848 ¹,
3226 3783 3318 3837 sed
3344 3794 3403 3837 ut
3420 3782 3555 3838 alios
3574 3796 3678 3837 scr-

2095 3888 2262 3935 varet.
2297 3879 2391 3932 llic
2417 3888 2591 3933 autem
2625 3876 2895 3945 utriusque
2924 3876 3176 3929 damnum
3207 3883 3290 3929 est
3315 3891 3330 3927 :
3358 3882 3680 3943 quapropter

2096 3987 2202 4028 non
2230 3970 2363 4026 dixit
2385 3979 2608 4034 tantum,
2640 3966 2813 4033 Erue;
2851 3967 2949 4021 sed
2973 3968 3154 4030 etiam,
3184 3966 3375 4034 profice
3400 3965 3487 4017 abs
3514 3973 3578 4027 te,
3608 3966 3679 4017 ita

2098 4074 2154 4117 ut
2178 4077 2464 4132 numquam
2506 4068 2738 4129 repetas,
2782 4058 2825 4110 si
2870 4057 2989 4111 talis
3028 4056 3303 4109 manserit.
3331 4055 3420 4109 Sic
3444 4056 3585 4108 enim
3627 4064 3682 4107 et

2100 4154 2246 4208 illum
2272 4152 2458 4220 majori
2495 4149 2718 4205 crimine
2756 4146 3025 4203 liberabis.
3051 4156 3104 4200 et
3130 4145 3355 4214 teipsum
3391 4160 3418 4198 a
3448 4144 3683 4214 pernicie

2099 4246 2314 4314 eripies.
2361 4241 2429 4297 Ut
2451 4248 2629 4295 autem
2669 4239 2862 4293 clarius
2905 4238 3036 4308 legis
3063 4237 3340 4292 utilitatem
3371 4238 3679 4307 perspicias.

2100 4336 2145 4391 si
2172 4334 2364 4404 placet,
2390 4333 2441 4387 iu
2466 4344 2692 4401 corpore
2711 4329 2942 4400 exempli
2963 4343 3123 4384 causa
3145 4328 3196 4383 id
3223 4328 3364 4398 quod
3385 4326 3580 4383 dictum
3602 4339 3683 4383 est

2102 4429 2462 4500 exploremus.
2505 4425 2563 4481 Si
2594 4426 2735 4480 enim
2764 4424 2911 4494 optio
2936 4422 3175 4488 daretur,
3206 4436 3269 4477 ac
3301 4436 3521 4476 necesse
3543 4431 3685 4476 esset

2103 4533 2193 4577 aut
2220 4521 2435 4577 oculum
2465 4517 2750 4575 habentem
2776 4516 2969 4585 conjici
2996 4521 3052 4571 in
3080 4515 3275 4571 fossam
3297 4525 3353 4570 et
3376 4514 3569 4585 perire,
3594 4527 3685 4569 aut

2104 4614 2197 4669 illo
2222 4621 2394 4677 eruto,
2431 4610 2698 4681 reliquum
2743 4622 2937 4678 corpus
2962 4607 3163 4663 servari
3202 4621 3216 4661 :
3262 4620 3440 4661 annon
3480 4615 3686 4675 postre-

2106 4720 2248 4760 mum
2293 4702 2514 4759 malles?
2543 4701 2596 4756 Id
2641 4700 2841 4756 nemini
2885 4715 2990 4754 non
3031 4697 3365 4753 manilestum
3407 4707 3506 4752 est.
3557 4698 3688 4752 Illud

2105 4799 2246 4853 enim
2274 4811 2378 4851 non
2405 4805 2547 4852 esset
2579 4796 2790 4851 oculum
2832 4794 3029 4857 odisse,
3062 4791 3156 4847 sed
3199 4791 3459 4861 reliquum
3494 4805 3689 4860 corpus

2106 4904 2305 4944 amare.
2346 4888 2459 4944 Hoc
2491 4901 2652 4957 porro
2672 4894 2728 4942 et
2749 4885 2818 4940 de
2837 4886 2967 4939 viris
2992 4884 3164 4955 cogita
3189 4883 3331 4939 etde
3355 4884 3683 4939 mulieribus.

2108 4979 2238 5034 Nam
2268 4980 2312 5032 si
2338 4978 2403 5044 is,
2429 4978 2518 5048 qui
2546 4985 2597 5032 te
2619 4976 2763 5031 laedit
2786 4974 3036 5038 amando,
3066 4972 3373 5029 incurabilis
3399 4984 3596 5039 manet,
3636 4985 3693 5030 et

2109 5071 2152 5124 si
2178 5067 2445 5124 abscissus
2485 5067 2575 5133 sit,
2608 5077 2659 5122 te
2681 5068 2749 5122 ab
2769 5067 2912 5121 omni
2940 5067 3174 5137 pernicie
3201 5066 3443 5122 liberabit
3478 5083 3495 5121 :
3537 5066 3614 5121 sic
3642 5077 3699 5121 et

2112 5160 2225 5230 ipse
2260 5171 2292 5213 a
2331 5157 2622 5228 majoribus
2673 5157 2927 5227 eripietur
2962 5156 3294 5224 criminibus,
3337 5172 3509 5228 neque
3554 5157 3695 5211 ultra

2110 5269 2229 5310 cum
2259 5259 2595 5321 peceatorum
2619 5265 2837 5305 suorum
2863 5250 3089 5316 ratione,
3114 5252 3371 5306 rationem
3391 5251 3552 5306 etiam
3574 5264 3696 5319 ιδεμ

2111 5343 2268 5399 nicici
2295 5351 2398 5398 tua:
2433 5342 2673 5397 daturus.
2704 5339 2840 5396 Vide
2866 5350 3062 5411 quanta
3100 5343 3506 5398 mansuetudine
3538 5342 3693 5411 plena

2114 5436 2198 5493 lex
2237 5445 2338 5502 est,
2380 5441 2573 5506 quanta
2613 5432 2977 5504 providentia?
3002 5444 3057 5489 et
3084 5449 3203 5504 qua:
3237 5452 3267 5487 a
3312 5432 3493 5488 multis
3532 5430 3691 5484 nimii

2113 5604 2170 5643 eo
2199 5590 2327 5655 quod
2350 5588 2563 5661 'elepatc
2590 5594 2700 5641 nant
2723 5587 2844 5662 ﬁlia;
2876 5589 3006 5649 Sion,
3028 5594 3079 5658 et
3103 5587 3462 5658 (ambulaverunt
3499 5587 3700 5634 extensa

2115 5653 2255 5703 collo.
2278 5658 2324 5702 et
2344 5650 2537 5702 nulth
2558 5651 2805 5703 oculorum
2824 5650 2974 5703 ibant.
3000 5657 3045 5700 et
3062 5663 3111 5699 tn
3133 5662 3318 5699 incessu
3339 5648 3516 5703 pedum
3534 5646 3699 5699 trahe-

2115 5661 2255 5711 couo,
2278 5661 2324 5702 et
2344 5661 2537 5702 nutibus
2558 5661 2805 5703 oculorum
2824 5661 2974 5708 want,
3000 5661 3045 5700 et
3062 5663 3111 5699 tn
3133 5662 3318 5699 incessu
3339 5661 3516 5712 pedum
3534 5661 3670 5699 trmte

2115 5716 2227 5787 ba!"
2242 5713 2445 5787 ξυηέοαδν
2468 5720 2514 5765 σε
2533 5712 2839 5787 ίαεῖρίυίὲδαπε
2859 5713 3065 5787 Pam.”
3076 5711 3209 5787 Ε’ξεί
3282 5779 3314 5787 _.

2132 5794 2137 5797 '
2183 5782 2198 5810 ι
2234 5772 2446 5837 Quidam,
2471 5788 2564 5827 non
2579 5775 2647 5827 ita
2668 5782 2719 5826 ut
2741 5772 2976 5827 neminem
2991 5772 3117 5823 lucri
3136 5772 3332 5833 faceret,
3350 5780 3446 5823 etc.
