4084 6210
464 313 572 368 259

461 428 720 487 severitas
738 438 857 481 esse
879 420 1103 484 videtur,
1121 423 1369 487 quantam
1396 409 1615 466 exhibet
1629 405 2040 477 benignitatem?

463 521 589 578 ﬂare
611 518 828 574 audiant
856 516 887 569 ii
916 513 1001 583 qui
1030 510 1094 565 ad
1126 507 1325 563 theatra
1351 509 1653 573 properant,
1685 508 1741 555 et
1769 513 1888 555 sese
1914 512 2044 566 quo-

465 612 591 670 tidic
618 610 855 668 mmcbos
877 612 1145 676 praestant.
1162 599 1293 654 Nam
1312 599 1354 651 si
1377 592 1759 650 consuetudine
1774 590 2037 659 junctum,

460 708 555 762 sed
584 706 918 764 damnosum,
949 697 1030 751 lex
1048 694 1199 764 jubet
1227 687 1556 747 abscindere,
1588 698 1747 754 quam
1777 680 2042 751 purgatio-

463 818 583 855 nem
613 798 838 850 habeant.
857 790 945 860 qui
971 786 1202 843 nondum
1225 782 1324 839 sibi
1348 788 1521 839 notos,
1540 777 1610 832 ibi
1637 770 2038 835 commorando,

462 889 694 962 quotidie
724 883 1056 957 pertrahunt,
1084 888 1137 932 et
1168 881 1445 930 sexcentas
1471 869 1568 924 sibi
1599 873 1909 935 comparant
1949 877 2043 917 ex-

460 984 580 1039 cidii
618 980 810 1036 ansas?
839 978 952 1032 Non
993 971 1153 1029 modo
1181 969 1321 1023 enim
1349 963 1612 1035 impudice
1638 960 1905 1031 respicere
1933 970 2041 1010 non

460 1073 733 1135 mucedit;
778 1069 870 1123 sed
912 1066 1033 1136 quia
1062 1061 1280 1131 hujusce
1309 1057 1385 1112 rei
1415 1055 1665 1110 damnum
1703 1046 2036 1112 monstravit,

460 1172 627 1240 legem
661 1165 879 1220 ulterius
908 1157 1163 1219 extendit,
1193 1151 1505 1210 abscindere
1532 1149 1740 1219 jubens,
1780 1144 2040 1215 longeque

461 1237 720 1333 projicere
757 1272 770 1308 :
803 1264 859 1309 et
900 1254 1015 1306 haec
1062 1250 1150 1303 ille
1181 1249 1294 1317 lege
1336 1244 1539 1306 statuit,
1589 1241 1678 1310 qui
1716 1238 1784 1293 de
1820 1237 2039 1291 caritate

458 1352 754 1407 sexcenties
800 1346 1048 1415 loquutus
1091 1349 1192 1403 est,
1236 1347 1291 1391 ut
1321 1335 1564 1403 utrinque
1594 1332 1708 1400 ejus
1754 1328 2033 1399 providen—

458 1448 584 1500 tiam
615 1442 855 1504 ediscas,
901 1444 954 1489 et
994 1431 1261 1500 quomodo
1297 1428 1529 1495 undique
1575 1423 1850 1476 utilitatem
1893 1429 2035 1473 tuam

458 1536 711 1605 requirat.
761 1530 848 1583 5|.
880 1526 1081 1580 Dictum
1117 1533 1187 1575 est
1216 1529 1379 1573 autent
1411 1533 1428 1569 :
1460 1515 1768 1582 Quicumque
1795 1509 2038 1563 dimiserit

456 1602 662 1683 uxorem
702 1638 864 1686 suam,
914 1618 992 1672 det
1035 1616 1111 1669 illi
1151 1612 1372 1667 libellum
1400 1606 1599 1677 repudii
1629 1603 1802 1674 (Deut.
1838 1602 1927 1656 Ἣ.
1957 1602 2031 1671 1).

456 1722 541 1779 52.
574 1718 685 1789 Ego
709 1725 872 1769 autem
888 1713 1000 1766 dico
1028 1708 1162 1764 vobis
1185 1725 1202 1760 :
1233 1704 1541 1771 Quicumque
1563 1697 1804 1751 dimiserit
1831 1711 2038 1749 uaorem

452 1835 619 1883 suam,
647 1822 855 1882 excepta
881 1824 1033 1863 causa
1062 1799 1406 1876 fornicationis
1424 1837 1439 1862 ,
1468 1795 1588 1867 facit
1618 1810 1725 1847 eam
1751 1790 1987 1844 tuaac/tari
2014 1804 2033 1843 :

452 1922 499 1967 et
520 1912 603 1982 qui
628 1908 885 1961 dimissam
909 1898 1128 1959 duxerit,
1159 1894 1452 1947 metiatur.

524 1970 578 2058 ξι.
601 1998 885 2068 Repudium
900 1989 1135 2047 adulterii
1151 1985 1354 2056 species.
1385 1980 1486 2035 Cur
1506 1976 1727 2032 libellum
1742 1970 1941 2041 repudii
1957 1971 2037 2024 lex

454 2105 590 2150 vetus
610 2064 903 2163 peruaserit.
921 2081 1113 2138 --Non
1141 2078 1285 2148 prius
1314 2073 1379 2129 ad
1411 2071 1657 2126 ulteriora
1681 2064 2032 2137 progreditur,

453 2188 554 2244 nisi
575 2185 749 2256 priora
776 2179 939 2251 probe
959 2191 1025 2230 ex
1037 2169 1351 2244 purgaverit.
1371 2166 1506 2220 Ecce
1532 2161 1672 2217 enim
1700 2158 1854 2212 aliam
1881 2154 2035 2210 nobis

454 2245 640 2334 rursus
680 2245 911 2328 ostendit
953 2262 1199 2321 adulterii
1228 2258 1482 2327 speciem.
1512 2253 1765 2319 Quaenam
1792 2257 1875 2301 est
1904 2245 2035 2301 illa?

453 2371 562 2425 Lex
592 2375 706 2421 erat
733 2371 901 2425 vetus,
943 2374 1087 2424 eum,
1115 2355 1205 2425 qui
1232 2361 1564 2423 quacumque
1602 2359 1669 2399 ex
1695 2354 1854 2395 causa
1899 2353 2033 2392 uxoo

453 2478 568 2520 rem
595 2474 745 2515 suam
783 2455 1008 2518 odisset,
1039 2450 1180 2506 illam
1226 2442 1525 2514 repudiare,
1554 2445 1607 2494 et
1644 2435 1800 2489 aliam
1840 2431 2035 2487 ducere

453 2571 561 2612 non
600 2547 889 2622 prohiberi.
919 2544 1100 2611 Neque
1142 2536 1272 2594 illud
1313 2545 1487 2589 tamen
1520 2527 1830 2597 simpliciter
1857 2523 2037 2579 facere

453 2652 539 2707 lex
561 2615 803 2719 iubebat,
841 2639 933 2695 sed
968 2644 1087 2707 post
1110 2634 1292 2689 datum
1334 2626 1483 2683 uxori
1525 2622 1759 2678 libellum
1805 2615 2034 2687 repudii,

453 2745 524 2798 ita
555 2708 611 2794 tit
634 2751 739 2792 non
765 2740 947 2805 posset
974 2729 1164 2783 iterum
1192 2722 1257 2776 ad
1281 2721 1428 2776 illum
1448 2723 1737 2776 revertere,
1765 2719 1823 2764 ut
1847 2708 2034 2763 saltem

452 2796 784 2888 matrimonii
819 2824 985 2894 figura
1014 2822 1274 2873 maneret.
1308 2810 1415 2866 Nisi
1440 2808 1581 2864 enim
1612 2804 1713 2859 hoc
1748 2796 2037 2872 praieepis-

452 2937 555 2990 set,
595 2935 649 2977 et
690 2922 733 2977 si
770 2918 1007 2973 licuisset
1027 2913 1167 2967 illam
1192 2904 1473 2976 repudiare
1499 2911 1554 2956 et
1590 2898 1746 2952 aliam
1772 2894 2033 2963 accipere,

453 3017 751 3083 deindeque
781 3010 1012 3080 priorem
1050 3002 1330 3062 reducere,
1358 3008 1547 3062 magna
1582 2991 1749 3045 futura
1795 2985 2037 3042 confusio

455 3117 591 3172 erat,
636 3078 885 3160 omnibus
933 3097 1137 3152 alienas
1180 3104 1373 3145 uxores
1416 3083 1639 3139 alternis
1682 3080 1889 3135 vicibus
1933 3078 2038 3133 fre-

455 3168 678 3272 quenter
702 3190 1116 3262 accipientibus,
1151 3179 1575 3244 adulterinmque
1614 3170 1953 3227 manifestum
1983 3168 2036 3222 id

457 3261 677 3363 prorsus
719 3261 924 3341 fuisset.
971 3278 1307 3346 Quapropter
1336 3284 1440 3324 non
1473 3280 1688 3337 parvam
1718 3261 2037 3317 consolatio-

459 3353 580 3438 nem
606 3373 942 3446 excogitavit,
983 3367 1217 3423 libellum
1248 3375 1439 3429 nempe
1467 3355 1690 3427 repudii.
1723 3353 1833 3409 Hoc
1880 3367 2037 3423 porro

459 3474 654 3528 factum
678 3443 764 3523 est
786 3464 853 3520 ad
878 3463 1038 3519 aliam
1066 3457 1231 3514 multo
1261 3452 1517 3521 majorem
1556 3446 1820 3503 vitandam
1848 3443 2036 3513 nequi-

460 3566 608 3620 tiam.
652 3559 708 3615 Si
730 3559 872 3613 enim
912 3566 1135 3610 exosam
1183 3543 1524 3616 prmcepisset
1566 3537 1817 3599 retineri,
1864 3536 1910 3589 is
1947 3534 2036 3604 qui

458 3654 645 3709 oderat
663 3646 943 3705 occidisset
967 3659 981 3695 :
1010 3640 1131 3695 talis
1149 3637 1343 3706 quippe
1371 3639 1486 3687 erat
1509 3628 1810 3683 Judteorum
1834 3625 1977 3678 natio
1994 3625 2034 3679 ¹.

459 3745 590 3801 Nam
621 3741 710 3812 qui
740 3754 808 3793 ne
836 3736 959 3790 filiis
983 3732 1195 3801 quidem
1224 3725 1531 3796 parcebant,
1567 3718 1848 3789 prophetas
1879 3718 2041 3771 inter-

460 3808 725 3899 ficieba—nt,
766 3828 1180 3899 sanguinemque
1207 3829 1265 3875 ut
1290 3832 1479 3888 aquam
1522 3812 1829 3875 fundebant,
1873 3808 2039 3864 multo

380 3968 385 3973 ι
460 3930 635 3984 minus
676 3921 927 3979 uxoribus
957 3915 1334 3988 pepercissent.
1380 3908 1504 3962 Ideo
1542 3903 1682 3975 quod
1723 3903 1897 3956 minus
1923 3908 2040 3955 erat

460 4019 721 4092 permisit,
750 4028 806 4071 ut
828 4013 970 4086 quod
991 4010 1161 4080 majus
1184 4014 1299 4061 erat
1327 4000 1682 4059 exscinderet.
1715 3997 1867 4064 Quod
1896 3995 2037 4050 enim

460 4084 575 4167 lucc
598 4111 682 4166 lex
709 4123 813 4162 non
840 4084 872 4160 e
901 4099 1179 4174 praecipuis
1202 4101 1366 4160 esset,
1394 4090 1518 4147 audi
1538 4088 1664 4160 quid
1685 4088 1935 4145 Servatur
1960 4084 2043 4140 di-

457 4213 544 4259 cat
576 4220 589 4256 :
624 4200 826 4269 Moyses
869 4194 937 4248 ad
982 4191 1224 4246 duritiam
1270 4184 1435 4241 cordis
1484 4183 1632 4237 vestri
1680 4182 1785 4234 Iure
1837 4178 2039 4247 scripsit

455 4296 673 4373 (Matth.
714 4292 801 4347 l9.
844 4290 921 4356 8),
957 4301 1022 4339 ne
1066 4286 1207 4337 intus
1249 4277 1572 4343 mactaretis,
1613 4274 1705 4330 sed
1751 4272 2036 4343 ejiceretis.

453 4362 589 4457 Quia
618 4398 744 4441 vero
766 4381 853 4433 ille
878 4379 1011 4430 iram
1035 4385 1248 4426 omnem
1270 4368 1501 4435 sustulit,
1529 4382 1635 4422 non
1657 4365 1857 4420 cedem
1881 4362 2040 4417 modo

454 4454 663 4543 vetans,
693 4475 786 4533 sed
830 4471 966 4525 iram
999 4466 1159 4520 etiam
1183 4458 1468 4516 excludcns
1498 4476 1511 4512 :
1540 4457 1693 4517 facile
1720 4455 1855 4511 hanc
1881 4454 2039 4508 indu-

453 4572 527 4626 cit
555 4570 748 4639 legem.
779 4564 1007 4631 ldeoque
1037 4554 1274 4629 priorum
1304 4564 1516 4617 semper
1541 4548 1823 4603 verborum
1852 4546 2040 4603 memi-

455 4662 552 4723 nit,
591 4635 649 4714 ut
673 4653 938 4713 ostendat.
968 4668 1029 4705 se
1067 4662 1175 4703 non
1202 4641 1471 4697 contraria
1498 4639 1630 4700 illis,
1672 4635 1766 4691 sed
1804 4650 2039 4691 consona

453 4753 632 4809 dicere
660 4770 674 4805 ;
704 4750 789 4804 illa
810 4745 1123 4806 extendens,
1153 4754 1257 4795 non
1280 4743 1559 4797 evertens;
1588 4728 1899 4793 emendans,
1931 4742 2037 4782 non

455 4846 687 4900 solvens.
719 4837 991 4909 Perpende
1016 4845 1191 4889 autem
1223 4831 1370 4885 illum
1396 4837 1612 4895 semper
1636 4821 1703 4876 ad
1734 4820 1903 4876 virum
1925 4834 2040 4874 ser-

453 4950 670 4989 monem
714 4930 935 4987 referre.
979 4927 1079 4994 Qui
1128 4923 1353 4983 dimittit,
1386 4918 1580 4987 inquit,
1625 4928 1832 4967 uxorem
1870 4927 2036 4975 suam,

458 5025 576 5094 facit
609 5040 716 5077 eam
758 5019 998 5075 mmchari
1021 5033 1040 5081 ;
1089 5027 1132 5069 et
1172 5014 1258 5083 qui
1312 5011 1570 5065 dimissam
1616 5002 1781 5067 ducit,
1825 5002 2042 5056 nitecha-

456 5092 556 5172 tur.
607 5116 697 5170 llle
737 5114 915 5177 enim,
947 5120 1001 5165 et
1038 5109 1081 5163 si
1114 5108 1331 5160 alteram
1366 5117 1471 5157 non
1499 5098 1742 5163 duxerit,
1792 5095 1898 5150 hoc
1924 5092 2042 5162 ipso

459 5225 518 5265 se
578 5206 816 5266 criminis
876 5217 1028 5257 reum
1083 5196 1390 5260 constituit,
1452 5190 1592 5260 quod
1645 5203 1764 5244 eam
1828 5185 2033 5241 adulle-

457 5314 571 5355 ram
617 5299 772 5352 faciat
799 5312 814 5351 :
837 5295 924 5350 hic
955 5307 1105 5355 vero,
1134 5288 1275 5360 quod
1316 5286 1543 5342 alienam
1584 5285 1760 5345 ducat,
1798 5279 2039 5336 mtechus

457 5405 511 5447 et
557 5395 669 5460 ipse
711 5391 787 5443 fit.
827 5386 903 5442 Ne
956 5383 1085 5439 mihi
1132 5380 1274 5436 enim
1326 5377 1493 5443 dicas,
1547 5374 1639 5428 llle
1692 5372 1849 5442 ejecit
1879 5386 2039 5426 :nam

459 5486 627 5554 ejeCta
659 5484 830 5537 adhuc
858 5485 1039 5535 manet
1066 5472 1325 5544 ejicientis
1358 5485 1511 5524 uxor.
1546 5466 1745 5522 Deinde
1774 5480 1842 5520 ne
1871 5474 2038 5519 totum

460 5573 753 5642 conjiciens
782 5571 834 5625 in
862 5568 1196 5638 ejicientem,
1230 5558 1648 5628 arrogantiorem
1679 5556 1879 5611 faceret
1905 5571 2039 5609 uxo-

462 5679 596 5720 rem.
646 5664 811 5731 ipsam
838 5661 1079 5729 accipere
1103 5654 1299 5710 volenti
1338 5652 1554 5721 januam
1600 5648 1797 5703 claudit
1834 5648 2040 5715 dicens,

526 5761 543 5785 δ
579 5751 690 5805 Alii.
714 5752 832 5801 tales
854 5749 1029 5813 quippe
1051 5751 1190 5800 erant
1207 5743 1492 5795 Judtwrum
1512 5756 1684 5794 mores.

1186 301 1242 357 S.
1285 296 1562 356 JOANNIS
1596 287 2076 349 CllRYSOSTOMl
2114 287 2431 346 ARCHIEP.
2464 286 2989 347 CONS'MNTINOP.

3630 294 3741 354 260

2158 402 2260 469 Qui
2286 402 2546 457 dimissam
2573 403 2792 469 duxerit,
2823 404 3117 469 moechatur,
3146 418 3364 460 uxorem
3392 407 3473 461 vel
3518 408 3741 465 invitam

2148 495 2392 563 pudicam
2424 495 2671 561 reddens,
2698 505 2751 550 et
2774 496 2839 551 ad
2861 498 3021 553 alium
3047 498 3217 553 virum
3242 499 3442 554 aditum
3467 503 3564 571 ipsi
3593 507 3743 562 clau-

2147 585 2301 650 dens,
2342 601 2440 641 nec
2470 588 2780 655 permittens
2815 589 3099 643 simultatis
3139 605 3321 645 ansam
3359 594 3615 661 pra-bere.
3643 598 3743 654 llla

2148 692 2374 748 namque
2399 693 2519 733 cum
2544 679 2807 743 didicerit,
2838 695 3053 749 prorsus
3086 685 3445 740 necessarium
3474 704 3614 756 esse,
3645 704 3740 746 aut

2146 769 2317 823 virum
2347 770 2435 839 qui
2461 768 2561 825 sibi
2589 771 2657 825 ab
2680 771 2832 826 initio
2872 782 3016 827 sorte
3052 775 3344 843 contigerat
3375 777 3602 843 habere;
3645 795 3740 836 aut

2145 860 2190 914 si
2212 875 2242 915 e
2268 860 2430 915 domo
2455 863 2542 917 illa
2570 864 2892 933 egrediatur,
2916 865 3114 918 nullum
3142 867 3242 919 sibi
3281 868 3423 923 aliud
3450 886 3741 941 superesse

2145 951 2426 1021 refugium,
2472 953 2553 1007 vel
2580 954 2741 1008 invita
2771 966 2992 1024 cogetur
3021 958 3300 1027 conjugem
3329 976 3512 1017 amare
3553 980 3738 1021 suum.

2144 1041 2200 1097 Si
2232 1058 2360 1097 vero
2389 1044 2519 1099 nihil
2545 1046 2641 1113 ipsi
2668 1046 2765 1100 hac
2792 1046 2860 1101 de
2886 1062 2943 1101 re
2968 1047 3233 1117 loquatur,
3266 1066 3337 1105 ne
3357 1054 3566 1108 mireris
3602 1073 3614 1107 :
3649 1058 3737 1110 in-

2143 1136 2345 1191 firmior
2371 1138 2512 1193 enim
2558 1139 2747 1195 mulier
2771 1150 2873 1195 est.
2901 1141 3231 1211 Quapropter
3268 1143 3356 1200 illa
3383 1145 3625 1211 dimissa,
3652 1152 3736 1206 vi.

2144 1241 2234 1281 ros
2261 1229 2419 1282 minis
2448 1230 2697 1285 terrendo
2741 1231 3018 1285 mulierem
3050 1248 3260 1302 quoque
3288 1237 3556 1291 emendat.
3592 1237 3661 1295 Ut
3688 1243 3735 1296 si

2142 1320 2262 1421 quis
2292 1321 2456 1375 lilium
2488 1322 2689 1378 habens
2733 1324 3008 1389 lascivum,
3044 1326 3135 1379 illo
3160 1326 3403 1393 dimisso,
3432 1330 3538 1384 illis
3568 1332 3733 1388 inter-

2142 1414 2391 1477 minetur,
2422 1414 2511 1478 qui
2555 1414 2712 1468 talem
2746 1414 2918 1483 ipsum
2948 1414 3259 1480 eﬂ‘ecerunt,
3293 1426 3544 1489 vetetque
3573 1437 3640 1477 ne
3665 1423 3737 1479 il-

2142 1499 2251 1555 lum
2282 1504 2417 1556 ultra
2447 1504 2660 1569 adeant,
2689 1506 2772 1560 vel
2804 1507 3141 1561 conveniant.
3168 1507 3321 1575 Quod
3346 1510 3391 1563 si
3415 1510 3515 1565 hoc
3537 1526 3737 1568 onero-

2141 1606 2258 1646 sum
2287 1594 2559 1662 videatur,
2582 1595 2633 1650 in
2662 1606 2895 1651 mentem
2921 1612 3107 1652 revoca
3136 1598 3225 1652 illa
3254 1615 3373 1669 quia
3403 1616 3560 1670 supra
3587 1605 3735 1661 dicta

2140 1696 2286 1751 sunt,
2331 1702 2450 1742 cum
2489 1688 2672 1743 beatos
2712 1688 3023 1757 praedicaret
3058 1690 3369 1755 audientes;
3415 1709 3632 1765 remque
3678 1708 3735 1752 et

2140 1778 2450 1849 possibilem
2478 1787 2532 1833 et
2561 1778 2765 1835 facilem
2811 1778 3068 1834 invenies.
3101 1780 3244 1835 Mitis
3265 1785 3428 1846 enim,
3457 1787 3733 1855 paciﬁcus,

2141 1887 2341 1941 pauper
2361 1870 2569 1940 spiritu,
2597 1880 2651 1925 et
2678 1871 3000 1936 misericors,
3024 1873 3292 1941 quomodo
3322 1891 3538 1930 uxorem
3572 1894 3735 1947 repu-

2140 1962 2339 2016 diabit?
2363 1973 2416 2016 et
2459 1962 2547 2032 qui
2595 1961 2727 2016 alios
2752 1961 3081 2027 reconciliat,
3128 1978 3235 2033 quo
3265 1975 3419 2032 pacto
3455 1965 3738 2025 dissidehit

2139 2069 2259 2108 cum
2286 2053 2509 2123 conjuge
2535 2053 2663 2107 sua?
2688 2053 2802 2108 Non
2832 2053 2929 2109 hoc
2949 2069 3077 2109 vero
3104 2063 3326 2120 tantum,
3353 2057 3445 2112 sed
3468 2058 3572 2113 alio
3600 2076 3741 2129 quo-

2139 2162 2244 2216 que
2278 2146 2436 2199 modo
2464 2146 2632 2215 legem
2672 2143 2795 2199 fecit
2825 2145 3015 2201 levem.
3045 2145 3175 2200 Nam
3206 2147 3457 2218 relinquit
3482 2150 3530 2203 ei
3563 2167 3732 2206 unum

2141 2237 2347 2307 repudii
2379 2237 2615 2303 modum,
2647 2237 2849 2301 dicens,
2879 2237 3106 2306 Excepta
3140 2254 3295 2293 causa
3332 2239 3686 2308 fornicationis
3720 2268 3741 2313 ς

2139 2328 2401 2398 siquidem
2450 2327 2502 2381 in
2546 2327 2731 2382 eadem
2776 2336 2975 2396 perstat
3018 2327 3199 2383 decori
3226 2329 3453 2385 ratione.
3495 2331 3551 2385 Si
3583 2331 3733 2388 enim

2134 2420 2384 2490 jussisset
2422 2436 2542 2475 cum
2585 2420 2825 2490 pluribus
2868 2420 3088 2475 mixtam
3137 2423 3399 2487 retinere,
3442 2438 3625 2479 rursus
3672 2427 3729 2480 in

2139 2513 2457 2568 adulterium
2502 2527 2588 2567 res
2631 2513 3059 2569 convertebatur.
3095 2512 3279 2568 Viden’
3302 2516 3570 2585 quomodo
3613 2516 3731 2572 haec

2139 2622 2261 2665 cum
2292 2607 2557 2676 prioribus
2580 2607 2910 2661 consonent?
2938 2606 3037 2674 Qui
3068 2607 3209 2662 enim
3241 2622 3466 2662 uxorem
3496 2609 3730 2664 a'ienam

2141 2698 2420 2769 impudicis
2474 2698 2648 2753 oculis
2685 2714 2789 2753 non
2820 2698 3056 2767 respicit,
3104 2714 3208 2753 non
3252 2698 3633 2765 fornicabitur;
3684 2702 3730 2756 si

2142 2808 2247 2847 non
2281 2791 2604 2856 lornicetur,
2643 2791 2757 2846 viro
2799 2790 3139 2861 repudiandae
3178 2791 3360 2846 uxoris
3393 2805 3506 2847 sum
3541 2807 3729 2847 ansam

2140 2899 2248 2941 non
2276 2882 2551 2953 prazbebit.
2582 2883 2705 2938 Ideo
2729 2882 2894 2938 libere
2920 2882 3253 2952 constringit,
3284 2892 3341 2938 et
3365 2884 3613 2938 timorem
3640 2885 3732 2937 lir—

2141 2985 2271 3040 mat,
2310 2991 2560 3046 magnum
2600 2976 2714 3030 viro
2744 2975 3060 3044 perieulum,
3102 2976 3146 3029 si
3182 2975 3388 3044 ejiciat.
3412 2976 3683 3031 intentans
3715 2996 3728 3032 :

2142 3084 2263 3123 nam
2293 3068 2656 3123 fornicationis
2682 3068 2824 3121 illius
2842 3082 2964 3123 sese
2992 3082 3142 3123 reum
3177 3068 3474 3122 constituit.
3509 3069 3725 3125 Etenim

2141 3176 2209 3216 ne
2236 3176 2357 3215 cum
2386 3161 2556 3227 audis,
2592 3161 2730 3215 Erue
2755 3160 2992 3225 oculum,
3017 3168 3168 3229 putes
3198 3159 3249 3215 id
3280 3161 3443 3215 etiam
3471 3160 3541 3216 de
3564 3176 3734 3217 uxore

2141 3251 2268 3318 dici,
2294 3259 2591 3321 opportune
2618 3251 2753 3304 hanc
2778 3250 3077 3304 cautionem
3111 3251 3313 3305 induxit
3346 3269 3359 3302 :
3393 3266 3501 3305 uno
3522 3260 3732 3307 tantum

2142 3341 2325 3407 modo,
2345 3357 2444 3397 nec
2467 3341 2573 3396 alio
2596 3341 2781 3411 quovis
2802 3340 3116 3410 permittens
3136 3341 3282 3396 illam
3312 3342 3615 3411 repudiare.
3638 3343 3732 3399 55.

2142 3435 2168 3489 ι
2177 3448 2337 3490 terum
2366 3435 2577 3489 audistis
2606 3436 2729 3505 quia
2758 3435 2947 3488 dictum
2972 3442 3042 3488 est
3075 3434 3292 3504 antiquis
3330 3449 3350 3487 :
3379 3432 3501 3488 Non
3531 3437 3734 3505 pejera-

2141 3526 2216 3581 bis
2243 3543 2262 3581 :
2291 3527 2467 3580 reddes
2486 3536 2654 3579 autem
2678 3523 2897 3579 Domino
2914 3525 3213 3593 juramenta
3233 3533 3340 3581 tua.
3377 3525 3466 3580 5i.
3493 3524 3605 3595 Ego
3642 3543 3736 3578 au-

2144 3628 2240 3674 tem
2261 3619 2373 3671 dico
2401 3617 2554 3681 vobis,
2580 3633 2680 3671 non
2695 3618 2875 3685 jurare
2902 3617 3126 3670 omnino.
3158 3616 3266 3670 Cur
3292 3630 3396 3670 non
3426 3617 3607 3671 statim
3636 3634 3733 3673 ve-

2144 3709 2221 3762 nit
2256 3707 2325 3761 ad
2350 3707 2567 3771 furtum,
2612 3707 2704 3762 sed
2742 3706 2809 3761 ad
2854 3707 3039 3761 falsum
3081 3688 3468 3774 testimonium,
3502 3709 3737 3781 illudque

2142 3800 2447 3855 mandatum
2466 3799 2789 3869 prmterivit?
2808 3798 3069 3866 Quoniam
3093 3800 3183 3869 qui
3198 3797 3426 3864 furatur,
3448 3800 3737 3869 aliquando

2137 3891 2315 3963 jurat;
2365 3890 2456 3960 qui
2506 3903 2635 3944 vero
2681 3905 2853 3959 neque
2889 3889 3073 3959 jurare
3113 3904 3283 3958 neque
3324 3892 3536 3946 mentiri
3567 3893 3735 3960 novit,

2143 3983 2315 4037 multo
2348 3981 2519 4051 magis
2545 3995 2576 4034 a
2606 3979 2746 4034 furto
2769 3980 3078 4036 abstinebit.
3110 3980 3293 4050 Itaque
3320 3997 3417 4052 per
3442 3982 3547 4037 hoc
3572 3984 3731 4040 etiam

2144 4073 2271 4128 illud
2301 4081 2573 4141 peccatum
2593 4072 2785 4127 evertit
2811 4090 2824 4125 :
2856 4088 2977 4125 nam
2997 4073 3330 4127 mendacium
3356 4090 3423 4128 ex
3452 4076 3594 4130 furto
3619 4077 3736 4131 ori-

2145 4176 2248 4219 tur.
2280 4163 2413 4233 Quid
2442 4172 2618 4219 autem
2648 4172 2760 4226 est,
2796 4161 2998 4218 Reddas
3038 4161 3261 4217 Domino
3279 4165 3576 4235 juramenta
3608 4167 3737 4220 tua?

2143 4256 2197 4311 ιιι
2223 4265 2324 4321 est,
2354 4256 2548 4311 Jurans
2575 4268 2757 4311 verum
2783 4253 2950 4309 dices.
2980 4252 3094 4323 Ego
3121 4264 3288 4308 aettem
3308 4256 3421 4311 dico
3446 4256 3609 4323 vobis,
3632 4274 3733 4311 non

2133 4350 2315 4419 jurare
2340 4347 2567 4401 omnino.

2214 4439 2325 4494 5-6.
2348 4438 2549 4493 Deinde
2565 4437 2810 4506 utmagis
2841 4434 3116 4506 magisque
3143 4446 3352 4493 avertat
3393 4452 3517 4503 eos,
3541 4453 3613 4493 ne
3640 4454 3739 4508 per

2146 4532 2309 4588 Deum
2342 4530 2543 4598 jurent,
2575 4529 2667 4588 ait,
2710 4526 2889 4596 Neque
2913 4543 3002 4597 per
3026 4528 3225 4593 calum,
3256 4528 3375 4596 quia
3400 4528 3614 4582 (liram
3639 4527 3738 4583 Dii

2144 4631 2216 4680 est
2248 4637 2268 4676 :
2306 4621 2393 4677 55.
2441 4635 2598 4689 neque
2622 4635 2709 4688 per
2743 4627 2947 4683 terram,
2977 4618 3100 4689 quia
3140 4619 3415 4673 scabellum
3448 4630 3521 4673 est
3552 4621 3739 4689 pedum

2144 4716 2287 4786 ejus;
2316 4727 2473 4782 neque
2501 4726 2588 4779 per
2612 4708 2913 4773 Jerusalem,
2942 4710 3062 4778 quia
3084 4710 3259 4763 civitas
3285 4718 3354 4764 est
3382 4710 3554 4780 magni
3583 4712 3737 4781 regis.

2145 4806 2223 4861 Ex
2253 4802 2526 4873 prophetis
2550 4800 2724 4856 adhuc
2749 4800 3001 4869 loquitur,
3030 4808 3086 4854 et
3109 4799 3344 4855 ostendit
3366 4815 3425 4856 se
3465 4816 3572 4855 non
3600 4802 3739 4855 anti-

2145 4902 2265 4971 quis
2284 4896 2586 4961 adversari;
2618 4910 2738 4948 nam
2762 4895 2814 4949 in
2844 4909 2995 4950 more
3020 4895 3127 4949 illis
3150 4903 3267 4950 erat
3295 4910 3393 4965 per
3442 4895 3560 4951 hac
3584 4896 3733 4965 jura-

2147 5011 2226 5059 re,
2249 4994 2373 5047 etin
2397 4992 2500 5045 line
2521 4989 2676 5059 hujus
2698 4987 2966 5058 Evangelii
2992 4988 3131 5043 hunc
3147 4987 3310 5044 fuisse
3332 5003 3536 5044 morem
3552 4998 3736 5044 osten-

2145 5084 2242 5139 dit.
2265 5082 2345 5138 'l‘u
2381 5095 2513 5136 vero
2554 5079 2686 5134 mihi
2725 5077 3005 5133 considera
3034 5077 3173 5133 unde
3192 5079 3423 5133 extollat
3448 5078 3736 5134 elementa.

2147 5172 2261 5228 Non
2286 5187 2353 5228 ex
2382 5170 2593 5241 propria
2621 5178 2836 5234 natura;
2864 5168 2957 5225 sed
2988 5184 3055 5223 ex
3081 5168 3173 5223 Dei
3201 5182 3329 5239 erga
3356 5170 3622 5224 elementa
3653 5172 3737 5224 af-

2143 5263 2288 5320 fectu
2315 5261 2548 5318 demisse
2574 5270 2628 5315 et
2647 5259 2941 5315 secundum
2964 5268 3179 5329 captum
3200 5269 3440 5314 nostrum
3456 5275 3732 5327 expresso.

2143 5357 2277 5426 Quia
2293 5354 2435 5410 enim
2458 5353 2623 5408 multa
2643 5359 2761 5407 erat
2779 5350 3090 5407 idololatriae
3113 5352 3372 5423 tyrannis,
3395 5367 3465 5407 ne
3484 5352 3739 5407 videren-

2144 5459 2231 5505 tur
2255 5451 2524 5505 elementa
2546 5462 2615 5501 ex
2641 5459 2701 5501 se
2727 5443 3038 5499 honoranda
3065 5458 3209 5509 esse,
3233 5446 3372 5498 lianc
3400 5458 3560 5513 quam
3595 5444 3739 5498 dixi-

2144 5556 2263 5598 mus
2288 5555 2503 5596 causam
2531 5538 2726 5607 posuit,
2759 5534 3145 5603 rursusque‘ad
3170 5534 3266 5590 Dei
3289 5534 3510 5605 gloriam
3560 5544 3738 5589 trans-

2148 5636 2258 5691 ivit.
2285 5633 2467 5703 Neque
2510 5628 2653 5686 enim
2696 5626 2847 5692 dixit,
2880 5626 3010 5695 Quia
3056 5626 3335 5696 pulchrum
3380 5640 3738 5695 magnumque

2145 5728 2335 5786 caelum
2366 5733 2470 5790 est,
2519 5733 2713 5792 neque,
2743 5717 2878 5786 Quia
2907 5716 3048 5774 utilis
3090 5728 3267 5785 terra;
3314 5716 3432 5785 sed,
3459 5716 3593 5783 Quia
3645 5706 3735 5765 Dei
