4084 6210
456 263 549 325 aut

457 382 584 436 illud
629 377 848 435 thronus
877 383 977 441 est,
1023 373 1136 430 ha'c
1171 374 1480 439 seabellum,
1524 373 1755 443 undique
1785 374 1929 442 ipsos
1965 374 2030 426 ad

462 475 740 529 Dominum
772 469 1115 540 compellens.
1147 468 1233 524 56.
1267 467 1443 536 Neque
1471 483 1560 535 per
1582 475 1733 534 caput
1761 475 1920 530 tuum,
1951 467 2036 518 iu-

458 568 593 635 qttit,
636 566 752 634 quia
778 580 876 616 non
911 572 1052 631 potes
1081 577 1237 614 unum
1257 559 1498 630 capillum
1539 557 1706 611 album
1736 561 1920 628 facere,
1951 566 2038 610 aut

459 658 674 728 nigrum.
719 654 922 709 Rursus
963 667 1066 706 non
1097 651 1365 706 hominem
1408 649 1698 710 admirans,
1727 647 2033 716 subiunxit,

460 757 626 813 neque
663 757 755 812 per
789 752 950 812 caput
981 742 1096 811 ejus
1128 755 1248 795 esse
1270 738 1576 807 jurandum,
1622 737 1854 807 alioquin
1894 735 2034 790 enim

458 839 566 906 ipse
587 836 745 888 homo
771 834 1022 888 adoratus
1048 831 1230 885 fuisset
1250 847 1263 890 ;
1287 829 1378 883 sed
1395 827 1615 899 gloriam
1645 828 1751 881 Deo
1776 827 2030 891 referens,

456 939 506 982 et
525 927 835 989 ostendens,
875 935 926 978 te
959 940 1026 978 ne
1063 923 1275 992 quidem
1304 922 1376 974 tui
1412 920 1687 974 dominmn
1727 933 1866 980 esse,
1909 932 2035 985 ergo

456 1026 624 1090 neque
648 1020 1070 1088 juramentorum
1117 1031 1209 1084 per
1248 1021 1407 1082 caput
1429 1012 1765 1067 emissorum.
1808 1009 1862 1064 Si
1892 1009 2033 1062 enim

450 1123 608 1165 nemo
638 1111 800 1162 tilium
841 1123 992 1160 suum
1023 1106 1177 1160 alteri
1213 1105 1435 1165 dederit,
1487 1102 1650 1156 multo
1688 1102 1862 1153 minus
1894 1101 2034 1153 Deus

449 1215 581 1268 opus
612 1210 765 1253 suum
811 1197 900 1250 tibi
928 1195 1204 1250 concedet.
1250 1196 1464 1248 Etiamsi
1495 1194 1637 1248 enim
1677 1201 1835 1260 caput
1885 1202 2030 1244 tuum

449 1293 539 1357 sit,
576 1290 668 1346 sed
698 1289 916 1342 alterius
951 1296 1033 1342 est
1073 1287 1337 1356 possessio
1371 1305 1383 1337 :
1418 1293 1726 1353 tantumque
1765 1285 1916 1336 abest
1964 1296 2031 1335 ne

451 1385 696 1437 dominus
723 1381 839 1448 ejhs
882 1380 976 1442 sis,
1017 1387 1075 1432 ut
1105 1394 1170 1431 ne
1216 1377 1491 1431 minimum
1521 1376 1734 1444 quidem
1767 1374 1938 1438 possis
1981 1374 2030 1426 in

451 1474 541 1527 illo
569 1473 799 1542 operari.
829 1469 943 1524 Non
973 1471 1115 1524 enim
1135 1469 1286 1532 dixit,
1313 1468 1426 1520 Non
1449 1475 1599 1536 potes
1626 1465 1920 1533 producere
1944 1480 2034 1517 ea-

447 1566 664 1632 pillum;
711 1561 828 1625 sed,
880 1560 1061 1628 Neque
1109 1559 1226 1629 ejus
1272 1559 1578 1626 qualitatem
1618 1567 1844 1610 mutare.
1895 1555 2031 1623 Quid

448 1656 627 1722 igitur,
654 1652 697 1705 si
729 1653 868 1719 quis,
901 1651 1130 1719 inquies,
1157 1651 1516 1718 juramentum
1542 1648 1735 1716 exigat,
1770 1656 1824 1700 et
1850 1661 2033 1701 neces-

445 1747 656 1797 sitatem
685 1741 935 1796 inducat?
976 1741 1066 1794 Dei
1096 1741 1255 1794 timor
1296 1740 1611 1794 necessitate
1639 1739 1709 1791 sit
1744 1739 2028 1806 potentiOr.

447 1835 576 1887 Nam
618 1834 661 1887 si
693 1832 827 1886 velis
874 1827 1178 1898 huiusmodi
1203 1845 1390 1883 causas
1434 1829 1686 1896 objicere,
1735 1828 1934 1880 mtlltun
1965 1844 2031 1881 ex

447 1923 724 1993 przeceptis
769 1921 1030 1978 servabis.
1074 1920 1203 1974 Nam
1233 1931 1283 1974 et
1329 1920 1394 1974 de
1444 1934 1608 1974 uxore
1653 1919 1890 1972 dicturus
1927 1935 2028 1974 es:

445 2013 583 2082 Quid
612 2014 788 2082 igitur,
818 2013 861 2066 si
892 2012 1118 2081 litigiosa
1147 2020 1200 2064 et
1237 2019 1540 2079 sumptuosa
1571 2010 1678 2062 sit?
1710 2009 1776 2063 Et
1798 2009 1866 2064 de
1898 2025 2028 2064 ocu-

449 2107 500 2160 lo
519 2105 705 2158 dextro
738 2121 750 2154 :
781 2101 915 2168 Quid
938 2101 1118 2170 igitur,
1140 2098 1417 2168 sidiligam
1433 2112 1582 2157 eum.
1601 2107 1656 2152 et
1683 2097 1840 2152 urar?
1871 2098 1934 2151 Et
1961 2099 2029 2152 de

447 2195 714 2264 impudico
740 2202 955 2263 aspectu
982 2211 996 2244 ε
1030 2192 1165 2258 Quid
1197 2193 1372 2261 igitur,
1407 2206 1472 2244 au
1506 2201 1719 2260 possum
1744 2206 1848 2244 non
1875 2191 2022 2247 vitle-

445 2287 542 2341 re?
572 2287 637 2340 Et
659 2285 728 2340 de
749 2285 824 2339 ira
854 2286 903 2338 iu
928 2283 1143 2338 fratrem
1171 2301 1182 2336 :
1211 2282 1346 2350 Quid
1377 2282 1553 2351 igitur,
1582 2282 1625 2334 si
1650 2297 1885 2351 prateeps
1906 2283 2027 2347 sim,

441 2390 495 2432 et
527 2380 754 2447 linguam
788 2388 969 2432 tenere
1001 2390 1106 2429 non
1131 2373 1368 2444 possim?
1405 2375 1467 2428 Et
1496 2375 1573 2427 sic
1604 2386 1821 2443 prorsus
1851 2376 2029 2429 Omnia

441 2477 598 2538 supra
627 2469 783 2526 dicta.
809 2468 1060 2524 calcabis.
1105 2467 1260 2536 Atqui
1305 2466 1354 2519 in
1389 2466 1589 2536 legibus
1632 2467 1876 2520 humanis
1919 2469 2031 2520 haec

439 2558 732 2613 obtendere
776 2574 880 2610 non
925 2556 1089 2621 ansis,
1135 2572 1309 2626 neque
1351 2557 1553 2620 dicere,
1600 2556 1736 2624 Quid
1768 2558 1940 2627 igitur,
1985 2558 2028 2609 si

440 2651 563 2716 hoc,
605 2651 688 2706 vel
731 2651 902 2705 illud?
936 2650 1031 2704 sed
1080 2665 1173 2704 seu
1213 2654 1402 2717 Sponte
1430 2664 1524 2701 seu
1571 2649 1765 2703 invitus
1805 2664 1868 2704 ca
1911 2664 2031 2718 qua:

440 2745 633 2814 scripta
677 2752 801 2796 sunt
838 2742 1055 2810 accipis.
1101 2741 1347 2810 Alioquin
1388 2751 1564 2794 autent
1611 2756 1897 2811 numquam
1925 2743 2034 2795 vim

441 2836 880 2890 necessitatemve
927 2833 1163 2901 patieris.
1218 2831 1352 2886 Nam
1381 2832 1468 2902 qui
1509 2831 1861 2887 beatitudines
1885 2833 2031 2902 prius

437 2927 740 2982 enuntiatas
765 2925 982 2986 audivit,
1008 2939 1071 2978 ac
1091 2924 1322 2992 seipsum
1356 2926 1422 2976 ita
1452 2925 1768 2993 composuit,
1801 2932 1859 2979 ut
1877 2925 2028 2978 Chri-

438 3018 748 3086 stusjussit,
780 3017 974 3070 nullam
1003 3031 1030 3067 a
1062 3017 1250 3085 quovis
1279 3015 1494 3069 homine
1517 3014 1820 3084 hujusmodi
1843 3027 2029 3070 neces-

437 3109 646 3162 sitatem
675 3108 924 3176 patietur,
960 3121 1079 3160 cum
1111 3105 1180 3159 sit
1209 3105 1346 3174 apud
1374 3120 1562 3159 omnes
1591 3105 1934 3160 admirandus
1973 3117 2029 3161 et

437 3197 780 3252 honorabilis.
807 3198 891 3252 37.
926 3196 1006 3250 Sit
1027 3205 1192 3248 autem
1214 3209 1375 3248 sermo
1401 3206 1575 3261 vester,
1600 3206 1690 3260 est,
1719 3207 1806 3261 est,
1823 3210 2024 3263 ct,nau,

435 3305 535 3342 non
568 3305 585 3341 :
615 3287 750 3357 quod
785 3296 950 3340 niuem
991 3291 1127 3340 ultra
1161 3287 1479 3356 adjuuqitur,
1512 3304 1575 3340 ea:
1601 3289 1734 3342 malo
1770 3305 1862 3343 est.
1889 3288 2025 3355 Quid

435 3379 592 3448 igitur
612 3391 1060 3445 Supervacaneum
1085 3377 1209 3431 illud
1232 3387 1328 3441 est,
1352 3380 1507 3440 ultra,
1531 3378 1620 3432 Est
1639 3388 1686 3433 et
1711 3395 1812 3433 non
1828 3381 1854 3433 ?
1873 3380 2030 3435 Jura—

434 3480 694 3532 utentum,
725 3485 827 3524 non
851 3479 1026 3524 autem
1056 3469 1368 3539 pet-jurium.
1400 3470 1511 3525 Hoc
1527 3473 1670 3526 enim
1698 3472 1749 3526 in
1777 3472 2025 3528 confesso

433 3571 535 3627 est,
567 3573 621 3616 et
647 3572 805 3615 nemo
829 3570 911 3616 est
934 3562 1057 3631 quin
1103 3562 1368 3624 didicerit,
1399 3578 1426 3616 a
1455 3563 1596 3616 malo
1619 3579 1758 3628 esse,
1791 3581 1890 3620 nec
1928 3580 2024 3621 su-

434 3666 818 3721 pervacaneum
863 3665 1001 3716 esse,
1043 3653 1135 3706 sed
1166 3655 1491 3707 contrarium
1526 3669 2023 3725 :snpervacaneum

433 3752 610 3795 autem
651 3750 752 3803 est,
781 3741 923 3810 quod
966 3741 1102 3795 ultra
1132 3751 1186 3796 et
1214 3757 1334 3797 cum
1373 3743 1724 3798 redundantia
1752 3745 2021 3814 adjicitur,

433 3833 643 3903 taleque
676 3845 757 3888 est
782 3835 1161 3904 juramentum.
1202 3835 1464 3903 Quidnam
1494 3853 1624 3891 vero
1649 3838 1776 3893 dicit
1811 3855 1841 3894 a
1883 3842 2026 3896 maio

433 3930 590 3982 esse?
611 3936 667 3981 et
694 3928 736 3981 si
767 3943 795 3980 a
837 3928 978 3982 malo
1005 3937 1142 3993 erat,
1166 3943 1260 3982 cur
1299 3929 1586 3997 jubebatur
1614 3931 1664 3985 in
1695 3932 1851 4002 lege?
1880 3933 2022 4002 ldip-

431 4029 550 4073 sum
581 4019 737 4072 etiam
763 4019 830 4074 de
869 4035 1034 4074 uxore
1059 4019 1242 4074 dices:
1275 4022 1384 4075 Cur
1400 4021 1509 4091 jam
1552 4023 1831 4079 fornicatio
1861 4041 2021 4096 repu-

433 4120 576 4165 tatur
619 4111 669 4164 id
711 4111 850 4180 quod
890 4112 1015 4165 olim
1045 4111 1490 4179 permittebatur?
1526 4113 1661 4181 Quid
1702 4117 1768 4169 ad
1796 4118 1910 4170 hate
1939 4118 2022 4170 di-

431 4200 656 4254 cemlnm
675 4201 698 4253 ἲ
717 4201 840 4255 llaec
861 4207 984 4255 tunc
1003 4200 1143 4255 diota
1169 4201 1330 4255 fuisse
1352 4202 1644 4257 secundum
1662 4204 2020 4261 infirmitatem

431 4305 617 4345 eorum
645 4293 733 4360 qui
757 4293 904 4361 leges
928 4292 1261 4360 accipiebant
1285 4312 1297 4346 :
1331 4308 1452 4346 nam
1483 4307 1535 4348 et
1563 4295 1750 4350 nidore
1778 4299 2020 4352 victima-

433 4398 548 4436 rum
580 4382 680 4437 coli
711 4383 980 4452 indignum
1009 4382 1294 4438 admodum
1328 4385 1435 4438 Deo
1460 4396 1558 4450 cst,
1595 4387 1734 4442 sicut
1764 4388 2024 4444 balbutire

433 4474 704 4544 indignum
735 4475 1070 4544 philosopho.
1122 4475 1453 4530 Adulterium
1481 4493 1608 4546 ergo
1645 4495 1786 4534 nunc
1814 4492 2025 4550 reputa-

435 4576 518 4619 tur
543 4564 670 4618 illud
693 4583 706 4628 ξ
751 4574 806 4619 et
833 4579 862 4618 a
891 4566 1033 4620 malo
1061 4577 1143 4619 est
1169 4566 1369 4635 jurare,
1394 4569 1607 4637 quando
1632 4581 1784 4623 aucta
1816 4580 1873 4625 et
1899 4589 2020 4641 per-

433 4657 567 4710 fecta
613 4656 778 4709 virtus
821 4665 920 4710 est.
949 4655 1004 4711 Si
1047 4672 1174 4712 vero
1224 4658 1305 4711 ha:
1328 4658 1397 4711 ab
1449 4660 1597 4714 initio
1634 4661 1828 4716 diaboli
1879 4664 2022 4733 leges

432 4747 677 4812 fuissent,
708 4762 811 4799 non
843 4744 1022 4816 utique
1051 4756 1249 4800 tantum
1281 4749 1650 4817 profecissent.
1677 4752 1886 4807 Etenim
1921 4757 2019 4810 nisi

432 4838 520 4892 illa
548 4837 900 4907 prmivissent,
929 4853 1035 4890 non
1069 4839 1137 4891 ita
1167 4837 1320 4892 facile
1343 4839 1458 4894 inec
1486 4857 1627 4897 nunc
1649 4855 1867 4913 accepta
1895 4845 2021 4898 fuis-

431 4937 569 4983 sent.
597 4928 713 4982 Noli
755 4930 910 4998 igitur
942 4944 1127 4983 eormn
1173 4931 1446 4996 requirere
1491 4932 1761 4999 virtutem,
1809 4937 2022 5004 quando

429 5034 614 5073 eorum
653 5033 782 5073 usus
825 5021 1156 5089 prmterivit:
1201 5029 1327 5075 tunc
1353 5023 1495 5075 enim
1543 5035 1749 5095 tempus
1780 5027 1828 5081 id
1872 5038 2022 5099 pete-

433 5112 552 5176 bat;
585 5112 692 5164 imo
720 5126 868 5176 vero,
899 5113 942 5164 si
967 5111 1068 5174 vis,
1101 5112 1259 5166 etiam
1290 5128 1449 5168 nunc.
1484 5115 1616 5169 Nam
1639 5133 1822 5172 eorum
1856 5122 2021 5175 virtus

431 5202 729 5256 ostenditur
777 5216 843 5255 cx
890 5217 956 5255 eo
1005 5201 1120 5270 ipso
1163 5218 1268 5270 quo
1312 5205 1478 5272 magis
1524 5219 1827 5264 accusatur;
1865 5212 2017 5277 Quod

431 5294 572 5347 enim
602 5294 714 5348 haec
759 5294 880 5348 talia
913 5309 1053 5348 nunc
1091 5293 1390 5356 videantur.
1421 5311 1606 5353 eorum
1647 5302 1876 5354 maxima
1909 5305 2020 5357 laus

431 5395 530 5436 est.
561 5383 668 5442 Nisi
714 5386 854 5440 enim
891 5401 986 5438 nos
1027 5385 1248 5454 pulchre
1282 5387 1610 5452 nutrivisset,
1639 5399 1694 5446 et
1722 5392 1786 5445 ad
1818 5393 2016 5462 majora

437 5475 738 5542 recipienda
773 5474 992 5530 idoneos
1031 5475 1370 5540 reddidisset,
1410 5492 1514 5532 non
1545 5479 1666 5534 talia
1709 5481 2009 5537 viderentur

431 5580 570 5619 esse.
621 5565 1074 5632 Quemadmodum
1126 5568 1532 5631 mamilla,cum
1578 5584 1730 5626 suum
1784 5573 2018 5642 implevit

432 5659 683 5723 officium,
717 5668 768 5712 et
796 5658 859 5712 ad
903 5660 1266 5730 perfectiorem
1319 5676 1554 5715 mensam
1603 5679 1732 5732 puer
1768 5665 2011 5732 mittitur,

1605 259 1667 316 IN
1709 255 2111 315 MATTHIEUM
2151 258 2379 318 IIOMIL.
2422 257 2583 322 XVII.

3619 276 3725 333 ’ξε-ἒ.

2147 373 2363 432 demum
2386 379 2586 433 inutilis
2615 381 2843 448 videtur;
2872 383 3115 454 parentes
3142 389 3378 460 vero,qui
3408 391 3551 448 illaut
3583 411 3718 461 prm.

2141 479 2309 545 puero
2341 474 2694 525 necessariam
2725 488 2844 528 esse.
2869 477 3115 542 putabant
3136 520 3150 542 ,
3185 481 3329 536 mille
3356 494 3536 545 postea
3583 487 3722 540 illam

2133 541 2476 600 irrisiouibus
2503 541 2941 620 prosequuntur;
2973 559 3126 610 multi
3182 541 3367 613 autem
3423 577 3529 613 non
3585 579 3707 614 ver-

2133 634 2215 685 bis
2253 637 2428 690 solum
2482 639 2628 694 illam
2667 647 2978 710 traducunt,
3011 649 3104 702 sed
3134 650 3292 702 etiam
3325 653 3528 707 amaris
3561 654 3704 707 illam

2132 726 2731 799 oblinuntungueutis;
2771 739 2896 790 utsi
2930 753 3034 792 nan
3078 741 3286 808 possint
3316 744 3472 796 verba
3506 745 3708 812 impor-

2129 824 2320 870 tunum
2389 820 2711 876 huiusmodi
2761 829 2914 895 put-ri
2964 829 3212 884 :tﬂ‘eetum
3264 849 3559 897 removere,
3619 853 3705 889 res

2127 903 2257 972 ipsae
2295 904 2624 963 desiderium
2675 924 2945 969 avertant.
2991 919 3005 949 ¹
3053 921 3144 973 Sic
3197 922 3449 975 Christus
3489 940 3518 974 a~
3563 927 3704 977 malo

2127 993 2238 1046 haec
2265 1008 2384 1061 esse
2413 996 2574 1060 dixit,
2625 1013 2727 1050 nou
2759 1010 2816 1051 ut
2862 1002 3172 1056 ostenderet
3212 1015 3445 1059 veterem
3473 1006 3640 1075 legem
3671 1024 3700 1061 a

2123 1083 2334 1137 diabolo
2362 1088 2640 1154 prodiisse,
2671 1090 2762 1142 sed
2793 1100 2847 1142 ttt
2877 1093 3241 1148 vehementius
3263 1110 3292 1148 a
3315 1095 3479 1150 veteri
3507 1097 3707 1152 vilitate

2123 1187 2420 1233 revocaret.
2453 1179 2519 1232 Et
2553 1179 2825 1250 discipulis
2852 1184 3066 1251 quidem
3115 1185 3230 1241 hmc
3257 1186 3426 1252 dicit;
3483 1190 3576 1243 sed
3613 1189 3707 1243 Ju-

2123 1267 2251 1321 daeis
2271 1269 2496 1337 stupidis
2519 1282 2572 1324 et
2611 1272 2663 1324 itt
2697 1273 2882 1327 iisdem
2916 1277 3406 1343 perseverantibus,
3439 1294 3538 1333 ceu
3571 1298 3707 1350 qua-

2123 1362 2241 1413 tiam
2265 1362 2636 1427 amaritudine,
2663 1367 2984 1434 captivitatis
3025 1378 3168 1423 metu
3201 1370 3385 1425 urbem
3435 1373 3707 1427 circumli-

2125 1452 2286 1503 uitam
2341 1451 2666 1507 inaccessam
2713 1457 2960 1512 reddidit.
2994 1459 3124 1525 Quia
3155 1476 3280 1514 vero
3306 1477 3371 1515 ne
3398 1461 3449 1516 id
3484 1465 3699 1532 quidem

2126 1545 2294 1609 potuit
2322 1545 2464 1613 ipsos
2491 1546 2720 1599 retinere
2744 1588 2759 1611 ,
2786 1549 2876 1602 sed
2901 1565 3016 1602 eam
3041 1562 3227 1605 rursus
3253 1552 3434 1608 videre
3453 1555 3710 1623 optabant

2123 1636 2273 1700 quasi
2300 1635 2446 1701 pueri
2477 1634 2542 1688 ad
2571 1637 2857 1690 mamillam
2901 1650 3276 1707 accurreutes,
3321 1643 3534 1698 demum
3562 1646 3708 1701 illam

2124 1723 2428 1787 occultavit,
2460 1725 2545 1778 illa
2574 1726 2684 1794 ipsa
2713 1726 2910 1790 diruta,
2940 1738 2988 1782 et
3021 1731 3286 1801 plerisque
3308 1747 3494 1788 eorutn
3528 1740 3709 1804 procul

2124 1814 2366 1867 abductis
2406 1816 2897 1884 :quemadmodum
2950 1819 3158 1887 plurimi
3207 1823 3434 1888 vitulos,
3464 1842 3492 1877 a
3539 1827 3712 1891 vaccis

2122 1903 2380 1958 abductos
2408 1904 2746 1975 inclusosque
2765 1949 2779 1970 ,
2816 1916 3055 1977 tempore.
3078 1911 3465 1980 assuefaeiunt;
3497 1925 3554 1969 ut
3581 1932 3609 1969 a
3637 1917 3714 1970 la-

2121 1995 2221 2048 ctis
2241 1998 2626 2052 consuetudine
2651 1999 2959 2065 abscedant.
2989 2001 3118 2056 Nam
3145 2005 3188 2056 si
3219 2004 3416 2060 diaboli
3445 2019 3596 2061 vetus
3627 2011 3711 2064 lex

2122 2097 2296 2151 esset,
2343 2103 2447 2142 non
2494 2090 2561 2143 ah
2605 2090 2902 2146 idololatria
2931 2093 3274 2160 abduxisset,
3311 2099 3418 2152 into
3444 2112 3627 2156 contra
3657 2104 3708 2155 in

2122 2177 2262 2232 illam
2291 2177 2611 2248 coniecisset
2644 2200 2656 2235 :
2691 2182 2742 2236 id
2791 2183 2932 2237 enim
2977 2185 3193 2240 volebat
3244 2187 3510 2245 diabolus.
3557 2193 3710 2247 Nunc

2121 2278 2296 2322 autem
2320 2273 2648 2326 contrarium
2678 2287 2893 2339 prorsus
2917 2274 3157 2331 videmus
3178 2294 3205 2330 a
3231 2279 3398 2334 veteri
3416 2281 3532 2352 iege
3547 2283 3708 2338 effici.

2126 2361 2190 2414 Et
2213 2361 2384 2431 ipsum
2415 2379 2626 2433 quoque
2651 2365 3008 2434 juramentum
3033 2369 3154 2424 ideo
3181 2371 3231 2425 in
3259 2375 3422 2427 veteri
3452 2382 3707 2432 statutum

2123 2452 2238 2516 fttit,
2272 2470 2339 2508 ne
2369 2470 2464 2522 per
2494 2457 2630 2511 idola
2657 2457 2924 2526 jurareut.
2962 2458 3176 2526 Jurate,
3210 2462 3398 2532 inquit,
3427 2483 3516 2535 per
3547 2464 3708 2520 Deum

2122 2561 2290 2600 verum
2318 2549 2457 2616 (λεν.
2481 2549 2537 2615 4-,
2559 2548 2595 2602 2
2617 2552 2654 2616 ).
2680 2549 2794 2604 Non
2825 2551 2982 2618 igitur
3008 2567 3168 2622 parva
3195 2555 3437 2622 quaedam
3463 2558 3554 2614 lex
3581 2560 3711 2615 effe-

2121 2638 2213 2700 cit,
2244 2636 2337 2690 sed
2364 2652 2550 2705 magna
2585 2638 2784 2707 utique.
2817 2639 2950 2694 Nam
2989 2642 3054 2694 ad
3086 2643 3312 2698 solidum
3343 2647 3522 2702 cibum
3558 2664 3710 2705 acce-

2123 2727 2285 2789 tlere,
2318 2727 2367 2781 id
2413 2729 2712 2782 Servatoris
2750 2730 2846 2784 luit
2869 2745 3023 2802 opus.
3057 2732 3196 2799 Quid
3240 2734 3436 2804 igitur?
3478 2753 3656 2794 annon
3677 2756 3707 2794 τι

2125 2819 2265 2872 maio
2285 2819 2606 2888 estjurare?
2631 2822 2674 2873 Α
2704 2821 2847 2875 maio
2888 2829 2972 2876 est
2995 2823 3209 2894 utique;
3251 2826 3347 2882 sed
3395 2843 3537 2884 nunc
3589 2842 3712 2901 post

2123 2919 2320 2962 tantam
2354 2910 2776 2980 philosophiam;
2823 2920 2952 2968 tunc
2999 2925 3178 2970 autem
3220 2916 3458 2974 minime.
3490 2921 3556 2975 Et
3579 2937 3710 2991 quo-

2123 3000 2318 3066 modo,
2376 3001 2612 3071 inquies,
2661 3002 2888 3072 idipsmn
2934 3008 3104 3075 possit
3149 3021 3270 3064 esse
3311 3023 3452 3065 nunc
3475 3010 3708 3076 bonum,

2125 3107 2264 3146 nunc
2303 3091 2522 3146 minime
2575 3093 2809 3149 bonum?
2855 3095 2968 3166 Ego
2997 3106 3174 3153 autem
3197 3114 3228 3154 e
3255 3103 3526 3158 contrario
3551 3103 3672 3166 dico
3692 3145 3708 3171 ,

2121 3183 2390 3251 quomodo
2435 3200 2539 3238 non
2586 3186 2654 3238 sit
2695 3194 2749 3240 ct
2792 3187 2986 3242 bonum
3031 3200 3088 3245 et
3130 3206 3235 3246 non
3283 3192 3518 3257 bonum.
3550 3197 3712 3252 rebus

2120 3275 2367 3329 omnibus
2392 3275 2469 3329 sic
2492 3275 2862 3343 clamantibus,
2895 3281 3098 3336 artibus
3117 3324 3132 3348 ,
3164 3283 3422 3342 fructibus
3445 3329 3458 3352 ,
3487 3289 3712 3360 aliisque

2121 3367 2414 3422 omnibus?
2439 3369 2670 3423 Primum
2701 3371 2750 3425 id
2783 3373 2963 3427 videas
2983 3374 3036 3428 iu
3070 3381 3256 3432 natura
3290 3390 3471 3435 nostra
3497 3384 3711 3438 coutiuv

2121 3473 2265 3528 gere.
2295 3458 2503 3514 Gestari
2529 3463 2672 3516 enim
2701 3465 2751 3516 in
2783 3465 2950 3532 prima
2979 3476 3135 3521 aetate
3161 3468 3356 3525 bonum
3379 3484 3491 3537 est,
3525 3487 3709 3544 postea

2124 3565 2255 3605 vero
2285 3552 2639 3620 perniciosum
2665 3571 2678 3616 ;
2716 3558 3030 3624 praemansis
3053 3560 3125 3613 uti
3153 3562 3286 3618 cibis
3315 3564 3366 3618 in
3392 3566 3566 3635 primo
3589 3571 3712 3623 vitae

2125 3651 2365 3712 tempore
2394 3645 2612 3711 bonum,
2667 3659 2847 3716 postea
2896 3665 3022 3704 vero
3051 3649 3274 3708 horrore
3306 3656 3552 3725 plenum;
3577 3660 3712 3716 lacte

2123 3737 2189 3790 ali
2218 3747 2274 3791 et
2317 3737 2380 3791 ad
2410 3753 2696 3793 mammam
2737 3743 3022 3813 cbnfngere
3045 3744 3197 3800 initio
3223 3749 3351 3804 utile
3377 3760 3460 3805 est
3485 3760 3540 3806 et
3564 3755 3710 3807 salu-

2123 3838 2273 3891 tare,
2327 3838 2512 3898 postea
2559 3846 2688 3886 vero
2741 3835 3098 3901 perniciosum
3145 3845 3202 3892 et
3239 3841 3476 3895 noxium.
3527 3842 3714 3899 Viden’

2120 3919 2392 3986 quomodo
2431 3920 2632 3975 eaedem
2675 3937 2762 3976 res
2794 3926 3087 3980 secundum
3117 3936 3358 3998 tempora
3387 3931 3540 3985 bona!
3569 3935 3710 3998 sint,

2121 4019 2176 4064 et
2203 4019 2386 4079 postea
2418 4027 2522 4065 non
2547 4013 2679 4066 tales
2719 4016 3044 4083 appareant?
3066 4016 3198 4071 Nam
3241 4021 3444 4087 puerile
3494 4024 3711 4092 palliunt

2121 4111 2334 4167 gestare
2365 4113 2530 4170 puero
2555 4102 2768 4170 quidem
2807 4103 3110 4171 honestum,
3163 4109 3282 4164 viro
3329 4122 3505 4166 autem
3535 4124 3710 4184 turpe.

2128 4190 2284 4244 Visne
2310 4192 2471 4244 etiam
2519 4203 2585 4244 ex
2615 4194 2898 4246 contrariis
2926 4195 3150 4261 idipsum
3177 4198 3384 4256 discere
3407 4244 3424 4268 ,
3446 4207 3714 4274 quomodo

2125 4295 2244 4348 quae
2273 4281 2389 4334 viro
2417 4289 2730 4351 competunt
2752 4324 2766 4341 .
2795 4299 2959 4352 puero
2989 4296 3110 4355 apta
3139 4303 3242 4342 non
3277 4290 3421 4345 sint?
3449 4294 3520 4347 Da
3549 4309 3715 4363 puero

2125 4370 2338 4438 pallium
2362 4370 2534 4435 virile,
2560 4371 2683 4426 hinc
2704 4374 2961 4442 plurimus
2983 4387 3235 4446 sequetur
3253 4381 3412 4447 risus,
3438 4384 3716 4454 majusque

2125 4462 2177 4514 in
2229 4461 2522 4516 incedendo
2547 4463 2864 4531 periculum,
2898 4467 2966 4520 ita
3000 4483 3141 4538 saepe
3169 4472 3271 4526 huc
3300 4473 3425 4528 illuc
3456 4486 3711 4531 vertetur.

2127 4552 2197 4605 Da
2219 4552 2376 4605 etiam
2401 4553 2472 4607 illi
2491 4554 2668 4608 civilia
2693 4557 2899 4624 negotia
2919 4561 3212 4625 tracumda,
3230 4563 3312 4618 vel
3336 4575 3714 4634 mercaturam,

2124 4645 2206 4700 vel
2237 4645 2448 4700 serendi
2481 4647 2820 4714 metendique
2841 4659 3032 4715 artem,
3055 4662 3110 4705 et
3130 4653 3412 4709 ridiculum
3436 4657 3536 4711 hoc
3565 4659 3712 4713 vitic-

2127 4739 2286 4792 bitur.
2317 4739 2382 4792 Et
2411 4753 2506 4793 cur
2538 4740 2650 4794 inec
2679 4740 2838 4795 dico?
2866 4742 3000 4796 Nam
3029 4745 3227 4809 caedes,
3255 4762 3414 4816 quam
3442 4749 3716 4808 inventum

2122 4843 2241 4883 esse
2259 4829 2453 4882 diaboli
2473 4830 2522 4882 in
2540 4845 2638 4883 con
2647 4829 2785 4884 fesso
2801 4831 3135 4898 apudomnes
3147 4842 3250 4902 est,
3266 4848 3567 4906 opportuno
3587 4850 3720 4896 tem-

2128 4933 2254 4988 pore
2283 4919 2417 4974 facta
2435 4960 2451 4984 ,
2485 4919 2886 4975 interfectorem
2918 4921 3176 4980 Phineem
3204 4928 3487 4985 sacerdotii
3516 4930 3720 4987 honore

2122 5009 2394 5063 decoravit
2442 5007 2640 5080 (Num.
2693 5009 2820 5081 25).
2858 5012 3011 5078 Quod
3057 5017 3198 5070 enim
3250 5019 3426 5076 caedes
3471 5023 3540 5077 sit
3586 5037 3715 5093 Opus

2124 5101 2355 5162 diaboli,
2399 5101 2521 5155 audi
2561 5103 2830 5172 quomodo
2872 5105 3016 5160 dicat
3066 5107 3222 5175 ipse:
3264 5108 3362 5165 Vos
3389 5129 3542 5181 opera
3563 5116 3721 5182 patris

2126 5195 2273 5247 vestri
2290 5194 2440 5247 vultis
2462 5195 2629 5260 facere
2646 5211 2663 5247 :
2679 5195 2767 5248 ille
2792 5196 3046 5252 homicida
3064 5209 3170 5253 erat
3195 5218 3226 5254 a
3253 5203 3501 5274 principio
3526 5203 3715 5272 (Joau.

2124 5286 2179 5336 ,8.
2205 5285 2291 5337 41.
2321 5285 2389 5338 44
2411 5285 2449 5351 ).
2482 5284 2586 5338 Sed
2616 5285 2877 5341 homicida
2906 5287 3003 5343 fuit
3028 5290 3188 5345 etiam
3215 5290 3462 5357 i‘hiuees,
3487 5290 3552 5343 Et
3567 5308 3714 5360 repu-

2199 5478 2536 5547 {_His_verb_is
2577 5489 2738 5531 nolam
2782 5486 3146 5535 arithmeticam
3189 5487 3220 5534 6
3253 5486 3529 5547 pratﬂxerat
3578 5484 3714 5531 Mna-

2136 5540 2448 5614 t‘efalconius,
2482 5543 2594 5614 hinc
2617 5559 2874 5614 perperam
2909 5561 3085 5614 novum
3106 5540 3306 5595 ordiens
3336 5553 3710 5614 paragrannmn.

2139 5601 2248 5650 Non
2321 5601 2632 5670 tolerandum
2680 5601 2773 5657 h'oc
2813 5609 3083 5670 upodoseos
3131 5625 3154 5656 a
3206 5601 3392 5669 pretiisi
3445 5601 3714 5668 divortium

2137 5666 2468 5714 correximus.
2504 5667 2637 5716 lion.
