4050 6220
387 253 492 309 265

385 378 541 422 totum
590 378 661 423 est
715 371 762 424 ei
791 370 859 424 ad
907 369 1154 436 iustitiam
1207 363 1392 439 (Psal.
1441 364 1570 428 {05,
1605 363 1750 434 3|),
1779 362 1964 432 inquit.

384 458 652 513 Abraham
681 475 810 515 vero
839 475 946 515 non
969 457 1231 513 homicida
1261 455 1435 510 solum
1454 497 1470 521 ,
1519 455 1616 511 sed
1661 454 1822 509 etiam
1875 452 1967 506 filii

384 549 700 605 interfector
741 551 944 616 factus,
995 548 1138 619 quod
1183 547 1336 617 pejus
1365 555 1510 605 erat.
1545 547 1622 600 sic
1648 545 1816 614 magis
1857 543 1970 597 Deo

383 641 601 709 placuit.
636 643 823 695 Petrus
849 656 977 695 vero
1024 638 1287 706 duplicem
1317 636 1518 691 cmdem
1551 635 1703 700 feeit,
1733 643 1967 686 attamen

381 731 654 798 Spirituale
697 741 808 786 erat
863 730 913 783 id
944 729 1084 799 quod
1126 728 1318 782 factum
1348 734 1432 780 est
1453 726 1612 796 (Act.
1633 725 1724 793 5).
1754 722 1830 777 Ne
1862 725 1963 775 ita-

378 834 484 890 que
511 823 825 892 simpliciter
855 838 942 877 res
973 821 1361 885 examitzcmus,
1410 818 1503 872 sed
1555 821 1712 872 etlam
1759 826 1970 884 tempus

386 925 441 966 et
469 929 683 966 causam
701 922 768 967 ‘et
788 913 1113 967 voluntatem
1143 917 1195 964 ct
1219 923 1564 978 personarum
1590 907 1963 973 diﬂ'ercntiam,

372 1014 428 1057 et
459 1005 545 1059 illa
585 1005 772 1058 ‘omnia
813 1020 932 1074 qua:
977 1019 1080 1057 una
1123 1009 1449 1056 concurrunt
1493 1009 1738 1053 accurate
1779 998 1964 1067 explo-

375 1093 626 1150 remus:
683 1110 858 1165 neque
925 1093 1068 1149 enim
1131 1102 1302 1161 potest
1352 1093 1549 1145 veritas
1601 1091 1706 1144 alio
1777 1090 1961 1159 attingi

375 1187 1042 1256 modo:studcamusque,
1092 1187 1136 1240 si
1182 1187 1404 1238 velimus
1457 1198 1677 1253 regnum
1728 1184 1961 1252 assequi.

371 1295 530 1348 supra
561 1289 742 1334 vett-ra
770 1287 1030 1348 praecepta
1053 1277 1249 1347 aliquid
1279 1276 1508 1345 operari,
1553 1277 1674 1344 quia
1702 1289 1806 1328 non
1839 1289 1956 1343 pos-

372 1384 557 1422 sumus
587 1370 742 1422 aliter
760 1369 992 1423 caelestia
1036 1369 1302 1422 obtinere.
1331 1367 1460 1420 Nam
1492 1365 1537 1420 si
1566 1366 1631 1419 ad
1659 1380 1959 1419 mensuram

371 1469 572 1512 tantum
597 1470 834 1514 veterum
868 1459 1270 1528 perveniamus,
1300 1467 1450 1512 extra
1474 1457 1654 1510 limina
1681 1457 1957 1510 stabimus.

370 1549 489 1603 Nisi
503 1551 634 1604 enim
655 1549 978 1604 abundaverit
999 1549 1202 1621 justitia
1232 1557 1390 1602 uestra
1421 1547 1537 1616 plus
1579 1563 1729 1615 quam
1773 1546 1963 1599 scriba-

367 1657 477 1694 rum
505 1652 552 1694 et
577 1640 978 1706 Pharisaeorum,
1005 1656 1103 1693 non
1127 1639 1378 1692 intrabitis
1405 1639 1457 1692 in
1486 1653 1698 1708 regnum
1718 1638 1959 1691 cwloruin

367 1730 577 1802 (Matth.
602 1734 656 1787 5.
689 1732 816 1801 20).
851 1735 1097 1786 Attamen
1130 1738 1248 1799 post
1274 1727 1744 1783 comminationem
1775 1727 1958 1796 hujus-

364 1823 512 1878 modi
541 1823 758 1894 quidam
791 1832 915 1877 sunt
940 1823 1030 1890 qui
1061 1837 1164 1875 non
1197 1821 1356 1875 modo
1381 1819 1642 1890 justitiam
1677 1818 1816 1872 illam
1849 1833 1956 1870 non

363 1924 642 1984 superant,
686 1915 778 1968 sed
831 1915 987 1982 longe
1043 1922 1163 1982 post
1207 1913 1352 1966 illam
1405 1909 1800 1978 relinquuntur.
1840 1907 1954 1961 Non

364 2007 525 2060 modo
551 2008 692 2060 enim
737 2005 1036 2073 juramenta
1088 2017 1193 2056 non
1221 2001 1446 2071 fugiunt.
1489 1999 1583 2054 sed
1615 1998 1774 2053 etiam
1807 1997 1956 2068 pejc-

362 2107 519 2163 rant;
545 2114 650 2152 non
681 2097 839 2150 modo
885 2095 1209 2165 impudicum
1241 2101 1515 2161 aspectum
1541 2106 1646 2144 non
1677 2089 1952 2155 devitant,

363 2189 456 2242 sed
481 2189 641 2241 etiam
676 2187 726 2240 in
774 2187 945 2256 ipsum
979 2196 1182 2253 turpem
1210 2193 1385 2237 actum
1419 2188 1722 2252 proruunt,
1751 2180 1956 2249 aliaque

359 2278 539 2334 omnia
583 2277 847 2348 prohibita
872 2277 1088 2345 impune
1135 2274 1557 2329 audentzuutnn
1603 2281 1804 2326 tantum
1859 2285 1956 2325 ex»

359 2381 664 2440 spectantes
689 2368 930 2439 snpplicii
958 2367 1099 2423 diem
1119 2409 1136 2434 ,
1159 2366 1374 2437 quando
1403 2380 1500 2434 pro
1523 2363 1816 2419 sceleribus
1842 2363 1953 2417 suis

360 2474 634 2520 extremas
661 2464 863 2518 dabunt
903 2475 1089 2531 ptenas
1121 2475 1140 2514 :
1167 2459 1308 2529 quod
1355 2473 1516 2512 unum
1548 2457 1838 2526 repositum
1871 2463 1954 2510 est

359 2560 421 2612 iis
441 2558 534 2628 qui
553 2558 602 2611 in
628 2556 860 2626 nequitia
880 2556 1038 2608 vitam
1059 2553 1280 2608 obeunt.
1311 2552 1383 2606 De
1409 2550 1512 2604 illis
1537 2551 1729 2619 quippe
1752 2548 1949 2618 despe-

357 2649 578 2703 ramlum
605 2657 708 2713 est,
740 2656 792 2702 et
821 2645 947 2700 nihil
977 2645 1120 2698 aliud
1151 2642 1597 2713 exspectandum,
1640 2656 1802 2711 quam
1827 2655 1952 2709 sup-

354 2740 590 2809 plicium.
613 2738 712 2806 Qui
738 2735 880 2793 enim
903 2737 990 2790 hic
1007 2736 1182 2789 adhuc
1207 2741 1515 2803 supersunt,
1550 2731 1705 2786 facile
1727 2738 1951 2800 possunt

355 2840 412 2886 ct
432 2842 686 2904 pugnare,
717 2836 772 2882 et
801 2829 1036 2893 vincere,
1068 2836 1121 2881 et
1157 2826 1423 2880 coronari.

423 2920 476 2974 7.
511 2918 725 2974 Herulis
747 2919 1030 2972 exhortatio
1073 2917 1136 2970 de
1157 2915 1439 2984 abfeganda
1477 2913 1833 2967 consuetudine
1863 2917 1949 2982 [u-

352 3012 520 3066 randi.
546 3009 730 3065 Prarte
746 3009 1120 3064 consuetudinis
1145 3006 1465 3062 eliminandte
1488 3005 1836 3060 modus.—Ne
1854 3006 1950 3059 ita-

354 3119 455 3175 quc
468 3103 737 3166 concidas,
753 3102 823 3155 mi
844 3103 1024 3166 homo,
1041 3115 1212 3169 neque
1230 3100 1419 3154 bonam
1451 3098 1592 3152 illam
1619 3099 1945 3153 alacritatem

349 3191 583 3244 amittas.
628 3187 808 3258 Neque
831 3187 974 3240 enim
997 3199 1223 3239 onerosa
1263 3192 1386 3236 sunt
1424 3197 1485 3236 ea
1517 3198 1635 3250 qiue
1667 3181 1942 3249 iubentur.

350 3273 500 3338 Quis,
546 3285 748 3342 quaeso,
781 3271 930 3324 labor
958 3270 1012 3323 in
1033 3268 1246 3322 vitando
1268 3267 1607 3336 juramento?
1634 3281 1758 3320 num
1788 3281 1946 3334 pecu-

351 3367 561 3420 niarum
594 3366 832 3432 impensa
861 3362 986 3416 est?
1013 3377 1138 3416 num
1167 3360 1330 3416 sudor
1350 3368 1404 3415 et
1431 3359 1713 3414 aerumna?
1743 3357 1948 3415 Sufficit

350 3469 553 3513 tantum
587 3457 748 3521 velle,
777 3466 833 3511 ct
861 3465 1029 3510 totum
1059 3455 1249 3509 factum
1271 3462 1370 3508 est.
1402 3453 1458 3507 Si
1500 3467 1626 3506 vero
1655 3464 1944 3507 consuetu-

347 3552 530 3606 dinem
569 3550 703 3605 mihi
735 3549 978 3620 obiicias,
1011 3548 1081 3602 ob
1119 3547 1223 3602 hoc
1250 3548 1420 3616 ipsum
1463 3546 1696 3599 maxime
1721 3545 1842 3600 dico
1869 3544 1945 3598 fa-

347 3644 500 3698 cilem
550 3658 672 3697 esse
700 3639 1160 3698 emendationem.
1193 3637 1323 3692 Nam
1365 3637 1409 3691 si
1439 3639 1490 3691 in
1533 3635 1691 3689 aliam
1722 3645 1774 3690 te
1811 3650 1942 3690 con-

348 3733 679 3789 siietudinem
725 3729 1036 3792 transferas,
1076 3729 1190 3798 jam
1215 3736 1382 3782 totum
1415 3725 1705 3796 perfecisti.
1759 3724 1939 3795 Cogita

346 3827 488 3882 enim
520 3824 718 3880 multos
744 3823 882 3894 apud
903 3821 1125 3892 gentiles
1147 3833 1292 3883 esse,
1314 3819 1403 3888 qui
1421 3817 1564 3871 balbi
1591 3831 1710 3871 cum
1738 3825 1938 3884 essent,

349 3919 517 3976 multo
543 3917 719 3971 studio
749 3915 1104 3970 (dieindeiitetii
1130 3912 1363 3979 linguam
1392 3919 1775 3971 correxerunt;
1807 3908 1941 3962 alios

347 4015 434 4083 qui
473 4029 594 4067 cum
647 4010 898 4065 humeros
929 4007 1238 4076 frequenter
1265 4013 1319 4058 et
1349 4003 1656 4057 indecenter
1679 4001 1942 4070 agitarent

347 4113 732 4170 movet-eatque
758 4142 771 4159 ,
801 4099 1044 4170 apposito
1072 4097 1250 4167 gladio
1269 4136 1284 4160 ,
1312 4093 1507 4149 dehinc
1532 4094 1600 4147 ab
1650 4093 1750 4146 hoc
1774 4092 1938 4146 absti-

347 4206 595 4252 nuerunt.
619 4195 752 4262 Quia
786 4193 928 4248 enim
959 4188 1247 4258 Scripturis
1275 4203 1382 4241 non
1409 4184 1788 4252 obtemperatis
1811 4225 1827 4248 ,
1872 4184 1940 4237 ab

346 4301 687 4341 externorum
720 4283 977 4350 exemplis
1002 4297 1098 4335 vos
1122 4280 1411 4333 admonere
1433 4292 1616 4347 cogor.
1641 4275 1753 4330 [loc
1774 4275 1935 4330 etiam

347 4381 488 4434 Deus
513 4378 714 4434 Judzeis
740 4375 966 4429 faciebat
996 4373 1079 4426 his
1097 4372 1274 4426 verbis
1301 4388 1314 4423 :
1341 4369 1487 4423 Abite
1526 4369 1578 4421 in
1605 4370 1797 4422 insulas
1818 4369 1936 4422 Clie-

347 4473 476 4536 tiitn,
505 4481 552 4524 et
579 4471 631 4523 in
671 4467 834 4521 (ἐδάην
854 4464 1032 4517 mittite
1052 4479 1070 4516 :
1100 4472 1145 4515 et
1175 4461 1348 4514 discite
1371 4461 1413 4513 si
1446 4459 1741 4512 mutaverint
1767 4468 1936 4528 gentes

347 4565 468 4619 deos
493 4578 612 4617 suos
641 4577 660 4615 :
687 4569 730 4614 et
757 4557 854 4628 ipsi
880 4573 979 4610 non
1022 4564 1139 4609 sunt
1185 4553 1255 4606 dii
1285 4549 1432 4621 (Jer.
1461 4551 1515 4604 2.
1548 4547 1634 4604 10.
1663 4551 1719 4602 ll
1750 4548 1790 4616 ).
1822 4548 1933 4602 lmo

348 4656 412 4710 ad
442 4653 822 4708 irrationaliilia
850 4665 992 4718 stupe
1020 4645 1214 4710 mittit,
1249 4643 1433 4698 dicens
1465 4658 1480 4696 :
1525 4639 1662 4694 Vade
1711 4640 1779 4692 ad
1823 4640 1932 4708 for-

350 4746 552 4806 micam,
581 4744 741 4813 piger,
771 4751 819 4795 et
857 4737 1100 4794 tentulare
1139 4736 1245 4789 vias
1273 4733 1403 4805 ejus,
1432 4740 1480 4784 et
1519 4729 1645 4784 vade
1681 4729 1750 4781 ad
1786 4745 1933 4796 apem

345 4836 365 4903 ζ
391 4834 543 4888 Prov.
569 4833 622 4888 6.
652 4833 744 4902 6).
799 4831 908 4885 lloe
956 4831 1131 4897 itaque
1157 4834 1211 4879 et
1259 4838 1358 4894 ego
1385 4836 1527 4876 nunc
1569 4820 1720 4874 vobis
1765 4818 1884 4872 dico
1915 4835 1930 4872 :

345 4922 694 4977 Considerate
732 4920 1038 4976 Grmctirtitn
1085 4913 1450 4987 plti'sosolihos,
1493 4921 1548 4967 et
1596 4922 1719 4965 tunc
1752 4909 1931 4964 scietis

345 5024 546 5087 quanto
585 5015 691 5067 sint
717 5011 860 5080 digni
890 5011 1152 5080 supplicio
1181 5008 1213 5062 ii
1237 5007 1325 5077 qui
1357 5005 1563 5059 divinas
1588 5003 1734 5073 leges
1761 5012 1930 5054 trans-

345 5105 661 5175 grediuntur
690 5121 704 5158 :
735 5117 854 5156 cum
899 5101 973 5155 illi
1027 5115 1121 5169 pro
1151 5099 1378 5152 humana
1409 5095 1510 5150 hac
1547 5094 1825 5148 honestate
1851 5092 1930 5146 la-

346 5200 507 5253 bores
532 5196 840 5250 innumeros
867 5191 1203 5262 pertulerint,
1235 5205 1330 5243 vos
1357 5202 1570 5240 verone
1594 5200 1687 5253 pro
1707 5183 1932 5238 cmlesti-

348 5289 448 5344 bus
470 5287 686 5358 quidem
707 5283 894 5338 bonis‘
918 5297 1096 5351 parem
1113 5280 1366 5334 exhibere
1387 5276 1712 5346 diligentiam
1734 5273 1926 5328 velitis.

347 5380 402 5435 Si
457 5393 616 5450 porro
663 5383 782 5446 post
845 5373 959 5428 lia-2c
998 5372 1232 5435 dixeris,
1287 5383 1443 5438 posse
1490 5365 1930 5421 consuetudinem

342 5472 661 5540 intercipere
689 5471 848 5526 etiam
878 5468 998 5521 illos
1021 5465 1110 5529 qui
1153 5462 1440 5516 admodum
1489 5459 1592 5514 sibi
1629 5467 1846 5524 cavent,
1880 5457 1928 5510 id

345 5566 502 5619 etiam
532 5579 629 5634 ego
659 5562 860 5624 fateor;
893 5575 1055 5613 unum
1081 5556 1131 5610 id
1165 5554 1355 5625 adjicio
1385 5571 1397 5607 :
1423 5563 1478 5607 ut
1508 5553 1662 5606 facile
1687 5547 1934 5618 intercipi

416 5739 428 5768 ³
466 5735 580 5797 Alii,
603 5750 658 5785 ne
676 5751 772 5803 pro
794 5737 927 5792 cadis
945 5732 1155 5796 quidem.

1134 255 1190 310 S.
1229 251 1506 309 JOANNIS
1540 246 2013 305 CHRYSOSTOMI
2053 246 2368 304 ARCIIIEP.
2411 248 2944 307 CONSTANTINOP.

3553 259 3661 312 iiii

2078 370 2230 432 poles
2254 401 2269 425 ,
2305 362 2374 414 ita
2413 359 2567 417 facile
2592 372 2744 432 potes
2773 370 2825 418 te
2848 362 3158 419 emendare.
3197 362 3253 419 Si
3294 363 3438 419 enim
3467 367 3667 421 inultos

2078 453 2170 506 tibi
2194 453 2336 507 domi
2358 454 2606 509 cusmdcs
2637 464 2858 521 statuas,
2890 470 3104 510 servum
3124 455 3392 522 videlicet,
3415 472 3662 520 uxorein.

2073 545 2324 612 amicum,
2355 547 2422 602 ab
2451 547 2696 601 omnibus
2729 550 2909 617 pulsus
2937 559 3096 619 atque
3142 551 3404 620 agitatus,
3451 550 3604 605 facile
3632 569 3662 604 a

2076 651 2241 704 prava
2291 639 2672 692 consuetudine
2701 639 2948 692 absistes.
2995 641 3050 694 Si
3082 655 3176 709 per
3219 640 3404 695 decem
3449 641 3665 696 diesita

2072 725 2278 794 agendo
2324 742 2668 795 perseveres,
2717 744 2820 781 non
2873 730 2976 783 erit
3027 729 3362 785 diuturniore
3418 739 3667 800 tempore

2073 829 2238 885 opus;
2262 818 2355 871 sed
2387 818 2477 871 tibi
2507 834 2592 872 res
2633 819 2684 872 in
2733 829 2844 871 tuto
2875 820 3041 888 posita
3072 821 3173 874 erit
3196 861 3211 884 ,
3255 824 3664 876 consuetudinis

2071 907 2285 974 Optimze
2311 906 2556 962 ﬁrtnitate
2575 908 2684 975 jam
2710 909 2913 962 radices
2943 909 3209 965 mittente.
3237 910 3366 964 Cum
3397 926 3526 981 ergo
3547 927 3667 967 ca:-

2073 997 2216 1064 peris
2243 997 2292 1051 id
2323 999 2613 1068 corrigere,
2645 1001 2850 1053 etiamsi
2885 1000 3049 1054 semel
3076 1010 3166 1054 aut
3187 1001 3270 1056 bis
3285 1000 3454 1070 legem
3487 1013 3662 1056 trans-

2075 1088 2354 1156 grediaris,
2387 1091 2594 1143 etiamsi
2627 1099 2706 1143 ter
2733 1091 3095 1160 vigesiesquc,
3125 1107 3192 1145 ne
3237 1091 3494 1160 desperes
3526 1095 3658 1148 :Setl

2068 1196 2304 1250 resurgo,
2351 1182 2701 1252 eamdemque
2725 1200 2906 1238 curam
2933 1184 3163 1252 suscipe,
3198 1185 3457 1254 planeque
3486 1199 3648 1255 supe-

2069 1274 2230 1327 rabis.
2263 1274 2442 1344 Neque
2467 1276 2607 1330 enim
2639 1277 2753 1330 leve
2771 1277 2968 1330 malum
2987 1288 3069 1330 est
3091 1279 3401 1347 periurium.
3424 1279 3476 1333 Si
3508 1281 3655 1333 cnim

2063 1365 2245 1435 jnrare
2271 1383 2299 1420 a
2343 1369 2483 1422 malo
2513 1380 2616 1430 est,
2647 1369 2887 1437 pejerare
2915 1380 3116 1437 quanto
3141 1370 3400 1438 supplicio
3425 1371 3528 1424 erit
3554 1372 3656 1424 ob-

2067 1459 2318 1512 noxium?
2346 1459 2469 1514 Haec
2497 1459 2632 1514 dicta
2668 1459 2954 1514 laudastis?
2979 1459 3083 1514 Sed
3108 1460 3402 1529 plausibus,
3427 1463 3655 1515 tumultu

2065 1559 2118 1602 et
2144 1551 2320 1603 sonitu
2348 1565 2452 1603 non
2481 1565 2616 1618 opus
2643 1559 2724 1604 est
2767 1549 2919 1603 mihi.
2954 1550 3125 1604 Unum
3178 1551 3299 1604 volo
3336 1562 3563 1615 tantum,
3596 1562 3657 1606 ut

2064 1655 2186 1692 cum
2212 1640 2390 1708 quiete
2417 1650 2472 1694 et
2494 1640 2668 1710 sagaci
2692 1639 2986 1694 attentione
3014 1655 3132 1709 qua:
3161 1640 3409 1694 dicuntur
3435 1642 3655 1696 audient-

2067 1736 2176 1793 tes,
2225 1729 2364 1783 dicta
2395 1730 2785 1799 exsequamini.
2832 1729 2942 1784 Hoc
2987 1730 3113 1783 mihi
3145 1731 3360 1799 plausus
3398 1742 3452 1786 et
3481 1731 3653 1788 laudis

2063 1821 2182 1875 loco
2205 1830 2304 1875 est.
2329 1821 2384 1876 Si
2410 1837 2538 1877 vero
2558 1837 2620 1876 ea
2646 1838 2764 1891 qua:
2781 1822 3029 1876 dicuntur
3048 1823 3255 1890 audias,
3281 1832 3335 1878 et
3362 1839 3466 1878 non
3490 1824 3653 1880 facias

2061 1927 2122 1964 ea
2155 1928 2272 1982 quae
2298 1913 2500 1977 laudas,
2532 1913 2704 1982 majus
2731 1913 2834 1966 crit
2875 1913 3214 1982 supplicium,
3260 1915 3468 1982 gravior
3488 1931 3648 1969 accn-

2061 2005 2198 2059 satio
2220 2047 2236 2068 ,
2265 2006 2521 2074 nobisque
2546 2007 2716 2075 pudor
2741 2015 2796 2060 et
2824 2006 3018 2060 irrisio.
3056 2005 3170 2060 Non
3213 2009 3353 2059 enim
3385 2010 3650 2061 theatrum

2059 2108 2183 2150 sunt
2213 2097 2363 2160 huic,
2389 2113 2495 2151 non
2531 2096 2798 2166 tragoedos
2849 2112 2988 2150 nunc
3045 2100 3318 2164 spectatis,
3373 2106 3429 2150 ut
3473 2098 3649 2152 solum

2060 2188 2340 2257 plaudatis.
2386 2186 2740 2257 Magisterium
2767 2197 2848 2241 est
2874 2185 2962 2241 hic
2985 2186 3278 2254 spirituale.
3306 2185 3644 2257 Qiﬂpt'Opln‘l‘

2059 2295 2224 2332 unum
2252 2279 2484 2333 studium
2511 2287 2614 2345 est,
2643 2287 2699 2332 ut
2722 2293 2841 2348 qua:
2860 2277 3110 2331 dicuntur
3129 2292 3290 2346 opere
3309 2279 3646 2346 complestis,

2059 2379 2115 2424 et
2169 2370 2534 2425 obedientiam
2581 2369 2746 2438 gestis
2793 2368 3244 2424 commonstretis.
3307 2369 3455 2424 Tunc
3503 2372 3647 2424 cuim

2057 2464 2236 2518 omnia
2260 2463 2532 2530 assequuti
2552 2462 2751 2515 erimus
2782 2477 2796 2512 :
2837 2470 2890 2514 at
2914 2475 3054 2514 nunc
3081 2475 3218 2529 pene
3243 2460 3535 2529 desperare
3553 2477 3646 2514 co.

2055 2569 2170 2625 gor.
2199 2553 2331 2609 Nam
2351 2565 2406 2608 et
2432 2554 2673 2623 privatim
2702 2569 2798 2608 eos
2819 2593 2833 2615 ,
2865 2553 2952 2622 qui
2986 2567 3071 2606 me
3092 2562 3482 2618 coriVetiet-unt,
3531 2553 3646 2608 ba=e

2056 2661 2278 2700 monere
2307 2661 2412 2699 non
2456 2644 2682 2708 cessavi,
2712 2652 2767 2698 ct
2797 2644 2945 2697 \ohis
2982 2643 3033 2696 in
3064 2657 3348 2696 conunune
3370 2642 3644 2711 loquutus,

2056 2738 2188 2792 nihil
2219 2749 2394 2792 tamen
2425 2736 2547 2790 hinc
2585 2735 2786 2790 fruetus
2815 2737 3071 2788 hactenus
3103 2743 3410 2802 perceptum
3439 2735 3592 2788 video
3629 2753 3642 2786 :

2055 2829 2150 2885 sed
2171 2844 2266 2883 vos
2293 2829 2478 2898 primis
2491 2827 2664 2882 adhuc
2680 2825 2963 2882 clementis
2988 2825 3254 2880 haerentes
3273 2840 3436 2880 cerno
3459 2841 3474 2880 :
3497 2827 3642 2895 quod

2055 2932 2185 2974 sane
2212 2918 2502 2973 maximum
2556 2926 2734 2986 potest
2783 2915 2994 2970 docenti
3044 2913 3309 2968 fastidium
3360 2931 3642 2984 generare.

2055 3010 2190 3066 Vide
2211 3011 2368 3081 igitur
2385 3021 2437 3065 et
2453 3010 2674 3064 Paulum
2699 3006 2749 3061 id
2772 3006 2997 3061 moleste
3020 3006 3298 3069 ferentem,
3321 3005 3461 3075 quod
3489 3006 3645 3061 audi-

2056 3116 2198 3160 tores
2223 3104 2392 3157 multo
2408 3112 2648 3173 tempore
2675 3101 2726 3153 in
2750 3099 2928 3168 priore
2947 3098 3240 3168 disciplina:
3267 3098 3431 3168 gradu
3453 3113 3640 3155 mane-

2053 3204 2191 3250 rent.
2226 3193 2362 3248 Nam
2387 3210 2499 3247 cum
2520 3192 2791 3254 deberetis,
2821 3191 3014 3261 inquit,
3045 3190 3272 3260 magistri
3304 3205 3410 3244 esse
3435 3200 3643 3262 prepter

2052 3297 2277 3355 tempus,
2322 3300 2524 3338 rursum
2570 3283 2804 3354 indigetis
2832 3291 2887 3336 ut
2909 3282 3187 3335 doremnini
3212 3283 3251 3339 ¹,
3273 3297 3502 3349 quasnam
3531 3284 3641 3338 elc-

2052 3387 2220 3430 menta
2234 3376 2333 3429 sint
2351 3373 2585 3445 principii
2610 3373 2856 3427 sermonis
2877 3370 2972 3424 Dei
2994 3369 3180 3440 (Hebr.
3209 3371 3262 3426 5.
3291 3372 3407 3441 12).
3430 3371 3553 3428 Ideo
3575 3384 3635 3428 et

2049 3486 2151 3525 nos
2166 3466 2804 3539 lugemusetplangimus.
2832 3465 2911 3519 Ac
2931 3465 2975 3518 si
2999 3475 3406 3533 perseverantes
3434 3479 3530 3518 vos
3551 3465 3635 3519 vi-

2049 3564 2202 3630 dero,
2224 3578 2317 3616 vos
2334 3561 2549 3615 demum
2565 3573 2838 3612 sacrorum
2863 3556 3102 3610 liminum
3124 3555 3266 3608 aditu
3292 3555 3628 3621 interdicam,

2050 3669 2148 3708 nec
2197 3669 2301 3706 nun
2346 3649 2748 3720 participatione
2784 3647 3161 3702 immortalium
3218 3647 3593 3716 mysteriorum
3619 3689 3635 3714 ,

2047 3743 2494 3816 quemadmodum
2519 3741 2889 3804 fornicatores,
2921 3738 3216 3803 adulteros,
3242 3749 3294 3791 et
3325 3752 3417 3792 eos
3445 3743 3536 3806 qui
3562 3739 3633 3791 de

2047 3835 2280 3890 cmdihus
2304 3843 2639 3887 accusantur.
2682 3830 2868 3885 Melius
2893 3843 3119 3898 namque
3149 3839 3228 3882 est
3260 3844 3380 3881 cum
3425 3828 3635 3884 duobus

2047 3928 2130 3982 vel
2162 3926 2330 3980 tribus
2369 3925 2512 3993 leges
2563 3921 2652 3976 Dei
2699 3919 3106 3975 observantibus
3125 3927 3408 3973 eonsnctas
3437 3919 3633 3973 alierre

2046 4033 2253 4090 preces,
2302 4032 2457 4085 quam
2497 4026 2692 4068 cretum
2738 4025 3061 4080 congregare
3093 4009 3492 4078 improborum,
3537 4011 3632 4079 qui

2043 4123 2266 4168 ca-teros
2292 4115 2659 4177 corrumpunt.
2699 4104 2778 4162 Ne
2803 4104 2921 4173 quis
2942 4103 3111 4166 dives,
3139 4117 3205 4157 ne
3235 4102 3353 4171 quis
3377 4117 3408 4155 e
3433 4101 3631 4170 primo-

2043 4205 2191 4260 ribus
2213 4204 2445 4264 inlletur,
2475 4201 2554 4254 vel
2587 4195 2867 4267 supercilia
2895 4193 3123 4248 attollat.
3151 4193 3273 4246 llarc
3294 4193 3468 4244 omnia
3500 4193 3632 4247 mihi

2045 4296 2218 4350 fabula
2247 4305 2391 4358 sunt,
2424 4291 2608 4345 umbra
2635 4299 2691 4344 et
2716 4288 3006 4342 somnium.
3032 4284 3220 4339 Nullus
3247 4285 3387 4337 enim
3416 4299 3626 4348 eorum,

2042 4388 2128 4456 qui
2163 4400 2302 4438 nunc
2328 4381 2689 4452 epulcntiores
2710 4389 2854 4443 sunt,
2875 4377 3004 4430 mihi
3029 4387 3154 4430 tunc
3181 4375 3620 4444 patrocinabitur,

2041 4495 2159 4531 cum
2188 4478 2480 4530 accusabor
2507 4485 2560 4529 et
2581 4472 2815 4526 rationes
2839 4469 2967 4524 dare
2991 4484 3170 4538 cogar,
3203 4467 3341 4537 quod
3373 4483 3476 4520 non
3505 4483 3626 4523 cum

2041 4571 2219 4625 debita
2247 4568 2581 4623 vehementia
2611 4567 2754 4636 leges
2776 4564 2869 4618 Dei
2899 4561 3298 4616 vindicaverim.
3324 4561 3436 4616 lloc
3457 4561 3624 4628 enim,

2041 4663 2143 4717 hoc
2169 4672 2318 4716 certe
2338 4659 2706 4715 admirandum
2739 4656 2886 4710 illum
2917 4669 3098 4709 senem
3125 4696 3140 4720 ,
3172 4652 3288 4708 lleli
3319 4653 3459 4717 dico,
3501 4669 3624 4723 per-

2038 4756 2195 4820 didit,
2220 4754 2319 4809 etsi
2350 4748 2870 4820 irreprchensibilem
2897 4746 3121 4800 duxerat
3149 4747 3310 4800 vitam
3342 4765 3353 4799 :
3389 4755 3622 4800 attamen

2037 4851 2183 4920 quia,
2211 4861 2332 4901 cum
2362 4845 2699 4899 conculcatus
2742 4839 2836 4894 Dei
2865 4838 3010 4908 leges
3033 4837 3258 4902 videret,
3288 4837 3339 4891 id
3369 4836 3620 4906 neglexit,

2038 4957 2160 4995 cum
2189 4939 2310 4994 filiis
2331 4936 2547 5008 punitus
2578 4941 2681 4998 est,
2729 4942 2782 4986 et
2819 4944 2980 5000 grave
3007 4929 3327 4997 supplicium
3356 4929 3536 4981 subiit.
3569 4925 3619 4980 Si

2037 5042 2214 5089 autem
2241 5031 2330 5086 ubi
2365 5037 2506 5083 tanta
2545 5034 2749 5080 natum
2792 5021 3035 5094 tyrannis
3061 5028 3216 5085 erat,
3265 5023 3340 5083 is,
3381 5020 3467 5090 qui
3518 5034 3618 5073 non

2037 5125 2212 5181 debita
2261 5120 2546 5177 severitate
2580 5132 2701 5174 cum
2733 5116 2855 5168 filiis
2896 5113 3006 5166 suis
3049 5121 3132 5166 est
3157 5126 3308 5177 usus,
3339 5111 3409 5165 ita
3434 5125 3618 5179 graves

2035 5217 2180 5272 dedit
2206 5227 2412 5285 poenas,
2443 5225 2544 5282 qua
2574 5223 2672 5262 nos
2698 5207 2851 5262 venia
2894 5203 3212 5260 donabimur
3236 5203 3302 5257 ab
3331 5203 3420 5256 illa
3447 5214 3618 5273 tyran—

1981 5353 1992 5358 -
2037 5311 2159 5364 uide
2187 5306 2414 5368 liberati,
2445 5303 2534 5372 qui
2577 5310 2752 5356 tamen
2778 5299 2955 5353 omnia
2983 5297 3290 5350 adulatione
3320 5297 3612 5364 corrumpi-

2036 5401 2191 5456 mus?
2216 5399 2294 5454 Ne
2331 5398 2510 5466 itaque
2537 5405 2591 5449 et
2637 5406 2735 5446 nos
2759 5401 2813 5446 et
2834 5405 2929 5444 vos
2955 5391 3099 5459 ipsos
3127 5388 3380 5457 perdatis,
3411 5389 3589 5441 ohtem

2037 5503 2248 5566 perate,
2276 5489 2504 5545 obsecro
2531 5527 2544 5549 ,
2577 5493 2634 5540 ut
2660 5485 2967 5539 innumeros
2997 5480 3150 5534 vobis
3173 5481 3542 5547 eitploratores
3571 5490 3614 5530 ri

2035 5585 2328 5643 tuonitores
2369 5581 2770 5640 constituentes,
2824 5592 2852 5627 a
2877 5575 3300 5644 juramentorum
3333 5583 3615 5626 consuetu-

2101 5719 2120 5746 ι
2156 5709 2272 5771 Alii,
2295 5718 2490 5759 rursum
2514 5700 2737 5768 indigetis
2761 5707 2989 5763 tempore,
3010 5703 3057 5746 ut
3081 5694 3368 5746 doreanu'tti.
