  <div class='ocr_page' id='page_1' title='image "/cluster/home/n/w/nwhite01/storage/ocr_20150623/57/hvd.32044073501934/194.png"; bbox 0 0 4050 6220; ppageno 0'>
   <div class='ocr_carea' id='block_1_1' title="bbox 328 301 435 358">
    <p class='ocr_par' dir='ltr' id='par_1_1' title="bbox 328 301 435 358">
     <span class='ocr_line' id='line_1_1' title="bbox 328 301 435 358; baseline 0.019 -2"><span class='ocrx_word' id='word_1_1' title='bbox 328 301 435 358; x_wconf 64' lang='lat'><strong>965</strong></span> 
     </span>
    </p>
   </div>
   <div class='ocr_carea' id='block_1_2' title="bbox 329 412 1906 482">
    <p class='ocr_par' dir='ltr' id='par_1_2' title="bbox 329 412 1906 482">
     <span class='ocr_line' id='line_1_2' title="bbox 329 412 1906 482; baseline -0.006 -10"><span class='ocrx_word' id='word_1_2' title='bbox 329 420 459 474; x_wconf 83' lang='lat' dir='ltr'><strong>dine</strong></span> <span class='ocrx_word' id='word_1_3' title='bbox 505 417 822 477; x_wconf 85' lang='lat' dir='ltr'><strong>liberemini,</strong></span> <span class='ocrx_word' id='word_1_4' title='bbox 868 425 921 468; x_wconf 92' lang='lat' dir='ltr'><strong>nt</strong></span> <span class='ocrx_word' id='word_1_5' title='bbox 967 414 1091 468; x_wconf 90' lang='lat' dir='ltr'><strong>hinc</strong></span> <span class='ocrx_word' id='word_1_6' title='bbox 1143 422 1444 482; x_wconf 74' lang='lat' dir='ltr'><strong>pergentes,</strong></span> <span class='ocrx_word' id='word_1_7' title='bbox 1495 412 1653 464; x_wconf 85' lang='lat' dir='ltr'><strong>aliam</strong></span> <span class='ocrx_word' id='word_1_8' title='bbox 1694 425 1906 478; x_wconf 86' lang='lat' dir='ltr'><strong>quoque</strong></span> 
     </span>
    </p>
   </div>
   <div class='ocr_carea' id='block_1_3' title="bbox 331 500 1906 576">
    <p class='ocr_par' dir='ltr' id='par_1_3' title="bbox 331 500 1906 576">
     <span class='ocr_line' id='line_1_3' title="bbox 331 500 1906 576; baseline -0.006 -15"><span class='ocrx_word' id='word_1_9' title='bbox 331 513 725 564; x_wconf 69' lang='lat' dir='ltr'><strong>virtutemcum</strong></span> <span class='ocrx_word' id='word_1_10' title='bbox 749 508 994 560; x_wconf 88' lang='lat' dir='ltr'><strong>lacilitate</strong></span> <span class='ocrx_word' id='word_1_11' title='bbox 1021 520 1208 576; x_wconf 89' lang='lat' dir='ltr'><strong>magna</strong></span> <span class='ocrx_word' id='word_1_12' title='bbox 1254 503 1518 573; x_wconf 78' lang='lat' dir='ltr'><strong>impleatis</strong></span> <span class='ocrx_word' id='word_1_13' title='bbox 1540 544 1554 567; x_wconf 92' lang='lat'><strong>,</strong></span> <span class='ocrx_word' id='word_1_14' title='bbox 1612 511 1667 556; x_wconf 88' lang='lat' dir='ltr'><strong>et</strong></span> <span class='ocrx_word' id='word_1_15' title='bbox 1717 500 1906 554; x_wconf 77' lang='lat' dir='ltr'><strong>futuris</strong></span> 
     </span>
    </p>
   </div>
   <div class='ocr_carea' id='block_1_4' title="bbox 332 593 1904 666">
    <p class='ocr_par' dir='ltr' id='par_1_4' title="bbox 332 593 1904 666">
     <span class='ocr_line' id='line_1_4' title="bbox 332 593 1904 666; baseline -0.006 -11"><span class='ocrx_word' id='word_1_16' title='bbox 332 600 582 656; x_wconf 84' lang='lat' dir='ltr'><strong>l&#39;runmini</strong></span> <span class='ocrx_word' id='word_1_17' title='bbox 612 599 763 653; x_wconf 86' lang='lat' dir='ltr'><strong>bonis</strong></span> <span class='ocrx_word' id='word_1_18' title='bbox 792 613 946 666; x_wconf 80' lang='lat' dir='ltr'><strong>:qua:</strong></span> <span class='ocrx_word' id='word_1_19' title='bbox 1003 612 1099 652; x_wconf 91' lang='lat' dir='ltr'><strong>nos</strong></span> <span class='ocrx_word' id='word_1_20' title='bbox 1129 611 1316 650; x_wconf 85' lang='lat' dir='ltr'><strong>omnes</strong></span> <span class='ocrx_word' id='word_1_21' title='bbox 1356 595 1567 664; x_wconf 82' lang='lat' dir='ltr'><strong>assequi</strong></span> <span class='ocrx_word' id='word_1_22' title='bbox 1598 593 1904 663; x_wconf 82' lang='lat' dir='ltr'><strong>contingat,</strong></span> 
     </span>
    </p>
   </div>
   <div class='ocr_carea' id='block_1_5' title="bbox 342 730 3499 758">
    <p class='ocr_par' dir='ltr' id='par_1_5' title="bbox 342 730 3499 758">
     <span class='ocr_line' id='line_1_5' title="bbox 342 730 3499 758; baseline -0.002 -1"><span class='ocrx_word' id='word_1_23' title='bbox 342 730 3499 758; x_wconf 43' lang='grc' dir='ltr'><em>Μ</em></span> 
     </span>
    </p>
   </div>
   <div class='ocr_carea' id='block_1_6' title="bbox 1439 288 2437 347">
    <p class='ocr_par' dir='ltr' id='par_1_6' title="bbox 1439 288 2437 347">
     <span class='ocr_line' id='line_1_6' title="bbox 1439 288 2437 347; baseline -0.005 0"><span class='ocrx_word' id='word_1_24' title='bbox 1439 292 1506 347; x_wconf 81' lang='grc' dir='ltr'><strong>ΙΝ</strong></span> <span class='ocrx_word' id='word_1_25' title='bbox 1543 288 1946 347; x_wconf 64' lang='grc' dir='ltr'><strong>ΜΑΤἸῊΑΞΒΜ</strong></span> <span class='ocrx_word' id='word_1_26' title='bbox 1986 289 2209 344; x_wconf 75' lang='lat' dir='ltr'><strong>llOMIL.</strong></span> <span class='ocrx_word' id='word_1_27' title='bbox 2256 290 2437 344; x_wconf 71' lang='lat' dir='ltr'><strong>XVIII.</strong></span> 
     </span>
    </p>
   </div>
   <div class='ocr_carea' id='block_1_7' title="bbox 3511 293 3616 344">
    <p class='ocr_par' dir='ltr' id='par_1_7' title="bbox 3511 293 3616 344">
     <span class='ocr_line' id='line_1_7' title="bbox 3511 293 3616 344; baseline 0 0"><span class='ocrx_word' id='word_1_28' title='bbox 3511 293 3616 344; x_wconf 66' lang='lat'><strong>266</strong></span> 
     </span>
    </p>
   </div>
   <div class='ocr_carea' id='block_1_8' title="bbox 2013 406 3606 477">
    <p class='ocr_par' dir='ltr' id='par_1_8' title="bbox 2013 406 3606 477">
     <span class='ocr_line' id='line_1_8' title="bbox 2013 406 3606 477; baseline 0.007 -18"><span class='ocrx_word' id='word_1_29' title='bbox 2013 406 2182 476; x_wconf 69' lang='lat' dir='ltr'><strong>gratia</strong></span> <span class='ocrx_word' id='word_1_30' title='bbox 2213 419 2265 462; x_wconf 91' lang='lat' dir='ltr'><strong>et</strong></span> <span class='ocrx_word' id='word_1_31' title='bbox 2293 407 2659 464; x_wconf 74' lang='lat' dir='ltr'><strong>miserictmlia</strong></span> <span class='ocrx_word' id='word_1_32' title='bbox 2689 409 2895 464; x_wconf 81' lang='lat' dir='ltr'><strong>[)mnini</strong></span> <span class='ocrx_word' id='word_1_33' title='bbox 2923 412 3087 464; x_wconf 81' lang='lat' dir='ltr'><strong>nostri</strong></span> <span class='ocrx_word' id='word_1_34' title='bbox 3113 411 3239 466; x_wconf 73' lang='lat' dir='ltr'><strong>Jesu</strong></span> <span class='ocrx_word' id='word_1_35' title='bbox 3268 413 3486 477; x_wconf 82' lang='lat' dir='ltr'><strong>Christi,</strong></span> <span class='ocrx_word' id='word_1_36' title='bbox 3521 420 3606 472; x_wconf 88' lang='lat' dir='ltr'><strong>cui</strong></span> 
     </span>
    </p>
   </div>
   <div class='ocr_carea' id='block_1_9' title="bbox 2015 499 3613 570">
    <p class='ocr_par' dir='ltr' id='par_1_9' title="bbox 2015 499 3613 570">
     <span class='ocr_line' id='line_1_9' title="bbox 2015 499 3613 570; baseline 0.004 -17"><span class='ocrx_word' id='word_1_37' title='bbox 2015 499 2185 568; x_wconf 77' lang='lat' dir='ltr'><strong>gloria</strong></span> <span class='ocrx_word' id='word_1_38' title='bbox 2207 507 2262 554; x_wconf 89' lang='lat' dir='ltr'><strong>et</strong></span> <span class='ocrx_word' id='word_1_39' title='bbox 2289 499 2569 568; x_wconf 87' lang='lat' dir='ltr'><strong>imperium</strong></span> <span class='ocrx_word' id='word_1_40' title='bbox 2593 514 2734 552; x_wconf 81' lang='lat' dir='ltr'><strong>nqu</strong></span> <span class='ocrx_word' id='word_1_41' title='bbox 2754 509 2807 554; x_wconf 91' lang='lat' dir='ltr'><strong>et</strong></span> <span class='ocrx_word' id='word_1_42' title='bbox 2834 515 3078 570; x_wconf 82' lang='lat' dir='ltr'><strong>semper,</strong></span> <span class='ocrx_word' id='word_1_43' title='bbox 3111 513 3165 557; x_wconf 91' lang='lat' dir='ltr'><strong>et</strong></span> <span class='ocrx_word' id='word_1_44' title='bbox 3197 503 3249 557; x_wconf 92' lang='lat' dir='ltr'><strong>in</strong></span> <span class='ocrx_word' id='word_1_45' title='bbox 3275 505 3471 559; x_wconf 61' lang='lat' dir='ltr'><strong>sucula</strong></span> <span class='ocrx_word' id='word_1_46' title='bbox 3509 523 3613 564; x_wconf 56' lang='lat' dir='ltr'><strong>sas.-</strong></span> 
     </span>
    </p>
   </div>
   <div class='ocr_carea' id='block_1_10' title="bbox 2015 590 2506 646">
    <p class='ocr_par' dir='ltr' id='par_1_10' title="bbox 2015 590 2506 646">
     <span class='ocr_line' id='line_1_10' title="bbox 2015 590 2506 646; baseline -0.008 0"><span class='ocrx_word' id='word_1_47' title='bbox 2015 590 2278 646; x_wconf 82' lang='lat' dir='ltr'><strong>culorum.</strong></span> <span class='ocrx_word' id='word_1_48' title='bbox 2317 591 2506 645; x_wconf 82' lang='lat' dir='ltr'><strong>Amen.</strong></span> 
     </span>
    </p>
   </div>
   <div class='ocr_carea' id='block_1_11' title="bbox 3510 733 3583 741">
    <p class='ocr_par' dir='ltr' id='par_1_11' title="bbox 3510 733 3583 741">
     <span class='ocr_line' id='line_1_11' title="bbox 3510 733 3583 741; baseline 0.014 -2"><span class='ocrx_word' id='word_1_49' title='bbox 3510 733 3583 741; x_wconf 70' lang='lat'><strong>—_</strong></span> 
     </span>
    </p>
   </div>
   <div class='ocr_carea' id='block_1_12' title="bbox 1672 795 2293 858">
    <p class='ocr_par' dir='ltr' id='par_1_12' title="bbox 1672 795 2293 858">
     <span class='ocr_line' id='line_1_12' title="bbox 1672 795 2293 858; baseline -0.006 0"><span class='ocrx_word' id='word_1_50' title='bbox 1672 795 2018 858; x_wconf 72' lang='lat' dir='ltr'><strong>HOMILIA</strong></span> <span class='ocrx_word' id='word_1_51' title='bbox 2059 795 2293 856; x_wconf 79' lang='lat' dir='ltr'><strong>XVIII.</strong></span> 
     </span>
    </p>
   </div>
   <div class='ocr_carea' id='block_1_13' title="bbox 330 943 1906 1021">
    <p class='ocr_par' dir='ltr' id='par_1_13' title="bbox 330 943 1906 1021">
     <span class='ocr_line' id='line_1_13' title="bbox 330 943 1906 1021; baseline -0.01 -12"><span class='ocrx_word' id='word_1_52' title='bbox 330 957 452 1010; x_wconf 58' lang='lat' dir='ltr'><strong>Car.</strong></span> <span class='ocrx_word' id='word_1_53' title='bbox 480 955 532 1010; x_wconf 84' lang='lat'><strong>5.</strong></span> <span class='ocrx_word' id='word_1_54' title='bbox 574 971 626 1007; x_wconf 92' lang='lat' dir='ltr'><strong>v.</strong></span> <span class='ocrx_word' id='word_1_55' title='bbox 649 955 740 1009; x_wconf 81' lang='lat'><strong>38.</strong></span> <span class='ocrx_word' id='word_1_56' title='bbox 785 953 1008 1006; x_wconf 73' lang='lat' dir='ltr'><strong>Audistis</strong></span> <span class='ocrx_word' id='word_1_57' title='bbox 1048 951 1167 1021; x_wconf 89' lang='lat' dir='ltr'><strong>quia</strong></span> <span class='ocrx_word' id='word_1_58' title='bbox 1209 948 1398 1002; x_wconf 86' lang='lat' dir='ltr'><strong>dictum</strong></span> <span class='ocrx_word' id='word_1_59' title='bbox 1435 957 1548 1000; x_wconf 90' lang='lat' dir='ltr'><strong>est:</strong></span> <span class='ocrx_word' id='word_1_60' title='bbox 1574 943 1787 998; x_wconf 84' lang='lat' dir='ltr'><strong>Oculum</strong></span> <span class='ocrx_word' id='word_1_61' title='bbox 1815 958 1906 1012; x_wconf 83' lang='lat' dir='ltr'><strong>pro</strong></span> 
     </span>
    </p>
   </div>
   <div class='ocr_carea' id='block_1_14' title="bbox 394 1035 1905 1112">
    <p class='ocr_par' dir='ltr' id='par_1_14' title="bbox 394 1035 1905 1112">
     <span class='ocr_line' id='line_1_14' title="bbox 394 1035 1905 1112; baseline -0.009 -14"><span class='ocrx_word' id='word_1_62' title='bbox 394 1045 569 1111; x_wconf 87' lang='lat' dir='ltr'><strong>oculo,</strong></span> <span class='ocrx_word' id='word_1_63' title='bbox 595 1055 643 1098; x_wconf 86' lang='lat' dir='ltr'><strong>et</strong></span> <span class='ocrx_word' id='word_1_64' title='bbox 669 1044 868 1098; x_wconf 81' lang='lat' dir='ltr'><strong>dentem</strong></span> <span class='ocrx_word' id='word_1_65' title='bbox 895 1059 987 1112; x_wconf 86' lang='lat' dir='ltr'><strong>pro</strong></span> <span class='ocrx_word' id='word_1_66' title='bbox 1014 1041 1182 1094; x_wconf 86' lang='lat' dir='ltr'><strong>dente.</strong></span> <span class='ocrx_word' id='word_1_67' title='bbox 1214 1039 1300 1093; x_wconf 79' lang='grc'><strong>59.</strong></span> <span class='ocrx_word' id='word_1_68' title='bbox 1344 1035 1456 1108; x_wconf 81' lang='lat' dir='ltr'><strong>Ego</strong></span> <span class='ocrx_word' id='word_1_69' title='bbox 1490 1046 1658 1089; x_wconf 85' lang='lat' dir='ltr'><strong>autem</strong></span> <span class='ocrx_word' id='word_1_70' title='bbox 1683 1035 1797 1087; x_wconf 88' lang='lat' dir='ltr'><strong>dico</strong></span> <span class='ocrx_word' id='word_1_71' title='bbox 1817 1049 1905 1086; x_wconf 70' lang='grc' dir='ltr'><strong>νο·-</strong></span> 
     </span>
    </p>
   </div>
   <div class='ocr_carea' id='block_1_15' title="bbox 392 1126 1906 1200">
    <p class='ocr_par' dir='ltr' id='par_1_15' title="bbox 392 1126 1906 1200">
     <span class='ocr_line' id='line_1_15' title="bbox 392 1126 1906 1200; baseline -0.007 -12"><span class='ocrx_word' id='word_1_72' title='bbox 392 1137 498 1196; x_wconf 90' lang='lat' dir='ltr'><strong>bis.</strong></span> <span class='ocrx_word' id='word_1_73' title='bbox 542 1153 642 1190; x_wconf 87' lang='lat' dir='ltr'><strong>non</strong></span> <span class='ocrx_word' id='word_1_74' title='bbox 685 1137 916 1189; x_wconf 72' lang='lat' dir='ltr'><strong>resistere</strong></span> <span class='ocrx_word' id='word_1_75' title='bbox 964 1133 1097 1186; x_wconf 85' lang='lat' dir='ltr'><strong>man</strong></span> <span class='ocrx_word' id='word_1_76' title='bbox 1122 1131 1246 1186; x_wconf 88' lang='lat' dir='ltr'><strong>:sed</strong></span> <span class='ocrx_word' id='word_1_77' title='bbox 1266 1133 1308 1184; x_wconf 89' lang='lat' dir='ltr'><strong>si</strong></span> <span class='ocrx_word' id='word_1_78' title='bbox 1335 1130 1446 1200; x_wconf 89' lang='lat' dir='ltr'><strong>quis</strong></span> <span class='ocrx_word' id='word_1_79' title='bbox 1473 1127 1767 1196; x_wconf 72' lang='lat' dir='ltr'><strong>percusserit</strong></span> <span class='ocrx_word' id='word_1_80' title='bbox 1790 1126 1906 1178; x_wconf 89' lang='lat' dir='ltr'><strong>tein</strong></span> 
     </span>
    </p>
   </div>
   <div class='ocr_carea' id='block_1_16' title="bbox 394 1217 1907 1293">
    <p class='ocr_par' dir='ltr' id='par_1_16' title="bbox 394 1217 1907 1293">
     <span class='ocr_line' id='line_1_16' title="bbox 394 1217 1907 1293; baseline -0.007 -13"><span class='ocrx_word' id='word_1_81' title='bbox 394 1228 654 1280; x_wconf 73' lang='lat' dir='ltr'><strong>dexteram</strong></span> <span class='ocrx_word' id='word_1_82' title='bbox 693 1227 988 1288; x_wconf 72' lang='lat' dir='ltr'><strong>maxillam,</strong></span> <span class='ocrx_word' id='word_1_83' title='bbox 1021 1223 1188 1293; x_wconf 67' lang='lat' dir='ltr'><strong>praebe</strong></span> <span class='ocrx_word' id='word_1_84' title='bbox 1208 1222 1256 1275; x_wconf 88' lang='lat' dir='ltr'><strong>ei</strong></span> <span class='ocrx_word' id='word_1_85' title='bbox 1276 1231 1322 1275; x_wconf 83' lang='lat' dir='ltr'><strong>et</strong></span> <span class='ocrx_word' id='word_1_86' title='bbox 1349 1222 1585 1274; x_wconf 90' lang='lat' dir='ltr'><strong>alteram.</strong></span> <span class='ocrx_word' id='word_1_87' title='bbox 1608 1221 1698 1274; x_wconf 62' lang='lat'><strong>40.</strong></span> <span class='ocrx_word' id='word_1_88' title='bbox 1727 1217 1792 1272; x_wconf 82' lang='lat' dir='ltr'><strong>Et</strong></span> <span class='ocrx_word' id='word_1_89' title='bbox 1817 1233 1907 1270; x_wconf 78' lang='lat' dir='ltr'><strong>uo-</strong></span> 
     </span>
    </p>
   </div>
   <div class='ocr_carea' id='block_1_17' title="bbox 395 1311 1904 1387">
    <p class='ocr_par' dir='ltr' id='par_1_17' title="bbox 395 1311 1904 1387">
     <span class='ocr_line' id='line_1_17' title="bbox 395 1311 1904 1387; baseline -0.007 -15"><span class='ocrx_word' id='word_1_90' title='bbox 395 1320 518 1372; x_wconf 84' lang='lat' dir='ltr'><strong>lenti</strong></span> <span class='ocrx_word' id='word_1_91' title='bbox 556 1327 718 1371; x_wconf 92' lang='lat' dir='ltr'><strong>tecum</strong></span> <span class='ocrx_word' id='word_1_92' title='bbox 757 1317 808 1370; x_wconf 88' lang='lat' dir='ltr'><strong>in</strong></span> <span class='ocrx_word' id='word_1_93' title='bbox 839 1317 1038 1387; x_wconf 84' lang='lat' dir='ltr'><strong>judicio</strong></span> <span class='ocrx_word' id='word_1_94' title='bbox 1062 1313 1391 1379; x_wconf 83' lang='lat' dir='ltr'><strong>contendere,</strong></span> <span class='ocrx_word' id='word_1_95' title='bbox 1430 1321 1476 1365; x_wconf 89' lang='lat' dir='ltr'><strong>et</strong></span> <span class='ocrx_word' id='word_1_96' title='bbox 1517 1311 1739 1364; x_wconf 83' lang='lat' dir='ltr'><strong>tunicam</strong></span> <span class='ocrx_word' id='word_1_97' title='bbox 1767 1319 1904 1361; x_wconf 86' lang='lat' dir='ltr'><strong>tuum</strong></span> 
     </span>
    </p>
   </div>
   <div class='ocr_carea' id='block_1_18' title="bbox 391 1405 1224 1475">
    <p class='ocr_par' dir='ltr' id='par_1_18' title="bbox 391 1405 1224 1475">
     <span class='ocr_line' id='line_1_18' title="bbox 391 1405 1224 1475; baseline -0.006 -13"><span class='ocrx_word' id='word_1_98' title='bbox 391 1409 598 1472; x_wconf 86' lang='lat' dir='ltr'><strong>tollere,</strong></span> <span class='ocrx_word' id='word_1_99' title='bbox 622 1407 817 1460; x_wconf 84' lang='lat' dir='ltr'><strong>dimitte</strong></span> <span class='ocrx_word' id='word_1_100' title='bbox 845 1407 891 1459; x_wconf 89' lang='lat' dir='ltr'><strong>ei</strong></span> <span class='ocrx_word' id='word_1_101' title='bbox 916 1417 964 1460; x_wconf 91' lang='lat' dir='ltr'><strong>et</strong></span> <span class='ocrx_word' id='word_1_102' title='bbox 993 1405 1224 1475; x_wconf 80' lang='lat' dir='ltr'><strong>pallium.</strong></span> 
     </span>
    </p>
   </div>
   <div class='ocr_carea' id='block_1_19' title="bbox 394 1491 1904 1568">
    <p class='ocr_par' dir='ltr' id='par_1_19' title="bbox 394 1491 1904 1568">
     <span class='ocr_line' id='line_1_19' title="bbox 394 1491 1904 1568; baseline -0.007 -15"><span class='ocrx_word' id='word_1_103' title='bbox 394 1501 444 1554; x_wconf 80' lang='lat' dir='ltr'><strong>l.</strong></span> <span class='ocrx_word' id='word_1_104' title='bbox 490 1499 624 1565; x_wconf 79' lang='lat' dir='ltr'><strong>Quid</strong></span> <span class='ocrx_word' id='word_1_105' title='bbox 635 1499 884 1568; x_wconf 76' lang='lat' dir='ltr'><strong>signiﬁcet</strong></span> <span class='ocrx_word' id='word_1_106' title='bbox 906 1497 1083 1550; x_wconf 83' lang='lat' dir='ltr'><strong>oculus</strong></span> <span class='ocrx_word' id='word_1_107' title='bbox 1102 1495 1453 1549; x_wconf 78' lang='lat' dir='ltr'><strong>scandalizans</strong></span> <span class='ocrx_word' id='word_1_108' title='bbox 1472 1533 1488 1560; x_wconf 92' lang='lat'><strong>,</strong></span> <span class='ocrx_word' id='word_1_109' title='bbox 1510 1508 1654 1562; x_wconf 87' lang='lat' dir='ltr'><strong>quem</strong></span> <span class='ocrx_word' id='word_1_110' title='bbox 1677 1491 1904 1545; x_wconf 74' lang='lat' dir='ltr'><strong>Christus</strong></span> 
     </span>
    </p>
   </div>
   <div class='ocr_carea' id='block_1_20' title="bbox 319 1581 1906 1659">
    <p class='ocr_par' dir='ltr' id='par_1_20' title="bbox 319 1581 1906 1659">
     <span class='ocr_line' id='line_1_20' title="bbox 319 1581 1906 1659; baseline -0.008 -14"><span class='ocrx_word' id='word_1_111' title='bbox 319 1593 459 1659; x_wconf 81' lang='lat' dir='ltr'><strong>jubet</strong></span> <span class='ocrx_word' id='word_1_112' title='bbox 487 1591 614 1644; x_wconf 89' lang='lat' dir='ltr'><strong>erui.</strong></span> <span class='ocrx_word' id='word_1_113' title='bbox 655 1590 759 1644; x_wconf 86' lang='lat' dir='ltr'><strong>Cur</strong></span> <span class='ocrx_word' id='word_1_114' title='bbox 782 1598 1032 1657; x_wconf 65' lang='lat' dir='ltr'><strong>praecepta</strong></span> <span class='ocrx_word' id='word_1_115' title='bbox 1060 1586 1182 1656; x_wconf 85' lang='lat' dir='ltr'><strong>legis</strong></span> <span class='ocrx_word' id='word_1_116' title='bbox 1211 1585 1386 1638; x_wconf 82' lang='lat' dir='ltr'><strong>veteris</strong></span> <span class='ocrx_word' id='word_1_117' title='bbox 1420 1601 1520 1638; x_wconf 86' lang='lat' dir='ltr'><strong>non</strong></span> <span class='ocrx_word' id='word_1_118' title='bbox 1562 1584 1634 1636; x_wconf 89' lang='lat' dir='ltr'><strong>ita</strong></span> <span class='ocrx_word' id='word_1_119' title='bbox 1670 1581 1906 1635; x_wconf 89' lang='lat' dir='ltr'><strong>sublimia</strong></span> 
     </span>
    </p>
   </div>
   <div class='ocr_carea' id='block_1_21' title="bbox 322 1673 1900 1744">
    <p class='ocr_par' dir='ltr' id='par_1_21' title="bbox 322 1673 1900 1744">
     <span class='ocr_line' id='line_1_21' title="bbox 322 1673 1900 1744; baseline -0.004 -9"><span class='ocrx_word' id='word_1_120' title='bbox 322 1691 502 1736; x_wconf 85' lang='lat' dir='ltr'><strong>essent.</strong></span> <span class='ocrx_word' id='word_1_121' title='bbox 528 1711 598 1721; x_wconf 95' lang='lat'>—</span> <span class='ocrx_word' id='word_1_122' title='bbox 626 1679 788 1734; x_wconf 82' lang='lat' dir='ltr'><strong>Vides</strong></span> <span class='ocrx_word' id='word_1_123' title='bbox 823 1695 944 1734; x_wconf 90' lang='lat' dir='ltr'><strong>eum</strong></span> <span class='ocrx_word' id='word_1_124' title='bbox 976 1693 1082 1732; x_wconf 91' lang='lat' dir='ltr'><strong>non</strong></span> <span class='ocrx_word' id='word_1_125' title='bbox 1132 1677 1199 1732; x_wconf 85' lang='lat' dir='ltr'><strong>de</strong></span> <span class='ocrx_word' id='word_1_126' title='bbox 1245 1676 1403 1731; x_wconf 91' lang='lat' dir='ltr'><strong>oculo</strong></span> <span class='ocrx_word' id='word_1_127' title='bbox 1452 1675 1627 1744; x_wconf 88' lang='lat' dir='ltr'><strong>priora</strong></span> <span class='ocrx_word' id='word_1_128' title='bbox 1668 1673 1900 1739; x_wconf 86' lang='lat' dir='ltr'><strong>dixisse,</strong></span> 
     </span>
    </p>
   </div>
   <div class='ocr_carea' id='block_1_22' title="bbox 319 1764 1902 1840">
    <p class='ocr_par' dir='ltr' id='par_1_22' title="bbox 319 1764 1902 1840">
     <span class='ocr_line' id='line_1_22' title="bbox 319 1764 1902 1840; baseline -0.006 -14"><span class='ocrx_word' id='word_1_129' title='bbox 319 1788 442 1826; x_wconf 88' lang='lat' dir='ltr'><strong>cum</strong></span> <span class='ocrx_word' id='word_1_130' title='bbox 486 1771 698 1840; x_wconf 88' lang='lat' dir='ltr'><strong>jnberet</strong></span> <span class='ocrx_word' id='word_1_131' title='bbox 739 1771 954 1824; x_wconf 89' lang='lat' dir='ltr'><strong>oculum</strong></span> <span class='ocrx_word' id='word_1_132' title='bbox 1009 1783 1200 1823; x_wconf 90' lang='lat' dir='ltr'><strong>eruere</strong></span> <span class='ocrx_word' id='word_1_133' title='bbox 1247 1768 1336 1836; x_wconf 92' lang='lat' dir='ltr'><strong>qui</strong></span> <span class='ocrx_word' id='word_1_134' title='bbox 1388 1766 1542 1820; x_wconf 90' lang='lat' dir='ltr'><strong>nobis</strong></span> <span class='ocrx_word' id='word_1_135' title='bbox 1584 1764 1902 1819; x_wconf 75' lang='lat' dir='ltr'><strong>ollendiculo</strong></span> 
     </span>
    </p>
   </div>
   <div class='ocr_carea' id='block_1_23' title="bbox 321 1855 1898 1930">
    <p class='ocr_par' dir='ltr' id='par_1_23' title="bbox 321 1855 1898 1930">
     <span class='ocr_line' id='line_1_23' title="bbox 321 1855 1898 1930; baseline -0.006 -13"><span class='ocrx_word' id='word_1_136' title='bbox 321 1873 485 1924; x_wconf 72' lang='lat' dir='ltr'><strong>esset,</strong></span> <span class='ocrx_word' id='word_1_137' title='bbox 518 1862 610 1915; x_wconf 87' lang='lat' dir='ltr'><strong>sed</strong></span> <span class='ocrx_word' id='word_1_138' title='bbox 631 1863 696 1916; x_wconf 90' lang='lat' dir='ltr'><strong>de</strong></span> <span class='ocrx_word' id='word_1_139' title='bbox 721 1877 785 1915; x_wconf 90' lang='lat' dir='ltr'><strong>eo</strong></span> <span class='ocrx_word' id='word_1_140' title='bbox 805 1862 894 1930; x_wconf 89' lang='lat' dir='ltr'><strong>qui</strong></span> <span class='ocrx_word' id='word_1_141' title='bbox 923 1876 1016 1929; x_wconf 91' lang='lat' dir='ltr'><strong>per</strong></span> <span class='ocrx_word' id='word_1_142' title='bbox 1035 1859 1320 1913; x_wconf 90' lang='lat' dir='ltr'><strong>amicitiam</strong></span> <span class='ocrx_word' id='word_1_143' title='bbox 1359 1872 1456 1911; x_wconf 93' lang='lat' dir='ltr'><strong>nos</strong></span> <span class='ocrx_word' id='word_1_144' title='bbox 1485 1856 1736 1918; x_wconf 69' lang='lat' dir='ltr'><strong>laederet,</strong></span> <span class='ocrx_word' id='word_1_145' title='bbox 1768 1865 1821 1909; x_wconf 92' lang='lat' dir='ltr'><strong>et</strong></span> <span class='ocrx_word' id='word_1_146' title='bbox 1849 1855 1898 1908; x_wconf 93' lang='lat' dir='ltr'><strong>iu</strong></span> 
     </span>
    </p>
   </div>
   <div class='ocr_carea' id='block_1_24' title="bbox 324 1942 1900 2021">
    <p class='ocr_par' dir='ltr' id='par_1_24' title="bbox 324 1942 1900 2021">
     <span class='ocr_line' id='line_1_24' title="bbox 324 1942 1900 2021; baseline -0.006 -14"><span class='ocrx_word' id='word_1_147' title='bbox 324 1953 574 2021; x_wconf 89' lang='lat' dir='ltr'><strong>perniciei</strong></span> <span class='ocrx_word' id='word_1_148' title='bbox 619 1951 922 2006; x_wconf 90' lang='lat' dir='ltr'><strong>barathrmn</strong></span> <span class='ocrx_word' id='word_1_149' title='bbox 963 1947 1290 2018; x_wconf 89' lang='lat' dir='ltr'><strong>conjiceret?</strong></span> <span class='ocrx_word' id='word_1_150' title='bbox 1321 1947 1450 2000; x_wconf 89' lang='lat' dir='ltr'><strong>Nam</strong></span> <span class='ocrx_word' id='word_1_151' title='bbox 1496 1945 1586 2015; x_wconf 90' lang='lat' dir='ltr'><strong>qui</strong></span> <span class='ocrx_word' id='word_1_152' title='bbox 1640 1953 1780 1998; x_wconf 85' lang='lat' dir='ltr'><strong>tanta</strong></span> <span class='ocrx_word' id='word_1_153' title='bbox 1812 1942 1900 1998; x_wconf 86' lang='lat' dir='ltr'><strong>hic</strong></span> 
     </span>
    </p>
   </div>
   <div class='ocr_carea' id='block_1_25' title="bbox 327 2036 1898 2116">
    <p class='ocr_par' dir='ltr' id='par_1_25' title="bbox 327 2036 1898 2116">
     <span class='ocr_line' id='line_1_25' title="bbox 327 2036 1898 2116; baseline -0.005 -20"><span class='ocrx_word' id='word_1_154' title='bbox 327 2044 616 2116; x_wconf 80' lang='lat' dir='ltr'><strong>hyperbole</strong></span> <span class='ocrx_word' id='word_1_155' title='bbox 641 2045 826 2106; x_wconf 90' lang='lat' dir='ltr'><strong>utitur,</strong></span> <span class='ocrx_word' id='word_1_156' title='bbox 858 2058 1028 2112; x_wconf 90' lang='lat' dir='ltr'><strong>neque</strong></span> <span class='ocrx_word' id='word_1_157' title='bbox 1067 2041 1307 2104; x_wconf 90' lang='lat' dir='ltr'><strong>alterius,</strong></span> <span class='ocrx_word' id='word_1_158' title='bbox 1353 2040 1440 2109; x_wconf 87' lang='lat' dir='ltr'><strong>qui</strong></span> <span class='ocrx_word' id='word_1_159' title='bbox 1491 2037 1644 2092; x_wconf 88' lang='lat' dir='ltr'><strong>nobis</strong></span> <span class='ocrx_word' id='word_1_160' title='bbox 1683 2036 1898 2092; x_wconf 83' lang='lat' dir='ltr'><strong>oculum</strong></span> 
     </span>
    </p>
   </div>
   <div class='ocr_carea' id='block_1_26' title="bbox 321 2129 1896 2204">
    <p class='ocr_par' dir='ltr' id='par_1_26' title="bbox 321 2129 1896 2204">
     <span class='ocr_line' id='line_1_26' title="bbox 321 2129 1896 2204; baseline -0.004 -14"><span class='ocrx_word' id='word_1_161' title='bbox 321 2137 578 2200; x_wconf 87' lang='lat' dir='ltr'><strong>eruisset,</strong></span> <span class='ocrx_word' id='word_1_162' title='bbox 628 2136 842 2190; x_wconf 91' lang='lat' dir='ltr'><strong>oculum</strong></span> <span class='ocrx_word' id='word_1_163' title='bbox 882 2149 1071 2189; x_wconf 90' lang='lat' dir='ltr'><strong>eruere</strong></span> <span class='ocrx_word' id='word_1_164' title='bbox 1126 2132 1392 2204; x_wconf 89' lang='lat' dir='ltr'><strong>permitti,</strong></span> <span class='ocrx_word' id='word_1_165' title='bbox 1443 2129 1711 2201; x_wconf 84' lang='lat' dir='ltr'><strong>quomodo</strong></span> <span class='ocrx_word' id='word_1_166' title='bbox 1740 2145 1896 2184; x_wconf 82' lang='lat' dir='ltr'><strong>suum</strong></span> 
     </span>
    </p>
   </div>
   <div class='ocr_carea' id='block_1_27' title="bbox 319 2222 1887 2297">
    <p class='ocr_par' dir='ltr' id='par_1_27' title="bbox 319 2222 1887 2297">
     <span class='ocr_line' id='line_1_27' title="bbox 319 2222 1887 2297; baseline -0.004 -15"><span class='ocrx_word' id='word_1_167' title='bbox 319 2241 510 2282; x_wconf 83' lang='lat' dir='ltr'><strong>eruere</strong></span> <span class='ocrx_word' id='word_1_168' title='bbox 554 2227 669 2297; x_wconf 86' lang='lat' dir='ltr'><strong>lege</strong></span> <span class='ocrx_word' id='word_1_169' title='bbox 708 2227 1012 2281; x_wconf 78' lang='lat' dir='ltr'><strong>sanxisset?</strong></span> <span class='ocrx_word' id='word_1_170' title='bbox 1047 2225 1200 2293; x_wconf 87' lang='lat' dir='ltr'><strong>Quod</strong></span> <span class='ocrx_word' id='word_1_171' title='bbox 1231 2225 1274 2280; x_wconf 88' lang='lat' dir='ltr'><strong>si</strong></span> <span class='ocrx_word' id='word_1_172' title='bbox 1305 2225 1423 2295; x_wconf 89' lang='lat' dir='ltr'><strong>quis</strong></span> <span class='ocrx_word' id='word_1_173' title='bbox 1448 2235 1682 2279; x_wconf 89' lang='lat' dir='ltr'><strong>veterem</strong></span> <span class='ocrx_word' id='word_1_174' title='bbox 1717 2222 1887 2277; x_wconf 63' lang='lat' dir='ltr'><strong>redan</strong></span> 
     </span>
    </p>
   </div>
   <div class='ocr_carea' id='block_1_28' title="bbox 317 2315 1896 2390">
    <p class='ocr_par' dir='ltr' id='par_1_28' title="bbox 317 2315 1896 2390">
     <span class='ocr_line' id='line_1_28' title="bbox 317 2315 1896 2390; baseline -0.003 -17"><span class='ocrx_word' id='word_1_175' title='bbox 317 2328 447 2390; x_wconf 90' lang='lat' dir='ltr'><strong>guat</strong></span> <span class='ocrx_word' id='word_1_176' title='bbox 478 2320 681 2390; x_wconf 89' lang='lat' dir='ltr'><strong>legem,</strong></span> <span class='ocrx_word' id='word_1_177' title='bbox 729 2337 848 2390; x_wconf 80' lang='lat' dir='ltr'><strong>qua:</strong></span> <span class='ocrx_word' id='word_1_178' title='bbox 886 2320 1070 2390; x_wconf 89' lang='lat' dir='ltr'><strong>jnbeat</strong></span> <span class='ocrx_word' id='word_1_179' title='bbox 1111 2335 1169 2374; x_wconf 85' lang='lat' dir='ltr'><strong>se</strong></span> <span class='ocrx_word' id='word_1_180' title='bbox 1193 2320 1263 2373; x_wconf 86' lang='lat' dir='ltr'><strong>ita</strong></span> <span class='ocrx_word' id='word_1_181' title='bbox 1293 2319 1472 2373; x_wconf 86' lang='lat' dir='ltr'><strong>ulcisci</strong></span> <span class='ocrx_word' id='word_1_182' title='bbox 1494 2359 1508 2382; x_wconf 89' lang='lat'><strong>,</strong></span> <span class='ocrx_word' id='word_1_183' title='bbox 1542 2317 1587 2372; x_wconf 91' lang='lat' dir='ltr'><strong>is</strong></span> <span class='ocrx_word' id='word_1_184' title='bbox 1611 2315 1896 2372; x_wconf 87' lang='lat' dir='ltr'><strong>admodum</strong></span> 
     </span>
    </p>
   </div>
   <div class='ocr_carea' id='block_1_29' title="bbox 317 2409 1894 2481">
    <p class='ocr_par' dir='ltr' id='par_1_29' title="bbox 317 2409 1894 2481">
     <span class='ocr_line' id='line_1_29' title="bbox 317 2409 1894 2481; baseline -0.004 -15"><span class='ocrx_word' id='word_1_185' title='bbox 317 2412 446 2466; x_wconf 80' lang='lat' dir='ltr'><strong>mihi</strong></span> <span class='ocrx_word' id='word_1_186' title='bbox 490 2411 700 2467; x_wconf 85' lang='lat' dir='ltr'><strong>videtur</strong></span> <span class='ocrx_word' id='word_1_187' title='bbox 752 2411 1102 2481; x_wconf 84' lang='lat' dir='ltr'><strong>sapientiam,</strong></span> <span class='ocrx_word' id='word_1_188' title='bbox 1144 2427 1264 2480; x_wconf 72' lang='lat' dir='ltr'><strong>qua:</strong></span> <span class='ocrx_word' id='word_1_189' title='bbox 1308 2410 1662 2480; x_wconf 83' lang='lat' dir='ltr'><strong>legislatorem</strong></span> <span class='ocrx_word' id='word_1_190' title='bbox 1707 2409 1894 2472; x_wconf 88' lang='lat' dir='ltr'><strong>decet,</strong></span> 
     </span>
    </p>
   </div>
   <div class='ocr_carea' id='block_1_30' title="bbox 317 2499 1894 2569">
    <p class='ocr_par' dir='ltr' id='par_1_30' title="bbox 317 2499 1894 2569">
     <span class='ocr_line' id='line_1_30' title="bbox 317 2499 1894 2569; baseline -0.001 -14"><span class='ocrx_word' id='word_1_191' title='bbox 317 2501 563 2569; x_wconf 89' lang='lat' dir='ltr'><strong>ignorare</strong></span> <span class='ocrx_word' id='word_1_192' title='bbox 587 2544 602 2569; x_wconf 94' lang='lat'><strong>,</strong></span> <span class='ocrx_word' id='word_1_193' title='bbox 639 2517 847 2557; x_wconf 87' lang='lat' dir='ltr'><strong>necnon</strong></span> <span class='ocrx_word' id='word_1_194' title='bbox 895 2512 1194 2569; x_wconf 84' lang='lat' dir='ltr'><strong>temporum</strong></span> <span class='ocrx_word' id='word_1_195' title='bbox 1234 2503 1498 2555; x_wconf 88' lang='lat' dir='ltr'><strong>rationem</strong></span> <span class='ocrx_word' id='word_1_196' title='bbox 1530 2511 1584 2554; x_wconf 92' lang='lat' dir='ltr'><strong>et</strong></span> <span class='ocrx_word' id='word_1_197' title='bbox 1615 2499 1894 2569; x_wconf 79' lang='lat' dir='ltr'><strong>indulgen-</strong></span> 
     </span>
    </p>
   </div>
   <div class='ocr_carea' id='block_1_31' title="bbox 319 2593 1898 2665">
    <p class='ocr_par' dir='ltr' id='par_1_31' title="bbox 319 2593 1898 2665">
     <span class='ocr_line' id='line_1_31' title="bbox 319 2593 1898 2665; baseline -0.001 -18"><span class='ocrx_word' id='word_1_198' title='bbox 319 2595 406 2647; x_wconf 73' lang='lat' dir='ltr'><strong>tizr,</strong></span> <span class='ocrx_word' id='word_1_199' title='bbox 433 2594 738 2649; x_wconf 86' lang='lat' dir='ltr'><strong>utilitatem.</strong></span> <span class='ocrx_word' id='word_1_200' title='bbox 773 2593 828 2649; x_wconf 92' lang='lat' dir='ltr'><strong>Si</strong></span> <span class='ocrx_word' id='word_1_201' title='bbox 863 2594 1183 2665; x_wconf 74' lang='lat' dir='ltr'><strong>cogitaveris</strong></span> <span class='ocrx_word' id='word_1_202' title='bbox 1223 2595 1364 2650; x_wconf 90' lang='lat' dir='ltr'><strong>enim</strong></span> <span class='ocrx_word' id='word_1_203' title='bbox 1387 2636 1402 2658; x_wconf 88' lang='lat'><strong>,</strong></span> <span class='ocrx_word' id='word_1_204' title='bbox 1452 2595 1668 2664; x_wconf 88' lang='lat' dir='ltr'><strong>quinam</strong></span> <span class='ocrx_word' id='word_1_205' title='bbox 1715 2601 1898 2648; x_wconf 83' lang='lat' dir='ltr'><strong>essent</strong></span> 
     </span>
    </p>
   </div>
   <div class='ocr_carea' id='block_1_32' title="bbox 315 2682 1898 2756">
    <p class='ocr_par' dir='ltr' id='par_1_32' title="bbox 315 2682 1898 2756">
     <span class='ocr_line' id='line_1_32' title="bbox 315 2682 1898 2756; baseline -0.003 -17"><span class='ocrx_word' id='word_1_206' title='bbox 315 2687 349 2739; x_wconf 87' lang='lat' dir='ltr'><strong>ii</strong></span> <span class='ocrx_word' id='word_1_207' title='bbox 377 2685 466 2756; x_wconf 89' lang='lat' dir='ltr'><strong>qui</strong></span> <span class='ocrx_word' id='word_1_208' title='bbox 495 2686 617 2739; x_wconf 84' lang='lat' dir='ltr'><strong>talia</strong></span> <span class='ocrx_word' id='word_1_209' title='bbox 642 2685 924 2750; x_wconf 89' lang='lat' dir='ltr'><strong>audirent,</strong></span> <span class='ocrx_word' id='word_1_210' title='bbox 951 2685 1219 2755; x_wconf 89' lang='lat' dir='ltr'><strong>quomodo</strong></span> <span class='ocrx_word' id='word_1_211' title='bbox 1245 2685 1416 2740; x_wconf 71' lang='lat' dir='ltr'><strong>allecti</strong></span> <span class='ocrx_word' id='word_1_212' title='bbox 1435 2727 1450 2749; x_wconf 84' lang='lat'><strong>,</strong></span> <span class='ocrx_word' id='word_1_213' title='bbox 1473 2693 1526 2739; x_wconf 91' lang='lat' dir='ltr'><strong>et</strong></span> <span class='ocrx_word' id='word_1_214' title='bbox 1551 2682 1766 2754; x_wconf 86' lang='lat' dir='ltr'><strong>quando</strong></span> <span class='ocrx_word' id='word_1_215' title='bbox 1801 2684 1898 2736; x_wconf 78' lang='lat' dir='ltr'><strong>bas</strong></span> 
     </span>
    </p>
   </div>
   <div class='ocr_carea' id='block_1_33' title="bbox 317 2774 1869 2848">
    <p class='ocr_par' dir='ltr' id='par_1_33' title="bbox 317 2774 1869 2848">
     <span class='ocr_line' id='line_1_33' title="bbox 317 2774 1869 2848; baseline -0.003 -18"><span class='ocrx_word' id='word_1_216' title='bbox 317 2777 463 2848; x_wconf 85' lang='lat' dir='ltr'><strong>leges</strong></span> <span class='ocrx_word' id='word_1_217' title='bbox 493 2777 818 2845; x_wconf 90' lang='lat' dir='ltr'><strong>acceperint,</strong></span> <span class='ocrx_word' id='word_1_218' title='bbox 860 2777 1177 2846; x_wconf 88' lang='lat' dir='ltr'><strong>legislatoris</strong></span> <span class='ocrx_word' id='word_1_219' title='bbox 1196 2776 1509 2844; x_wconf 86' lang='lat' dir='ltr'><strong>sapientiam</strong></span> <span class='ocrx_word' id='word_1_220' title='bbox 1537 2775 1759 2828; x_wconf 90' lang='lat' dir='ltr'><strong>multum</strong></span> <span class='ocrx_word' id='word_1_221' title='bbox 1786 2774 1869 2827; x_wconf 89' lang='lat' dir='ltr'><strong>lau</strong></span> 
     </span>
    </p>
   </div>
   <div class='ocr_carea' id='block_1_34' title="bbox 314 2866 1890 2938">
    <p class='ocr_par' dir='ltr' id='par_1_34' title="bbox 314 2866 1890 2938">
     <span class='ocr_line' id='line_1_34' title="bbox 314 2866 1890 2938; baseline -0.003 -15"><span class='ocrx_word' id='word_1_222' title='bbox 314 2869 494 2933; x_wconf 84' lang='lat' dir='ltr'><strong>dabis,</strong></span> <span class='ocrx_word' id='word_1_223' title='bbox 545 2869 856 2938; x_wconf 82' lang='lat' dir='ltr'><strong>videbisque</strong></span> <span class='ocrx_word' id='word_1_224' title='bbox 900 2883 1063 2924; x_wconf 87' lang='lat' dir='ltr'><strong>unum</strong></span> <span class='ocrx_word' id='word_1_225' title='bbox 1103 2877 1158 2922; x_wconf 90' lang='lat' dir='ltr'><strong>et</strong></span> <span class='ocrx_word' id='word_1_226' title='bbox 1193 2868 1438 2922; x_wconf 88' lang='lat' dir='ltr'><strong>eumdem</strong></span> <span class='ocrx_word' id='word_1_227' title='bbox 1481 2882 1601 2923; x_wconf 89' lang='lat' dir='ltr'><strong>esse</strong></span> <span class='ocrx_word' id='word_1_228' title='bbox 1639 2868 1728 2936; x_wconf 89' lang='lat' dir='ltr'><strong>qui</strong></span> <span class='ocrx_word' id='word_1_229' title='bbox 1783 2866 1890 2920; x_wconf 63' lang='lat' dir='ltr'><strong>haec</strong></span> 
     </span>
    </p>
   </div>
   <div class='ocr_carea' id='block_1_35' title="bbox 314 2959 1888 3028">
    <p class='ocr_par' dir='ltr' id='par_1_35' title="bbox 314 2959 1888 3028">
     <span class='ocr_line' id='line_1_35' title="bbox 314 2959 1888 3028; baseline -0.003 -13"><span class='ocrx_word' id='word_1_230' title='bbox 314 2970 373 3016; x_wconf 91' lang='lat' dir='ltr'><strong>et</strong></span> <span class='ocrx_word' id='word_1_231' title='bbox 416 2961 504 3015; x_wconf 89' lang='lat' dir='ltr'><strong>illa</strong></span> <span class='ocrx_word' id='word_1_232' title='bbox 546 2961 825 3027; x_wconf 88' lang='lat' dir='ltr'><strong>statuerit,</strong></span> <span class='ocrx_word' id='word_1_233' title='bbox 874 2971 929 3015; x_wconf 91' lang='lat' dir='ltr'><strong>et</strong></span> <span class='ocrx_word' id='word_1_234' title='bbox 973 2959 1129 3013; x_wconf 83' lang='lat' dir='ltr'><strong>valde</strong></span> <span class='ocrx_word' id='word_1_235' title='bbox 1157 2959 1358 3013; x_wconf 87' lang='lat' dir='ltr'><strong>utiliter</strong></span> <span class='ocrx_word' id='word_1_236' title='bbox 1388 2968 1643 3028; x_wconf 77' lang='lat' dir='ltr'><strong>utraque,</strong></span> <span class='ocrx_word' id='word_1_237' title='bbox 1676 2973 1739 3012; x_wconf 91' lang='lat' dir='ltr'><strong>ac</strong></span> <span class='ocrx_word' id='word_1_238' title='bbox 1767 2973 1888 3013; x_wconf 75' lang='lat' dir='ltr'><strong>con~</strong></span> 
     </span>
    </p>
   </div>
   <div class='ocr_carea' id='block_1_36' title="bbox 312 3049 1893 3122">
    <p class='ocr_par' dir='ltr' id='par_1_36' title="bbox 312 3049 1893 3122">
     <span class='ocr_line' id='line_1_36' title="bbox 312 3049 1893 3122; baseline -0.001 -16"><span class='ocrx_word' id='word_1_239' title='bbox 312 3053 522 3122; x_wconf 88' lang='lat' dir='ltr'><strong>gruenti</strong></span> <span class='ocrx_word' id='word_1_240' title='bbox 569 3061 811 3120; x_wconf 89' lang='lat' dir='ltr'><strong>tempore</strong></span> <span class='ocrx_word' id='word_1_241' title='bbox 849 3051 1143 3120; x_wconf 73' lang='lat' dir='ltr'><strong>scripserit.</strong></span> <span class='ocrx_word' id='word_1_242' title='bbox 1174 3049 1308 3104; x_wconf 85' lang='lat' dir='ltr'><strong>Nam</strong></span> <span class='ocrx_word' id='word_1_243' title='bbox 1330 3050 1375 3104; x_wconf 92' lang='lat' dir='ltr'><strong>si</strong></span> <span class='ocrx_word' id='word_1_244' title='bbox 1405 3051 1472 3104; x_wconf 89' lang='lat' dir='ltr'><strong>ab</strong></span> <span class='ocrx_word' id='word_1_245' title='bbox 1500 3050 1650 3104; x_wconf 91' lang='lat' dir='ltr'><strong>initio</strong></span> <span class='ocrx_word' id='word_1_246' title='bbox 1682 3050 1796 3104; x_wconf 77' lang='lat' dir='ltr'><strong>lucc</strong></span> <span class='ocrx_word' id='word_1_247' title='bbox 1817 3049 1893 3104; x_wconf 88' lang='lat' dir='ltr'><strong>sic</strong></span> 
     </span>
    </p>
   </div>
   <div class='ocr_carea' id='block_1_37' title="bbox 312 3143 1892 3212">
    <p class='ocr_par' dir='ltr' id='par_1_37' title="bbox 312 3143 1892 3212">
     <span class='ocr_line' id='line_1_37' title="bbox 312 3143 1892 3212; baseline -0.001 -14"><span class='ocrx_word' id='word_1_248' title='bbox 312 3145 418 3198; x_wconf 89' lang='lat' dir='ltr'><strong>alta</strong></span> <span class='ocrx_word' id='word_1_249' title='bbox 449 3154 504 3199; x_wconf 88' lang='lat' dir='ltr'><strong>et</strong></span> <span class='ocrx_word' id='word_1_250' title='bbox 528 3143 775 3198; x_wconf 88' lang='lat' dir='ltr'><strong>sublimia</strong></span> <span class='ocrx_word' id='word_1_251' title='bbox 807 3153 1073 3212; x_wconf 72' lang='lat' dir='ltr'><strong>praecepta</strong></span> <span class='ocrx_word' id='word_1_252' title='bbox 1118 3144 1420 3211; x_wconf 88' lang='lat' dir='ltr'><strong>intulisset,</strong></span> <span class='ocrx_word' id='word_1_253' title='bbox 1462 3158 1634 3212; x_wconf 89' lang='lat' dir='ltr'><strong>neque</strong></span> <span class='ocrx_word' id='word_1_254' title='bbox 1663 3143 1776 3198; x_wconf 73' lang='lat' dir='ltr'><strong>haec</strong></span> <span class='ocrx_word' id='word_1_255' title='bbox 1801 3158 1892 3197; x_wconf 86' lang='lat' dir='ltr'><strong>ne-</strong></span> 
     </span>
    </p>
   </div>
   <div class='ocr_carea' id='block_1_38' title="bbox 311 3235 1886 3306">
    <p class='ocr_par' dir='ltr' id='par_1_38' title="bbox 311 3235 1886 3306">
     <span class='ocr_line' id='line_1_38' title="bbox 311 3235 1886 3306; baseline -0.004 -15"><span class='ocrx_word' id='word_1_256' title='bbox 311 3251 415 3306; x_wconf 88' lang='lat' dir='ltr'><strong>que</strong></span> <span class='ocrx_word' id='word_1_257' title='bbox 441 3236 529 3289; x_wconf 83' lang='lat' dir='ltr'><strong>illa</strong></span> <span class='ocrx_word' id='word_1_258' title='bbox 559 3236 917 3306; x_wconf 88' lang='lat' dir='ltr'><strong>recepissent;</strong></span> <span class='ocrx_word' id='word_1_259' title='bbox 953 3235 1066 3304; x_wconf 88' lang='lat' dir='ltr'><strong>jam</strong></span> <span class='ocrx_word' id='word_1_260' title='bbox 1094 3251 1223 3290; x_wconf 89' lang='lat' dir='ltr'><strong>vero</strong></span> <span class='ocrx_word' id='word_1_261' title='bbox 1247 3250 1369 3289; x_wconf 88' lang='lat' dir='ltr'><strong>cum</strong></span> <span class='ocrx_word' id='word_1_262' title='bbox 1399 3243 1703 3304; x_wconf 89' lang='lat' dir='ltr'><strong>opportuno</strong></span> <span class='ocrx_word' id='word_1_263' title='bbox 1742 3241 1886 3288; x_wconf 87' lang='lat' dir='ltr'><strong>utra-</strong></span> 
     </span>
    </p>
   </div>
   <div class='ocr_carea' id='block_1_39' title="bbox 314 3323 1890 3399">
    <p class='ocr_par' dir='ltr' id='par_1_39' title="bbox 314 3323 1890 3399">
     <span class='ocr_line' id='line_1_39' title="bbox 314 3323 1890 3399; baseline -0.004 -17"><span class='ocrx_word' id='word_1_264' title='bbox 314 3346 417 3399; x_wconf 84' lang='lat' dir='ltr'><strong>que</strong></span> <span class='ocrx_word' id='word_1_265' title='bbox 459 3339 702 3398; x_wconf 86' lang='lat' dir='ltr'><strong>tempore</strong></span> <span class='ocrx_word' id='word_1_266' title='bbox 747 3326 1030 3391; x_wconf 80' lang='lat' dir='ltr'><strong>statuerit,</strong></span> <span class='ocrx_word' id='word_1_267' title='bbox 1080 3341 1173 3396; x_wconf 89' lang='lat' dir='ltr'><strong>per</strong></span> <span class='ocrx_word' id='word_1_268' title='bbox 1213 3334 1437 3395; x_wconf 89' lang='lat' dir='ltr'><strong>utraque</strong></span> <span class='ocrx_word' id='word_1_269' title='bbox 1488 3334 1654 3378; x_wconf 92' lang='lat' dir='ltr'><strong>totum</strong></span> <span class='ocrx_word' id='word_1_270' title='bbox 1708 3323 1890 3379; x_wconf 89' lang='lat' dir='ltr'><strong>orbem</strong></span> 
     </span>
    </p>
   </div>
   <div class='ocr_carea' id='block_1_40' title="bbox 315 3416 1896 3489">
    <p class='ocr_par' dir='ltr' id='par_1_40' title="bbox 315 3416 1896 3489">
     <span class='ocr_line' id='line_1_40' title="bbox 315 3416 1896 3489; baseline -0.005 -13"><span class='ocrx_word' id='word_1_271' title='bbox 315 3421 572 3477; x_wconf 79' lang='lat' dir='ltr'><strong>correxit.</strong></span> <span class='ocrx_word' id='word_1_272' title='bbox 615 3419 864 3489; x_wconf 83' lang='lat' dir='ltr'><strong>Alioquin</strong></span> <span class='ocrx_word' id='word_1_273' title='bbox 903 3429 1084 3472; x_wconf 89' lang='lat' dir='ltr'><strong>autem</strong></span> <span class='ocrx_word' id='word_1_274' title='bbox 1130 3416 1244 3472; x_wconf 68' lang='lat' dir='ltr'><strong>hare</strong></span> <span class='ocrx_word' id='word_1_275' title='bbox 1269 3417 1463 3483; x_wconf 89' lang='lat' dir='ltr'><strong>jussit,</strong></span> <span class='ocrx_word' id='word_1_276' title='bbox 1496 3432 1600 3470; x_wconf 91' lang='lat' dir='ltr'><strong>non</strong></span> <span class='ocrx_word' id='word_1_277' title='bbox 1629 3423 1687 3469; x_wconf 84' lang='lat' dir='ltr'><strong>ut</strong></span> <span class='ocrx_word' id='word_1_278' title='bbox 1710 3424 1896 3468; x_wconf 90' lang='lat' dir='ltr'><strong>mutuo</strong></span> 
     </span>
    </p>
   </div>
   <div class='ocr_carea' id='block_1_41' title="bbox 317 3508 1894 3578">
    <p class='ocr_par' dir='ltr' id='par_1_41' title="bbox 317 3508 1894 3578">
     <span class='ocr_line' id='line_1_41' title="bbox 317 3508 1894 3578; baseline -0.005 -11"><span class='ocrx_word' id='word_1_279' title='bbox 317 3513 473 3569; x_wconf 90' lang='lat' dir='ltr'><strong>nobis</strong></span> <span class='ocrx_word' id='word_1_280' title='bbox 519 3512 706 3567; x_wconf 91' lang='lat' dir='ltr'><strong>oculos</strong></span> <span class='ocrx_word' id='word_1_281' title='bbox 747 3524 1031 3574; x_wconf 86' lang='lat' dir='ltr'><strong>eruamus,</strong></span> <span class='ocrx_word' id='word_1_282' title='bbox 1063 3509 1156 3563; x_wconf 90' lang='lat' dir='ltr'><strong>sed</strong></span> <span class='ocrx_word' id='word_1_283' title='bbox 1187 3519 1244 3562; x_wconf 93' lang='lat' dir='ltr'><strong>ut</strong></span> <span class='ocrx_word' id='word_1_284' title='bbox 1270 3508 1447 3578; x_wconf 83' lang='lat' dir='ltr'><strong>potius</strong></span> <span class='ocrx_word' id='word_1_285' title='bbox 1467 3522 1659 3561; x_wconf 90' lang='lat' dir='ltr'><strong>manus</strong></span> <span class='ocrx_word' id='word_1_286' title='bbox 1684 3516 1894 3560; x_wconf 90' lang='lat' dir='ltr'><strong>nostras</strong></span> 
     </span>
    </p>
   </div>
   <div class='ocr_carea' id='block_1_42' title="bbox 311 3599 1894 3671">
    <p class='ocr_par' dir='ltr' id='par_1_42' title="bbox 311 3599 1894 3671">
     <span class='ocr_line' id='line_1_42' title="bbox 311 3599 1894 3671; baseline -0.006 -11"><span class='ocrx_word' id='word_1_287' title='bbox 311 3605 700 3660; x_wconf 83' lang='lat' dir='ltr'><strong>contineamus.</strong></span> <span class='ocrx_word' id='word_1_288' title='bbox 730 3603 859 3656; x_wconf 86' lang='lat' dir='ltr'><strong>Nam</strong></span> <span class='ocrx_word' id='word_1_289' title='bbox 885 3601 1244 3671; x_wconf 75' lang='lat' dir='ltr'><strong>rependendze</strong></span> <span class='ocrx_word' id='word_1_290' title='bbox 1272 3600 1403 3654; x_wconf 91' lang='lat' dir='ltr'><strong>vicis</strong></span> <span class='ocrx_word' id='word_1_291' title='bbox 1428 3599 1773 3654; x_wconf 85' lang='lat' dir='ltr'><strong>comminatio</strong></span> <span class='ocrx_word' id='word_1_292' title='bbox 1794 3599 1894 3652; x_wconf 84' lang='lat' dir='ltr'><strong>im-</strong></span> 
     </span>
    </p>
   </div>
   <div class='ocr_carea' id='block_1_43' title="bbox 315 3690 1892 3766">
    <p class='ocr_par' dir='ltr' id='par_1_43' title="bbox 315 3690 1892 3766">
     <span class='ocr_line' id='line_1_43' title="bbox 315 3690 1892 3766; baseline -0.006 -14"><span class='ocrx_word' id='word_1_293' title='bbox 315 3707 494 3766; x_wconf 84' lang='lat' dir='ltr'><strong>petum</strong></span> <span class='ocrx_word' id='word_1_294' title='bbox 539 3694 829 3750; x_wconf 79' lang='lat' dir='ltr'><strong>inferenda:</strong></span> <span class='ocrx_word' id='word_1_295' title='bbox 859 3693 1069 3764; x_wconf 70' lang='lat' dir='ltr'><strong>injurise</strong></span> <span class='ocrx_word' id='word_1_296' title='bbox 1096 3692 1357 3748; x_wconf 89' lang='lat' dir='ltr'><strong>coercuit.</strong></span> <span class='ocrx_word' id='word_1_297' title='bbox 1389 3691 1562 3761; x_wconf 82' lang='lat' dir='ltr'><strong>Atque</strong></span> <span class='ocrx_word' id='word_1_298' title='bbox 1594 3692 1664 3745; x_wconf 86' lang='lat' dir='ltr'><strong>ita</strong></span> <span class='ocrx_word' id='word_1_299' title='bbox 1691 3690 1892 3745; x_wconf 90' lang='lat' dir='ltr'><strong>sensim</strong></span> 
     </span>
    </p>
   </div>
   <div class='ocr_carea' id='block_1_44' title="bbox 311 3783 1891 3856">
    <p class='ocr_par' dir='ltr' id='par_1_44' title="bbox 311 3783 1891 3856">
     <span class='ocr_line' id='line_1_44' title="bbox 311 3783 1891 3856; baseline -0.006 -10"><span class='ocrx_word' id='word_1_300' title='bbox 311 3791 534 3846; x_wconf 86' lang='lat' dir='ltr'><strong>multam</strong></span> <span class='ocrx_word' id='word_1_301' title='bbox 582 3788 897 3843; x_wconf 86' lang='lat' dir='ltr'><strong>disseminat</strong></span> <span class='ocrx_word' id='word_1_302' title='bbox 946 3786 1334 3856; x_wconf 85' lang='lat' dir='ltr'><strong>philosophiam</strong></span> <span class='ocrx_word' id='word_1_303' title='bbox 1379 3804 1394 3840; x_wconf 91' lang='lat'><strong>:</strong></span> <span class='ocrx_word' id='word_1_304' title='bbox 1445 3783 1658 3854; x_wconf 89' lang='lat' dir='ltr'><strong>quando</strong></span> <span class='ocrx_word' id='word_1_305' title='bbox 1707 3785 1891 3839; x_wconf 74' lang='lat' dir='ltr'><strong>laesum</strong></span> 
     </span>
    </p>
   </div>
   <div class='ocr_carea' id='block_1_45' title="bbox 311 3876 1892 3951">
    <p class='ocr_par' dir='ltr' id='par_1_45' title="bbox 311 3876 1892 3951">
     <span class='ocr_line' id='line_1_45' title="bbox 311 3876 1892 3951; baseline -0.001 -19"><span class='ocrx_word' id='word_1_306' title='bbox 311 3896 492 3951; x_wconf 88' lang='lat' dir='ltr'><strong>parem</strong></span> <span class='ocrx_word' id='word_1_307' title='bbox 539 3879 832 3948; x_wconf 79' lang='lat' dir='ltr'><strong>rependere</strong></span> <span class='ocrx_word' id='word_1_308' title='bbox 879 3878 1046 3933; x_wconf 89' lang='lat' dir='ltr'><strong>vicem</strong></span> <span class='ocrx_word' id='word_1_309' title='bbox 1091 3878 1284 3948; x_wconf 86' lang='lat' dir='ltr'><strong>jubet;</strong></span> <span class='ocrx_word' id='word_1_310' title='bbox 1337 3892 1656 3946; x_wconf 87' lang='lat' dir='ltr'><strong>quamquam</strong></span> <span class='ocrx_word' id='word_1_311' title='bbox 1688 3876 1892 3946; x_wconf 90' lang='lat' dir='ltr'><strong>majore</strong></span> 
     </span>
    </p>
   </div>
   <div class='ocr_carea' id='block_1_46' title="bbox 311 3968 1890 4042">
    <p class='ocr_par' dir='ltr' id='par_1_46' title="bbox 311 3968 1890 4042">
     <span class='ocr_line' id='line_1_46' title="bbox 311 3968 1890 4042; baseline -0.004 -15"><span class='ocrx_word' id='word_1_312' title='bbox 311 3975 503 4042; x_wconf 84' lang='lat' dir='ltr'><strong>dignus</strong></span> <span class='ocrx_word' id='word_1_313' title='bbox 533 3981 648 4026; x_wconf 88' lang='lat' dir='ltr'><strong>erat</strong></span> <span class='ocrx_word' id='word_1_314' title='bbox 687 3971 948 4041; x_wconf 83' lang='lat' dir='ltr'><strong>supplicio</strong></span> <span class='ocrx_word' id='word_1_315' title='bbox 987 3971 1032 4024; x_wconf 89' lang='lat' dir='ltr'><strong>is</strong></span> <span class='ocrx_word' id='word_1_316' title='bbox 1074 3987 1103 4024; x_wconf 92' lang='lat' dir='ltr'><strong>a</strong></span> <span class='ocrx_word' id='word_1_317' title='bbox 1143 3984 1248 4040; x_wconf 91' lang='lat' dir='ltr'><strong>quo</strong></span> <span class='ocrx_word' id='word_1_318' title='bbox 1287 3968 1538 4038; x_wconf 82' lang='lat' dir='ltr'><strong>iniquitas</strong></span> <span class='ocrx_word' id='word_1_319' title='bbox 1589 3968 1890 4038; x_wconf 87' lang='lat' dir='ltr'><strong>bujusmodi</strong></span> 
     </span>
    </p>
   </div>
   <div class='ocr_carea' id='block_1_47' title="bbox 312 4058 1892 4133">
    <p class='ocr_par' dir='ltr' id='par_1_47' title="bbox 312 4058 1892 4133">
     <span class='ocr_line' id='line_1_47' title="bbox 312 4058 1892 4133; baseline -0.004 -15"><span class='ocrx_word' id='word_1_320' title='bbox 312 4065 542 4133; x_wconf 81' lang='lat' dir='ltr'><strong>cepisset</strong></span> <span class='ocrx_word' id='word_1_321' title='bbox 565 4062 842 4116; x_wconf 79' lang='lat' dir='ltr'><strong>exordium</strong></span> <span class='ocrx_word' id='word_1_322' title='bbox 871 4078 886 4115; x_wconf 89' lang='lat'><strong>:</strong></span> <span class='ocrx_word' id='word_1_323' title='bbox 915 4059 1044 4114; x_wconf 91' lang='lat' dir='ltr'><strong>illud</strong></span> <span class='ocrx_word' id='word_1_324' title='bbox 1071 4060 1214 4113; x_wconf 91' lang='lat' dir='ltr'><strong>enim</strong></span> <span class='ocrx_word' id='word_1_325' title='bbox 1246 4059 1515 4127; x_wconf 82' lang='lat' dir='ltr'><strong>aequitatis</strong></span> <span class='ocrx_word' id='word_1_326' title='bbox 1544 4058 1680 4111; x_wconf 87' lang='lat' dir='ltr'><strong>ratio</strong></span> <span class='ocrx_word' id='word_1_327' title='bbox 1706 4066 1892 4126; x_wconf 88' lang='lat' dir='ltr'><strong>postu-</strong></span> 
     </span>
    </p>
   </div>
   <div class='ocr_carea' id='block_1_48' title="bbox 313 4147 1897 4222">
    <p class='ocr_par' dir='ltr' id='par_1_48' title="bbox 313 4147 1897 4222">
     <span class='ocr_line' id='line_1_48' title="bbox 313 4147 1897 4222; baseline -0.005 -13"><span class='ocrx_word' id='word_1_328' title='bbox 313 4155 479 4209; x_wconf 86' lang='lat' dir='ltr'><strong>labat.</strong></span> <span class='ocrx_word' id='word_1_329' title='bbox 510 4153 614 4208; x_wconf 88' lang='lat' dir='ltr'><strong>Sed</strong></span> <span class='ocrx_word' id='word_1_330' title='bbox 644 4153 764 4222; x_wconf 87' lang='lat' dir='ltr'><strong>quia</strong></span> <span class='ocrx_word' id='word_1_331' title='bbox 793 4150 1172 4221; x_wconf 78' lang='lat' dir='ltr'><strong>benignitatem</strong></span> <span class='ocrx_word' id='word_1_332' title='bbox 1211 4148 1424 4202; x_wconf 88' lang='lat' dir='ltr'><strong>volebat</strong></span> <span class='ocrx_word' id='word_1_333' title='bbox 1454 4147 1661 4216; x_wconf 89' lang='lat' dir='ltr'><strong>justitia</strong></span> <span class='ocrx_word' id='word_1_334' title='bbox 1691 4157 1897 4217; x_wconf 87' lang='lat' dir='ltr'><strong>tempe-</strong></span> 
     </span>
    </p>
   </div>
   <div class='ocr_carea' id='block_1_49' title="bbox 313 4241 1892 4315">
    <p class='ocr_par' dir='ltr' id='par_1_49' title="bbox 313 4241 1892 4315">
     <span class='ocr_line' id='line_1_49' title="bbox 313 4241 1892 4315; baseline -0.006 -12"><span class='ocrx_word' id='word_1_335' title='bbox 313 4263 434 4303; x_wconf 88' lang='lat' dir='ltr'><strong>rare</strong></span> <span class='ocrx_word' id='word_1_336' title='bbox 455 4288 470 4311; x_wconf 92' lang='lat'><strong>,</strong></span> <span class='ocrx_word' id='word_1_337' title='bbox 505 4262 657 4307; x_wconf 91' lang='lat' dir='ltr'><strong>eum,</strong></span> <span class='ocrx_word' id='word_1_338' title='bbox 703 4245 794 4315; x_wconf 90' lang='lat' dir='ltr'><strong>qui</strong></span> <span class='ocrx_word' id='word_1_339' title='bbox 825 4244 1056 4314; x_wconf 90' lang='lat' dir='ltr'><strong>iniquius</strong></span> <span class='ocrx_word' id='word_1_340' title='bbox 1084 4257 1142 4298; x_wconf 90' lang='lat' dir='ltr'><strong>se</strong></span> <span class='ocrx_word' id='word_1_341' title='bbox 1164 4249 1439 4313; x_wconf 88' lang='lat' dir='ltr'><strong>gesserat,</strong></span> <span class='ocrx_word' id='word_1_342' title='bbox 1469 4241 1692 4306; x_wconf 91' lang='lat' dir='ltr'><strong>minori,</strong></span> <span class='ocrx_word' id='word_1_343' title='bbox 1733 4255 1892 4309; x_wconf 89' lang='lat' dir='ltr'><strong>quam</strong></span> 
     </span>
    </p>
   </div>
   <div class='ocr_carea' id='block_1_50' title="bbox 315 4331 1896 4403">
    <p class='ocr_par' dir='ltr' id='par_1_50' title="bbox 315 4331 1896 4403">
     <span class='ocr_line' id='line_1_50' title="bbox 315 4331 1896 4403; baseline -0.004 -13"><span class='ocrx_word' id='word_1_344' title='bbox 315 4337 640 4399; x_wconf 88' lang='lat' dir='ltr'><strong>merebatur,</strong></span> <span class='ocrx_word' id='word_1_345' title='bbox 671 4335 889 4389; x_wconf 87' lang='lat' dir='ltr'><strong>damnat</strong></span> <span class='ocrx_word' id='word_1_346' title='bbox 916 4333 1210 4403; x_wconf 91' lang='lat' dir='ltr'><strong>supplicio,</strong></span> <span class='ocrx_word' id='word_1_347' title='bbox 1247 4331 1448 4387; x_wconf 89' lang='lat' dir='ltr'><strong>docens</strong></span> <span class='ocrx_word' id='word_1_348' title='bbox 1474 4340 1530 4386; x_wconf 87' lang='lat' dir='ltr'><strong>ut</strong></span> <span class='ocrx_word' id='word_1_349' title='bbox 1558 4331 1610 4385; x_wconf 92' lang='lat' dir='ltr'><strong>in</strong></span> <span class='ocrx_word' id='word_1_350' title='bbox 1642 4331 1896 4402; x_wconf 86' lang='lat' dir='ltr'><strong>patiendo</strong></span> 
     </span>
    </p>
   </div>
   <div class='ocr_carea' id='block_1_51' title="bbox 317 4423 1893 4501">
    <p class='ocr_par' dir='ltr' id='par_1_51' title="bbox 317 4423 1893 4501">
     <span class='ocr_line' id='line_1_51' title="bbox 317 4423 1893 4501; baseline -0.005 -16"><span class='ocrx_word' id='word_1_351' title='bbox 317 4445 562 4501; x_wconf 86' lang='lat' dir='ltr'><strong>magnam</strong></span> <span class='ocrx_word' id='word_1_352' title='bbox 585 4442 861 4484; x_wconf 88' lang='lat' dir='ltr'><strong>servemus</strong></span> <span class='ocrx_word' id='word_1_353' title='bbox 887 4427 1329 4482; x_wconf 88' lang='lat' dir='ltr'><strong>moderationem.</strong></span> <span class='ocrx_word' id='word_1_354' title='bbox 1353 4423 1484 4480; x_wconf 86' lang='lat' dir='ltr'><strong>Cum</strong></span> <span class='ocrx_word' id='word_1_355' title='bbox 1510 4439 1640 4495; x_wconf 90' lang='lat' dir='ltr'><strong>ergo</strong></span> <span class='ocrx_word' id='word_1_356' title='bbox 1661 4424 1893 4494; x_wconf 89' lang='lat' dir='ltr'><strong>priorem</strong></span> 
     </span>
    </p>
   </div>
   <div class='ocr_carea' id='block_1_52' title="bbox 314 4513 1895 4592">
    <p class='ocr_par' dir='ltr' id='par_1_52' title="bbox 314 4513 1895 4592">
     <span class='ocr_line' id='line_1_52' title="bbox 314 4513 1895 4592; baseline -0.005 -16"><span class='ocrx_word' id='word_1_357' title='bbox 314 4522 485 4592; x_wconf 83' lang='lat' dir='ltr'><strong>legem</strong></span> <span class='ocrx_word' id='word_1_358' title='bbox 519 4520 857 4591; x_wconf 84' lang='lat' dir='ltr'><strong>protulisset,</strong></span> <span class='ocrx_word' id='word_1_359' title='bbox 891 4518 1142 4587; x_wconf 89' lang='lat' dir='ltr'><strong>illamque</strong></span> <span class='ocrx_word' id='word_1_360' title='bbox 1183 4525 1348 4570; x_wconf 90' lang='lat' dir='ltr'><strong>totam</strong></span> <span class='ocrx_word' id='word_1_361' title='bbox 1383 4515 1629 4586; x_wconf 75' lang='lat' dir='ltr'><strong>legisset,</strong></span> <span class='ocrx_word' id='word_1_362' title='bbox 1662 4513 1895 4568; x_wconf 86' lang='lat' dir='ltr'><strong>ostendit</strong></span> 
     </span>
    </p>
   </div>
   <div class='ocr_carea' id='block_1_53' title="bbox 315 4603 1894 4685">
    <p class='ocr_par' dir='ltr' id='par_1_53' title="bbox 315 4603 1894 4685">
     <span class='ocr_line' id='line_1_53' title="bbox 315 4603 1894 4685; baseline -0.005 -19"><span class='ocrx_word' id='word_1_363' title='bbox 315 4623 504 4685; x_wconf 84' lang='lat' dir='ltr'><strong>postea</strong></span> <span class='ocrx_word' id='word_1_364' title='bbox 549 4628 652 4666; x_wconf 90' lang='lat' dir='ltr'><strong>non</strong></span> <span class='ocrx_word' id='word_1_365' title='bbox 695 4611 914 4665; x_wconf 80' lang='lat' dir='ltr'><strong>fratrem</strong></span> <span class='ocrx_word' id='word_1_366' title='bbox 941 4624 1060 4663; x_wconf 89' lang='lat' dir='ltr'><strong>esse</strong></span> <span class='ocrx_word' id='word_1_367' title='bbox 1097 4608 1187 4678; x_wconf 92' lang='lat' dir='ltr'><strong>qui</strong></span> <span class='ocrx_word' id='word_1_368' title='bbox 1229 4607 1348 4661; x_wconf 89' lang='lat' dir='ltr'><strong>talia</strong></span> <span class='ocrx_word' id='word_1_369' title='bbox 1398 4606 1757 4676; x_wconf 89' lang='lat' dir='ltr'><strong>perpetravit,</strong></span> <span class='ocrx_word' id='word_1_370' title='bbox 1797 4603 1894 4659; x_wconf 88' lang='lat' dir='ltr'><strong>sed</strong></span> 
     </span>
    </p>
   </div>
   <div class='ocr_carea' id='block_1_54' title="bbox 318 4694 1893 4772">
    <p class='ocr_par' dir='ltr' id='par_1_54' title="bbox 318 4694 1893 4772">
     <span class='ocr_line' id='line_1_54' title="bbox 318 4694 1893 4772; baseline -0.006 -14"><span class='ocrx_word' id='word_1_371' title='bbox 318 4705 636 4772; x_wconf 88' lang='lat' dir='ltr'><strong>malignum,</strong></span> <span class='ocrx_word' id='word_1_372' title='bbox 664 4701 888 4770; x_wconf 88' lang='lat' dir='ltr'><strong>ideoque</strong></span> <span class='ocrx_word' id='word_1_373' title='bbox 914 4699 1184 4768; x_wconf 88' lang='lat' dir='ltr'><strong>subjunxit</strong></span> <span class='ocrx_word' id='word_1_374' title='bbox 1208 4715 1221 4752; x_wconf 93' lang='lat'>:</span> <span class='ocrx_word' id='word_1_375' title='bbox 1253 4697 1362 4766; x_wconf 83' lang='lat' dir='ltr'><strong>Ego</strong></span> <span class='ocrx_word' id='word_1_376' title='bbox 1383 4707 1552 4750; x_wconf 84' lang='lat' dir='ltr'><strong>autent</strong></span> <span class='ocrx_word' id='word_1_377' title='bbox 1580 4695 1692 4750; x_wconf 86' lang='lat' dir='ltr'><strong>dico</strong></span> <span class='ocrx_word' id='word_1_378' title='bbox 1721 4694 1856 4749; x_wconf 81' lang='lat' dir='ltr'><strong>vobis</strong></span> <span class='ocrx_word' id='word_1_379' title='bbox 1877 4736 1893 4759; x_wconf 95' lang='lat'><strong>,</strong></span> 
     </span>
    </p>
   </div>
   <div class='ocr_carea' id='block_1_55' title="bbox 317 4785 1892 4851">
    <p class='ocr_par' dir='ltr' id='par_1_55' title="bbox 317 4785 1892 4851">
     <span class='ocr_line' id='line_1_55' title="bbox 317 4785 1892 4851; baseline -0.006 -3"><span class='ocrx_word' id='word_1_380' title='bbox 317 4813 421 4849; x_wconf 88' lang='lat' dir='ltr'><strong>non</strong></span> <span class='ocrx_word' id='word_1_381' title='bbox 453 4795 682 4848; x_wconf 84' lang='lat' dir='ltr'><strong>resistere</strong></span> <span class='ocrx_word' id='word_1_382' title='bbox 719 4792 873 4845; x_wconf 77' lang='lat' dir='ltr'><strong>nialo.</strong></span> <span class='ocrx_word' id='word_1_383' title='bbox 914 4789 1031 4844; x_wconf 85' lang='lat' dir='ltr'><strong>Non</strong></span> <span class='ocrx_word' id='word_1_384' title='bbox 1076 4789 1242 4851; x_wconf 90' lang='lat' dir='ltr'><strong>dixit,</strong></span> <span class='ocrx_word' id='word_1_385' title='bbox 1275 4787 1388 4842; x_wconf 87' lang='lat' dir='ltr'><strong>Non</strong></span> <span class='ocrx_word' id='word_1_386' title='bbox 1421 4787 1673 4842; x_wconf 77' lang='lat' dir='ltr'><strong>resistere</strong></span> <span class='ocrx_word' id='word_1_387' title='bbox 1704 4785 1852 4840; x_wconf 81' lang='lat' dir='ltr'><strong>fratri</strong></span> <span class='ocrx_word' id='word_1_388' title='bbox 1879 4803 1892 4838; x_wconf 87' lang='lat'><strong>:</strong></span> 
     </span>
    </p>
   </div>
   <div class='ocr_carea' id='block_1_56' title="bbox 319 4875 1892 4954">
    <p class='ocr_par' dir='ltr' id='par_1_56' title="bbox 319 4875 1892 4954">
     <span class='ocr_line' id='line_1_56' title="bbox 319 4875 1892 4954; baseline -0.009 -12"><span class='ocrx_word' id='word_1_389' title='bbox 319 4887 438 4954; x_wconf 78' lang='lat' dir='ltr'><strong>sed,</strong></span> <span class='ocrx_word' id='word_1_390' title='bbox 471 4883 614 4938; x_wconf 73' lang='lat' dir='ltr'><strong>Malo</strong></span> <span class='ocrx_word' id='word_1_391' title='bbox 635 4925 651 4950; x_wconf 91' lang='lat'><strong>,</strong></span> <span class='ocrx_word' id='word_1_392' title='bbox 681 4881 971 4937; x_wconf 87' lang='lat' dir='ltr'><strong>ostendens</strong></span> <span class='ocrx_word' id='word_1_393' title='bbox 1000 4880 1090 4934; x_wconf 92' lang='lat' dir='ltr'><strong>illo</strong></span> <span class='ocrx_word' id='word_1_394' title='bbox 1115 4879 1400 4950; x_wconf 75' lang='lat' dir='ltr'><strong>instigante</strong></span> <span class='ocrx_word' id='word_1_395' title='bbox 1422 4878 1544 4932; x_wconf 86' lang='lat' dir='ltr'><strong>talia</strong></span> <span class='ocrx_word' id='word_1_396' title='bbox 1575 4875 1892 4946; x_wconf 89' lang='lat' dir='ltr'><strong>perpetrari,</strong></span> 
     </span>
    </p>
   </div>
   <div class='ocr_carea' id='block_1_57' title="bbox 319 4969 1895 5051">
    <p class='ocr_par' dir='ltr' id='par_1_57' title="bbox 319 4969 1895 5051">
     <span class='ocr_line' id='line_1_57' title="bbox 319 4969 1895 5051; baseline -0.01 -16"><span class='ocrx_word' id='word_1_397' title='bbox 319 4990 482 5051; x_wconf 87' lang='lat' dir='ltr'><strong>atque</strong></span> <span class='ocrx_word' id='word_1_398' title='bbox 504 4978 582 5034; x_wconf 89' lang='lat' dir='ltr'><strong>sic</strong></span> <span class='ocrx_word' id='word_1_399' title='bbox 611 4990 854 5046; x_wconf 85' lang='lat' dir='ltr'><strong>magnam</strong></span> <span class='ocrx_word' id='word_1_400' title='bbox 877 4975 980 5028; x_wconf 75' lang='lat' dir='ltr'><strong>irze-</strong></span> <span class='ocrx_word' id='word_1_401' title='bbox 1000 4981 1198 5042; x_wconf 83' lang='lat' dir='ltr'><strong>partem</strong></span> <span class='ocrx_word' id='word_1_402' title='bbox 1221 4971 1480 5026; x_wconf 88' lang='lat' dir='ltr'><strong>adversus</strong></span> <span class='ocrx_word' id='word_1_403' title='bbox 1498 4979 1618 5024; x_wconf 82' lang='lat' dir='ltr'><strong>eum</strong></span> <span class='ocrx_word' id='word_1_404' title='bbox 1644 4969 1732 5038; x_wconf 90' lang='lat' dir='ltr'><strong>qui</strong></span> <span class='ocrx_word' id='word_1_405' title='bbox 1760 4969 1895 5036; x_wconf 80' lang='lat' dir='ltr'><strong>inju-</strong></span> 
     </span>
    </p>
   </div>
   <div class='ocr_carea' id='block_1_58' title="bbox 319 5060 1894 5134">
    <p class='ocr_par' dir='ltr' id='par_1_58' title="bbox 319 5060 1894 5134">
     <span class='ocr_line' id='line_1_58' title="bbox 319 5060 1894 5134; baseline -0.012 -6"><span class='ocrx_word' id='word_1_406' title='bbox 319 5075 455 5128; x_wconf 88' lang='lat' dir='ltr'><strong>riam</strong></span> <span class='ocrx_word' id='word_1_407' title='bbox 504 5068 680 5125; x_wconf 88' lang='lat' dir='ltr'><strong>intulit</strong></span> <span class='ocrx_word' id='word_1_408' title='bbox 719 5074 1034 5134; x_wconf 80' lang='lat' dir='ltr'><strong>conceptam</strong></span> <span class='ocrx_word' id='word_1_409' title='bbox 1071 5061 1265 5117; x_wconf 88' lang='lat' dir='ltr'><strong>sedans</strong></span> <span class='ocrx_word' id='word_1_410' title='bbox 1311 5070 1366 5116; x_wconf 88' lang='lat' dir='ltr'><strong>et</strong></span> <span class='ocrx_word' id='word_1_411' title='bbox 1407 5060 1720 5124; x_wconf 89' lang='lat' dir='ltr'><strong>succidens,</strong></span> <span class='ocrx_word' id='word_1_412' title='bbox 1775 5074 1894 5111; x_wconf 90' lang='lat' dir='ltr'><strong>cum</strong></span> 
     </span>
    </p>
   </div>
   <div class='ocr_carea' id='block_1_59' title="bbox 320 5149 1895 5223">
    <p class='ocr_par' dir='ltr' id='par_1_59' title="bbox 320 5149 1895 5223">
     <span class='ocr_line' id='line_1_59' title="bbox 320 5149 1895 5223; baseline -0.014 0"><span class='ocrx_word' id='word_1_413' title='bbox 320 5180 539 5223; x_wconf 86' lang='lat' dir='ltr'><strong>causam</strong></span> <span class='ocrx_word' id='word_1_414' title='bbox 571 5163 624 5217; x_wconf 91' lang='lat' dir='ltr'><strong>in</strong></span> <span class='ocrx_word' id='word_1_415' title='bbox 653 5161 879 5216; x_wconf 89' lang='lat' dir='ltr'><strong>alterum</strong></span> <span class='ocrx_word' id='word_1_416' title='bbox 910 5153 1180 5210; x_wconf 80' lang='lat' dir='ltr'><strong>transfert.</strong></span> <span class='ocrx_word' id='word_1_417' title='bbox 1207 5153 1342 5220; x_wconf 84' lang='lat' dir='ltr'><strong>Quid</strong></span> <span class='ocrx_word' id='word_1_418' title='bbox 1368 5153 1564 5223; x_wconf 78' lang='lat' dir='ltr'><strong>igitur?</strong></span> <span class='ocrx_word' id='word_1_419' title='bbox 1591 5166 1767 5204; x_wconf 91' lang='lat' dir='ltr'><strong>annon</strong></span> <span class='ocrx_word' id='word_1_420' title='bbox 1798 5149 1895 5202; x_wconf 84' lang='lat' dir='ltr'><strong>de-</strong></span> 
     </span>
    </p>
   </div>
   <div class='ocr_carea' id='block_1_60' title="bbox 317 5241 1898 5323">
    <p class='ocr_par' dir='ltr' id='par_1_60' title="bbox 317 5241 1898 5323">
     <span class='ocr_line' id='line_1_60' title="bbox 317 5241 1898 5323; baseline -0.01 -11"><span class='ocrx_word' id='word_1_421' title='bbox 317 5260 541 5321; x_wconf 91' lang='lat' dir='ltr'><strong>bemus,</strong></span> <span class='ocrx_word' id='word_1_422' title='bbox 591 5252 828 5323; x_wconf 84' lang='lat' dir='ltr'><strong>inquies,</strong></span> <span class='ocrx_word' id='word_1_423' title='bbox 873 5247 1124 5304; x_wconf 81' lang='lat' dir='ltr'><strong>resiSIere</strong></span> <span class='ocrx_word' id='word_1_424' title='bbox 1161 5243 1334 5299; x_wconf 84' lang='lat' dir='ltr'><strong>malo?</strong></span> <span class='ocrx_word' id='word_1_425' title='bbox 1379 5243 1627 5306; x_wconf 86' lang='lat' dir='ltr'><strong>Dehetis,</strong></span> <span class='ocrx_word' id='word_1_426' title='bbox 1665 5241 1759 5296; x_wconf 89' lang='lat' dir='ltr'><strong>sed</strong></span> <span class='ocrx_word' id='word_1_427' title='bbox 1790 5257 1898 5296; x_wconf 90' lang='lat' dir='ltr'><strong>non</strong></span> 
     </span>
    </p>
   </div>
   <div class='ocr_carea' id='block_1_61' title="bbox 322 5333 1895 5411">
    <p class='ocr_par' dir='ltr' id='par_1_61' title="bbox 322 5333 1895 5411">
     <span class='ocr_line' id='line_1_61' title="bbox 322 5333 1895 5411; baseline -0.011 -5"><span class='ocrx_word' id='word_1_428' title='bbox 322 5353 426 5406; x_wconf 91' lang='lat' dir='ltr'><strong>hoc</strong></span> <span class='ocrx_word' id='word_1_429' title='bbox 454 5349 613 5404; x_wconf 91' lang='lat' dir='ltr'><strong>modo</strong></span> <span class='ocrx_word' id='word_1_430' title='bbox 638 5365 653 5405; x_wconf 87' lang='lat'><strong>:</strong></span> <span class='ocrx_word' id='word_1_431' title='bbox 676 5359 858 5400; x_wconf 89' lang='lat' dir='ltr'><strong>verum</strong></span> <span class='ocrx_word' id='word_1_432' title='bbox 883 5351 943 5397; x_wconf 92' lang='lat' dir='ltr'><strong>ut</strong></span> <span class='ocrx_word' id='word_1_433' title='bbox 963 5343 1076 5411; x_wconf 91' lang='lat' dir='ltr'><strong>ipse</strong></span> <span class='ocrx_word' id='word_1_434' title='bbox 1107 5337 1356 5408; x_wconf 69' lang='lat' dir='ltr'><strong>praecepit</strong></span> <span class='ocrx_word' id='word_1_435' title='bbox 1381 5354 1394 5390; x_wconf 89' lang='lat'><strong>:</strong></span> <span class='ocrx_word' id='word_1_436' title='bbox 1421 5345 1480 5390; x_wconf 93' lang='lat' dir='ltr'><strong>ut</strong></span> <span class='ocrx_word' id='word_1_437' title='bbox 1501 5333 1706 5390; x_wconf 89' lang='lat' dir='ltr'><strong>scilicet</strong></span> <span class='ocrx_word' id='word_1_438' title='bbox 1729 5335 1895 5404; x_wconf 89' lang='lat' dir='ltr'><strong>parati</strong></span> 
     </span>
    </p>
   </div>
   <div class='ocr_carea' id='block_1_62' title="bbox 322 5429 1902 5508">
    <p class='ocr_par' dir='ltr' id='par_1_62' title="bbox 322 5429 1902 5508">
     <span class='ocr_line' id='line_1_62' title="bbox 322 5429 1902 5508; baseline -0.011 -9"><span class='ocrx_word' id='word_1_439' title='bbox 322 5445 491 5499; x_wconf 91' lang='lat' dir='ltr'><strong>simus</strong></span> <span class='ocrx_word' id='word_1_440' title='bbox 518 5441 586 5496; x_wconf 89' lang='lat' dir='ltr'><strong>ad</strong></span> <span class='ocrx_word' id='word_1_441' title='bbox 628 5436 960 5508; x_wconf 89' lang='lat' dir='ltr'><strong>recipiendas</strong></span> <span class='ocrx_word' id='word_1_442' title='bbox 990 5433 1240 5504; x_wconf 87' lang='lat' dir='ltr'><strong>injurias;</strong></span> <span class='ocrx_word' id='word_1_443' title='bbox 1265 5431 1344 5485; x_wconf 90' lang='lat' dir='ltr'><strong>sic</strong></span> <span class='ocrx_word' id='word_1_444' title='bbox 1378 5430 1521 5485; x_wconf 90' lang='lat' dir='ltr'><strong>enim</strong></span> <span class='ocrx_word' id='word_1_445' title='bbox 1553 5429 1700 5482; x_wconf 91' lang='lat' dir='ltr'><strong>illum</strong></span> <span class='ocrx_word' id='word_1_446' title='bbox 1744 5444 1902 5498; x_wconf 86' lang='lat' dir='ltr'><strong>supe-</strong></span> 
     </span>
    </p>
   </div>
   <div class='ocr_carea' id='block_1_63' title="bbox 321 5520 1898 5603">
    <p class='ocr_par' dir='ltr' id='par_1_63' title="bbox 321 5520 1898 5603">
     <span class='ocr_line' id='line_1_63' title="bbox 321 5520 1898 5603; baseline -0.012 -11"><span class='ocrx_word' id='word_1_447' title='bbox 321 5536 486 5592; x_wconf 86' lang='lat' dir='ltr'><strong>rabis.</strong></span> <span class='ocrx_word' id='word_1_448' title='bbox 510 5533 696 5603; x_wconf 83' lang='lat' dir='ltr'><strong>Neque</strong></span> <span class='ocrx_word' id='word_1_449' title='bbox 734 5531 876 5586; x_wconf 90' lang='lat' dir='ltr'><strong>enim</strong></span> <span class='ocrx_word' id='word_1_450' title='bbox 906 5531 1026 5600; x_wconf 90' lang='lat' dir='ltr'><strong>igne</strong></span> <span class='ocrx_word' id='word_1_451' title='bbox 1051 5526 1187 5596; x_wconf 84' lang='lat' dir='ltr'><strong>ignis</strong></span> <span class='ocrx_word' id='word_1_452' title='bbox 1221 5523 1596 5592; x_wconf 76' lang='lat' dir='ltr'><strong>exstinguitur,</strong></span> <span class='ocrx_word' id='word_1_453' title='bbox 1622 5520 1713 5576; x_wconf 88' lang='lat' dir='ltr'><strong>sed</strong></span> <span class='ocrx_word' id='word_1_454' title='bbox 1741 5537 1898 5591; x_wconf 89' lang='lat' dir='ltr'><strong>aqua.</strong></span> 
     </span>
    </p>
   </div>
   <div class='ocr_carea' id='block_1_64' title="bbox 325 5613 1904 5686">
    <p class='ocr_par' dir='ltr' id='par_1_64' title="bbox 325 5613 1904 5686">
     <span class='ocr_line' id='line_1_64' title="bbox 325 5613 1904 5686; baseline -0.011 -2"><span class='ocrx_word' id='word_1_455' title='bbox 325 5629 393 5684; x_wconf 78' lang='lat' dir='ltr'><strong>Ut</strong></span> <span class='ocrx_word' id='word_1_456' title='bbox 416 5635 592 5682; x_wconf 86' lang='lat' dir='ltr'><strong>autem</strong></span> <span class='ocrx_word' id='word_1_457' title='bbox 615 5625 809 5685; x_wconf 81' lang='lat' dir='ltr'><strong>discas,</strong></span> <span class='ocrx_word' id='word_1_458' title='bbox 835 5622 992 5676; x_wconf 90' lang='lat' dir='ltr'><strong>etiam</strong></span> <span class='ocrx_word' id='word_1_459' title='bbox 1025 5620 1076 5673; x_wconf 93' lang='lat' dir='ltr'><strong>in</strong></span> <span class='ocrx_word' id='word_1_460' title='bbox 1107 5617 1271 5674; x_wconf 79' lang='lat' dir='ltr'><strong>veteri</strong></span> <span class='ocrx_word' id='word_1_461' title='bbox 1298 5619 1413 5686; x_wconf 88' lang='lat' dir='ltr'><strong>lege</strong></span> <span class='ocrx_word' id='word_1_462' title='bbox 1430 5629 1552 5670; x_wconf 86' lang='lat' dir='ltr'><strong>eum</strong></span> <span class='ocrx_word' id='word_1_463' title='bbox 1579 5613 1666 5683; x_wconf 89' lang='lat' dir='ltr'><strong>qui</strong></span> <span class='ocrx_word' id='word_1_464' title='bbox 1695 5622 1904 5682; x_wconf 84' lang='lat' dir='ltr'><strong>patere-</strong></span> 
     </span>
    </p>
   </div>
   <div class='ocr_carea' id='block_1_65' title="bbox 321 5705 1902 5786">
    <p class='ocr_par' dir='ltr' id='par_1_65' title="bbox 321 5705 1902 5786">
     <span class='ocr_line' id='line_1_65' title="bbox 321 5705 1902 5786; baseline -0.011 -9"><span class='ocrx_word' id='word_1_465' title='bbox 321 5731 407 5786; x_wconf 86' lang='lat' dir='ltr'><strong>tur</strong></span> <span class='ocrx_word' id='word_1_466' title='bbox 459 5718 685 5782; x_wconf 82' lang='lat' dir='ltr'><strong>vicisse,</strong></span> <span class='ocrx_word' id='word_1_467' title='bbox 713 5722 1130 5780; x_wconf 88' lang='lat' dir='ltr'><strong>coronatumque</strong></span> <span class='ocrx_word' id='word_1_468' title='bbox 1172 5709 1365 5775; x_wconf 83' lang='lat' dir='ltr'><strong>fuisse,</strong></span> <span class='ocrx_word' id='word_1_469' title='bbox 1411 5706 1460 5762; x_wconf 91' lang='lat' dir='ltr'><strong>id</strong></span> <span class='ocrx_word' id='word_1_470' title='bbox 1501 5705 1781 5776; x_wconf 83' lang='lat' dir='ltr'><strong>diligenter</strong></span> <span class='ocrx_word' id='word_1_471' title='bbox 1805 5719 1902 5759; x_wconf 90' lang='lat' dir='ltr'><strong>ex-</strong></span> 
     </span>
    </p>
   </div>
   <div class='ocr_carea' id='block_1_66' title="bbox 2020 936 3608 1009">
    <p class='ocr_par' dir='ltr' id='par_1_66' title="bbox 2020 936 3608 1009">
     <span class='ocr_line' id='line_1_66' title="bbox 2020 936 3608 1009; baseline -0.001 -17"><span class='ocrx_word' id='word_1_472' title='bbox 2020 940 2167 1009; x_wconf 88' lang='lat' dir='ltr'><strong>plora</strong></span> <span class='ocrx_word' id='word_1_473' title='bbox 2185 981 2200 1003; x_wconf 91' lang='lat'><strong>,</strong></span> <span class='ocrx_word' id='word_1_474' title='bbox 2229 949 2282 992; x_wconf 79' lang='lat' dir='ltr'><strong>et</strong></span> <span class='ocrx_word' id='word_1_475' title='bbox 2309 939 2514 992; x_wconf 81' lang='lat' dir='ltr'><strong>videbis</strong></span> <span class='ocrx_word' id='word_1_476' title='bbox 2539 954 2657 992; x_wconf 90' lang='lat' dir='ltr'><strong>enm</strong></span> <span class='ocrx_word' id='word_1_477' title='bbox 2693 939 2848 1006; x_wconf 81' lang='lat' dir='ltr'><strong>longe</strong></span> <span class='ocrx_word' id='word_1_478' title='bbox 2875 936 3148 992; x_wconf 76' lang='lat' dir='ltr'><strong>anteferri.</strong></span> <span class='ocrx_word' id='word_1_479' title='bbox 3179 937 3311 991; x_wconf 77' lang='lat' dir='ltr'><strong>Nam</strong></span> <span class='ocrx_word' id='word_1_480' title='bbox 3337 938 3426 1006; x_wconf 92' lang='lat' dir='ltr'><strong>qui</strong></span> <span class='ocrx_word' id='word_1_481' title='bbox 3461 938 3608 1007; x_wconf 71' lang='lat' dir='ltr'><strong>pric-r</strong></span> 
     </span>
    </p>
   </div>
   <div class='ocr_carea' id='block_1_67' title="bbox 2016 1016 3602 1102">
    <p class='ocr_par' dir='ltr' id='par_1_67' title="bbox 2016 1016 3602 1102">
     <span class='ocr_line' id='line_1_67' title="bbox 2016 1016 3602 1102; baseline 0.001 -18"><span class='ocrx_word' id='word_1_482' title='bbox 2016 1016 2206 1086; x_wconf 89' lang='lat' dir='ltr'><strong>manus</strong></span> <span class='ocrx_word' id='word_1_483' title='bbox 2248 1033 2458 1102; x_wconf 88' lang='lat' dir='ltr'><strong>iniquas</strong></span> <span class='ocrx_word' id='word_1_484' title='bbox 2497 1032 2712 1097; x_wconf 92' lang='lat' dir='ltr'><strong>intulit,</strong></span> <span class='ocrx_word' id='word_1_485' title='bbox 2759 1031 2892 1085; x_wconf 84' lang='lat' dir='ltr'><strong>duos</strong></span> <span class='ocrx_word' id='word_1_486' title='bbox 2921 1031 3035 1100; x_wconf 91' lang='lat' dir='ltr'><strong>ipse</strong></span> <span class='ocrx_word' id='word_1_487' title='bbox 3063 1031 3248 1085; x_wconf 90' lang='lat' dir='ltr'><strong>oculos</strong></span> <span class='ocrx_word' id='word_1_488' title='bbox 3274 1031 3481 1086; x_wconf 85' lang='lat' dir='ltr'><strong>eruisse</strong></span> <span class='ocrx_word' id='word_1_489' title='bbox 3505 1031 3602 1085; x_wconf 87' lang='lat' dir='ltr'><strong>de-</strong></span> 
     </span>
    </p>
   </div>
   <div class='ocr_carea' id='block_1_68' title="bbox 2019 1121 3604 1192">
    <p class='ocr_par' dir='ltr' id='par_1_68' title="bbox 2019 1121 3604 1192">
     <span class='ocr_line' id='line_1_68' title="bbox 2019 1121 3604 1192; baseline 0 -18"><span class='ocrx_word' id='word_1_490' title='bbox 2019 1122 2391 1191; x_wconf 87' lang='lat' dir='ltr'><strong>prehenditur,</strong></span> <span class='ocrx_word' id='word_1_491' title='bbox 2419 1132 2472 1176; x_wconf 90' lang='lat' dir='ltr'><strong>et</strong></span> <span class='ocrx_word' id='word_1_492' title='bbox 2497 1122 2722 1192; x_wconf 74' lang='lat' dir='ltr'><strong>proximi</strong></span> <span class='ocrx_word' id='word_1_493' title='bbox 2750 1122 2831 1176; x_wconf 90' lang='lat' dir='ltr'><strong>sui</strong></span> <span class='ocrx_word' id='word_1_494' title='bbox 2859 1132 2913 1176; x_wconf 83' lang='lat' dir='ltr'><strong>et</strong></span> <span class='ocrx_word' id='word_1_495' title='bbox 2936 1139 3111 1176; x_wconf 86' lang='lat' dir='ltr'><strong>suum.</strong></span> <span class='ocrx_word' id='word_1_496' title='bbox 3143 1121 3373 1191; x_wconf 89' lang='lat' dir='ltr'><strong>Ideoque</strong></span> <span class='ocrx_word' id='word_1_497' title='bbox 3390 1122 3514 1191; x_wconf 88' lang='lat' dir='ltr'><strong>jure</strong></span> <span class='ocrx_word' id='word_1_498' title='bbox 3535 1123 3604 1176; x_wconf 89' lang='lat' dir='ltr'><strong>ah</strong></span> 
     </span>
    </p>
   </div>
   <div class='ocr_carea' id='block_1_69' title="bbox 2012 1215 3602 1282">
    <p class='ocr_par' dir='ltr' id='par_1_69' title="bbox 2012 1215 3602 1282">
     <span class='ocr_line' id='line_1_69' title="bbox 2012 1215 3602 1282; baseline 0.001 -15"><span class='ocrx_word' id='word_1_499' title='bbox 2012 1216 2262 1270; x_wconf 88' lang='lat' dir='ltr'><strong>omnibus</strong></span> <span class='ocrx_word' id='word_1_500' title='bbox 2302 1215 2427 1270; x_wconf 90' lang='lat' dir='ltr'><strong>odio</strong></span> <span class='ocrx_word' id='word_1_501' title='bbox 2464 1215 2712 1282; x_wconf 88' lang='lat' dir='ltr'><strong>habetur,</strong></span> <span class='ocrx_word' id='word_1_502' title='bbox 2743 1229 2798 1270; x_wconf 91' lang='lat' dir='ltr'><strong>et</strong></span> <span class='ocrx_word' id='word_1_503' title='bbox 2824 1217 2968 1270; x_wconf 89' lang='lat' dir='ltr'><strong>mille</strong></span> <span class='ocrx_word' id='word_1_504' title='bbox 2993 1215 3459 1270; x_wconf 87' lang='lat' dir='ltr'><strong>criminationibus</strong></span> <span class='ocrx_word' id='word_1_505' title='bbox 3497 1216 3602 1270; x_wconf 85' lang='lat' dir='ltr'><strong>im-</strong></span> 
     </span>
    </p>
   </div>
   <div class='ocr_carea' id='block_1_70' title="bbox 2015 1306 3600 1377">
    <p class='ocr_par' dir='ltr' id='par_1_70' title="bbox 2015 1306 3600 1377">
     <span class='ocr_line' id='line_1_70' title="bbox 2015 1306 3600 1377; baseline 0 -17"><span class='ocrx_word' id='word_1_506' title='bbox 2015 1307 2234 1375; x_wconf 88' lang='lat' dir='ltr'><strong>petitur.</strong></span> <span class='ocrx_word' id='word_1_507' title='bbox 2264 1306 2366 1373; x_wconf 88' lang='lat' dir='ltr'><strong>Qui</strong></span> <span class='ocrx_word' id='word_1_508' title='bbox 2389 1321 2518 1361; x_wconf 80' lang='lat' dir='ltr'><strong>vero</strong></span> <span class='ocrx_word' id='word_1_509' title='bbox 2547 1307 2706 1362; x_wconf 66' lang='lat' dir='ltr'><strong>laesus</strong></span> <span class='ocrx_word' id='word_1_510' title='bbox 2747 1317 2863 1373; x_wconf 87' lang='lat' dir='ltr'><strong>est,</strong></span> <span class='ocrx_word' id='word_1_511' title='bbox 2912 1316 3264 1376; x_wconf 66' lang='lat' dir='ltr'><strong>praeterquam</strong></span> <span class='ocrx_word' id='word_1_512' title='bbox 3299 1306 3440 1376; x_wconf 89' lang='lat' dir='ltr'><strong>quod</strong></span> <span class='ocrx_word' id='word_1_513' title='bbox 3482 1306 3600 1377; x_wconf 89' lang='lat' dir='ltr'><strong>pari</strong></span> 
     </span>
    </p>
   </div>
   <div class='ocr_carea' id='block_1_71' title="bbox 2015 1397 3601 1468">
    <p class='ocr_par' dir='ltr' id='par_1_71' title="bbox 2015 1397 3601 1468">
     <span class='ocr_line' id='line_1_71' title="bbox 2015 1397 3601 1468; baseline 0.001 -20"><span class='ocrx_word' id='word_1_514' title='bbox 2015 1411 2172 1465; x_wconf 69' lang='lat' dir='ltr'><strong>plena</strong></span> <span class='ocrx_word' id='word_1_515' title='bbox 2205 1398 2527 1463; x_wconf 89' lang='lat' dir='ltr'><strong>vindicatur,</strong></span> <span class='ocrx_word' id='word_1_516' title='bbox 2579 1397 2712 1451; x_wconf 89' lang='lat' dir='ltr'><strong>nihil</strong></span> <span class='ocrx_word' id='word_1_517' title='bbox 2751 1397 2878 1451; x_wconf 87' lang='lat' dir='ltr'><strong>mali</strong></span> <span class='ocrx_word' id='word_1_518' title='bbox 2914 1397 3110 1452; x_wconf 91' lang='lat' dir='ltr'><strong>intulit.</strong></span> <span class='ocrx_word' id='word_1_519' title='bbox 3143 1397 3374 1468; x_wconf 87' lang='lat' dir='ltr'><strong>Ideoque</strong></span> <span class='ocrx_word' id='word_1_520' title='bbox 3399 1399 3601 1452; x_wconf 85' lang='lat' dir='ltr'><strong>multos</strong></span> 
     </span>
    </p>
   </div>
   <div class='ocr_carea' id='block_1_72' title="bbox 2014 1485 3590 1558">
    <p class='ocr_par' dir='ltr' id='par_1_72' title="bbox 2014 1485 3590 1558">
     <span class='ocr_line' id='line_1_72' title="bbox 2014 1485 3590 1558; baseline 0.003 -18"><span class='ocrx_word' id='word_1_521' title='bbox 2014 1485 2176 1540; x_wconf 88' lang='lat' dir='ltr'><strong>habet</strong></span> <span class='ocrx_word' id='word_1_522' title='bbox 2219 1502 2312 1540; x_wconf 90' lang='lat' dir='ltr'><strong>seu</strong></span> <span class='ocrx_word' id='word_1_523' title='bbox 2355 1488 2826 1542; x_wconf 86' lang='lat' dir='ltr'><strong>commiseratione</strong></span> <span class='ocrx_word' id='word_1_524' title='bbox 2869 1488 3136 1555; x_wconf 86' lang='lat' dir='ltr'><strong>dolentes,</strong></span> <span class='ocrx_word' id='word_1_525' title='bbox 3168 1497 3350 1558; x_wconf 88' lang='lat' dir='ltr'><strong>utpote</strong></span> <span class='ocrx_word' id='word_1_526' title='bbox 3383 1506 3549 1558; x_wconf 90' lang='lat' dir='ltr'><strong>purus</strong></span> <span class='ocrx_word' id='word_1_527' title='bbox 3575 1532 3590 1555; x_wconf 95' lang='lat'><strong>,</strong></span> 
     </span>
    </p>
   </div>
   <div class='ocr_carea' id='block_1_73' title="bbox 2011 1578 3594 1650">
    <p class='ocr_par' dir='ltr' id='par_1_73' title="bbox 2011 1578 3594 1650">
     <span class='ocr_line' id='line_1_73' title="bbox 2011 1578 3594 1650; baseline 0.003 -19"><span class='ocrx_word' id='word_1_528' title='bbox 2011 1578 2221 1632; x_wconf 87' lang='lat' dir='ltr'><strong>etiamsi</strong></span> <span class='ocrx_word' id='word_1_529' title='bbox 2261 1579 2392 1632; x_wconf 91' lang='lat' dir='ltr'><strong>ultio</strong></span> <span class='ocrx_word' id='word_1_530' title='bbox 2425 1578 2560 1634; x_wconf 80' lang='lat' dir='ltr'><strong>facta</strong></span> <span class='ocrx_word' id='word_1_531' title='bbox 2597 1580 2775 1634; x_wconf 81' lang='lat' dir='ltr'><strong>fuerit.</strong></span> <span class='ocrx_word' id='word_1_532' title='bbox 2819 1579 3108 1634; x_wconf 84' lang='lat' dir='ltr'><strong>Calamitas</strong></span> <span class='ocrx_word' id='word_1_533' title='bbox 3140 1597 3233 1650; x_wconf 88' lang='lat' dir='ltr'><strong>par</strong></span> <span class='ocrx_word' id='word_1_534' title='bbox 3253 1591 3333 1636; x_wconf 87' lang='lat' dir='ltr'><strong>est</strong></span> <span class='ocrx_word' id='word_1_535' title='bbox 3356 1582 3408 1635; x_wconf 92' lang='lat' dir='ltr'><strong>in</strong></span> <span class='ocrx_word' id='word_1_536' title='bbox 3432 1582 3594 1636; x_wconf 87' lang='lat' dir='ltr'><strong>utris-</strong></span> 
     </span>
    </p>
   </div>
   <div class='ocr_carea' id='block_1_74' title="bbox 2011 1667 3594 1740">
    <p class='ocr_par' dir='ltr' id='par_1_74' title="bbox 2011 1667 3594 1740">
     <span class='ocr_line' id='line_1_74' title="bbox 2011 1667 3594 1740; baseline 0.004 -20"><span class='ocrx_word' id='word_1_537' title='bbox 2011 1684 2116 1736; x_wconf 91' lang='lat' dir='ltr'><strong>que</strong></span> <span class='ocrx_word' id='word_1_538' title='bbox 2140 1709 2153 1730; x_wconf 96' lang='lat'><strong>,</strong></span> <span class='ocrx_word' id='word_1_539' title='bbox 2206 1667 2374 1738; x_wconf 81' lang='lat' dir='ltr'><strong>gloria</strong></span> <span class='ocrx_word' id='word_1_540' title='bbox 2413 1684 2543 1723; x_wconf 91' lang='lat' dir='ltr'><strong>vero</strong></span> <span class='ocrx_word' id='word_1_541' title='bbox 2586 1685 2690 1723; x_wconf 92' lang='lat' dir='ltr'><strong>non</strong></span> <span class='ocrx_word' id='word_1_542' title='bbox 2738 1686 2831 1740; x_wconf 88' lang='lat' dir='ltr'><strong>par</strong></span> <span class='ocrx_word' id='word_1_543' title='bbox 2869 1670 3008 1738; x_wconf 90' lang='lat' dir='ltr'><strong>apud</strong></span> <span class='ocrx_word' id='word_1_544' title='bbox 3054 1669 3217 1724; x_wconf 89' lang='lat' dir='ltr'><strong>Deum</strong></span> <span class='ocrx_word' id='word_1_545' title='bbox 3249 1680 3300 1724; x_wconf 88' lang='lat' dir='ltr'><strong>et</strong></span> <span class='ocrx_word' id='word_1_546' title='bbox 3328 1671 3594 1726; x_wconf 85' lang='lat' dir='ltr'><strong>homines.</strong></span> 
     </span>
    </p>
   </div>
   <div class='ocr_carea' id='block_1_75' title="bbox 2008 1762 3593 1833">
    <p class='ocr_par' dir='ltr' id='par_1_75' title="bbox 2008 1762 3593 1833">
     <span class='ocr_line' id='line_1_75' title="bbox 2008 1762 3593 1833; baseline 0.003 -21"><span class='ocrx_word' id='word_1_547' title='bbox 2008 1762 2346 1831; x_wconf 83' lang='lat' dir='ltr'><strong>Quapmpter</strong></span> <span class='ocrx_word' id='word_1_548' title='bbox 2384 1777 2559 1831; x_wconf 88' lang='lat' dir='ltr'><strong>neque</strong></span> <span class='ocrx_word' id='word_1_549' title='bbox 2593 1762 2872 1817; x_wconf 87' lang='lat' dir='ltr'><strong>calamitas</strong></span> <span class='ocrx_word' id='word_1_550' title='bbox 2899 1763 3150 1833; x_wconf 89' lang='lat' dir='ltr'><strong>deinceps</strong></span> <span class='ocrx_word' id='word_1_551' title='bbox 3180 1778 3276 1832; x_wconf 90' lang='lat' dir='ltr'><strong>par</strong></span> <span class='ocrx_word' id='word_1_552' title='bbox 3302 1771 3403 1818; x_wconf 86' lang='lat' dir='ltr'><strong>est.</strong></span> <span class='ocrx_word' id='word_1_553' title='bbox 3437 1764 3593 1818; x_wconf 85' lang='lat' dir='ltr'><strong>Prin-</strong></span> 
     </span>
    </p>
   </div>
   <div class='ocr_carea' id='block_1_76' title="bbox 2007 1853 3593 1926">
    <p class='ocr_par' dir='ltr' id='par_1_76' title="bbox 2007 1853 3593 1926">
     <span class='ocr_line' id='line_1_76' title="bbox 2007 1853 3593 1926; baseline 0.003 -21"><span class='ocrx_word' id='word_1_554' title='bbox 2007 1854 2147 1922; x_wconf 86' lang='lat' dir='ltr'><strong>cipio</strong></span> <span class='ocrx_word' id='word_1_555' title='bbox 2189 1854 2368 1922; x_wconf 88' lang='lat' dir='ltr'><strong>itaque</strong></span> <span class='ocrx_word' id='word_1_556' title='bbox 2395 1853 2562 1918; x_wconf 89' lang='lat' dir='ltr'><strong>dixit,</strong></span> <span class='ocrx_word' id='word_1_557' title='bbox 2596 1855 2695 1921; x_wconf 86' lang='lat' dir='ltr'><strong>Qui</strong></span> <span class='ocrx_word' id='word_1_558' title='bbox 2721 1855 2956 1908; x_wconf 86' lang='lat' dir='ltr'><strong>irascitur</strong></span> <span class='ocrx_word' id='word_1_559' title='bbox 2979 1856 3129 1926; x_wconf 77' lang='lat' dir='ltr'><strong>fratri</strong></span> <span class='ocrx_word' id='word_1_560' title='bbox 3155 1872 3248 1910; x_wconf 87' lang='lat' dir='ltr'><strong>suo</strong></span> <span class='ocrx_word' id='word_1_561' title='bbox 3277 1857 3386 1910; x_wconf 88' lang='lat' dir='ltr'><strong>sine</strong></span> <span class='ocrx_word' id='word_1_562' title='bbox 3407 1873 3593 1924; x_wconf 88' lang='lat' dir='ltr'><strong>causa,</strong></span> 
     </span>
    </p>
   </div>
   <div class='ocr_carea' id='block_1_77' title="bbox 2005 1946 3591 2020">
    <p class='ocr_par' dir='ltr' id='par_1_77' title="bbox 2005 1946 3591 2020">
     <span class='ocr_line' id='line_1_77' title="bbox 2005 1946 3591 2020; baseline 0.004 -22"><span class='ocrx_word' id='word_1_563' title='bbox 2005 1956 2053 1998; x_wconf 88' lang='lat' dir='ltr'><strong>et</strong></span> <span class='ocrx_word' id='word_1_564' title='bbox 2071 1946 2160 2015; x_wconf 86' lang='lat' dir='ltr'><strong>qui</strong></span> <span class='ocrx_word' id='word_1_565' title='bbox 2182 1946 2328 1999; x_wconf 85' lang='lat' dir='ltr'><strong>illum</strong></span> <span class='ocrx_word' id='word_1_566' title='bbox 2353 1947 2554 2015; x_wconf 81' lang='lat' dir='ltr'><strong>fatuum</strong></span> <span class='ocrx_word' id='word_1_567' title='bbox 2585 1948 2836 2018; x_wconf 83' lang='lat' dir='ltr'><strong>appellat,</strong></span> <span class='ocrx_word' id='word_1_568' title='bbox 2877 1964 2993 2003; x_wconf 86' lang='lat' dir='ltr'><strong>reus</strong></span> <span class='ocrx_word' id='word_1_569' title='bbox 3035 1948 3130 2002; x_wconf 87' lang='lat' dir='ltr'><strong>erit</strong></span> <span class='ocrx_word' id='word_1_570' title='bbox 3161 1949 3404 2019; x_wconf 75' lang='lat' dir='ltr'><strong>gehennte</strong></span> <span class='ocrx_word' id='word_1_571' title='bbox 3427 1951 3591 2020; x_wconf 85' lang='lat' dir='ltr'><strong>ignis,</strong></span> 
     </span>
    </p>
   </div>
   <div class='ocr_carea' id='block_1_78' title="bbox 2005 2038 3591 2112">
    <p class='ocr_par' dir='ltr' id='par_1_78' title="bbox 2005 2038 3591 2112">
     <span class='ocr_line' id='line_1_78' title="bbox 2005 2038 3591 2112; baseline 0.003 -20"><span class='ocrx_word' id='word_1_572' title='bbox 2005 2038 2094 2094; x_wconf 88' lang='lat' dir='ltr'><strong>hic</strong></span> <span class='ocrx_word' id='word_1_573' title='bbox 2119 2054 2249 2094; x_wconf 90' lang='lat' dir='ltr'><strong>vero</strong></span> <span class='ocrx_word' id='word_1_574' title='bbox 2276 2039 2534 2109; x_wconf 87' lang='lat' dir='ltr'><strong>majorem</strong></span> <span class='ocrx_word' id='word_1_575' title='bbox 2561 2041 2724 2095; x_wconf 90' lang='lat' dir='ltr'><strong>etiam</strong></span> <span class='ocrx_word' id='word_1_576' title='bbox 2765 2042 2991 2112; x_wconf 88' lang='lat' dir='ltr'><strong>requirit</strong></span> <span class='ocrx_word' id='word_1_577' title='bbox 3017 2040 3448 2111; x_wconf 89' lang='lat' dir='ltr'><strong>philosophiam,</strong></span> <span class='ocrx_word' id='word_1_578' title='bbox 3485 2059 3591 2098; x_wconf 92' lang='lat' dir='ltr'><strong>non</strong></span> 
     </span>
    </p>
   </div>
   <div class='ocr_carea' id='block_1_79' title="bbox 2008 2131 3592 2204">
    <p class='ocr_par' dir='ltr' id='par_1_79' title="bbox 2008 2131 3592 2204">
     <span class='ocr_line' id='line_1_79' title="bbox 2008 2131 3592 2204; baseline 0.002 -18"><span class='ocrx_word' id='word_1_579' title='bbox 2008 2131 2169 2187; x_wconf 90' lang='lat' dir='ltr'><strong>modo</strong></span> <span class='ocrx_word' id='word_1_580' title='bbox 2194 2132 2473 2202; x_wconf 83' lang='lat' dir='ltr'><strong>quiescere</strong></span> <span class='ocrx_word' id='word_1_581' title='bbox 2499 2132 2694 2201; x_wconf 88' lang='lat' dir='ltr'><strong>jubens</strong></span> <span class='ocrx_word' id='word_1_582' title='bbox 2719 2147 2846 2187; x_wconf 88' lang='lat' dir='ltr'><strong>eum</strong></span> <span class='ocrx_word' id='word_1_583' title='bbox 2878 2133 2968 2204; x_wconf 88' lang='lat' dir='ltr'><strong>qui</strong></span> <span class='ocrx_word' id='word_1_584' title='bbox 2999 2133 3123 2187; x_wconf 83' lang='lat' dir='ltr'><strong>talia</strong></span> <span class='ocrx_word' id='word_1_585' title='bbox 3156 2148 3344 2202; x_wconf 82' lang='lat' dir='ltr'><strong>passus</strong></span> <span class='ocrx_word' id='word_1_586' title='bbox 3369 2135 3466 2196; x_wconf 89' lang='lat' dir='ltr'><strong>sit,</strong></span> <span class='ocrx_word' id='word_1_587' title='bbox 3498 2135 3592 2189; x_wconf 89' lang='lat' dir='ltr'><strong>sed</strong></span> 
     </span>
    </p>
   </div>
   <div class='ocr_carea' id='block_1_80' title="bbox 2003 2223 3589 2294">
    <p class='ocr_par' dir='ltr' id='par_1_80' title="bbox 2003 2223 3589 2294">
     <span class='ocr_line' id='line_1_80' title="bbox 2003 2223 3589 2294; baseline 0.002 -16"><span class='ocrx_word' id='word_1_588' title='bbox 2003 2224 2165 2278; x_wconf 88' lang='lat' dir='ltr'><strong>etiam</strong></span> <span class='ocrx_word' id='word_1_589' title='bbox 2192 2239 2310 2278; x_wconf 90' lang='lat' dir='ltr'><strong>cum</strong></span> <span class='ocrx_word' id='word_1_590' title='bbox 2342 2223 2580 2279; x_wconf 77' lang='lat' dir='ltr'><strong>czedente</strong></span> <span class='ocrx_word' id='word_1_591' title='bbox 2619 2225 2797 2279; x_wconf 90' lang='lat' dir='ltr'><strong>ollicio</strong></span> <span class='ocrx_word' id='word_1_592' title='bbox 2835 2234 3077 2291; x_wconf 84' lang='lat' dir='ltr'><strong>certare,</strong></span> <span class='ocrx_word' id='word_1_593' title='bbox 3126 2226 3332 2294; x_wconf 87' lang='lat' dir='ltr'><strong>ipsique</strong></span> <span class='ocrx_word' id='word_1_594' title='bbox 3365 2227 3589 2281; x_wconf 88' lang='lat' dir='ltr'><strong>alteram</strong></span> 
     </span>
    </p>
   </div>
   <div class='ocr_carea' id='block_1_81' title="bbox 2009 2317 3593 2386">
    <p class='ocr_par' dir='ltr' id='par_1_81' title="bbox 2009 2317 3593 2386">
     <span class='ocr_line' id='line_1_81' title="bbox 2009 2317 3593 2386; baseline 0 -16"><span class='ocrx_word' id='word_1_595' title='bbox 2009 2317 2281 2372; x_wconf 85' lang='lat' dir='ltr'><strong>maxillam</strong></span> <span class='ocrx_word' id='word_1_596' title='bbox 2325 2317 2585 2386; x_wconf 66' lang='lat' dir='ltr'><strong>praebere.</strong></span> <span class='ocrx_word' id='word_1_597' title='bbox 2629 2317 2739 2372; x_wconf 85' lang='lat' dir='ltr'><strong>Hoc</strong></span> <span class='ocrx_word' id='word_1_598' title='bbox 2784 2327 2964 2372; x_wconf 91' lang='lat' dir='ltr'><strong>autem</strong></span> <span class='ocrx_word' id='word_1_599' title='bbox 3005 2317 3165 2381; x_wconf 91' lang='lat' dir='ltr'><strong>dicit,</strong></span> <span class='ocrx_word' id='word_1_600' title='bbox 3215 2332 3320 2372; x_wconf 92' lang='lat' dir='ltr'><strong>non</strong></span> <span class='ocrx_word' id='word_1_601' title='bbox 3365 2333 3461 2386; x_wconf 90' lang='lat' dir='ltr'><strong>pro</strong></span> <span class='ocrx_word' id='word_1_602' title='bbox 3502 2320 3593 2372; x_wconf 88' lang='lat' dir='ltr'><strong>illo</strong></span> 
     </span>
    </p>
   </div>
   <div class='ocr_carea' id='block_1_82' title="bbox 2005 2410 3588 2482">
    <p class='ocr_par' dir='ltr' id='par_1_82' title="bbox 2005 2410 3588 2482">
     <span class='ocr_line' id='line_1_82' title="bbox 2005 2410 3588 2482; baseline 0.002 -19"><span class='ocrx_word' id='word_1_603' title='bbox 2005 2410 2212 2480; x_wconf 68' lang='lat' dir='ltr'><strong>injuria:</strong></span> <span class='ocrx_word' id='word_1_604' title='bbox 2239 2426 2436 2481; x_wconf 81' lang='lat' dir='ltr'><strong>genere</strong></span> <span class='ocrx_word' id='word_1_605' title='bbox 2464 2420 2669 2466; x_wconf 91' lang='lat' dir='ltr'><strong>tantum</strong></span> <span class='ocrx_word' id='word_1_606' title='bbox 2701 2411 2872 2482; x_wconf 90' lang='lat' dir='ltr'><strong>legem</strong></span> <span class='ocrx_word' id='word_1_607' title='bbox 2916 2411 3094 2468; x_wconf 79' lang='lat' dir='ltr'><strong>ferens</strong></span> <span class='ocrx_word' id='word_1_608' title='bbox 3115 2453 3128 2469; x_wconf 97' lang='lat'><strong>.</strong></span> <span class='ocrx_word' id='word_1_609' title='bbox 3176 2413 3270 2467; x_wconf 92' lang='lat' dir='ltr'><strong>sed</strong></span> <span class='ocrx_word' id='word_1_610' title='bbox 3310 2412 3378 2467; x_wconf 90' lang='lat' dir='ltr'><strong>ad</strong></span> <span class='ocrx_word' id='word_1_611' title='bbox 3428 2413 3588 2467; x_wconf 86' lang='lat' dir='ltr'><strong>talem</strong></span> 
     </span>
    </p>
   </div>
   <div class='ocr_carea' id='block_1_83' title="bbox 2004 2501 3304 2559">
    <p class='ocr_par' dir='ltr' id='par_1_83' title="bbox 2004 2501 3304 2559">
     <span class='ocr_line' id='line_1_83' title="bbox 2004 2501 3304 2559; baseline -0.001 -2"><span class='ocrx_word' id='word_1_612' title='bbox 2004 2501 2060 2557; x_wconf 93' lang='lat' dir='ltr'><strong>in</strong></span> <span class='ocrx_word' id='word_1_613' title='bbox 2088 2504 2206 2557; x_wconf 90' lang='lat' dir='ltr'><strong>aliis</strong></span> <span class='ocrx_word' id='word_1_614' title='bbox 2233 2504 2482 2558; x_wconf 92' lang='lat' dir='ltr'><strong>omnibus</strong></span> <span class='ocrx_word' id='word_1_615' title='bbox 2505 2503 2842 2558; x_wconf 88' lang='lat' dir='ltr'><strong>tolerantiam</strong></span> <span class='ocrx_word' id='word_1_616' title='bbox 2873 2519 2970 2559; x_wconf 88' lang='lat' dir='ltr'><strong>nos</strong></span> <span class='ocrx_word' id='word_1_617' title='bbox 2998 2504 3304 2559; x_wconf 90' lang='lat' dir='ltr'><strong>instituens.</strong></span> 
     </span>
    </p>
   </div>
   <div class='ocr_carea' id='block_1_84' title="bbox 2073 2593 3588 2664">
    <p class='ocr_par' dir='ltr' id='par_1_84' title="bbox 2073 2593 3588 2664">
     <span class='ocr_line' id='line_1_84' title="bbox 2073 2593 3588 2664; baseline 0.001 -16"><span class='ocrx_word' id='word_1_618' title='bbox 2073 2593 2130 2648; x_wconf 74' lang='lat'><strong>2.</strong></span> <span class='ocrx_word' id='word_1_619' title='bbox 2171 2593 2399 2647; x_wconf 79' lang='lat' dir='ltr'><strong>Christus</strong></span> <span class='ocrx_word' id='word_1_620' title='bbox 2423 2594 2558 2661; x_wconf 77' lang='lat' dir='ltr'><strong>quod</strong></span> <span class='ocrx_word' id='word_1_621' title='bbox 2579 2593 2641 2648; x_wconf 89' lang='lat' dir='ltr'><strong>de</strong></span> <span class='ocrx_word' id='word_1_622' title='bbox 2666 2593 2884 2664; x_wconf 86' lang='lat' dir='ltr'><strong>colapho</strong></span> <span class='ocrx_word' id='word_1_623' title='bbox 2920 2595 3043 2648; x_wconf 85' lang='lat' dir='ltr'><strong>dicit</strong></span> <span class='ocrx_word' id='word_1_624' title='bbox 3082 2596 3150 2648; x_wconf 90' lang='lat' dir='ltr'><strong>ad</strong></span> <span class='ocrx_word' id='word_1_625' title='bbox 3185 2613 3384 2650; x_wconf 84' lang='lat' dir='ltr'><strong>onmem</strong></span> <span class='ocrx_word' id='word_1_626' title='bbox 3406 2605 3588 2650; x_wconf 80' lang='lat' dir='ltr'><strong>contu-</strong></span> 
     </span>
    </p>
   </div>
   <div class='ocr_carea' id='block_1_85' title="bbox 2003 2683 3590 2753">
    <p class='ocr_par' dir='ltr' id='par_1_85' title="bbox 2003 2683 3590 2753">
     <span class='ocr_line' id='line_1_85' title="bbox 2003 2683 3590 2753; baseline 0.004 -18"><span class='ocrx_word' id='word_1_627' title='bbox 2003 2683 2208 2738; x_wconf 88' lang='lat' dir='ltr'><strong>meliam</strong></span> <span class='ocrx_word' id='word_1_628' title='bbox 2237 2683 2476 2737; x_wconf 75' lang='lat' dir='ltr'><strong>extendit.</strong></span> <span class='ocrx_word' id='word_1_629' title='bbox 2506 2683 2756 2738; x_wconf 82' lang='lat' dir='ltr'><strong>Patiendo</strong></span> <span class='ocrx_word' id='word_1_630' title='bbox 2784 2687 2978 2738; x_wconf 87' lang='lat' dir='ltr'><strong>vincere</strong></span> <span class='ocrx_word' id='word_1_631' title='bbox 2997 2695 3210 2753; x_wconf 78' lang='lat' dir='ltr'><strong>Oportet.</strong></span> <span class='ocrx_word' id='word_1_632' title='bbox 3235 2713 3305 2725; x_wconf 87' lang='lat'><strong>——</strong></span> <span class='ocrx_word' id='word_1_633' title='bbox 3325 2686 3590 2753; x_wconf 84' lang='lat' dir='ltr'><strong>Quemad-</strong></span> 
     </span>
    </p>
   </div>
   <div class='ocr_carea' id='block_1_86' title="bbox 2005 2775 3588 2848">
    <p class='ocr_par' dir='ltr' id='par_1_86' title="bbox 2005 2775 3588 2848">
     <span class='ocr_line' id='line_1_86' title="bbox 2005 2775 3588 2848; baseline 0.002 -20"><span class='ocrx_word' id='word_1_634' title='bbox 2005 2775 2220 2829; x_wconf 91' lang='lat' dir='ltr'><strong>modum</strong></span> <span class='ocrx_word' id='word_1_635' title='bbox 2245 2776 2386 2829; x_wconf 89' lang='lat' dir='ltr'><strong>enim</strong></span> <span class='ocrx_word' id='word_1_636' title='bbox 2415 2791 2534 2830; x_wconf 91' lang='lat' dir='ltr'><strong>cum</strong></span> <span class='ocrx_word' id='word_1_637' title='bbox 2577 2775 2736 2839; x_wconf 87' lang='lat' dir='ltr'><strong>dicit,</strong></span> <span class='ocrx_word' id='word_1_638' title='bbox 2786 2775 2887 2842; x_wconf 85' lang='lat' dir='ltr'><strong>Qui</strong></span> <span class='ocrx_word' id='word_1_639' title='bbox 2925 2786 3064 2829; x_wconf 83' lang='lat' dir='ltr'><strong>coeat</strong></span> <span class='ocrx_word' id='word_1_640' title='bbox 3102 2780 3311 2846; x_wconf 79' lang='lat' dir='ltr'><strong>fratrem</strong></span> <span class='ocrx_word' id='word_1_641' title='bbox 3336 2794 3481 2831; x_wconf 84' lang='lat' dir='ltr'><strong>suum</strong></span> <span class='ocrx_word' id='word_1_642' title='bbox 3502 2782 3588 2848; x_wconf 80' lang='lat' dir='ltr'><strong>fa-</strong></span> 
     </span>
    </p>
   </div>
   <div class='ocr_carea' id='block_1_87' title="bbox 2003 2864 3588 2936">
    <p class='ocr_par' dir='ltr' id='par_1_87' title="bbox 2003 2864 3588 2936">
     <span class='ocr_line' id='line_1_87' title="bbox 2003 2864 3588 2936; baseline 0.003 -18"><span class='ocrx_word' id='word_1_643' title='bbox 2003 2875 2144 2919; x_wconf 88' lang='lat' dir='ltr'><strong>tuum</strong></span> <span class='ocrx_word' id='word_1_644' title='bbox 2163 2905 2178 2930; x_wconf 96' lang='lat'><strong>,</strong></span> <span class='ocrx_word' id='word_1_645' title='bbox 2206 2879 2320 2919; x_wconf 87' lang='lat' dir='ltr'><strong>reus</strong></span> <span class='ocrx_word' id='word_1_646' title='bbox 2345 2866 2437 2918; x_wconf 88' lang='lat' dir='ltr'><strong>erit</strong></span> <span class='ocrx_word' id='word_1_647' title='bbox 2466 2865 2707 2936; x_wconf 79' lang='lat' dir='ltr'><strong>gehenua:</strong></span> <span class='ocrx_word' id='word_1_648' title='bbox 2727 2867 2859 2936; x_wconf 86' lang='lat' dir='ltr'><strong>ignis</strong></span> <span class='ocrx_word' id='word_1_649' title='bbox 2880 2907 2895 2931; x_wconf 94' lang='lat'><strong>,</strong></span> <span class='ocrx_word' id='word_1_650' title='bbox 2926 2881 3030 2919; x_wconf 90' lang='lat' dir='ltr'><strong>non</strong></span> <span class='ocrx_word' id='word_1_651' title='bbox 3059 2864 3128 2920; x_wconf 85' lang='lat' dir='ltr'><strong>de</strong></span> <span class='ocrx_word' id='word_1_652' title='bbox 3160 2865 3262 2920; x_wconf 89' lang='lat' dir='ltr'><strong>hoc</strong></span> <span class='ocrx_word' id='word_1_653' title='bbox 3292 2882 3398 2920; x_wconf 93' lang='lat' dir='ltr'><strong>uno</strong></span> <span class='ocrx_word' id='word_1_654' title='bbox 3423 2867 3588 2922; x_wconf 78' lang='lat' dir='ltr'><strong>verbo</strong></span> 
     </span>
    </p>
   </div>
   <div class='ocr_carea' id='block_1_88' title="bbox 2003 2955 3587 3028">
    <p class='ocr_par' dir='ltr' id='par_1_88' title="bbox 2003 2955 3587 3028">
     <span class='ocr_line' id='line_1_88' title="bbox 2003 2955 3587 3028; baseline 0.002 -18"><span class='ocrx_word' id='word_1_655' title='bbox 2003 2955 2106 3010; x_wconf 88' lang='lat' dir='ltr'><strong>hoc</strong></span> <span class='ocrx_word' id='word_1_656' title='bbox 2128 2955 2287 3022; x_wconf 91' lang='lat' dir='ltr'><strong>dicit,</strong></span> <span class='ocrx_word' id='word_1_657' title='bbox 2316 2955 2412 3011; x_wconf 90' lang='lat' dir='ltr'><strong>sed</strong></span> <span class='ocrx_word' id='word_1_658' title='bbox 2433 2955 2500 3010; x_wconf 91' lang='lat' dir='ltr'><strong>de</strong></span> <span class='ocrx_word' id='word_1_659' title='bbox 2521 2956 2760 3026; x_wconf 90' lang='lat' dir='ltr'><strong>qualibet</strong></span> <span class='ocrx_word' id='word_1_660' title='bbox 2779 2957 3100 3011; x_wconf 90' lang='lat' dir='ltr'><strong>contumelia</strong></span> <span class='ocrx_word' id='word_1_661' title='bbox 3127 2972 3142 3014; x_wconf 85' lang='lat'><strong>:</strong></span> <span class='ocrx_word' id='word_1_662' title='bbox 3173 2957 3242 3010; x_wconf 87' lang='lat' dir='ltr'><strong>ita</strong></span> <span class='ocrx_word' id='word_1_663' title='bbox 3267 2955 3352 3012; x_wconf 92' lang='lat' dir='ltr'><strong>hic</strong></span> <span class='ocrx_word' id='word_1_664' title='bbox 3377 2973 3587 3028; x_wconf 87' lang='lat' dir='ltr'><strong>quoque</strong></span> 
     </span>
    </p>
   </div>
   <div class='ocr_carea' id='block_1_89' title="bbox 2004 3048 3585 3118">
    <p class='ocr_par' dir='ltr' id='par_1_89' title="bbox 2004 3048 3585 3118">
     <span class='ocr_line' id='line_1_89' title="bbox 2004 3048 3585 3118; baseline 0.003 -17"><span class='ocrx_word' id='word_1_665' title='bbox 2004 3048 2176 3118; x_wconf 77' lang='lat' dir='ltr'><strong>legem</strong></span> <span class='ocrx_word' id='word_1_666' title='bbox 2221 3049 2444 3115; x_wconf 88' lang='lat' dir='ltr'><strong>statuit,</strong></span> <span class='ocrx_word' id='word_1_667' title='bbox 2479 3065 2584 3102; x_wconf 90' lang='lat' dir='ltr'><strong>non</strong></span> <span class='ocrx_word' id='word_1_668' title='bbox 2614 3057 2818 3103; x_wconf 90' lang='lat' dir='ltr'><strong>tantum</strong></span> <span class='ocrx_word' id='word_1_669' title='bbox 2849 3057 2905 3103; x_wconf 96' lang='lat' dir='ltr'><strong>nt</strong></span> <span class='ocrx_word' id='word_1_670' title='bbox 2929 3049 3173 3118; x_wconf 86' lang='lat' dir='ltr'><strong>colaphis</strong></span> <span class='ocrx_word' id='word_1_671' title='bbox 3197 3051 3320 3105; x_wconf 61' lang='lat' dir='ltr'><strong>euasi</strong></span> <span class='ocrx_word' id='word_1_672' title='bbox 3343 3091 3358 3115; x_wconf 91' lang='lat'><strong>,</strong></span> <span class='ocrx_word' id='word_1_673' title='bbox 3393 3051 3442 3104; x_wconf 88' lang='lat' dir='ltr'><strong>id</strong></span> <span class='ocrx_word' id='word_1_674' title='bbox 3475 3051 3585 3105; x_wconf 82' lang='lat' dir='ltr'><strong>lor-</strong></span> 
     </span>
    </p>
   </div>
   <div class='ocr_carea' id='block_1_90' title="bbox 2003 3139 3586 3210">
    <p class='ocr_par' dir='ltr' id='par_1_90' title="bbox 2003 3139 3586 3210">
     <span class='ocr_line' id='line_1_90' title="bbox 2003 3139 3586 3210; baseline 0.003 -19"><span class='ocrx_word' id='word_1_675' title='bbox 2003 3140 2126 3194; x_wconf 84' lang='lat' dir='ltr'><strong>titer</strong></span> <span class='ocrx_word' id='word_1_676' title='bbox 2153 3139 2407 3205; x_wconf 80' lang='lat' dir='ltr'><strong>feramus,</strong></span> <span class='ocrx_word' id='word_1_677' title='bbox 2438 3140 2533 3193; x_wconf 90' lang='lat' dir='ltr'><strong>sed</strong></span> <span class='ocrx_word' id='word_1_678' title='bbox 2562 3150 2617 3193; x_wconf 86' lang='lat' dir='ltr'><strong>ut</strong></span> <span class='ocrx_word' id='word_1_679' title='bbox 2638 3140 2851 3210; x_wconf 85' lang='lat' dir='ltr'><strong>quidvis</strong></span> <span class='ocrx_word' id='word_1_680' title='bbox 2879 3139 3023 3194; x_wconf 87' lang='lat' dir='ltr'><strong>aliud</strong></span> <span class='ocrx_word' id='word_1_681' title='bbox 3053 3141 3345 3208; x_wconf 86' lang='lat' dir='ltr'><strong>patientes.</strong></span> <span class='ocrx_word' id='word_1_682' title='bbox 3380 3158 3446 3195; x_wconf 89' lang='lat' dir='ltr'><strong>ne</strong></span> <span class='ocrx_word' id='word_1_683' title='bbox 3477 3151 3586 3196; x_wconf 87' lang='lat' dir='ltr'><strong>tur-</strong></span> 
     </span>
    </p>
   </div>
   <div class='ocr_carea' id='block_1_91' title="bbox 2002 3230 3582 3302">
    <p class='ocr_par' dir='ltr' id='par_1_91' title="bbox 2002 3230 3582 3302">
     <span class='ocr_line' id='line_1_91' title="bbox 2002 3230 3582 3302; baseline 0.001 -18"><span class='ocrx_word' id='word_1_684' title='bbox 2002 3230 2207 3286; x_wconf 88' lang='lat' dir='ltr'><strong>bcmur.</strong></span> <span class='ocrx_word' id='word_1_685' title='bbox 2250 3231 2536 3300; x_wconf 85' lang='lat' dir='ltr'><strong>Propterea</strong></span> <span class='ocrx_word' id='word_1_686' title='bbox 2575 3243 2628 3286; x_wconf 91' lang='lat' dir='ltr'><strong>et</strong></span> <span class='ocrx_word' id='word_1_687' title='bbox 2665 3232 2735 3286; x_wconf 86' lang='lat' dir='ltr'><strong>ibi</strong></span> <span class='ocrx_word' id='word_1_688' title='bbox 2767 3241 3063 3287; x_wconf 79' lang='lat' dir='ltr'><strong>extremam</strong></span> <span class='ocrx_word' id='word_1_689' title='bbox 3089 3233 3279 3302; x_wconf 83' lang='lat' dir='ltr'><strong>selegit</strong></span> <span class='ocrx_word' id='word_1_690' title='bbox 3307 3232 3582 3302; x_wconf 80' lang='lat' dir='ltr'><strong>injuriam,</strong></span> 
     </span>
    </p>
   </div>
   <div class='ocr_carea' id='block_1_92' title="bbox 2000 3321 3587 3394">
    <p class='ocr_par' dir='ltr' id='par_1_92' title="bbox 2000 3321 3587 3394">
     <span class='ocr_line' id='line_1_92' title="bbox 2000 3321 3587 3394; baseline 0.003 -19"><span class='ocrx_word' id='word_1_691' title='bbox 2000 3331 2054 3376; x_wconf 86' lang='lat' dir='ltr'><strong>et</strong></span> <span class='ocrx_word' id='word_1_692' title='bbox 2093 3321 2179 3377; x_wconf 90' lang='lat' dir='ltr'><strong>hic</strong></span> <span class='ocrx_word' id='word_1_693' title='bbox 2218 3338 2372 3390; x_wconf 85' lang='lat' dir='ltr'><strong>eam,</strong></span> <span class='ocrx_word' id='word_1_694' title='bbox 2418 3339 2536 3394; x_wconf 74' lang='lat' dir='ltr'><strong>qua:</strong></span> <span class='ocrx_word' id='word_1_695' title='bbox 2578 3325 2835 3390; x_wconf 90' lang='lat' dir='ltr'><strong>probrosa</strong></span> <span class='ocrx_word' id='word_1_696' title='bbox 2867 3334 2920 3378; x_wconf 91' lang='lat' dir='ltr'><strong>et</strong></span> <span class='ocrx_word' id='word_1_697' title='bbox 2944 3324 3327 3378; x_wconf 88' lang='lat' dir='ltr'><strong>contumeliosa</strong></span> <span class='ocrx_word' id='word_1_698' title='bbox 3356 3326 3587 3379; x_wconf 88' lang='lat' dir='ltr'><strong>maxime</strong></span> 
     </span>
    </p>
   </div>
   <div class='ocr_carea' id='block_1_93' title="bbox 2000 3414 3587 3484">
    <p class='ocr_par' dir='ltr' id='par_1_93' title="bbox 2000 3414 3587 3484">
     <span class='ocr_line' id='line_1_93' title="bbox 2000 3414 3587 3484; baseline 0.001 -16"><span class='ocrx_word' id='word_1_699' title='bbox 2000 3414 2302 3478; x_wconf 87' lang='lat' dir='ltr'><strong>videbatur,</strong></span> <span class='ocrx_word' id='word_1_700' title='bbox 2348 3417 2578 3470; x_wconf 73' lang='lat' dir='ltr'><strong>maxilla:</strong></span> <span class='ocrx_word' id='word_1_701' title='bbox 2609 3415 3032 3484; x_wconf 87' lang='lat' dir='ltr'><strong>percussionem.</strong></span> <span class='ocrx_word' id='word_1_702' title='bbox 3063 3414 3117 3469; x_wconf 83' lang='lat' dir='ltr'><strong>id</strong></span> <span class='ocrx_word' id='word_1_703' title='bbox 3149 3431 3277 3470; x_wconf 90' lang='lat' dir='ltr'><strong>vero</strong></span> <span class='ocrx_word' id='word_1_704' title='bbox 3298 3416 3490 3484; x_wconf 88' lang='lat' dir='ltr'><strong>jussit,</strong></span> <span class='ocrx_word' id='word_1_705' title='bbox 3530 3425 3587 3471; x_wconf 90' lang='lat' dir='ltr'><strong>et</strong></span> 
     </span>
    </p>
   </div>
   <div class='ocr_carea' id='block_1_94' title="bbox 2002 3507 3583 3578">
    <p class='ocr_par' dir='ltr' id='par_1_94' title="bbox 2002 3507 3583 3578">
     <span class='ocr_line' id='line_1_94' title="bbox 2002 3507 3583 3578; baseline 0.001 -17"><span class='ocrx_word' id='word_1_706' title='bbox 2002 3507 2350 3574; x_wconf 89' lang='lat' dir='ltr'><strong>percutientis</strong></span> <span class='ocrx_word' id='word_1_707' title='bbox 2388 3518 2442 3561; x_wconf 87' lang='lat' dir='ltr'><strong>et</strong></span> <span class='ocrx_word' id='word_1_708' title='bbox 2483 3509 2720 3576; x_wconf 90' lang='lat' dir='ltr'><strong>percussi</strong></span> <span class='ocrx_word' id='word_1_709' title='bbox 2757 3508 3016 3562; x_wconf 89' lang='lat' dir='ltr'><strong>rationem</strong></span> <span class='ocrx_word' id='word_1_710' title='bbox 3059 3507 3278 3563; x_wconf 82' lang='lat' dir='ltr'><strong>habens.</strong></span> <span class='ocrx_word' id='word_1_711' title='bbox 3314 3507 3446 3562; x_wconf 90' lang='lat' dir='ltr'><strong>Nam</strong></span> <span class='ocrx_word' id='word_1_712' title='bbox 3495 3510 3583 3578; x_wconf 88' lang='lat' dir='ltr'><strong>qui</strong></span> 
     </span>
    </p>
   </div>
   <div class='ocr_carea' id='block_1_95' title="bbox 2001 3597 3577 3668">
    <p class='ocr_par' dir='ltr' id='par_1_95' title="bbox 2001 3597 3577 3668">
     <span class='ocr_line' id='line_1_95' title="bbox 2001 3597 3577 3668; baseline 0.002 -17"><span class='ocrx_word' id='word_1_713' title='bbox 2001 3597 2192 3668; x_wconf 88' lang='lat' dir='ltr'><strong>injuria</strong></span> <span class='ocrx_word' id='word_1_714' title='bbox 2223 3597 2472 3664; x_wconf 85' lang='lat' dir='ltr'><strong>alticitur,</strong></span> <span class='ocrx_word' id='word_1_715' title='bbox 2505 3598 2636 3652; x_wconf 92' lang='lat' dir='ltr'><strong>nihil</strong></span> <span class='ocrx_word' id='word_1_716' title='bbox 2665 3614 2727 3654; x_wconf 89' lang='lat' dir='ltr'><strong>se</strong></span> <span class='ocrx_word' id='word_1_717' title='bbox 2755 3615 2917 3668; x_wconf 73' lang='lat' dir='ltr'><strong>grave</strong></span> <span class='ocrx_word' id='word_1_718' title='bbox 2955 3614 3169 3668; x_wconf 88' lang='lat' dir='ltr'><strong>passum</strong></span> <span class='ocrx_word' id='word_1_719' title='bbox 3207 3601 3577 3666; x_wconf 85' lang='lat' dir='ltr'><strong>arbitrabitur,</strong></span> 
     </span>
    </p>
   </div>
   <div class='ocr_carea' id='block_1_96' title="bbox 1999 3689 3580 3761">
    <p class='ocr_par' dir='ltr' id='par_1_96' title="bbox 1999 3689 3580 3761">
     <span class='ocr_line' id='line_1_96' title="bbox 1999 3689 3580 3761; baseline 0.002 -18"><span class='ocrx_word' id='word_1_720' title='bbox 1999 3690 2076 3744; x_wconf 90' lang='lat' dir='ltr'><strong>sic</strong></span> <span class='ocrx_word' id='word_1_721' title='bbox 2105 3689 2435 3759; x_wconf 89' lang='lat' dir='ltr'><strong>philosophia</strong></span> <span class='ocrx_word' id='word_1_722' title='bbox 2485 3691 2834 3759; x_wconf 72' lang='lat' dir='ltr'><strong>prarmunitus</strong></span> <span class='ocrx_word' id='word_1_723' title='bbox 2862 3709 2876 3745; x_wconf 90' lang='lat'><strong>:</strong></span> <span class='ocrx_word' id='word_1_724' title='bbox 2906 3707 3080 3761; x_wconf 91' lang='lat' dir='ltr'><strong>nequc</strong></span> <span class='ocrx_word' id='word_1_725' title='bbox 3117 3691 3260 3746; x_wconf 89' lang='lat' dir='ltr'><strong>enim</strong></span> <span class='ocrx_word' id='word_1_726' title='bbox 3305 3703 3580 3748; x_wconf 84' lang='lat' dir='ltr'><strong>contume-</strong></span> 
     </span>
    </p>
   </div>
   <div class='ocr_carea' id='block_1_97' title="bbox 2002 3781 3581 3856">
    <p class='ocr_par' dir='ltr' id='par_1_97' title="bbox 2002 3781 3581 3856">
     <span class='ocr_line' id='line_1_97' title="bbox 2002 3781 3581 3856; baseline 0.003 -20"><span class='ocrx_word' id='word_1_727' title='bbox 2002 3781 2086 3836; x_wconf 68' lang='lat' dir='ltr'><strong>liae</strong></span> <span class='ocrx_word' id='word_1_728' title='bbox 2108 3797 2323 3836; x_wconf 88' lang='lat' dir='ltr'><strong>sensum</strong></span> <span class='ocrx_word' id='word_1_729' title='bbox 2347 3783 2510 3836; x_wconf 90' lang='lat' dir='ltr'><strong>ullum</strong></span> <span class='ocrx_word' id='word_1_730' title='bbox 2540 3783 2777 3847; x_wconf 88' lang='lat' dir='ltr'><strong>habebit,</strong></span> <span class='ocrx_word' id='word_1_731' title='bbox 2809 3793 2867 3838; x_wconf 92' lang='lat' dir='ltr'><strong>ut</strong></span> <span class='ocrx_word' id='word_1_732' title='bbox 2893 3785 2984 3854; x_wconf 92' lang='lat' dir='ltr'><strong>qui</strong></span> <span class='ocrx_word' id='word_1_733' title='bbox 3017 3793 3189 3840; x_wconf 89' lang='lat' dir='ltr'><strong>certet</strong></span> <span class='ocrx_word' id='word_1_734' title='bbox 3218 3786 3395 3856; x_wconf 86' lang='lat' dir='ltr'><strong>potius</strong></span> <span class='ocrx_word' id='word_1_735' title='bbox 3423 3803 3581 3856; x_wconf 88' lang='lat' dir='ltr'><strong>quam</strong></span> 
     </span>
    </p>
   </div>
   <div class='ocr_carea' id='block_1_98' title="bbox 2003 3875 3584 3947">
    <p class='ocr_par' dir='ltr' id='par_1_98' title="bbox 2003 3875 3584 3947">
     <span class='ocr_line' id='line_1_98' title="bbox 2003 3875 3584 3947; baseline 0.001 -19"><span class='ocrx_word' id='word_1_736' title='bbox 2003 3875 2363 3942; x_wconf 83' lang='lat' dir='ltr'><strong>percutiatur;</strong></span> <span class='ocrx_word' id='word_1_737' title='bbox 2395 3875 2486 3944; x_wconf 89' lang='lat' dir='ltr'><strong>qui</strong></span> <span class='ocrx_word' id='word_1_738' title='bbox 2517 3891 2646 3930; x_wconf 88' lang='lat' dir='ltr'><strong>vero</strong></span> <span class='ocrx_word' id='word_1_739' title='bbox 2674 3875 2922 3944; x_wconf 87' lang='lat' dir='ltr'><strong>injuriam</strong></span> <span class='ocrx_word' id='word_1_740' title='bbox 2964 3875 3156 3941; x_wconf 86' lang='lat' dir='ltr'><strong>inl&#39;ert,</strong></span> <span class='ocrx_word' id='word_1_741' title='bbox 3186 3877 3392 3947; x_wconf 89' lang='lat' dir='ltr'><strong>pudore</strong></span> <span class='ocrx_word' id='word_1_742' title='bbox 3419 3878 3584 3932; x_wconf 69' lang='lat' dir='ltr'><strong>sulfu-</strong></span> 
     </span>
    </p>
   </div>
   <div class='ocr_carea' id='block_1_99' title="bbox 2001 3966 3582 4036">
    <p class='ocr_par' dir='ltr' id='par_1_99' title="bbox 2001 3966 3582 4036">
     <span class='ocr_line' id='line_1_99' title="bbox 2001 3966 3582 4036; baseline 0 -18"><span class='ocrx_word' id='word_1_743' title='bbox 2001 3979 2096 4019; x_wconf 88' lang='lat' dir='ltr'><strong>sus</strong></span> <span class='ocrx_word' id='word_1_744' title='bbox 2123 3981 2228 4019; x_wconf 86' lang='lat' dir='ltr'><strong>non</strong></span> <span class='ocrx_word' id='word_1_745' title='bbox 2259 3966 2552 4020; x_wconf 82' lang='lat' dir='ltr'><strong>secundum</strong></span> <span class='ocrx_word' id='word_1_746' title='bbox 2581 3967 2863 4035; x_wconf 88' lang='lat' dir='ltr'><strong>colaphum</strong></span> <span class='ocrx_word' id='word_1_747' title='bbox 2899 3967 3190 4036; x_wconf 90' lang='lat' dir='ltr'><strong>impinget,</strong></span> <span class='ocrx_word' id='word_1_748' title='bbox 3230 3969 3438 4021; x_wconf 86' lang='lat' dir='ltr'><strong>etiamsi</strong></span> <span class='ocrx_word' id='word_1_749' title='bbox 3471 3968 3582 4021; x_wconf 77' lang='lat' dir='ltr'><strong>fera</strong></span> 
     </span>
    </p>
   </div>
   <div class='ocr_carea' id='block_1_100' title="bbox 2001 4055 3583 4126">
    <p class='ocr_par' dir='ltr' id='par_1_100' title="bbox 2001 4055 3583 4126">
     <span class='ocr_line' id='line_1_100' title="bbox 2001 4055 3583 4126; baseline 0 -16"><span class='ocrx_word' id='word_1_750' title='bbox 2001 4057 2189 4126; x_wconf 77' lang='lat' dir='ltr'><strong>quavis</strong></span> <span class='ocrx_word' id='word_1_751' title='bbox 2219 4055 2447 4112; x_wconf 75' lang='lat' dir='ltr'><strong>ferocior</strong></span> <span class='ocrx_word' id='word_1_752' title='bbox 2477 4057 2581 4120; x_wconf 88' lang='lat' dir='ltr'><strong>sit;</strong></span> <span class='ocrx_word' id='word_1_753' title='bbox 2607 4057 2714 4110; x_wconf 90' lang='lat' dir='ltr'><strong>imo</strong></span> <span class='ocrx_word' id='word_1_754' title='bbox 2741 4057 2901 4110; x_wconf 90' lang='lat' dir='ltr'><strong>etiam</strong></span> <span class='ocrx_word' id='word_1_755' title='bbox 2927 4056 2996 4110; x_wconf 87' lang='lat' dir='ltr'><strong>de</strong></span> <span class='ocrx_word' id='word_1_756' title='bbox 3027 4057 3204 4124; x_wconf 88' lang='lat' dir='ltr'><strong>priore</strong></span> <span class='ocrx_word' id='word_1_757' title='bbox 3225 4071 3344 4110; x_wconf 86' lang='lat' dir='ltr'><strong>sese</strong></span> <span class='ocrx_word' id='word_1_758' title='bbox 3367 4057 3583 4111; x_wconf 88' lang='lat' dir='ltr'><strong>damna-</strong></span> 
     </span>
    </p>
   </div>
   <div class='ocr_carea' id='block_1_101' title="bbox 2001 4145 3583 4210">
    <p class='ocr_par' dir='ltr' id='par_1_101' title="bbox 2001 4145 3583 4210">
     <span class='ocr_line' id='line_1_101' title="bbox 2001 4145 3583 4210; baseline 0 -10"><span class='ocrx_word' id='word_1_759' title='bbox 2001 4147 2096 4201; x_wconf 90' lang='lat' dir='ltr'><strong>bit.</strong></span> <span class='ocrx_word' id='word_1_760' title='bbox 2142 4147 2282 4200; x_wconf 64' lang='lat' dir='ltr'><strong>Nihil</strong></span> <span class='ocrx_word' id='word_1_761' title='bbox 2306 4147 2448 4202; x_wconf 91' lang='lat' dir='ltr'><strong>enim</strong></span> <span class='ocrx_word' id='word_1_762' title='bbox 2475 4147 2546 4200; x_wconf 90' lang='lat' dir='ltr'><strong>ita</strong></span> <span class='ocrx_word' id='word_1_763' title='bbox 2578 4145 2834 4200; x_wconf 61' lang='lat' dir='ltr'><strong>laedentes</strong></span> <span class='ocrx_word' id='word_1_764' title='bbox 2854 4146 3103 4210; x_wconf 83' lang='lat' dir='ltr'><strong>cohibet,</strong></span> <span class='ocrx_word' id='word_1_765' title='bbox 3136 4155 3192 4199; x_wconf 92' lang='lat' dir='ltr'><strong>ut</strong></span> <span class='ocrx_word' id='word_1_766' title='bbox 3214 4162 3334 4200; x_wconf 88' lang='lat' dir='ltr'><strong>cum</strong></span> <span class='ocrx_word' id='word_1_767' title='bbox 3362 4148 3470 4201; x_wconf 73' lang='lat' dir='ltr'><strong>laesi</strong></span> <span class='ocrx_word' id='word_1_768' title='bbox 3501 4148 3583 4201; x_wconf 90' lang='lat' dir='ltr'><strong>in-</strong></span> 
     </span>
    </p>
   </div>
   <div class='ocr_carea' id='block_1_102' title="bbox 1997 4235 3638 4307">
    <p class='ocr_par' dir='ltr' id='par_1_102' title="bbox 1997 4235 3638 4307">
     <span class='ocr_line' id='line_1_102' title="bbox 1997 4235 3638 4307; baseline -0.001 -18"><span class='ocrx_word' id='word_1_769' title='bbox 1997 4237 2192 4306; x_wconf 88' lang='lat' dir='ltr'><strong>juriam</strong></span> <span class='ocrx_word' id='word_1_770' title='bbox 2225 4235 2465 4291; x_wconf 88' lang='lat' dir='ltr'><strong>modeste</strong></span> <span class='ocrx_word' id='word_1_771' title='bbox 2491 4236 2702 4302; x_wconf 81' lang='lat' dir='ltr'><strong>ferunt;</strong></span> <span class='ocrx_word' id='word_1_772' title='bbox 2750 4251 2923 4306; x_wconf 89' lang='lat' dir='ltr'><strong>neque</strong></span> <span class='ocrx_word' id='word_1_773' title='bbox 2965 4235 3124 4291; x_wconf 91' lang='lat' dir='ltr'><strong>modo</strong></span> <span class='ocrx_word' id='word_1_774' title='bbox 3171 4237 3366 4292; x_wconf 87' lang='lat' dir='ltr'><strong>retinet</strong></span> <span class='ocrx_word' id='word_1_775' title='bbox 3410 4239 3581 4307; x_wconf 86' lang='lat' dir='ltr'><strong>impe-</strong></span> <span class='ocrx_word' id='word_1_776' title='bbox 3629 4277 3638 4288; x_wconf 77' lang='lat'><strong>.</strong></span> 
     </span>
    </p>
   </div>
   <div class='ocr_carea' id='block_1_103' title="bbox 2006 4329 3578 4398">
    <p class='ocr_par' dir='ltr' id='par_1_103' title="bbox 2006 4329 3578 4398">
     <span class='ocr_line' id='line_1_103' title="bbox 2006 4329 3578 4398; baseline 0.001 -16"><span class='ocrx_word' id='word_1_777' title='bbox 2006 4339 2154 4395; x_wconf 90' lang='lat' dir='ltr'><strong>tum,</strong></span> <span class='ocrx_word' id='word_1_778' title='bbox 2197 4345 2267 4384; x_wconf 90' lang='lat' dir='ltr'><strong>ne</strong></span> <span class='ocrx_word' id='word_1_779' title='bbox 2295 4329 2516 4384; x_wconf 90' lang='lat' dir='ltr'><strong>ulterius</strong></span> <span class='ocrx_word' id='word_1_780' title='bbox 2558 4329 2896 4398; x_wconf 88' lang='lat' dir='ltr'><strong>procedatur,</strong></span> <span class='ocrx_word' id='word_1_781' title='bbox 2947 4329 3040 4384; x_wconf 88' lang='lat' dir='ltr'><strong>sed</strong></span> <span class='ocrx_word' id='word_1_782' title='bbox 3082 4329 3246 4383; x_wconf 90' lang='lat' dir='ltr'><strong>etiam</strong></span> <span class='ocrx_word' id='word_1_783' title='bbox 3292 4329 3342 4384; x_wconf 92' lang='lat' dir='ltr'><strong>id</strong></span> <span class='ocrx_word' id='word_1_784' title='bbox 3382 4331 3578 4394; x_wconf 83' lang='lat' dir='ltr'><strong>el‘ticit,</strong></span> 
     </span>
    </p>
   </div>
   <div class='ocr_carea' id='block_1_104' title="bbox 2003 4419 3578 4490">
    <p class='ocr_par' dir='ltr' id='par_1_104' title="bbox 2003 4419 3578 4490">
     <span class='ocr_line' id='line_1_104' title="bbox 2003 4419 3578 4490; baseline 0.002 -15"><span class='ocrx_word' id='word_1_785' title='bbox 2003 4428 2063 4475; x_wconf 85' lang='lat' dir='ltr'><strong>ut</strong></span> <span class='ocrx_word' id='word_1_786' title='bbox 2086 4421 2154 4476; x_wconf 91' lang='lat' dir='ltr'><strong>de</strong></span> <span class='ocrx_word' id='word_1_787' title='bbox 2186 4420 2325 4474; x_wconf 86' lang='lat' dir='ltr'><strong>laeto</strong></span> <span class='ocrx_word' id='word_1_788' title='bbox 2347 4436 2407 4476; x_wconf 87' lang='lat' dir='ltr'><strong>se</strong></span> <span class='ocrx_word' id='word_1_789' title='bbox 2433 4420 2720 4490; x_wconf 66' lang='lat' dir='ltr'><strong>poeniteat,</strong></span> <span class='ocrx_word' id='word_1_790' title='bbox 2749 4431 2801 4476; x_wconf 89' lang='lat' dir='ltr'><strong>et</strong></span> <span class='ocrx_word' id='word_1_791' title='bbox 2828 4421 2916 4475; x_wconf 89' lang='lat' dir='ltr'><strong>alii</strong></span> <span class='ocrx_word' id='word_1_792' title='bbox 2954 4419 3375 4476; x_wconf 76' lang='lat' dir='ltr'><strong>moderationem</strong></span> <span class='ocrx_word' id='word_1_793' title='bbox 3404 4423 3578 4477; x_wconf 87' lang='lat' dir='ltr'><strong>admi-</strong></span> 
     </span>
    </p>
   </div>
   <div class='ocr_carea' id='block_1_105' title="bbox 2001 4510 3583 4577">
    <p class='ocr_par' dir='ltr' id='par_1_105' title="bbox 2001 4510 3583 4577">
     <span class='ocr_line' id='line_1_105' title="bbox 2001 4510 3583 4577; baseline 0.001 -10"><span class='ocrx_word' id='word_1_794' title='bbox 2001 4521 2184 4568; x_wconf 89' lang='lat' dir='ltr'><strong>rantes</strong></span> <span class='ocrx_word' id='word_1_795' title='bbox 2203 4510 2491 4575; x_wconf 88' lang='lat' dir='ltr'><strong>secedant;</strong></span> <span class='ocrx_word' id='word_1_796' title='bbox 2524 4512 2661 4575; x_wconf 91' lang='lat' dir='ltr'><strong>imo,</strong></span> <span class='ocrx_word' id='word_1_797' title='bbox 2692 4527 2865 4577; x_wconf 89' lang='lat' dir='ltr'><strong>neque</strong></span> <span class='ocrx_word' id='word_1_798' title='bbox 2893 4511 3066 4566; x_wconf 91' lang='lat' dir='ltr'><strong>solum</strong></span> <span class='ocrx_word' id='word_1_799' title='bbox 3092 4512 3292 4566; x_wconf 87' lang='lat' dir='ltr'><strong>amicos</strong></span> <span class='ocrx_word' id='word_1_800' title='bbox 3320 4529 3384 4567; x_wconf 82' lang='lat' dir='ltr'><strong>ex</strong></span> <span class='ocrx_word' id='word_1_801' title='bbox 3415 4513 3583 4569; x_wconf 83' lang='lat' dir='ltr'><strong>inimi-</strong></span> 
     </span>
    </p>
   </div>
   <div class='ocr_carea' id='block_1_106' title="bbox 2001 4605 3585 4671">
    <p class='ocr_par' dir='ltr' id='par_1_106' title="bbox 2001 4605 3585 4671">
     <span class='ocr_line' id='line_1_106' title="bbox 2001 4605 3585 4671; baseline 0.001 -11"><span class='ocrx_word' id='word_1_802' title='bbox 2001 4607 2115 4671; x_wconf 88' lang='lat' dir='ltr'><strong>eis,</strong></span> <span class='ocrx_word' id='word_1_803' title='bbox 2163 4605 2256 4661; x_wconf 90' lang='lat' dir='ltr'><strong>sed</strong></span> <span class='ocrx_word' id='word_1_804' title='bbox 2307 4605 2597 4660; x_wconf 77' lang='lat' dir='ltr'><strong>familiares</strong></span> <span class='ocrx_word' id='word_1_805' title='bbox 2643 4605 2817 4659; x_wconf 86' lang='lat' dir='ltr'><strong>reddit</strong></span> <span class='ocrx_word' id='word_1_806' title='bbox 2856 4613 2910 4660; x_wconf 91' lang='lat' dir='ltr'><strong>et</strong></span> <span class='ocrx_word' id='word_1_807' title='bbox 2949 4606 3354 4671; x_wconf 83' lang='lat' dir='ltr'><strong>servos:sicul,</strong></span> <span class='ocrx_word' id='word_1_808' title='bbox 3397 4621 3428 4660; x_wconf 88' lang='lat' dir='ltr'><strong>e</strong></span> <span class='ocrx_word' id='word_1_809' title='bbox 3457 4621 3585 4662; x_wconf 87' lang='lat' dir='ltr'><strong>con-</strong></span> 
     </span>
    </p>
   </div>
   <div class='ocr_carea' id='block_1_107' title="bbox 2002 4695 3586 4766">
    <p class='ocr_par' dir='ltr' id='par_1_107' title="bbox 2002 4695 3586 4766">
     <span class='ocr_line' id='line_1_107' title="bbox 2002 4695 3586 4766; baseline 0.001 -16"><span class='ocrx_word' id='word_1_810' title='bbox 2002 4713 2195 4763; x_wconf 89' lang='lat' dir='ltr'><strong>verso,</strong></span> <span class='ocrx_word' id='word_1_811' title='bbox 2226 4697 2359 4750; x_wconf 90' lang='lat' dir='ltr'><strong>ultio</strong></span> <span class='ocrx_word' id='word_1_812' title='bbox 2385 4707 2600 4766; x_wconf 87' lang='lat' dir='ltr'><strong>sumpta</strong></span> <span class='ocrx_word' id='word_1_813' title='bbox 2640 4697 2907 4750; x_wconf 87' lang='lat' dir='ltr'><strong>contraria</strong></span> <span class='ocrx_word' id='word_1_814' title='bbox 2952 4695 3130 4749; x_wconf 90' lang='lat' dir='ltr'><strong>omnia</strong></span> <span class='ocrx_word' id='word_1_815' title='bbox 3172 4697 3337 4763; x_wconf 88' lang='lat' dir='ltr'><strong>parit,</strong></span> <span class='ocrx_word' id='word_1_816' title='bbox 3380 4708 3586 4752; x_wconf 83' lang='lat' dir='ltr'><strong>utrum-</strong></span> 
     </span>
    </p>
   </div>
   <div class='ocr_carea' id='block_1_108' title="bbox 2002 4786 3585 4859">
    <p class='ocr_par' dir='ltr' id='par_1_108' title="bbox 2002 4786 3585 4859">
     <span class='ocr_line' id='line_1_108' title="bbox 2002 4786 3585 4859; baseline -0.001 -15"><span class='ocrx_word' id='word_1_817' title='bbox 2002 4806 2105 4859; x_wconf 87' lang='lat' dir='ltr'><strong>que</strong></span> <span class='ocrx_word' id='word_1_818' title='bbox 2157 4789 2477 4852; x_wconf 89' lang='lat' dir='ltr'><strong>dedecorat,</strong></span> <span class='ocrx_word' id='word_1_819' title='bbox 2532 4796 2589 4842; x_wconf 90' lang='lat' dir='ltr'><strong>et</strong></span> <span class='ocrx_word' id='word_1_820' title='bbox 2639 4787 2875 4857; x_wconf 89' lang='lat' dir='ltr'><strong>pejorem</strong></span> <span class='ocrx_word' id='word_1_821' title='bbox 2927 4786 3124 4850; x_wconf 80' lang='lat' dir='ltr'><strong>efﬁcit,</strong></span> <span class='ocrx_word' id='word_1_822' title='bbox 3187 4787 3444 4856; x_wconf 83' lang='lat' dir='ltr'><strong>majorem</strong></span> <span class='ocrx_word' id='word_1_823' title='bbox 3493 4789 3585 4842; x_wconf 69' lang='lat' dir='ltr'><strong>irae</strong></span> 
     </span>
    </p>
   </div>
   <div class='ocr_carea' id='block_1_109' title="bbox 2005 4876 3584 4946">
    <p class='ocr_par' dir='ltr' id='par_1_109' title="bbox 2005 4876 3584 4946">
     <span class='ocr_line' id='line_1_109' title="bbox 2005 4876 3584 4946; baseline 0 -12"><span class='ocrx_word' id='word_1_824' title='bbox 2005 4880 2272 4934; x_wconf 84' lang='lat' dir='ltr'><strong>ﬂammam</strong></span> <span class='ocrx_word' id='word_1_825' title='bbox 2303 4877 2500 4934; x_wconf 87' lang='lat' dir='ltr'><strong>excitat</strong></span> <span class='ocrx_word' id='word_1_826' title='bbox 2521 4918 2536 4944; x_wconf 95' lang='lat'><strong>,</strong></span> <span class='ocrx_word' id='word_1_827' title='bbox 2567 4893 2631 4932; x_wconf 88' lang='lat' dir='ltr'><strong>ac</strong></span> <span class='ocrx_word' id='word_1_828' title='bbox 2663 4893 2809 4946; x_wconf 81' lang='lat' dir='ltr'><strong>saepe</strong></span> <span class='ocrx_word' id='word_1_829' title='bbox 2836 4877 2984 4931; x_wconf 71' lang='lat' dir='ltr'><strong>ctede</strong></span> <span class='ocrx_word' id='word_1_830' title='bbox 3027 4876 3344 4933; x_wconf 88' lang='lat' dir='ltr'><strong>terminatur</strong></span> <span class='ocrx_word' id='word_1_831' title='bbox 3384 4880 3584 4934; x_wconf 91' lang='lat' dir='ltr'><strong>malum</strong></span> 
     </span>
    </p>
   </div>
   <div class='ocr_carea' id='block_1_110' title="bbox 2005 4967 3583 5038">
    <p class='ocr_par' dir='ltr' id='par_1_110' title="bbox 2005 4967 3583 5038">
     <span class='ocr_line' id='line_1_110' title="bbox 2005 4967 3583 5038; baseline 0.001 -14"><span class='ocrx_word' id='word_1_832' title='bbox 2005 4971 2070 5025; x_wconf 90' lang='lat' dir='ltr'><strong>ad</strong></span> <span class='ocrx_word' id='word_1_833' title='bbox 2127 4971 2378 5025; x_wconf 89' lang='lat' dir='ltr'><strong>ulteriora</strong></span> <span class='ocrx_word' id='word_1_834' title='bbox 2431 4983 2793 5038; x_wconf 85' lang='lat' dir='ltr'><strong>progressum.</strong></span> <span class='ocrx_word' id='word_1_835' title='bbox 2857 4967 3056 5022; x_wconf 87' lang='lat' dir='ltr'><strong>Idcirco</strong></span> <span class='ocrx_word' id='word_1_836' title='bbox 3117 4983 3428 5037; x_wconf 85' lang='lat' dir='ltr'><strong>percussum</strong></span> <span class='ocrx_word' id='word_1_837' title='bbox 3477 4985 3583 5025; x_wconf 90' lang='lat' dir='ltr'><strong>non</strong></span> 
     </span>
    </p>
   </div>
   <div class='ocr_carea' id='block_1_111' title="bbox 2007 5059 3584 5130">
    <p class='ocr_par' dir='ltr' id='par_1_111' title="bbox 2007 5059 3584 5130">
     <span class='ocr_line' id='line_1_111' title="bbox 2007 5059 3584 5130; baseline -0.001 -14"><span class='ocrx_word' id='word_1_838' title='bbox 2007 5062 2168 5116; x_wconf 91' lang='lat' dir='ltr'><strong>modo</strong></span> <span class='ocrx_word' id='word_1_839' title='bbox 2183 5061 2336 5130; x_wconf 88' lang='lat' dir='ltr'><strong>jubet</strong></span> <span class='ocrx_word' id='word_1_840' title='bbox 2367 5076 2471 5114; x_wconf 91' lang='lat' dir='ltr'><strong>non</strong></span> <span class='ocrx_word' id='word_1_841' title='bbox 2513 5059 2708 5124; x_wconf 88' lang='lat' dir='ltr'><strong>irasci,</strong></span> <span class='ocrx_word' id='word_1_842' title='bbox 2755 5060 2847 5114; x_wconf 90' lang='lat' dir='ltr'><strong>sed</strong></span> <span class='ocrx_word' id='word_1_843' title='bbox 2888 5059 3047 5113; x_wconf 87' lang='lat' dir='ltr'><strong>etiam</strong></span> <span class='ocrx_word' id='word_1_844' title='bbox 3092 5061 3442 5128; x_wconf 88' lang='lat' dir='ltr'><strong>percutientis</strong></span> <span class='ocrx_word' id='word_1_845' title='bbox 3487 5062 3584 5116; x_wconf 90' lang='lat' dir='ltr'><strong>im-</strong></span> 
     </span>
    </p>
   </div>
   <div class='ocr_carea' id='block_1_112' title="bbox 2009 5150 3585 5220">
    <p class='ocr_par' dir='ltr' id='par_1_112' title="bbox 2009 5150 3585 5220">
     <span class='ocr_line' id='line_1_112' title="bbox 2009 5150 3585 5220; baseline 0.001 -14"><span class='ocrx_word' id='word_1_846' title='bbox 2009 5152 2156 5218; x_wconf 87' lang='lat' dir='ltr'><strong>plere</strong></span> <span class='ocrx_word' id='word_1_847' title='bbox 2201 5150 2538 5219; x_wconf 86' lang='lat' dir='ltr'><strong>cupiditatem</strong></span> <span class='ocrx_word' id='word_1_848' title='bbox 2592 5150 2860 5220; x_wconf 72' lang='lat' dir='ltr'><strong>praecipit,</strong></span> <span class='ocrx_word' id='word_1_849' title='bbox 2910 5158 2967 5204; x_wconf 92' lang='lat' dir='ltr'><strong>ut</strong></span> <span class='ocrx_word' id='word_1_850' title='bbox 3007 5166 3074 5205; x_wconf 86' lang='lat' dir='ltr'><strong>ne</strong></span> <span class='ocrx_word' id='word_1_851' title='bbox 3099 5151 3324 5206; x_wconf 88' lang='lat' dir='ltr'><strong>videaris</strong></span> <span class='ocrx_word' id='word_1_852' title='bbox 3352 5153 3585 5220; x_wconf 77' lang='lat' dir='ltr'><strong>priorem</strong></span> 
     </span>
    </p>
   </div>
   <div class='ocr_carea' id='block_1_113' title="bbox 2009 5241 3584 5311">
    <p class='ocr_par' dir='ltr' id='par_1_113' title="bbox 2009 5241 3584 5311">
     <span class='ocr_line' id='line_1_113' title="bbox 2009 5241 3584 5311; baseline -0.003 -15"><span class='ocrx_word' id='word_1_853' title='bbox 2009 5243 2216 5311; x_wconf 88' lang='lat' dir='ltr'><strong>plagam</strong></span> <span class='ocrx_word' id='word_1_854' title='bbox 2264 5241 2459 5294; x_wconf 88' lang='lat' dir='ltr'><strong>invitus</strong></span> <span class='ocrx_word' id='word_1_855' title='bbox 2493 5241 2787 5308; x_wconf 79' lang='lat' dir='ltr'><strong>accepisse.</strong></span> <span class='ocrx_word' id='word_1_856' title='bbox 2811 5242 2899 5295; x_wconf 85' lang='lat' dir='ltr'><strong>Sic</strong></span> <span class='ocrx_word' id='word_1_857' title='bbox 2929 5242 3070 5294; x_wconf 91' lang='lat' dir='ltr'><strong>enim</strong></span> <span class='ocrx_word' id='word_1_858' title='bbox 3103 5241 3464 5311; x_wconf 83' lang='lat' dir='ltr'><strong>impudentem</strong></span> <span class='ocrx_word' id='word_1_859' title='bbox 3491 5259 3584 5311; x_wconf 81' lang='lat' dir='ltr'><strong>op-</strong></span> 
     </span>
    </p>
   </div>
   <div class='ocr_carea' id='block_1_114' title="bbox 2011 5331 3584 5403">
    <p class='ocr_par' dir='ltr' id='par_1_114' title="bbox 2011 5331 3584 5403">
     <span class='ocr_line' id='line_1_114' title="bbox 2011 5331 3584 5403; baseline -0.001 -16"><span class='ocrx_word' id='word_1_860' title='bbox 2011 5335 2318 5402; x_wconf 89' lang='lat' dir='ltr'><strong>portuniore</strong></span> <span class='ocrx_word' id='word_1_861' title='bbox 2354 5331 2503 5401; x_wconf 87' lang='lat' dir='ltr'><strong>plaga</strong></span> <span class='ocrx_word' id='word_1_862' title='bbox 2534 5341 2819 5400; x_wconf 87' lang='lat' dir='ltr'><strong>percutere</strong></span> <span class='ocrx_word' id='word_1_863' title='bbox 2864 5332 3095 5402; x_wconf 88' lang='lat' dir='ltr'><strong>poteris,</strong></span> <span class='ocrx_word' id='word_1_864' title='bbox 3143 5349 3300 5403; x_wconf 89' lang='lat' dir='ltr'><strong>quam</strong></span> <span class='ocrx_word' id='word_1_865' title='bbox 3341 5333 3387 5388; x_wconf 88' lang='lat' dir='ltr'><strong>si</strong></span> <span class='ocrx_word' id='word_1_866' title='bbox 3426 5346 3584 5386; x_wconf 78' lang='lat' dir='ltr'><strong>manu</strong></span> 
     </span>
    </p>
   </div>
   <div class='ocr_carea' id='block_1_115' title="bbox 2012 5421 3583 5494">
    <p class='ocr_par' dir='ltr' id='par_1_115' title="bbox 2012 5421 3583 5494">
     <span class='ocr_line' id='line_1_115' title="bbox 2012 5421 3583 5494; baseline -0.003 -16"><span class='ocrx_word' id='word_1_867' title='bbox 2012 5423 2370 5494; x_wconf 84' lang='lat' dir='ltr'><strong>percussisses</strong></span> <span class='ocrx_word' id='word_1_868' title='bbox 2389 5464 2404 5487; x_wconf 87' lang='lat'><strong>,</strong></span> <span class='ocrx_word' id='word_1_869' title='bbox 2437 5431 2493 5478; x_wconf 89' lang='lat' dir='ltr'><strong>et</strong></span> <span class='ocrx_word' id='word_1_870' title='bbox 2520 5423 2885 5492; x_wconf 89' lang='lat' dir='ltr'><strong>impudentem</strong></span> <span class='ocrx_word' id='word_1_871' title='bbox 2913 5429 3330 5478; x_wconf 90' lang='lat' dir='ltr'><strong>mansuetiorem</strong></span> <span class='ocrx_word' id='word_1_872' title='bbox 3361 5421 3583 5476; x_wconf 73' lang='lat' dir='ltr'><strong>efﬁcies.</strong></span> 
     </span>
    </p>
   </div>
   <div class='ocr_carea' id='block_1_116' title="bbox 2013 5512 3584 5585">
    <p class='ocr_par' dir='ltr' id='par_1_116' title="bbox 2013 5512 3584 5585">
     <span class='ocr_line' id='line_1_116' title="bbox 2013 5512 3584 5585; baseline -0.002 -17"><span class='ocrx_word' id='word_1_873' title='bbox 2013 5515 2114 5582; x_wconf 87' lang='lat' dir='ltr'><strong>Qui</strong></span> <span class='ocrx_word' id='word_1_874' title='bbox 2142 5512 2352 5568; x_wconf 81' lang='lat' dir='ltr'><strong>uoluerit</strong></span> <span class='ocrx_word' id='word_1_875' title='bbox 2377 5524 2538 5567; x_wconf 86' lang='lat' dir='ltr'><strong>tecum</strong></span> <span class='ocrx_word' id='word_1_876' title='bbox 2557 5513 2753 5585; x_wconf 84' lang='lat' dir='ltr'><strong>judicio</strong></span> <span class='ocrx_word' id='word_1_877' title='bbox 2775 5514 3076 5569; x_wconf 84' lang='lat' dir='ltr'><strong>contendere</strong></span> <span class='ocrx_word' id='word_1_878' title='bbox 3093 5553 3108 5578; x_wconf 90' lang='lat'><strong>,</strong></span> <span class='ocrx_word' id='word_1_879' title='bbox 3138 5524 3184 5568; x_wconf 85' lang='lat' dir='ltr'><strong>et</strong></span> <span class='ocrx_word' id='word_1_880' title='bbox 3206 5514 3427 5567; x_wconf 82' lang='lat' dir='ltr'><strong>tunicam</strong></span> <span class='ocrx_word' id='word_1_881' title='bbox 3447 5523 3584 5565; x_wconf 87' lang='lat' dir='ltr'><strong>tuam</strong></span> 
     </span>
    </p>
   </div>
   <div class='ocr_carea' id='block_1_117' title="bbox 2012 5603 3585 5674">
    <p class='ocr_par' dir='ltr' id='par_1_117' title="bbox 2012 5603 3585 5674">
     <span class='ocr_line' id='line_1_117' title="bbox 2012 5603 3585 5674; baseline 0 -14"><span class='ocrx_word' id='word_1_882' title='bbox 2012 5605 2217 5670; x_wconf 87' lang='lat' dir='ltr'><strong>tollere,</strong></span> <span class='ocrx_word' id='word_1_883' title='bbox 2257 5605 2450 5658; x_wconf 86' lang='lat' dir='ltr'><strong>dimitte</strong></span> <span class='ocrx_word' id='word_1_884' title='bbox 2483 5603 2560 5658; x_wconf 83' lang='lat' dir='ltr'><strong>illi</strong></span> <span class='ocrx_word' id='word_1_885' title='bbox 2600 5614 2646 5659; x_wconf 88' lang='lat' dir='ltr'><strong>et</strong></span> <span class='ocrx_word' id='word_1_886' title='bbox 2692 5606 2923 5674; x_wconf 87' lang='lat' dir='ltr'><strong>pallium.</strong></span> <span class='ocrx_word' id='word_1_887' title='bbox 2956 5603 3140 5674; x_wconf 88' lang='lat' dir='ltr'><strong>Neque</strong></span> <span class='ocrx_word' id='word_1_888' title='bbox 3164 5603 3309 5658; x_wconf 87' lang='lat' dir='ltr'><strong>enim</strong></span> <span class='ocrx_word' id='word_1_889' title='bbox 3336 5605 3390 5658; x_wconf 85' lang='lat' dir='ltr'><strong>in</strong></span> <span class='ocrx_word' id='word_1_890' title='bbox 3421 5603 3585 5672; x_wconf 73' lang='lat' dir='ltr'><strong>plagis</strong></span> 
     </span>
    </p>
   </div>
   <div class='ocr_carea' id='block_1_118' title="bbox 2012 5695 3586 5767">
    <p class='ocr_par' dir='ltr' id='par_1_118' title="bbox 2012 5695 3586 5767">
     <span class='ocr_line' id='line_1_118' title="bbox 2012 5695 3586 5767; baseline -0.001 -10"><span class='ocrx_word' id='word_1_891' title='bbox 2012 5697 2408 5766; x_wconf 86' lang='lat' dir='ltr'><strong>tantummodo,</strong></span> <span class='ocrx_word' id='word_1_892' title='bbox 2457 5696 2552 5754; x_wconf 82' lang='lat' dir='ltr'><strong>sed</strong></span> <span class='ocrx_word' id='word_1_893' title='bbox 2589 5698 2750 5754; x_wconf 85' lang='lat' dir='ltr'><strong>etiam</strong></span> <span class='ocrx_word' id='word_1_894' title='bbox 2781 5698 2832 5754; x_wconf 91' lang='lat' dir='ltr'><strong>in</strong></span> <span class='ocrx_word' id='word_1_895' title='bbox 2861 5695 3096 5767; x_wconf 88' lang='lat' dir='ltr'><strong>pecuniis</strong></span> <span class='ocrx_word' id='word_1_896' title='bbox 3127 5695 3236 5750; x_wconf 85' lang='lat' dir='ltr'><strong>vult</strong></span> <span class='ocrx_word' id='word_1_897' title='bbox 3265 5695 3424 5752; x_wconf 87' lang='lat' dir='ltr'><strong>talem</strong></span> <span class='ocrx_word' id='word_1_898' title='bbox 3454 5695 3586 5760; x_wconf 60' lang='lat' dir='ltr'><strong>tolu-</strong></span> 
     </span>
    </p>
   </div>
  </div>
