4050 6220
398 304 495 355 ἐρετ

397 422 623 471 rautiam
652 416 912 471 exhiberi.
962 416 1083 467 Ideo
1128 427 1336 467 rursum
1376 409 1535 463 snuili
1579 405 1744 458 utitur
1784 402 1977 471 hyper-

398 512 540 564 lnile.
587 510 732 564 Sicut
770 509 912 563 enim
951 507 1056 559 illic
1081 504 1229 571 jubet
1270 499 1519 569 patiendo
1551 498 1796 553 vincere,
1830 493 1898 544 ita
1927 500 1980 543 et

400 602 483 651 hic
514 601 563 653 iu
589 598 931 653 concedendo
959 597 1103 664 plura
1130 634 1145 657 ,
1189 610 1346 662 quant
1390 600 1571 658 raptor
1612 583 1975 656 exspectabat.

408 692 593 745 ιρι-ηιμ
626 690 724 745 hoc
766 705 869 743 non
908 687 1219 753 simpliciter
1261 686 1473 753 posuit,
1505 681 1598 735 sed
1629 694 1749 733 cum
1777 673 1979 729 addita-

404 793 602 834 tuente.
646 781 757 833 "Non
802 782 943 833 enim
991 779 1157 839 dixit,
1210 778 1279 829 Da
1316 776 1515 844 petenti
1559 772 1813 841 pallium,
1854 765 1980 827 sed,

402 874 469 928 [Ci
490 877 573 940 qui
596 873 803 925 voluerit
827 882 987 924 tecum
1000 871 1203 940 judicio
1223 867 1557 929 contendere;
1588 868 1687 917 hoc
1708 872 1793 918 est
1812 903 1825 921 ,
1858 861 1902 913 si
1934 869 1984 912 te

400 965 465 1017 ad
486 965 742 1032 judicium
772 965 1021 1025 traxerit,
1052 977 1114 1013 ac
1145 961 1351 1030 negotia
1376 959 1466 1013 tibi
1488 958 1755 1013 exhibeat.
1788 958 1986 1023 Quem-

400 1055 688 1110 admodum
720 1071 847 1111 vero
875 1071 996 1108 cum
1035 1054 1290 1117 dixisset,
1332 1051 1409 1107 Ne
1446 1068 1605 1105 voces
1650 1051 1882 1110 fatuum,
1931 1056 1987 1101 et

404 1164 474 1202 ne
498 1148 749 1201 irascaris
783 1147 899 1201 sine
928 1162 1088 1201 causa
1112 1187 1128 1211 ,
1154 1146 1405 1215 deinceps
1434 1146 1580 1214 plura
1606 1142 1787 1211 exegit
1806 1183 1822 1207 ,
1863 1157 1984 1196 cmn

402 1237 561 1307 jussit
589 1239 750 1290 etiam
779 1235 1056 1290 dexteram
1090 1236 1358 1290 maxillam
1396 1235 1639 1305 praebere
1669 1252 1682 1287 :
1716 1235 1786 1286 ita
1813 1242 1868 1287 et
1896 1231 1986 1285 hic

406 1348 528 1383 eum
560 1330 805 1393 dixisset,
835 1330 963 1383 Esto
1002 1332 1341 1384 consentiens
1367 1346 1484 1383 curn
1523 1329 1829 1383 adversario
1860 1338 1982 1388 tuo,

408 1437 617 1475 rursom
644 1423 855 1490 gravius
896 1435 1219 1491 praeceptum
1259 1423 1425 1476 addit.
1470 1422 1584 1476 Non
1634 1423 1777 1476 enim
1830 1420 1988 1474 modo

405 1514 557 1583 jubet
588 1515 675 1568 illa
707 1515 835 1568 dare
874 1530 991 1583 qua:
1042 1515 1128 1569 ille
1160 1516 1269 1569 vult
1308 1517 1518 1569 auferre
1540 1557 1554 1579 ,
1605 1516 1700 1568 sed
1732 1514 1985 1581 majorem

409 1608 569 1659 etiam
611 1607 986 1661 liberalitatun
1016 1609 1288 1662 exhibere.
1337 1608 1475 1674 Quid
1519 1609 1718 1677 igitur?
1746 1608 1986 1677 inquies,

410 1699 654 1752 nudusnc
675 1698 995 1753 circuiturus
1029 1700 1192 1752 sum?
1222 1698 1499 1769 Nunquam
1542 1714 1785 1753 eSsemus
1827 1698 1951 1751 uudi
1972 1741 1986 1761 ,

409 1790 452 1840 si
473 1788 556 1841 his
573 1789 852 1858 pra-captis
872 1789 1157 1859 diligenter
1173 1789 1691 1857 obtemperarentus;
1716 1790 1807 1843 sed
1826 1790 1994 1843 multo

414 1880 651 1948 pluribus
680 1898 838 1950 quam
882 1882 970 1933 alii
1014 1896 1204 1934 omnes
1242 1881 1478 1936 vestibus
1521 1880 1685 1935 induti
1730 1895 1990 1935 essemus.

411 1973 593 2026 Primo
630 1975 774 2026 enim
824 1988 980 2027 nemo
1021 1975 1108 2027 tali
1161 1974 1340 2027 animo
1380 1973 1635 2042 praeditus
1683 1973 1994 2028 invaderet:

413 2062 683 2123 secundo,
735 2064 778 2115 si
831 2063 1092 2132 quispiam
1135 2073 1443 2117 occurreret
1469 2064 1537 2117 ita
1562 2062 1708 2117 ferox
1752 2074 1804 2117 et
1845 2064 2003 2117 inhu-

417 2168 628 2216 manus,
670 2162 728 2207 ut
767 2168 834 2207 eo
882 2170 1049 2223 usque
1100 2154 1444 2223 procederet,
1495 2155 1660 2209 multo
1692 2155 1872 2224 plures
1910 2169 1996 2209 rc—

418 2243 723 2313 perirentur
777 2244 865 2314 qui
924 2254 1084 2298 tanta:
1136 2244 1489 2314 philosophiae
1532 2246 1706 2299 virum
1758 2261 1862 2298 non
1903 2261 1998 2299 ve-

417 2333 587 2388 stibus
603 2334 779 2395 inodo.
800 2334 892 2389 sed
910 2346 965 2388 et
982 2350 1144 2390 carne
1160 2350 1277 2398 sua,
1297 2335 1341 2389 si
1360 2334 1473 2389 ﬁeri
1493 2346 1691 2404 posset,
1710 2336 2001 2404 aperirent.

488 2426 542 2479 5.
572 2426 626 2479 Si
657 2436 836 2479 autem
866 2428 1025 2479 etiam
1061 2437 1275 2496 propter
1304 2427 1462 2480 talem
1496 2426 1886 2497 philosophiam
1914 2444 2005 2482 nu-

420 2516 546 2568 dum
576 2515 823 2570 incedere
845 2525 1150 2584 oporteret,
1181 2532 1353 2585 neque
1385 2516 1436 2571 id
1466 2518 1624 2571 etiam
1657 2525 1811 2589 turpe
1838 2529 2000 2574 esset.

422 2604 551 2658 Nam
573 2615 629 2658 et
653 2606 821 2659 Adam
855 2606 1030 2661 nudus
1054 2615 1171 2660 erat
1197 2608 1247 2660 iu
1282 2608 1561 2676 paradiso,
1596 2626 1694 2665 nec
1720 2612 2005 2667 erubesce-

424 2700 513 2753 bat
539 2698 692 2764 (Gen.
724 2698 779 2755 2.
812 2699 936 2767 25);
963 2700 1126 2753 Isaias
1154 2701 1313 2755 etiam
1346 2702 1520 2756 nudus
1552 2714 1600 2755 et
1633 2703 2005 2771 discalceatus,

422 2790 729 2847 .ludatorum
760 2792 999 2846 omnium
1028 2792 1491 2862 splendidissimus
1514 2794 1798 2866 crat(lsai.
1818 2796 1907 2851 2t).
1927 2796 2005 2866 5);

425 2885 620 2954 Joseph
664 2901 790 2938 vero
826 2904 947 2940 cum
983 2898 1180 2941 exutus
1220 2900 1337 2948 est,
1374 2898 1497 2940 tunc
1528 2889 1757 2943 maxime
1799 2889 2008 2945 claruit.

427 2976 610 3046 Neque
637 2978 780 3032 enim
812 2979 1010 3031 malum
1038 2990 1121 3032 est
1152 2978 1221 3031 ita
1260 2978 1483 3041 nudari,
1517 2979 1608 3033 sed
1639 2979 1708 3032 ita
1738 2978 1883 3032 indui
1905 3021 1919 3043 ,
1959 2992 2014 3033 ut

430 3082 569 3120 nunc
596 3083 693 3120 nos
725 3067 993 3121 induimur
1020 3066 1350 3120 vestimentis
1377 3068 1647 3136 pretiosis.
1679 3067 1791 3122 lluc
1816 3078 1869 3123 et
1900 3077 2010 3122 tur-

430 3173 496 3227 pc
526 3168 578 3211 et
600 3156 879 3211 ridiculum
910 3166 1009 3210 est.
1050 3156 1173 3211 Ideo
1200 3157 1319 3210 illos
1350 3157 1562 3227 quidem
1594 3158 1733 3212 Deus
1762 3157 2012 3223 laudavit;

434 3253 531 3301 hos
561 3264 689 3302 vero
720 3264 813 3317 per
839 3248 1123 3316 prophetas
1146 3257 1200 3301 et
1221 3263 1316 3317 per
1334 3248 1603 3318 apostolos
1623 3265 1765 3320 swpe
1791 3249 2013 3305 incusat.

434 3337 510 3392 Ne
539 3338 714 3406 itaque
744 3347 1005 3405 pra-cepta
1046 3336 1392 3404 impossibilia
1422 3354 1543 3393 esse
1589 3351 1853 3409 putemus.
1891 3342 2021 3407 Quae

438 3430 618 3499 utique
646 3440 697 3484 et
730 3429 874 3483 utilia
904 3430 1056 3482 nobis
1084 3438 1237 3495 sunt,
1265 3440 1319 3484 et
1350 3431 1501 3486 valde
1530 3432 1701 3485 facilia
1724 3474 1739 3499 ,
1770 3435 1813 3487 si
1841 3435 2023 3504 vigile-

439 3536 561 3575 mus
588 3536 599 3572 τ
636 3529 945 3589 tantumque
971 3520 1196 3579 aﬂ‘erunt
1217 3522 1443 3583 lucrum,
1478 3534 1532 3577 ut
1560 3541 1662 3578 non
1702 3542 1798 3580 nos
1828 3528 2021 3592 Solum,

440 3614 532 3668 sed
561 3612 721 3667 etiam
746 3628 862 3676 eos,
890 3614 978 3683 qui
1011 3629 1108 3667 nos
1127 3614 1340 3679 Ιίειιιηιι,
1372 3616 1601 3671 maxime
1619 3617 1823 3686 juvent.
1845 3619 2027 3673 Ethoc

442 3715 522 3757 est
547 3705 597 3756 itt
625 3705 704 3759 eis
724 3705 999 3768 eximium,
1023 3706 1164 3774 quod
1195 3707 1320 3759 dum
1350 3709 1573 3762 suadent
1604 3710 1776 3775 nobis,
1808 3721 1863 3764 ut
1889 3713 2025 3765 mala

445 3798 730 3867 patiamur,
760 3796 946 3852 eadem
978 3813 1137 3868 opera
1168 3814 1261 3853 eos
1282 3842 1296 3863 ,
1327 3802 1413 3868 qui
1444 3815 1541 3855 nos
1570 3801 1769 3855 lzedunt
1788 3844 1802 3865 ,
1834 3803 2029 3858 ducent

450 3887 831 3957 philosophari.
893 3890 1024 3945 Dum
1080 3890 1221 3943 enim
1266 3891 1355 3945 ille
1413 3899 1560 3958 putat
1610 3908 1857 3962 magnum
1910 3909 2031 3949 esse

448 3981 617 4034 aliena
647 3978 878 4045 auferre,
914 3989 965 4033 tu
997 3997 1123 4034 vero
1148 3980 1386 4035 ostendis
1419 3980 1536 4049 ipsi,
1573 3982 1665 4036 tibi
1701 3984 1751 4036 in
1782 3996 2030 4054 promptu

448 4088 568 4125 esse
601 4072 684 4124 illa
710 4073 873 4125 etiam
913 4070 1043 4125 dare
1072 4089 1192 4139 qua:
1236 4072 1347 4140 ipse
1394 4090 1498 4126 non
1538 4076 1699 4141 petit,
1728 4086 1779 4128 et
1812 4091 2030 4145 pronam

449 4163 779 4217 alacritatem
818 4164 934 4232 ejus
966 4163 1158 4231 inopia:
1190 4163 1687 4234 philosophiamque
1724 4166 1838 4235 ejus
1881 4184 2036 4235 rapa-

450 4256 594 4309 citati
621 4254 879 4323 opponis,
904 4256 1181 4309 considera
1214 4266 1461 4324 quantam
1504 4257 1591 4311 ille
1642 4258 1896 4326 percipiet
1935 4259 2032 4312 du-

451 4350 703 4413 ctriuam,
742 4364 844 4399 nou
878 4362 940 4399 cx
969 4347 1168 4411 Verbis,
1200 4347 1294 4400 sed
1324 4362 1390 4400 ex
1423 4348 1674 4414 operibus
1703 4349 1942 4404 eruditus
1969 4350 2036 4402 ad

456 4437 938 4508 parvipendendam
957 4438 1264 4507 nequitiam.
1289 4448 1343 4491 et
1363 4439 1606 4491 virtutem
1628 4441 2033 4510 asseqttcndam.

455 4530 570 4585 Non
610 4531 753 4585 enim
796 4532 907 4583 vult
957 4530 1093 4583 Deus
1143 4539 1200 4582 ut
1236 4530 1388 4581 nobis
1417 4540 1619 4584 tantum
1666 4531 1821 4585 utiles
1849 4533 2034 4596 simus,

456 4621 551 4677 sed
571 4623 818 4677 omnibus
846 4621 1119 4691 proximis.
1140 4620 1195 4675 Si
1216 4620 1373 4689 igitur
1388 4620 1622 4683 dederis,
1646 4632 1698 4675 et
1718 4637 1822 4675 non
1841 4622 2041 4689 judicio

456 4713 831 4775 contenderis,
861 4713 1002 4781 quod
1042 4712 1134 4766 tibi
1164 4712 1291 4765 utile
1330 4723 1441 4765 erat
1476 4720 1675 4765 tantum
1708 4713 1996 4780 qumsivisti
2024 4731 2038 4778 ;

459 4805 503 4858 si
534 4819 663 4859 vero
681 4806 824 4860 aliud
850 4806 991 4860 dono
1014 4804 1304 4867 addideris,
1330 4803 1475 4858 illum
1500 4802 1779 4859 meliorem
1797 4803 2041 4858 effectum

461 4897 704 4951 dimittis.
729 4897 1040 4966 Hujusmodi
1070 4908 1151 4951 est
1179 4898 1277 4962 sal,
1307 4906 1364 4950 ut
1393 4896 1503 4949 vult
1531 4896 1781 4950 Dominus
1811 4896 2045 4967 discipu-

464 4988 544 5042 lus
584 5002 704 5041 esse
733 5004 745 5039 :
775 4989 914 5057 quod
950 4999 1003 5042 et
1041 4990 1273 5057 seipsum
1315 4996 1531 5051 servat,
1572 4998 1625 5040 et
1665 4987 1765 5041 alia
1793 5004 2041 5058 corpora,

464 5080 778 5151 quibuscum
814 5078 1034 5132 mixtum
1062 5090 1164 5144 est,
1199 5079 1375 5132 firmat
1403 5078 1563 5131 :‘talis
1598 5088 1682 5132 est
1709 5079 1895 5133 oculus
1916 5121 1930 5143 ,
1955 5080 2045 5149 qui

466 5172 569 5229 sibi
599 5172 697 5241 ipsi
724 5172 865 5225 lucet
890 5180 945 5224 et
979 5171 1118 5225 aliis.
1150 5172 1281 5236 Quia
1310 5172 1468 5241 igitur
1489 5187 1675 5227 eorum
1701 5183 1750 5225 te
1774 5174 1887 5227 vice
1914 5188 2047 5226 cou-

470 5264 668 5328 stituit,
704 5263 939 5316 illumina
964 5277 1085 5316 eum
1111 5303 1125 5325 ,
1153 5262 1241 5330 qui
1275 5264 1326 5316 in
1359 5263 1591 5318 tenebris
1622 5262 1805 5328 sedet,
1836 5272 1890 5318 et
1915 5264 2048 5320 doce

468 5355 616 5408 illum
638 5393 652 5416 ,
682 5369 781 5406 nec
806 5352 1031 5422 primmn
1059 5352 1271 5419 quidem
1302 5354 1539 5420 rapuisse
1565 5354 1841 5419 violenter,
1875 5370 1973 5409 nec
2000 5364 2050 5408 te

471 5445 670 5499 laesisse
685 5443 1028 5498 oumino.Sic
1057 5444 1267 5497 enimet
1290 5456 1342 5498 tu
1374 5446 1729 5500 venerabilior
1752 5447 2051 5517 clariorque

470 5538 577 5589 eris
598 5578 611 5594 .
644 5538 688 5589 si
727 5536 978 5590 ostendas
1002 5576 1017 5599 ,
1046 5535 1258 5589 dedisse
1289 5544 1339 5589 te
1359 5575 1373 5599 ,
1408 5553 1510 5591 non
1549 5546 1752 5606 raptum
1783 5538 2047 5592 amisisse.

474 5628 575 5682 Fac
594 5629 751 5692 igitur
773 5644 865 5697 per
891 5628 1350 5684 mansuetudinem
1376 5638 1537 5693 luam,
1564 5639 1614 5683 ιιι
1639 5627 1751 5697 ejus
1776 5637 2049 5697 peccatum

474 5717 752 5778 liberalitas
781 5728 866 5779 tua
901 5722 987 5777 sit.

1168 300 1204 351 s
1267 296 1541 351 J0.\.\‘.\’lS
1577 283 2052 346 cuttvsos'rout
2100 286 2414 341 Alttlllltil’.
2459 288 2987 343 CONSTANTINOP.

3562 293 3670 347 268

2163 402 2416 467 Quantam
2463 403 2813 471 perfectionem
2858 419 2948 454 nos
2993 401 3212 454 docuerit
3253 401 3499 455 Christus.
3536 402 3667 456 Per-

2088 493 2203 561 [ρι’ιὶ
2230 492 2321 543 viri
2346 493 2583 544 (erumnis
2613 494 2842 561 fortiores
2865 492 3174 544 evadunt.-—
3192 493 3246 544 Si
3270 508 3396 545 vero
3424 492 3520 546 hoc
3546 508 3675 547 esse

2090 597 2337 649 magnum
2365 593 2541 649 putas,
2560 591 2831 647 exspecta,
2850 592 2897 634 et
2930 583 3073 634 clare
3100 581 3322 645 videbis,
3352 593 3401 633 te
3432 582 3670 635 nondum

2089 671 2152 723 ad
2184 670 2561 738 perfectionem
2589 672 2815 724 venisse.
2854 670 2967 725 Non
2996 672 3135 724 enim
3163 671 3246 724 hic
3276 672 3497 741 gradum
3529 673 3671 728 sistit

2090 764 2135 817 is
2159 764 2246 831 qui
2282 763 2548 831 patientim
2570 763 2713 832 leges
2739 763 2902 825 dedit,
2933 765 3024 817 sed
3056 765 3276 817 ulterius
3307 766 3564 832 procedit.
3600 768 3671 819 ita

2090 858 2274 911 dicens
2305 873 2317 909 :
2348 857 2437 911 4|.
2472 858 2534 911 Si
2567 858 2678 927 quis
2718 867 2765 909 te
2799 858 3136 925 angariaverit
3175 857 3466 909 milliarium
3492 875 3671 924 unum,

2092 947 2217 1001 vade
2253 964 2365 1000 cum
2407 947 2497 1002 illo
2530 957 2575 1001 et
2603 948 2724 999 duo.
2764 948 3004 1000 Vidistin‘
3029 946 3375 1016 philosophia‘
3402 947 3675 1001 excellen-

2094 1040 2260 1091 tiam?
2289 1038 2416 1093 Post
2443 1038 2620 1092 datam
2653 1039 2883 1093 tunicam
2910 1049 2963 1093 et
2993 1039 3232 1106 pallium,
3260 1039 3302 1093 si
3333 1039 3509 1093 adhuo
3532 1040 3677 1094 nudo

2092 1144 2319 1198 corpore
2349 1130 2422 1184 uti
2450 1130 2571 1185 velit
2605 1130 2940 1184 adversarius
2965 1131 3031 1184 ad
3061 1130 3298 1185 laborem
3325 1142 3378 1185 et
3406 1133 3674 1186 ltlls‘el‘lﬂm

2095 1220 2366 1276 ferendam
2388 1263 2402 1285 ,
2435 1238 2504 1277 ne
2532 1224 2609 1277 sic
2631 1223 2842 1292 quidem
2872 1224 3020 1277 illum
3043 1239 3297 1279 coercere
3325 1235 3556 1294 oportet,
3591 1227 3679 1280 iu~

2093 1314 2227 1383 quit.
2269 1314 2457 1368 Omnia
2505 1316 2647 1369 enim
2691 1330 2787 1369 nos
2831 1316 3188 1370 communiter
3222 1317 3331 1370 vult
3378 1318 3674 1386 possidere,

2095 1419 2319 1472 corpora
2340 1446 2354 1469 ,
2388 1406 2640 1473 pecunias
2660 1447 2673 1468 ,
2703 1417 2759 1460 et
2777 1407 2965 1476 egenis
2988 1408 3189 1476 pariter
3214 1406 3567 1478 iujuriamque
3595 1410 3677 1463 in-

2098 1498 2391 1551 ferentibus
2423 1500 2506 1552 da
2540 1500 2777 1567 praebere
2806 1518 2819 1550 :
2852 1500 2953 1553 hoc
2988 1499 3131 1556 enim
3173 1499 3525 1563 fortitudinis,
3553 1501 3680 1555 illud

2099 1590 2437 1659 benignitatis
2465 1598 2568 1643 est.
2603 1589 2726 1643 Ideo
2755 1590 2963 1643 dicebat
2997 1608 3009 1643 :
3043 1591 3106 1644 Si
3128 1592 3239 1657 quis
3266 1601 3311 1644 te
3340 1592 3683 1671 angariaverit

2099 1683 2392 1736 milliarium
2424 1698 2609 1744 unum,
2641 1681 2767 1735 vade
2799 1698 2913 1734 cum
2949 1684 3037 1736 illo
3063 1693 3111 1737 et
3148 1684 3251 1737 duo
3272 1725 3287 1749 ,
3319 1685 3602 1738 sublimius
3634 1695 3686 1739 te

2101 1794 2310 1833 rursum
2346 1779 2556 1847 erigens
2577 1820 2589 1841 ,
2621 1788 2779 1847 atque
2806 1778 3048 1831 eamdem
3101 1779 3265 1846 ipsam
3313 1779 3687 1832 liberalitatem

2101 1871 2385 1924 ostendere
2416 1870 2632 1937 jubcns.
2664 1870 2717 1923 Si
2755 1870 2897 1923 enim
2927 1869 3014 1923 illa
3035 1911 3048 1931 ,
3081 1884 3199 1938 qua:
3230 1870 3281 1922 in
3321 1870 3581 1938 principio
3609 1870 3691 1921 di-

2104 1962 2263 2016 cebat
2286 2003 2301 2024 ,
2332 1961 2413 2015 his
2439 1962 2596 2030 longe
2627 1961 2830 2014 ntinora
2851 2002 2864 2022 ,
2899 1970 2973 2014 tot
3001 1970 3174 2014 tamen
3207 1961 3562 2014 beatitudines
3589 1961 3687 2011 ha-

2104 2053 2297 2116 beant,
2326 2052 2496 2122 cogita
2529 2062 2724 2121 quanta
2750 2068 2870 2105 Sors
2902 2052 3016 2106 ba-c
3043 2052 3245 2119 majora
3278 2060 3564 2120 imperantes
3588 2066 3687 2104 ex-

2106 2153 2347 2212 spectet,
2398 2154 2558 2213 atque
2611 2143 2769 2197 etiam
2819 2143 3003 2212 quales
3054 2142 3128 2195 illi
3179 2142 3259 2196 \el
3303 2153 3425 2195 ante
3472 2143 3690 2212 praunia

2107 2235 2368 2300 evadant,
2404 2236 2454 2288 in
2480 2236 2712 2289 humano
2741 2244 2795 2289 et
2829 2234 3064 2303 passibili
3094 2249 3318 2304 corpore
3351 2234 3693 2303 impassibili-

2110 2335 2271 2379 tatem
2318 2342 2528 2378 onmem
2559 2324 2892 2381 exhibentes.
2924 2324 3054 2378 Cum
3086 2325 3228 2379 enim
3270 2339 3445 2394 neque
3486 2327 3695 2378 calum-

2111 2419 2249 2478 niis,
2296 2434 2465 2487 neque
2512 2419 2717 2487 plagis,
2766 2432 2938 2486 neque
2991 2418 3332 2486 pecuniarum
3387 2418 3696 2486 direptione

2112 2509 2474 2574 tnordeautur,
2517 2524 2685 2577 neque
2727 2508 2820 2560 ulli
2863 2509 2935 2561 rei
2979 2508 3138 2563 simili
3186 2524 3434 2578 umquam
3480 2510 3696 2568 cedant.

2113 2598 2219 2651 imo
2243 2600 2414 2666 potius
2435 2598 2685 2652 a-rumnis
2714 2597 2959 2651 fortiores
2985 2598 3228 2664 evadant,
3259 2601 3537 2654 considera
3560 2616 3698 2670 qua-

2117 2691 2180 2743 lis
2210 2692 2381 2743 auima
2407 2706 2594 2745 eorum
2627 2684 2904 2744 efﬁciatur.
2938 2692 3226 2760 Propterea
3258 2692 3397 2761 quod
3428 2696 3482 2746 in
3506 2696 3695 2763 plagis,

2115 2781 2253 2850 quod
2284 2783 2331 2835 in
2362 2782 2597 2852 pecuniis
2620 2782 2787 2849 jubet,
2810 2782 2911 2837 hoc
2932 2792 2979 2837 et
3006 2784 3056 2837 iu
3086 2784 3181 2837 hac
3210 2800 3497 2852 requieque
3525 2787 3702 2840 facere

2118 2880 2389 2945 prwcrpit.
2438 2877 2573 2940 Quid
2623 2878 2830 2946 loquor,
2874 2877 3063 2946 inquit,
3112 2877 3179 2931 de
3224 2878 3582 2942 contumeliis,
3633 2880 3703 2935 de

2122 2967 2402 3034 pecuniis?
2443 2968 2497 3019 Si
2530 2967 2688 3019 etiam
2730 2968 2845 3036 ipso
2893 2983 3119 3036 corpore
3179 2977 3270 3023 tuo
3318 2972 3391 3024 uti
3450 2970 3582 3027 velit
3635 2975 3702 3026 ad

2122 3056 2358 3109 laborem
2386 3066 2440 3110 et
2466 3056 2894 3127 defatigationem
2923 3100 2937 3123 ,
2972 3058 3204 3128 illudque
3245 3063 3442 3133 injuste
3462 3104 3477 3126 ,
3518 3076 3705 3117 rursus

2124 3153 2358 3216 vincito,
2405 3163 2460 3207 et
2502 3153 2640 3206 illius
2681 3152 2913 3222 iniqttam
2962 3154 3307 3222 cupiditatem
3356 3166 3702 3226 exsuperata.

2126 3245 2415 3313 Aitgariare
2444 3244 2586 3298 enim
2609 3252 2690 3298 est
2729 3244 2907 3313 inique
2930 3245 3162 3310 trahere,
3195 3254 3250 3299 et
3273 3247 3389 3301 sine
3409 3247 3516 3301 ulla
3546 3264 3706 3316 pror-

2127 3353 2217 3390 sus
2244 3339 2446 3389 ratione
2475 3337 2579 3391 vim
2612 3336 2830 3390 inferre.
2866 3342 3109 3391 Attamen
3143 3336 3207 3392 ad
3233 3338 3333 3393 hoc
3360 3339 3518 3393 etiam
3549 3354 3707 3409 para.

2132 3442 2212 3484 tus
2237 3441 2373 3490 crto.
2406 3440 2459 3485 ut
2487 3432 2714 3501 amplius
2745 3432 2983 3501 patiaris,
3008 3448 3165 3503 quam
3200 3434 3290 3489 ille
3319 3436 3445 3489 Velit
3470 3437 3707 3506 exigere.

2129 3523 2218 3577 42.
2249 3523 2442 3576 Petenti
2468 3534 2514 3576 te
2539 3524 2622 3586 da,
2649 3534 2693 3577 et
2715 3523 2959 3577 volentem
2987 3540 3017 3575 a
3045 3534 3093 3578 te
3108 3526 3348 3592 mutuati,
3372 3543 3434 3580 ne
3448 3530 3710 3583 averseris.

2131 3614 2256 3669 ιιι-ο
2280 3617 2481 3668 minora
2508 3614 2609 3668 illis
2626 3626 2781 3678 sunt;
2814 3615 2907 3669 sed
2938 3630 3003 3670 ne
3025 3616 3235 3671 mireris
3266 3632 3281 3671 :
3310 3618 3386 3672 sic
3412 3620 3555 3674 enim
3578 3620 3716 3675 solet

2134 3722 2345 3774 semper
2376 3704 2578 3766 facere,
2620 3706 2825 3775 magnis
2868 3721 3024 3774 parva
3066 3708 3316 3763 miscens.
3347 3709 3403 3763 Si
3447 3725 3574 3764 vero
3601 3710 3717 3765 haec

2136 3797 2338 3851 minora
2370 3798 2477 3851 sint
2506 3797 2629 3862 illis,
2658 3798 2876 3850 audiant
2905 3799 2992 3867 qui
3024 3799 3197 3853 aliena
3222 3801 3456 3869 rapiunt,
3483 3802 3573 3872 qui
3598 3816 3714 3856 me-

2139 3888 2419 3943 retricibus
2456 3904 2551 3943 sua
2593 3888 2909 3958 largiuntur,
2942 3900 2996 3943 et
3032 3889 3230 3959 duplex
3271 3891 3370 3945 sibi
3417 3900 3603 3961 parant
3639 3891 3720 3945 in-

2138 3979 2382 4035 cendium
2409 4020 2424 4043 ,
2472 3990 2526 4032 et
2571 3995 2665 4047 per
2710 3980 2948 4048 iniquum
2996 3980 3195 4035 aditum
3222 4023 3235 4043 ,
3266 3991 3320 4035 et
3350 3998 3443 4050 per
3478 3992 3722 4049 sumptus

2142 4071 2485 4139 perniciosos.
2516 4070 2750 4125 Mutuutn
2781 4080 2955 4125 autem
2996 4072 3080 4125 hic
3118 4087 3221 4125 non
3254 4073 3550 4126 usurarium
3592 4073 3725 4127 illud

2143 4162 2317 4217 faenus
2343 4163 2629 4230 appellant,
2655 4162 2744 4217 sed
2776 4166 2925 4215 usum
2955 4163 3249 4231 simplicem
3302 4164 3439 4217 Alibi
3481 4180 3608 4218 vero
3639 4165 3720 4218 id-

2145 4255 2314 4322 ipsum
2348 4255 2609 4318 intendit,
2648 4255 2850 4320 dicens,
2890 4253 2994 4309 illis
3022 4255 3255 4309 dandum
3285 4271 3404 4309 esse
3424 4297 3438 4320 ,
3470 4273 3498 4309 a
3529 4258 3725 4326 quibus

2145 4346 2275 4399 nihil
2304 4355 2616 4415 recepturos
2646 4361 2743 4398 nos
2772 4361 3068 4414 speramus.
3096 4346 3183 4400 45.
3221 4346 3446 4400 Audistis
3486 4350 3604 4417 quia
3645 4350 3714 4401 di-

2144 4448 2279 4489 ctum
2309 4448 2382 4489 est
2406 4452 2424 4489 .'
2448 4435 2639 4506 Diliges
2668 4438 2950 4505 proximum
2987 4445 3126 4488 tuum
3152 4478 3165 4497 ,
3191 4448 3236 4489 et
3264 4438 3380 4490 odio
3403 4439 3604 4492 habebis
3623 4441 3720 4493 iui-

2146 4528 2331 4580 micum
2376 4539 2536 4579 tuum.
2576 4528 2663 4581 44.
2708 4525 2818 4595 Ego
2842 4538 3007 4579 autent
3038 4528 3150 4580 dico
3180 4529 3314 4581 vobis
3336 4547 3354 4582 :
3386 4528 3590 4599 Diligite
3626 4532 3725 4582 ini-

2150 4621 2303 4671 micas
2326 4628 2529 4678 vestros,
2552 4629 2594 4669 et
2621 4631 2758 4669 (mite
2785 4634 2876 4685 pro
2905 4619 3325 4671 calumniumibus
3350 4630 3396 4673 et
3427 4639 3727 4690 persequar-

2150 4711 2277 4763 tibus
2305 4703 2431 4773 vos}
2480 4709 2751 4761 benedicitc
2795 4709 3202 4763 nmlcdicentibus
3238 4712 3373 4764 vobis
3397 4751 3411 4774 ,
3457 4712 3728 4778 benefacite

2152 4804 2213 4855 iis
2236 4802 2320 4869 qui
2349 4819 2432 4854 vos
2471 4800 2681 4853 oderunt
2703 4842 2716 4863 ,
2751 4800 2840 4852 45.
2872 4809 2923 4853 ut
2968 4801 3077 4854 sitis
3117 4802 3305 4854 similes
3345 4801 3519 4856 Patris
3564 4808 3725 4868 vestri,
3752 4820 3767 4849 ο·

2150 4892 2238 4961 qui
2262 4901 2331 4945 cst
2358 4896 2407 4943 in
2435 4892 2572 4944 caelis
2594 4932 2610 4956 ,
2640 4892 2725 4961 qui
2752 4892 2906 4943 solem
2932 4908 3074 4944 suum
3102 4894 3224 4944 oriri
3252 4894 3372 4962 facit
3400 4911 3553 4962 super
3580 4896 3733 4949 bonos

2153 4994 2199 5038 et
2249 4982 2438 5046 malos,
2488 4994 2533 5035 et
2580 4982 2708 5051 pluit
2735 4999 2886 5051 super
2917 4985 3084 5051 justas
3109 4994 3154 5036 et
3179 4985 3413 5055 injustas.
3444 4986 3578 5040 Vide
3600 5004 3731 5057 quo-

2155 5077 2313 5132 modo
2342 5077 2578 5130 ultimam
2607 5076 2866 5128 bonorum
2890 5075 3196 5129 coronidetn
3226 5078 3419 5145 posuit.
3448 5079 3733 5149 PtOpterea

2154 5170 2297 5223 enim
2336 5168 2495 5220 docet
2518 5209 2531 5228 ,
2561 5183 2665 5219 nott
2697 5167 2855 5219 modo
2881 5166 3119 5234 colaphis
3143 5168 3411 5221 ctedeutes
3442 5169 3613 5235 ferre,
3642 5173 3735 5225 sed

2157 5259 2316 5314 etiam
2334 5258 2606 5311 dexteram
2626 5256 2891 5309 maxillam
2918 5257 3155 5325 praebere
3178 5298 3193 5321 ,
3230 5274 3402 5327 neque
3432 5268 3633 5313 tanttun
3657 5271 3735 5315 tu-

2158 5352 2290 5406 nica:
2316 5348 2529 5416 pallium
2556 5347 2807 5415 adjicere,
2832 5348 2923 5400 sed
2959 5361 3077 5400 cum
3108 5349 3417 5417 augariante
3459 5350 3526 5404 ad
3573 5367 3737 5405 unum

2160 5440 2460 5495 tnilliarimn
2507 5454 2600 5506 per
2627 5438 2733 5491 duo
2763 5438 3006 5491 milliaria
3043 5439 3327 5503 incedere,
3371 5450 3426 5493 ut
3463 5441 3611 5511 quod
3654 5444 3739 5498 his

2163 5535 2319 5601 longe
2347 5532 2518 5597 majus
2544 5538 2658 5584 erat
2696 5546 2816 5584 cum
2836 5524 2988 5585 ‘omni
3022 5529 3271 5584 facilitate.
3300 5533 3621 5601 susciperes.
3678 5535 3741 5590 Et

2160 5624 2306 5693 quid,
2332 5624 2557 5690 inquies,
2583 5622 2663 5674 his
2687 5622 2856 5691 majus
2875 5633 2955 5675 est
2974 5623 2999 5674 ’ἒ
3032 5621 3179 5675 Illum
3201 5624 3291 5695 qui
3315 5628 3423 5677 hate
3453 5624 3611 5678 faciat
3636 5642 3741 5678 non

2162 5718 2432 5780 inimicum
2473 5716 2667 5775 habere
2701 5732 2713 5769 :
2747 5717 2850 5773 into
2881 5725 2934 5769 et
2960 5715 3155 5792 aliquid
3194 5716 3339 5771 aliud
3384 5718 3575 5791 majus.
3623 5717 3739 5779 Non

3699 950 3709 995 ξ

3698 1000 3706 1021 t
