4050 6220
319 321 427 375 269

320 435 464 487 enim
497 437 570 485 ait
594 472 610 495 ,
650 430 726 485 Ne
777 428 898 482 odio
947 425 1164 489 habeas,
1194 421 1308 485 sed,
1344 421 1512 488 Dilige
1542 437 1554 470 :
1591 432 1694 470 non
1727 413 1890 476 dixit,

320 522 398 578 Ne
422 522 585 577 kedas
607 563 622 586 ,
651 521 762 583 sed,
795 517 1110 573 Benelacito.

397 614 449 667 ι.
489 612 675 666 Novem
701 610 969 664 Christiani
1014 624 1131 676 ergo
1161 604 1386 658 inimicos
1411 600 1566 670 ofﬁcii
1595 597 1800 666 gradus.
1832 623 1899 632 ——

324 705 379 758 Si
409 705 525 771 quis
554 717 677 756 vero
703 701 814 754 lucc
843 709 1087 753 accurate
1118 693 1496 762 exploraverit,
1529 689 1668 742 aliud
1701 685 1900 739 videbit

328 796 738 851 additamentum
759 793 840 847 his
862 793 1014 859 longe
1037 789 1221 856 majus.
1251 786 1364 840 Non
1387 785 1528 838 enim
1554 784 1722 834 solmn
1744 777 1900 844 jussit

327 888 541 956 diligere
560 927 573 948 ,
619 883 714 937 sed
744 892 799 937 et
838 897 933 950 pro
965 881 1028 933 iis
1057 893 1230 932 orare.
1268 873 1457 928 Viden‘
1485 888 1620 942 quos
1648 867 1899 922 ascende-

326 979 390 1030 rit
416 976 628 1046 gradus,
659 987 715 1030 et
746 972 1014 1044 quomodo
1041 985 1138 1024 nos
1164 972 1214 1022 in
1246 970 1418 1038 ipsum
1453 965 1660 1019 virtutis
1686 963 1893 1016 culmen

321 1068 699 1123 constituerit?
729 1065 1050 1120 Consideres
1089 1062 1247 1116 velim
1277 1075 1426 1113 eos-a
1472 1054 1730 1127 principio
1768 1067 1900 1105 enu-

321 1176 555 1216 merans.
605 1160 816 1213 Primus
859 1156 1054 1228 gradus
1092 1165 1203 1219 est,
1233 1171 1340 1208 non
1385 1153 1626 1216 iniuriam
1663 1147 1896 1209 inferre;

319 1255 607 1317 secundus,
633 1253 717 1306 ubi
751 1254 952 1319 incepta
981 1257 1061 1303 est
1087 1248 1300 1315 injuria,
1333 1263 1434 1298 non
1469 1244 1610 1297 illam
1644 1242 1753 1310 pari
1785 1240 1899 1293 vice

322 1343 538 1408 ulcisci;
561 1343 764 1406 tertius,
789 1358 891 1394 non
916 1339 1174 1394 infert-eiu
1202 1336 1482 1390 laedentem
1508 1332 1734 1403 idipsum
1760 1330 1898 1398 quod

323 1451 509 1505 passus
534 1450 592 1488 es
611 1475 626 1495 ,
659 1432 752 1486 sed
780 1431 1056 1500 quiescere
1081 1443 1100 1492 ;
1129 1437 1348 1496 quartus
1369 1466 1384 1490 ,
1419 1442 1476 1477 se
1508 1426 1678 1491 ipsum
1706 1421 1900 1475 oll‘erre

322 1529 389 1581 ad
435 1527 629 1579 malum
677 1522 1020 1592 patiendum;
1049 1520 1264 1589 quintus
1290 1558 1305 1582 ,
1352 1518 1496 1585 plura
1538 1515 1610 1568 illi
1642 1515 1898 1582 praebere,

324 1635 482 1688 quam
511 1617 625 1685 ipse
658 1615 787 1667 velit
815 1614 903 1681 qui
934 1613 1132 1665 malum
1156 1609 1329 1663 intulit
1357 1623 1371 1671 ;
1402 1617 1583 1661 srxtus
1605 1647 1619 1670 ,
1647 1621 1750 1657 non
1781 1603 1904 1658 odio

326 1711 524 1764 habere
555 1709 700 1761 illum
731 1707 819 1774 qui
852 1705 972 1758 talia
1003 1702 1201 1772 egerit;
1235 1699 1512 1767 septimus,
1548 1698 1716 1764 ipsmn
1744 1695 1902 1748 etiam

325 1803 576 1871 diligere;
601 1808 834 1860 octavus,
863 1795 960 1863 ipsi
984 1793 1293 1848 benefacere
1313 1808 1327 1854 ;
1347 1803 1534 1850 nouus,
1560 1788 1721 1840 Deum
1743 1786 1902 1840 etiam

330 1913 426 1964 pro
449 1896 562 1961 ipso
585 1892 808 1961 precari.
841 1889 1084 1942 VidiStiu‘
1114 1884 1464 1955 philosophia:
1490 1881 1700 1935 culmen
1728 1880 1752 1931 ’ἐ
1781 1878 1903 1932 Ideo

328 1989 486 2040 etiam
535 1982 866 2052 Splendidum
909 1979 994 2033 ille
1045 1978 1314 2046 praemium
1364 1972 1542 2026 habet.
1594 1969 1725 2036 Quia
1758 1968 1901 2022 enim

332 2093 575 2144 magnum
622 2083 942 2144 pnereptnm
981 2081 1130 2132 erat,
1162 2083 1223 2121 ac
1251 2077 1472 2120 strenuo
1503 2079 1634 2130 Opus
1673 2060 1905 2114 habebat

328 2169 526 2229 animo,
555 2180 846 2232 magnaque
876 2160 1170 2229 diligentia,
1195 2155 1493 2211 mercedem
1529 2153 1603 2207 ilti
1630 2151 1903 2206 constituit

328 2259 528 2320 talem,
577 2257 785 2324 qualem
837 2254 961 2306 nulli
1017 2253 1272 2321 priorum.
1327 2247 1440 2301 Non
1503 2247 1644 2300 enim
1707 2255 1900 2298 terram

329 2351 414 2404 hic
443 2356 846 2410 commemorat,
897 2353 953 2398 ttt
997 2357 1115 2397 cum
1159 2343 1224 2396 de
1271 2341 1484 2394 mitibus
1528 2347 1748 2408 ageret;
1799 2353 1901 2390 non

326 2439 743 2493 consolationem
798 2443 851 2488 ct
907 2435 1348 2497 misericordiam,
1383 2442 1438 2484 ut
1467 2446 1586 2484 cum
1620 2429 1687 2483 de
1719 2429 1903 2497 lugen-

329 2532 468 2583 tibus
498 2541 548 2583 et
573 2530 637 2581 de
666 2525 1100 2581 misericordibus
1129 2541 1143 2587 ;
1189 2541 1292 2577 non
1317 2524 1383 2578 de
1417 2537 1580 2591 regno
1610 2522 1859 2574 caelorum
1892 2535 1905 2571 :

327 2621 420 2674 sed
451 2620 589 2690 quod
621 2619 856 2673 omnium
889 2617 1340 2671 mirabilissimum
1367 2625 1515 2677 erat,
1544 2612 1681 2681 quod
1722 2614 1910 2665 tierent

330 2714 420 2766 Dei
451 2713 684 2775 similes,
714 2719 966 2779 quantum
1019 2716 1240 2776 possunt
1282 2705 1526 2758 homines
1562 2703 1656 2772 ipsi
1689 2717 1808 2756 esse
1832 2700 1905 2755 si-

331 2804 506 2858 miles.
537 2801 604 2856 Ut
624 2803 754 2862 sitis,
787 2798 974 2868 inquit,
1005 2799 1192 2852 similes
1217 2797 1390 2849 Patris
1416 2796 1564 2848 vestri
1587 2795 1673 2862 qui
1694 2795 1745 2845 in
1774 2793 1911 2846 cortis

329 2907 423 2950 est.
457 2895 534 2947 'l‘u
559 2908 684 2946 vero
705 2893 957 2946 observes
989 2889 1169 2953 velim,
1201 2889 1373 2957 ipsum
1406 2901 1576 2954 neque
1608 2884 1712 2948 hic,
1739 2899 1910 2953 neque

333 2989 384 3040 in
416 2984 777 3052 superioribus
809 2983 1021 3037 Patrem
1069 2995 1222 3035 suum
1269 2993 1498 3040 vocare;
1533 2977 1625 3030 sed
1661 2976 1766 3029 illic
1795 2975 1911 3044 qui-

331 3079 453 3130 dem
486 3077 649 3130 Demn
693 3084 744 3129 et
785 3089 962 3142 regem
1009 3086 1295 3140 tnagnum,
1325 3084 1444 3122 emn
1489 3067 1554 3121 de
1588 3065 1910 3136 juramentis

331 3172 439 3239 agit
467 3187 479 3229 ;
511 3169 596 3222 hic
627 3181 751 3219 vero
784 3164 992 3218 Patrem
1033 3164 1292 3230 ipsorum.
1325 3159 1378 3213 Id
1409 3175 1536 3213 vero
1566 3160 1673 3228 agit
1702 3157 1799 3211 hos
1828 3157 1908 3210 lo-

332 3259 526 3331 queudi
574 3255 760 3310 modos
808 3257 858 3308 itt
911 3263 1269 3322 opportunum
1324 3261 1532 3320 tempus
1603 3264 1907 3304 reservans.

337 3351 536 3406 Deinde
587 3350 636 3404 in
688 3360 967 3417 progressu
1006 3345 1406 3399 similitudinem
1457 3344 1601 3397 illam
1637 3342 1909 3396 declarat:

337 3444 437 3508 Qui
481 3440 637 3496 solem
690 3455 834 3491 suum
876 3437 1000 3490 oriri
1045 3437 1163 3506 facit
1210 3452 1360 3504 super
1388 3435 1541 3487 bonos
1569 3443 1612 3486 et
1644 3433 1834 3495 mulos,
1865 3444 1912 3484 et

334 3534 464 3604 pluit
491 3547 641 3601 super
661 3531 826 3600 justas
862 3537 910 3582 et
953 3528 1188 3596 injustas.
1221 3526 1425 3580 Etenim
1455 3526 1572 3579 illos
1617 3541 1720 3578 non
1753 3523 1911 3578 modo

334 3643 440 3679 non
468 3625 598 3686 odit,
633 3623 818 3691 inquit,
844 3622 935 3674 sed
958 3622 1117 3675 etiam
1145 3620 1403 3674 beneflcio
1425 3618 1588 3672 afﬁcit
1615 3632 1708 3672 eos
1737 3615 1826 3685 qui
1853 3631 1911 3670 se

333 3715 522 3781 injuria
545 3713 801 3766 afficiunt.
824 3711 1153 3781 Quamquam
1185 3710 1324 3763 nulla
1353 3709 1420 3762 sit
1443 3709 1540 3762 hac
1571 3709 1621 3760 iu
1649 3722 1706 3760 re
1733 3721 1908 3775 aequa-

333 3809 475 3864 litas.
507 3820 611 3859 non
639 3805 807 3857 solum
840 3812 1055 3871 propter
1081 3799 1320 3855 beneficii
1350 3799 1784 3868 magnitudinem.
1815 3797 1910 3851 sed

331 3899 494 3952 etiam
524 3904 738 3964 prepter
769 3893 1040 3962 dignitatis
1065 3883 1428 3946 eminentiani.
1456 3889 1535 3944 Tu
1558 3891 1701 3943 enim
1722 3906 1750 3941 a
1777 3905 1909 3942 cou-

331 4004 489 4044 servo
535 3984 846 4055 despiceris,
880 3984 967 4037 ille
1009 3990 1188 4036 autem
1217 3997 1246 4034 a
1276 3996 1431 4036 servo
1457 3997 1614 4050 quem
1642 3980 1910 4034 sexcentis

334 4077 605 4132 beneliciis
647 4074 826 4128 allecit
859 4089 873 4137 ;
925 4081 979 4128 et
1033 4082 1086 4126 tu
1128 4073 1342 4141 quidem
1379 4070 1540 4124 verba
1568 4071 1757 4136 donas,
1785 4069 1909 4123 dum

334 4185 442 4239 pro
462 4169 552 4222 illo
581 4167 816 4237 precaris
837 4207 852 4230 ,
883 4164 974 4218 ille
1013 4180 1140 4218 vero
1185 4178 1270 4218 res
1295 4163 1579 4218 admodum
1610 4177 1828 4232 magnas
1857 4172 1911 4218 et

335 4261 626 4326 mirabiles,
655 4259 822 4313 solem
852 4256 1149 4311 accendens
1175 4264 1230 4311 et
1250 4270 1456 4309 annuos
1483 4257 1681 4310 imbres
1712 4269 1910 4324 suppe-

335 4355 512 4408 ditans
538 4354 575 4406 ¹.
606 4354 852 4404 Attamen
877 4349 953 4403 sic
975 4347 1212 4403 concedo
1239 4356 1289 4401 te
1305 4347 1563 4416 aequalem
1584 4362 1723 4412 esse,
1744 4362 1911 4416 quau-

334 4459 444 4502 tnm
499 4455 674 4517 potest
717 4445 895 4497 homo.
928 4442 1004 4497 Ne
1034 4443 1210 4512 itaque
1249 4442 1373 4495 odio
1405 4441 1598 4496 habeas
1639 4440 1908 4495 hominem

331 4541 418 4609 qui
449 4548 500 4592 te
533 4537 672 4590 malo
711 4535 891 4597 aflicit,
923 4549 1042 4588 cum
1075 4535 1166 4588 tibi
1200 4541 1276 4587 tot
1300 4534 1437 4588 bona
1458 4533 1728 4596 conciliet,
1759 4543 1813 4587 et
1841 4531 1908 4586 ad

333 4645 535 4687 tantum
585 4641 635 4684 te
679 4629 939 4683 honorem
968 4626 1161 4690 ducat;
1197 4643 1263 4681 ne
1304 4625 1588 4680 maledicas
1633 4624 1682 4680 ei
1722 4625 1811 4694 qui
1860 4633 1911 4677 te

328 4727 527 4780 damno
555 4723 718 4777 allicit
742 4741 755 4774 :
779 4721 1009 4790 alioquin
1038 4728 1090 4774 et
1117 4718 1352 4772 laborem
1381 4717 1688 4782 sustinebis,
1718 4728 1772 4770 et
1793 4715 1909 4786 ejus

331 4817 504 4870 fructu
534 4813 864 4884 privaberis;
905 4811 1156 4865 damnum
1202 4808 1341 4863 feres
1370 4819 1420 4862 et
1455 4807 1755 4863 mercedem
1790 4823 1909 4876 per-

330 4908 461 4969 des;
493 4905 634 4974 quod
660 4914 911 4958 extrema:
940 4908 1022 4956 est
1049 4901 1350 4964 dementiae,
1385 4899 1523 4968 quod
1553 4899 1753 4953 scilicet
1784 4914 1904 4953 cum

329 4999 575 5070 graviora
597 4996 1024 5059 sustinuerimus,
1049 4993 1254 5047 minora
1284 5006 1390 5045 non
1414 4993 1662 5044 teramus.
1688 4991 1754 5044 Et
1777 5005 1909 5060 quo-

335 5091 494 5145 modo
519 5131 534 5154 ,
581 5089 785 5158 inquies
804 5127 819 5152 ,
859 5092 1038 5155 potest
1063 5085 1166 5137 hoc
1197 5084 1348 5137 fieri?
1376 5083 1506 5138 Cum
1541 5083 1702 5137 Deum
1728 5082 1909 5137 videas

334 5182 605 5236 hominem
625 5180 819 5233 factum
847 5184 1048 5230 tantum
1080 5175 1444 5240 descendisse,
1477 5185 1528 5230 et
1561 5184 1703 5229 tanta
1736 5189 1831 5243 pro
1857 5183 1909 5230 te

332 5289 547 5344 passum
578 5286 696 5326 esse
715 5310 729 5333 ,
756 5271 1052 5338 interrogas
1078 5267 1251 5321 adhuc
1276 5277 1329 5322 et
1355 5267 1576 5335 ambigis
1598 5307 1612 5330 ,
1639 5265 1908 5336 quomodo

332 5380 616 5437 possumus
667 5362 886 5430 injurias
938 5360 1210 5415 conservis
1258 5358 1712 5414 remittere‘iNon
1754 5359 1906 5413 audis

329 5460 478 5512 illum
527 5458 577 5510 in
621 5471 778 5510 cruce
827 5454 1090 5509 dicentem
1126 5473 1139 5506 :
1172 5453 1380 5505 Dimitte
1422 5451 1576 5516 illis;
1631 5468 1730 5504 non
1776 5452 1908 5504 enim

328 5554 491 5604 sciunt
520 5547 643 5619 quid
672 5548 861 5617 faciunt
890 5545 1038 5616 (Luc.
1065 5545 1161 5608 25,
1188 5543 1280 5614 54)
1305 5545 1328 5598 ?
1362 5543 1477 5598 Non
1507 5543 1657 5598 audis
1682 5543 1905 5598 Paulum

393 5687 410 5718 ι
446 5692 574 5749 Unus
597 5683 760 5742 habet,
783 5689 828 5732 ct
842 5681 979 5745 quasi
995 5693 1153 5732 annua
1175 5679 1307 5745 nobis
1323 5679 1503 5732 solvens
1523 5679 1715 5732 tributa.

1452 303 1514 358 IN
1555 295 1960 356 ΜᾸΤΤΙΙΑΞΕΜ
2005 293 2226 348 IIOMIL.
2272 295 2458 351 XVIII.

3471 305 3578 361 278

2007 406 2268 461 dicentem
2305 428 2317 461 :
2354 409 2453 473 Qui
2488 413 2710 464 ascendit
2740 431 2978 480 sursum,
3009 429 3053 470 et
3092 422 3225 472 sede:
3263 419 3315 474 iu
3345 424 3577 492 dextera,

2004 500 2289 568 interpellat
2315 517 2404 568 pt'u
2427 501 2565 554 nobis
2592 502 2767 568 (Rom.
2799 506 2853 572 8,
2879 506 2998 573 54)?
3017 507 3131 564 Non
3159 511 3304 565 vides
3325 514 3578 580 quoniam

2007 601 2123 659 post
2150 608 2362 646 crucem
2411 603 2460 646 et
2503 598 2869 650 ascensionem
2896 598 3114 663 Jutlzris,
3147 606 3234 671 qui
3264 623 3320 659 se
3353 608 3578 662 interfe-

2003 691 2205 744 cerant,
2237 684 2439 738 miserit
2464 688 2752 753 apostolos,
2781 689 2868 756 qui
2897 706 3145 746 sexcenta
3175 695 3300 762 ipsis
3325 698 3580 754 afferrent

2005 775 2159 832 Dttlta,
2195 775 2348 842 idque
2377 793 2497 830 cum
2529 779 2672 832 mille
2697 780 2763 832 ab
2793 781 2919 847 ipsis
2950 787 3152 849 passuri
3189 798 3370 842 essent
3397 794 3531 844 mala
3561 793 3584 845 ?

2004 860 2072 913 At
2098 871 2150 914 tu
2181 864 2337 917 Izcsus
2364 865 2647 920 admodum
2677 869 2780 922 es?
2810 871 2873 924 Et
2897 873 3020 938 quid
3056 885 3255 930 tantum
3289 893 3476 946 passus
3501 896 3581 944 es,

2005 964 2257 1019 quantum
2296 956 2550 1010 Dominus
2578 968 2715 1025 tuus,
2749 961 2976 1025 vinctus,
3008 967 3247 1033 colaphis
3273 986 3463 1034 cmsus,
3489 973 3582 1026 liae

2004 1048 2245 1114 gellatus,
2275 1066 2301 1098 a
2333 1050 2504 1103 servis
2525 1063 2835 1120 consputus,
2869 1068 3092 1112 mortem
3118 1075 3324 1127 passus,
3357 1075 3582 1118 mortem

2004 1139 2242 1191 omnium
2275 1143 2632 1208 turpissimam
2660 1186 2671 1206 ,
2705 1145 2864 1215 idque
2910 1159 3029 1216 post
3060 1152 3208 1206 mille
3242 1153 3384 1206 illata
3420 1156 3582 1209 bene—

2008 1229 2165 1280 licia?
2195 1230 2248 1283 Si
2274 1246 2432 1297 porro
2463 1234 2681 1287 multum
2709 1237 2865 1291 lzesus
2891 1239 2994 1302 sis,
3040 1240 3158 1295 ideo
3193 1245 3424 1298 maxime
3456 1246 3586 1314 ipsis

2009 1318 2259 1372 beneficia
2282 1322 2484 1386 confer,
2505 1335 2560 1378 ut
2584 1335 2635 1379 et
2663 1328 2750 1380 tibi
2781 1331 3190 1397 splendidiorem
3219 1344 3400 1388 nectas
3425 1353 3584 1391 coro-

2009 1425 2150 1471 nam,
2183 1423 2236 1465 et
2265 1412 2476 1466 fratrem
2500 1435 2528 1467 ει
2551 1419 2862 1484 gravissimo
2891 1423 3078 1477 morbo
3119 1426 3332 1479 liberes.
3373 1427 3500 1480 Nam
3527 1439 3582 1482 et

2010 1504 2198 1559 medici
2219 1547 2234 1568 ,
2283 1507 2490 1575 quando
2517 1511 2584 1561 ab
2611 1527 2752 1578 :rgro
2783 1510 2990 1566 furente
3013 1515 3249 1570 calcibus
3295 1527 3348 1570 et
3380 1519 3584 1584 injuriis

2011 1599 2356 1669 impetuutur,
2407 1613 2529 1655 tunc
2575 1604 2803 1658 maxime
2851 1605 2993 1674 ipsos
3043 1607 3384 1673 miserantur,
3426 1621 3478 1663 et
3518 1611 3586 1664 ad

2009 1695 2288 1748 sanitatem
2341 1695 2468 1762 ipsis
2513 1695 2894 1749 restituendam
2945 1710 3063 1751 sese
3109 1709 3389 1766 apparent,
3435 1705 3584 1768 gnari

2008 1788 2380 1840 contumeliam
2411 1787 2550 1839 illam
2581 1805 2608 1840 a
2643 1789 2888 1840 vio!entia
2921 1790 3088 1844 morbi
3119 1792 3404 1860 proﬁcisci.
3438 1794 3501 1847 Et
3531 1805 3584 1846 tu

2009 1877 2186 1946 itaque
2220 1878 2352 1931 hanc
2378 1879 2515 1931 circa
2541 1879 2874 1932 insidiatores
2899 1890 3076 1934 teneto
3100 1886 3416 1936 sententiam
3443 1926 3456 1946 ,
3486 1885 3587 1937 sic-

2008 1991 2113 2045 que
2155 1991 2277 2044 erga
2327 1975 2579 2029 lzcdeutes
2609 1986 2658 2028 te
2685 1992 2838 2044 geras
2873 1995 2885 2028 :
2926 1976 2997 2028 illi
3044 1993 3274 2046 namque
3321 1988 3445 2030 sunt
3499 1980 3586 2045 qtti

2011 2085 2134 2122 vere
2158 2068 2342 2121 morbo
2365 2067 2605 2121 laborant
2632 2077 2688 2122 ct
2709 2067 2811 2120 vim
2838 2068 3110 2136 patiuntur
3134 2087 3367 2124 omnem.
3396 2070 3586 2124 Libera

2012 2159 2171 2228 igitur
2197 2174 2316 2212 eum
2349 2175 2375 2210 a
2404 2158 2548 2228 gravi
2574 2159 2673 2210 isto
2696 2158 2913 2223 daumo,
2940 2167 2992 2212 et
3021 2159 3086 2213 da
3115 2176 3329 2228 operam
3374 2173 3427 2214 ιιι
3456 2163 3586 2214 iram

2011 2249 2280 2314 remittat;
2307 2266 2334 2302 a
2357 2263 2502 2303 sazvo
2522 2249 2785 2312 daemone,
2819 2266 3010 2318 nempe
3036 2251 3234 2316 furove,
3260 2255 3427 2320 eripe.
3457 2253 3585 2304 Nam

2008 2359 2134 2398 cum
2165 2342 2523 2395 da-moniacos
2555 2343 2815 2406 videtmts,
2859 2341 3246 2413 lacrymatnur,
3280 2360 3450 2413 neque
3479 2354 3587 2398 stu-

2012 2437 2200 2488 demus
2246 2434 2342 2501 ipsi
2374 2449 2402 2486 a
2434 2434 2675 2487 daemone
2717 2433 2922 2501 agitari.
2955 2435 3063 2487 lloc
3090 2435 3247 2502 igitur
3271 2451 3394 2504 erga
3426 2436 3589 2490 iratos

2015 2542 2152 2580 nunc
2166 2525 2447 2590 faciamus;
2473 2542 2591 2579 nam
2621 2527 2682 2580 IIS
2703 2527 2901 2582 similes
2921 2538 3041 2582 sunt
3068 2529 3334 2594 iracundi;
3360 2529 3466 2582 imo
3489 2529 3589 2583 illis

2014 2617 2317 2672 miseriores
2367 2627 2531 2682 sunt,
2584 2617 2671 2687 qui
2724 2618 2969 2672 Sensibus
3018 2620 3238 2688 integris
3293 2621 3586 2676 insaniunt.

2013 2707 2368 2776 Quatuobrem
2420 2706 2630 2760 illorum
2661 2707 2890 2760 amentia
2922 2710 3128 2761 veniam
3176 2725 3278 2763 non
3327 2694 3587 2765 meretur.

2085 2802 2138 2856 5.
2178 2799 2254 2855 Ne
2293 2801 2467 2871 itaque
2487 2800 2746 2870 jacentem
2777 2800 3016 2862 invadas,
3052 2804 3157 2856 imo
3196 2805 3369 2872 potius
3419 2806 3590 2872 ipsum

2013 2894 2290 2948 miserare.
2314 2892 2446 2947 Nam
2477 2893 2519 2946 si
2551 2891 2849 2962 quempiam
2879 2893 3154 2948 videamus
3174 2909 3202 2946 a
3229 2895 3332 2950 bile
3360 2897 3590 2966 exagita-

2017 2995 2125 3037 tmn
2155 2993 2209 3038 et
2237 2983 2496 3052 vertigine
2518 2994 2752 3052 captum,
2784 2999 2847 3038 ac
2877 3000 3096 3053 pravum
3143 2986 3288 3040 illum
3313 2987 3588 3041 lmmoreut

2016 3090 2268 3130 evomere
2305 3075 2665 3142 festinantem,
2694 3090 2909 3130 manum
2936 3076 3274 3146 porrigimus,
3302 3087 3353 3131 et
3375 3079 3452 3130 sic
3476 3079 3588 3145 agi-

2023 3173 2190 3219 tatqu
2209 3171 2811 3231 susteutamus,etiamsi
2828 3172 3049 3240 pallium
3070 3173 3440 3239 inquinemus,
3458 3174 3592 3229 nihil

2021 3271 2310 3323 curamus;
2365 3259 2458 3314 sed
2491 3261 2542 3313 id
2575 3263 2751 3315 solum
2781 3278 3058 3324 curamus.
3102 3275 3160 3317 ut
3189 3265 3337 3318 illmn
3367 3282 3396 3320 a
3440 3266 3590 3335 gravi

2020 3346 2332 3416 hujusmodi
2363 3353 2610 3420 angustia
2644 3370 2921 3408 eruamus.
2963 3355 3071 3410 Hoc
3096 3357 3274 3425 itaque
3298 3374 3426 3427 erga
3458 3359 3592 3413 istos

2018 3439 2179 3492 etiam
2213 3455 2457 3508 agamus,
2509 3454 2876 3499 sustcutcmus
2926 3460 3202 3502 vomentes
3249 3458 3302 3502 et
3335 3451 3587 3518 agitatas,

2019 3544 2194 3598 neque
2227 3532 2378 3598 prius
2404 3534 2764 3598 dimittamus,
2805 3553 2966 3604 qualn
3003 3537 3143 3592 hanc
3168 3542 3587 3595 amaritudinem

2016 3638 2232 3677 omnem
2256 3625 2624 3691 deposuerint.
2688 3626 2751 3679 Et
2788 3637 2917 3682 tunc
2967 3631 3059 3683 tibi
3084 3632 3284 3700 gratias
3317 3633 3590 3686 habebunt

2016 3715 2299 3777 maximas,
2319 3731 2440 3770 cum
2465 3719 2803 3786 quieverint:
2834 3730 2964 3774 tunc
2993 3721 3037 3774 is
3061 3723 3205 3776 clare
3225 3731 3535 3792 cognoscet,
3560 3739 3589 3775 a

2017 3818 2218 3876 quanta
2248 3810 2394 3863 illum
2421 3812 2824 3880 perturbatione
2853 3815 3082 3868 erueris.
3125 3813 3186 3867 Et
3220 3815 3348 3882 quid
3379 3816 3500 3867 dico
3522 3815 3590 3867 ab

2015 3898 2110 3953 illo
2128 3899 2221 3953 tibi
2239 3900 2462 3968 gratiam
2485 3917 2605 3954 esse
2627 3902 2960 3955 referendam
2982 3902 3150 3955 ?Nam
3173 3913 3224 3955 te
3249 3903 3386 3956 Deus
3408 3905 3590 3955 statim

2014 3992 2309 4054 coronabit,
2337 4001 2390 4046 et
2419 3990 2709 4044 innumeris
2742 3988 3100 4042 renumerabit
3130 3987 3303 4052 bonis,
3334 3987 3454 4056 quia
3489 3987 3591 4040 fra-

2017 4093 2150 4138 trem
2197 4092 2341 4135 tuum
2371 4097 2399 4134 a
2420 4080 2564 4149 gravi
2584 4077 3024 4132 morboliberasti
3053 4094 3065 4130 :
3106 4077 3198 4131 sed
3225 4076 3383 4130 etiam
3428 4076 3514 4130 ille
3544 4085 3592 4128 te

2017 4185 2074 4228 ut
2099 4171 2371 4227 dominum
2416 4169 2728 4232 honorabit,
2758 4177 2898 4221 tuatn
2930 4167 3150 4220 otnnino
3179 4167 3437 4220 reveritus
3483 4181 3596 4219 mo-

2015 4261 2366 4318 derationem.
2397 4260 2585 4314 Annon
2608 4259 2758 4313 vides
2786 4258 3053 4327 parientes
3074 4257 3345 4320 mulieres,
3373 4271 3594 4325 quomo-

2016 4355 2086 4409 do
2127 4354 2328 4407 vicinas
2357 4353 2454 4406 sibi
2479 4353 2777 4415 mordeant,
2803 4361 2857 4406 et
2880 4352 2981 4405 illas
3013 4361 3186 4404 tamen
3221 4367 3322 4403 non
3372 4350 3592 4404 dolent?

2016 4447 2126 4501 lmo
2153 4445 2352 4508 dolent,
2381 4446 2473 4498 sed
2506 4444 2632 4498 illud
2665 4445 2871 4498 fortiter
2909 4446 3118 4508 ferttnt,
3169 4451 3221 4495 et
3246 4441 3593 4495 commisera-

2017 4541 2160 4593 tione
2187 4538 2451 4591 ducuntur
2477 4553 2597 4606 erga
2626 4537 2870 4591 dolentes
2923 4545 2977 4590 et
3023 4552 3052 4588 a
3107 4543 3256 4604 partu
3311 4533 3591 4588 dissectas.

2017 4630 2122 4684 llas
2159 4637 2215 4682 ιιι
2255 4643 2466 4697 quoque
2513 4627 2720 4682 imitare
2765 4643 2936 4695 neque
2988 4626 3061 4678 sis
3105 4626 3231 4694 ipsis
3287 4623 3594 4677 mulieribus

2015 4723 2246 4776 tuollior.
2279 4721 2410 4774 Cum
2433 4721 2574 4773 enim
2618 4721 2918 4787 pepererint
2946 4718 3198 4772 mulieres
3225 4718 3337 4771 ista:
3367 4715 3594 4788 (mulie-

2017 4815 2162 4869 ribus
2195 4815 2390 4883 quippe
2411 4821 2533 4866 sunt
2569 4811 2643 4864 illi
2671 4811 2798 4864 rixis
2854 4810 3130 4864 movendis
3177 4808 3592 4878 promptiores),

2017 4919 2141 4962 tunc
2167 4918 2216 4962 te
2249 4907 2417 4960 virum
2468 4919 2587 4959 esse
2615 4911 2954 4972 cognoscent.
3006 4900 3155 4968 Quod
3184 4901 3228 4954 si
3255 4900 3440 4970 gravia
3483 4899 3596 4953 haec

2019 5009 2282 5072 praecepta
2317 5007 2459 5062 sunt,
2490 4996 2664 5066 cogita
2693 4996 2810 5048 ideo
2837 4994 3046 5050 venisse
3072 4993 3367 5057 Christum,
3399 5005 3456 5046 ut
3483 4992 3597 5046 lucc

2018 5093 2070 5147 in
2101 5091 2293 5146 animis
2325 5089 2522 5142 nostris
2545 5089 2823 5149 insereret,
2850 5094 2909 5139 ut
2934 5102 3030 5138 nos
3053 5093 3106 5138 et
3127 5083 3312 5139 amicis
3341 5095 3392 5138 et
3420 5082 3598 5137 inimi-

2015 5187 2094 5241 cis
2121 5186 2278 5239 utiles
2303 5182 2562 5236 efficeret.
2587 5178 2712 5234 Ideo
2737 5182 3016 5232 amborum
3062 5191 3242 5231 curam
3285 5189 3470 5245 gerere
3504 5173 3597 5241 ju-

2017 5278 2148 5341 bet;
2203 5276 2445 5337 fratrum,
2477 5288 2596 5325 cum
2659 5270 2816 5334 dicit,
2870 5268 2930 5323 Si
2979 5266 3132 5334 oﬂ'ers
3177 5282 3356 5319 manus
3412 5274 3601 5323 tuum;

2015 5367 2378 5431 inimicorum,
2408 5379 2528 5418 eum
2560 5363 2676 5433 lege
2697 5361 2878 5422 statuit
2904 5367 2962 5414 ut
2991 5361 3132 5429 ipsos
3152 5357 3362 5424 diligas,
3395 5361 3450 5407 et
3495 5365 3595 5422 pro

2014 5459 2144 5529 ipsis
2173 5474 2314 5513 ores.
2348 5456 2529 5526 Neque
2557 5455 2646 5511 Dei
2675 5462 2878 5508 tantum
2900 5451 3147 5519 exemplo
3177 5447 3242 5501 ad
3283 5445 3385 5499 hoc
3413 5443 3597 5497 horta-

2016 5561 2123 5618 tur,
2153 5566 2334 5606 verum
2357 5550 2515 5605 etiam
2553 5564 2617 5604 ex
2649 5547 2916 5602 contrario
2941 5563 2953 5596 :
2989 5557 3131 5608 nam,
3158 5539 3244 5594 46.
3274 5539 3333 5593 Si
3360 5534 3598 5593 dilexeri-

2015 5647 2096 5712 tis,
2129 5641 2316 5716 inquit,
2346 5658 2430 5698 eos
2454 5641 2540 5712 qui
2558 5656 2642 5695 vos
2671 5639 2887 5710 diligunt
2905 5676 2919 5700 ,
2948 5648 3102 5703 quam
3129 5627 3403 5685 mercedem
3443 5626 3592 5681 habs-
