4050 6220
423 331 528 402 Et

433 464 777 519 bitisfnonne
801 475 848 520 et
871 465 1124 535 publicani
1163 465 1256 516 hoc
1284 461 1524 530 faciunt?
1566 462 1676 515 lloc
1717 471 1769 515 ct
1813 459 2008 514 Paulus

431 557 506 610 ait
531 573 544 609 :
572 557 814 610 Nondum
840 572 995 623 usque
1017 555 1084 606 ad
1110 554 1404 623 sanguinem
1426 553 1674 606 restitistis
1700 561 1874 604 contra
1896 566 2009 620 pec-

429 657 600 702 catum
641 657 917 718 pugnantes
945 648 963 716 (
993 644 1148 698 Hebr.
1167 644 1254 698 12.
1282 646 1316 698 ι
1337 645 1376 712 ).
1407 644 1461 699 Si
1496 645 1650 714 igitur
1673 643 1772 696 hoc
1799 643 2008 706 feceris,

432 753 555 792 cum
581 740 689 793 Deo
717 747 862 800 stas;
917 740 961 790 si
990 738 1106 791 lucc
1149 737 1432 804 reliqueris
1461 775 1476 799 ,
1530 751 1651 788 cum
1691 733 2006 803 publicanis.

435 830 620 884 Videu‘
649 829 914 898 quomodo
947 845 1049 882 non
1084 838 1224 881 tanta
1249 829 1318 880 sit
1341 837 1728 895 praeceptorum
1750 825 2010 894 magnitu-

431 922 522 986 do,
545 933 736 989 quauta
767 939 1110 991 personarum
1137 920 1429 974 differentia
1453 920 1475 972 ?
1504 919 1580 972 Ne
1613 919 1788 986 itaque
1805 917 2008 986 cogitc-
2035 992 2041 1000 _

430 1027 549 1066 mus
573 1013 788 1067 difﬁcile
811 1023 1132 1082 praeceptum
1163 1027 1302 1075 esse,
1326 1011 1420 1066 sed
1446 1010 1746 1065 mercedem
1780 1009 1832 1062 in
1863 1024 2010 1062 men-

430 1112 538 1156 tem
567 1118 899 1167 revocemus,
928 1103 1431 1172 consideremusque
1459 1103 1542 1156 cui
1563 1102 1765 1155 similes
1808 1099 2007 1154 cilicia-

428 1209 568 1257 mur,
601 1195 644 1248 si
675 1206 816 1248 recte
841 1211 939 1248 nos
961 1195 1302 1264 gesserimus,
1337 1203 1391 1247 et
1417 1193 1608 1262 quibus
1637 1205 2000 1260 exsequemur,

429 1286 472 1339 si
493 1301 796 1356 peccemus.
817 1287 1054 1341 Fratrem
1087 1287 1262 1356 itaque
1303 1283 1455 1352 jubet
1496 1283 1825 1338 recenciliari
1852 1323 1865 1347 ,
1909 1296 2007 1335 nec

429 1379 578 1445 prius
606 1378 917 1442 abscedere,
948 1379 1118 1432 donec
1139 1376 1466 1430 inimicitiam
1496 1374 1838 1437 auferamus;
1884 1389 2005 1428 cum

429 1476 606 1523 autem
634 1469 702 1522 de
725 1469 971 1522 onmibus
993 1467 1226 1528 disserit.
1253 1482 1355 1520 non
1378 1467 1515 1520 ultra
1548 1480 1644 1519 nos
1675 1464 1766 1518 tali
1797 1463 2007 1532 subjicit

430 1559 754 1623 necessitati,
782 1559 874 1612 sed
899 1570 1077 1612 nostra
1111 1569 1311 1611 tantum
1341 1558 1582 1626 requirit.
1624 1556 1831 1625 hocque
1854 1565 2008 1625 pacto

429 1650 598 1719 legem
631 1650 836 1704 facilem
887 1652 1070 1706 eflicit.
1100 1651 1233 1719 Quia
1281 1651 1423 1704 enim
1478 1651 1650 1715 dixit,
1710 1649 2006 1717 Persequuti

427 1751 542 1794 sunt
571 1745 862 1810 prapltetas,
892 1744 980 1812 qui
1017 1753 1133 1796 ante
1171 1759 1255 1796 vos
1282 1752 1444 1802 erant,
1475 1759 1542 1796 ne
1571 1752 1848 1811 propterea
1878 1742 2006 1809 ipsis

427 1833 620 1888 infensi
646 1845 858 1899 essent,
889 1836 1039 1902 jubet
1069 1851 1172 1889 non
1206 1836 1364 1888 modo
1391 1835 1509 1888 illos
1537 1835 1652 1888 hate
1673 1846 1890 1902 agentes
1922 1845 2004 1888 to-

426 1924 619 1988 lerare,
651 1928 746 1980 sed
776 1928 935 1981 etiam
963 1927 1204 1996 diligere.
1238 1926 1420 1979 Viden’
1451 1925 1718 1994 quomodo
1747 1925 1877 1978 iram
1903 1967 1917 1988 ,
1951 1935 2005 1980 et

425 2019 912 2086 ccncupiscentiam
959 2019 1073 2072 sive
1119 2033 1423 2086 corporum,
1456 2017 1568 2072 sive
1621 2019 1960 2086 pecuniarmn
1987 2061 2000 2083 ,

425 2107 540 2161 sive
563 2109 764 2176 gloriae,
787 2109 900 2162 sive
930 2124 1105 2162 rerum
1129 2109 1193 2160 ad
1223 2118 1535 2176 praesentem
1566 2107 1724 2161 vitam
1756 2120 2003 2176 spectan-

427 2198 556 2252 tium
589 2198 842 2252 radicitus
859 2197 1106 2252 auferat?
1135 2198 1245 2252 Hoc
1266 2199 1406 2252 enim
1431 2198 1553 2252 fecit
1577 2198 1646 2252 ab
1668 2200 1838 2264 initio,
1861 2202 2000 2254 mul-

427 2299 585 2357 toque
614 2291 781 2352 magis
811 2305 970 2343 nunc.
999 2288 1132 2344 Nam
1162 2289 1252 2358 qui
1282 2305 1501 2359 pauper,
1551 2291 1642 2358 qui
1695 2291 1840 2345 mitis
1893 2300 1994 2357 est,

422 2381 509 2446 qui
542 2380 704 2450 luget,
739 2382 869 2435 iram
901 2397 1118 2451 prorsus
1157 2393 1375 2436 evacuat
1399 2399 1413 2447 ;
1440 2383 1529 2452 qui
1551 2384 1728 2452 justus
1755 2393 1808 2438 et
1835 2385 1998 2440 mise-

423 2475 590 2526 ricors
615 2515 628 2534 ,
669 2473 1010 2542 pecuniarum
1039 2473 1386 2541 cupiditatem
1428 2473 1693 2540 excludit;
1731 2474 1820 2544 qtti
1839 2475 1999 2530 corde

422 2561 680 2624 mundus,
710 2578 738 2614 a
770 2563 1196 2631 concupiscentia
1223 2565 1361 2618 mala
1385 2564 1520 2619 liber
1546 2575 1658 2626 est;
1689 2567 1778 2636 qui
1811 2581 1996 2636 perse-

422 2654 730 2722 quotionem
763 2655 958 2724 patitur
983 2666 1037 2710 et
1067 2655 1287 2725 injurias
1312 2657 1556 2718 sustinet,
1609 2659 1816 2712 etiamsi
1858 2660 1997 2714 male

401 2743 635 2809 .audiat,
687 2745 1026 2813 praesentium
1102 2746 1337 2798 omnium
1409 2762 1586 2801 rerum
1633 2757 1994 2816 contemptum

417 2832 641 2898 obtinet,
676 2843 834 2904 atque
860 2849 889 2886 a
919 2835 1056 2888 fastu
1085 2845 1140 2890 et
1165 2850 1294 2888 vana
1321 2837 1486 2905 gloria
1510 2837 1780 2891 liberatur.
1831 2837 1996 2892 Audi-

419 2933 534 2977 tore
566 2925 727 2994 igitur
749 2925 818 2980 ab
841 2927 987 2981 hisce
1009 2927 1234 2982 vinculis
1267 2928 1478 2993 soluto,
1510 2938 1565 2982 et
1586 2929 1654 2983 ad
1702 2933 1994 2986 certamina

418 3015 669 3078 iuuncto,
713 3033 898 3073 rursus
923 3019 1204 3072 aliomodo
1247 3029 1438 3073 etcum
1469 3020 1656 3090 majori
1705 3021 1980 3092 diligentia

419 3105 535 3161 haac
567 3108 689 3160 vitia
711 3109 913 3163 evellit.
940 3109 1107 3164 Orsus
1137 3110 1278 3164 enim
1306 3110 1375 3164 ab
1405 3111 1481 3165 ira
1504 3150 1520 3174 ,
1574 3111 1836 3182 hujusque
1883 3115 1994 3168 vitii

417 3199 596 3250 nervis
621 3200 840 3254 omnino
869 3201 1089 3255 succisis
1115 3217 1128 3264 ;
1168 3212 1445 3271 postquam
1477 3203 1639 3268 dixit,
1670 3204 1768 3270 Qui
1813 3205 1996 3259 irasci-

419 3297 504 3340 tur
529 3289 674 3341 fratri
705 3306 804 3342 suo
828 3331 842 3355 ,
869 3300 921 3343 et
949 3291 1036 3359 qui
1069 3291 1266 3345 fatuum
1296 3301 1471 3355 vocat,
1503 3300 1557 3346 et
1585 3293 1672 3362 qui
1695 3309 1813 3348 raca
1845 3295 1991 3361 dicit,

419 3382 665 3449 puniatur
691 3401 705 3436 :
738 3393 793 3436 et
819 3384 908 3452 qui
940 3383 1094 3437 offert
1127 3384 1360 3447 donum,
1418 3402 1483 3438 ne
1513 3385 1659 3454 prius
1682 3386 1902 3442 accedat
1927 3387 1994 3441 ad

419 3487 658 3525 mensam
683 3513 698 3536 ,
731 3488 888 3542 quam
909 3474 1121 3528 solverit
1147 3474 1471 3529 inimicitiam
1494 3494 1507 3529 :
1553 3486 1606 3530 et
1632 3477 1720 3545 qtti
1746 3478 1995 3532 adverSa-

417 3562 552 3616 rium
582 3562 757 3628 habet,
784 3564 1084 3652 priusquam
1108 3565 1362 3634 judicium
1410 3565 1604 3632 videat,
1635 3569 1861 3624 amicum
1893 3571 1993 3624 sibi

417 3673 538 3710 eum
585 3672 650 3711 ex
699 3658 1128 3723 inimicofaciat,
1183 3659 1248 3712 ad
1296 3660 1780 3728 concupiscentiam
1811 3678 1996 3718 rursus

419 3751 628 3806 transit.
658 3750 724 3804 Et
757 3751 882 3820 quid
907 3750 1020 3805 ait?
1053 3751 1150 3818 Qui
1180 3753 1393 3821 respicit
1421 3754 1698 3821 impudicis
1718 3756 1905 3821 oculis,
1939 3766 1997 3811 ut

418 3841 663 3896 tumebus
683 3843 962 3910 puniatur;
990 3843 1078 3912 qui
1110 3843 1479 3896 olfeudiculum
1515 3845 1709 3911 patitur
1723 3845 1790 3899 ab
1817 3847 1992 3915 impu-

417 3932 533 3985 dica
563 3933 813 3997 muliere,
865 3944 956 3986 aut
983 3949 1012 3986 a
1053 3934 1195 3998 viro,
1241 3943 1330 3987 aut
1354 3951 1383 3987 a
1406 3936 1651 4004 quopiam
1678 3936 1784 3990 alio
1809 3953 1992 4011 eorum

415 4022 504 4088 qui
533 4021 631 4076 sibi
657 4023 1044 4076 necessitudine
1059 4023 1227 4092 juncti
1251 4032 1394 4088 sunt,
1437 4023 1536 4078 hos
1557 4040 1744 4080 omnes
1775 4029 1984 4095 penitus

416 4115 708 4179 abscindat;
733 4116 821 4184 qui
855 4116 968 4185 lege
988 4117 1236 4170 connubii
1259 4133 1476 4171 uxorem
1499 4117 1676 4178 habet,
1707 4136 1990 4190 numquam

420 4204 564 4259 illam
589 4206 861 4275 repudiet,
893 4222 993 4261 nec
1015 4207 1080 4261 ad
1110 4207 1266 4261 aliam
1294 4209 1562 4278 respiciat.
1589 4209 1689 4265 Per
1719 4209 1832 4266 hanc
1853 4213 1992 4266 enim

419 4298 572 4350 mala:
587 4298 1032 4367 concupiscentia:
1056 4299 1262 4354 radices
1287 4301 1501 4354 evulsit.
1519 4302 1716 4357 Deinde
1747 4305 1995 4373 pecunia-

421 4401 535 4439 rum
566 4402 802 4440 amorem
852 4396 1082 4453 coercet,
1109 4389 1304 4458 jubens
1350 4406 1522 4460 neque
1550 4392 1763 4461 jurare,
1823 4411 1996 4465 neque

421 4477 654 4542 mentiri,
695 4494 867 4547 neque
896 4479 1130 4533 tunicam
1158 4479 1424 4546 retinere,
1456 4498 1558 4550 qua
1587 4485 1708 4554 quis
1728 4485 1992 4543 induitur:

421 4567 528 4621 imo
564 4569 723 4623 etiam
755 4569 953 4625 volenti
1001 4570 1222 4639 pallium
1265 4571 1492 4639 oll'erre,
1535 4582 1588 4627 et
1629 4579 1870 4645 corporis
1912 4581 1992 4633 sui

419 4677 668 4730 operam:
699 4665 845 4719 omni
872 4664 1048 4718 studio
1076 4667 1416 4735 pecuniarum
1463 4683 1696 4722 amorem
1725 4671 1990 4727 auferens.

491 4753 542 4807 6.
559 4754 804 4810 Cacumen
827 4757 1021 4810 virtutis
1045 4766 1115 4810 est
1140 4774 1232 4826 pro
1253 4757 1465 4811 inimicis
1491 4760 1855 4815 oram—Post
1883 4763 1996 4817 lm‘c

421 4851 599 4893 autem
621 4849 797 4897 omma
823 4849 1131 4916 variamque
1150 4850 1409 4902 horumce
1432 4859 1820 4918 praeceptorum
1838 4866 1996 4906 coro-

420 4935 898 5004 nam,subjungit:
945 4938 1106 4992 Orate
1131 4955 1226 5009 pro
1273 4940 1715 4993 calumniantibus
1764 4957 1872 5005 vos,
1927 4940 1994 4995 ad

415 5038 730 5092 supremum
766 5029 1118 5096 philosophiae
1147 5046 1405 5084 cacumen
1435 5031 1994 5096 attollens.Quemad~

422 5114 636 5168 modum
667 5116 808 5168 enim
836 5117 1089 5186 colaphos
1142 5121 1250 5187 pati
1284 5121 1454 5190 majus
1500 5131 1614 5188 est,
1665 5139 1820 5192 quam
1875 5140 1994 5181 esse

421 5208 628 5274 mitem,
659 5218 710 5262 et
743 5209 958 5278 pallium
987 5226 1105 5264 cum
1131 5212 1302 5266 tunica
1329 5214 1596 5268 dimittere
1622 5218 1959 5284 prwstautius
1978 5258 1993 5283 ,

417 5313 577 5369 quam
605 5299 1000 5354 misericordem
1031 5316 1148 5355 es~e
1176 5317 1190 5363 ;
1215 5311 1268 5355 ct
1296 5302 1515 5371 injurias
1543 5304 1704 5367 ferre,
1731 5321 1887 5374 quam
1909 5307 1996 5376 juv

417 5401 556 5443 stum
578 5405 719 5456 esse;
736 5399 790 5445 et
804 5391 984 5460 alapas
1011 5390 1148 5444 ferre
1168 5402 1222 5444 et
1247 5392 1309 5444 ad
1333 5395 1658 5463 sequendum
1675 5399 1813 5467 cogi,
1839 5415 1996 5468 quam

418 5487 692 5553 pacificum
745 5499 898 5540 esse:
934 5486 1010 5539 sic
1036 5486 1374 5554 persequeuti
1414 5505 1472 5542 se
1516 5489 1832 5546 benedicere
1879 5508 1999 5562 per-

418 5577 604 5628 fectius
629 5586 711 5630 est
739 5591 896 5646 quam
929 5575 1349 5645 persecutionem
1379 5575 1502 5644 pati.
1530 5577 1688 5634 Vides
1730 5583 1998 5651 quomodo

423 5669 672 5733 paulatim
727 5685 824 5723 uos
877 5669 942 5722 ad
986 5671 1129 5739 ipsos
1183 5670 1436 5724 cailorum
1487 5669 1718 5729 fornices
1751 5672 1999 5729 attollat?

421 5756 665 5825 Quonam
699 5759 855 5832 igitur
877 5760 1019 5831 digni
1061 5761 1315 5831 supplicio
1357 5777 1561 5830 sumus,
1591 5764 1679 5834 qui
1721 5765 1786 5819 ad
1834 5765 1996 5821 Deum

1200 348 1256 400 S.
1295 346 1569 400 JO.\N.\'IS
1606 341 2073 399 CllllYSOSTOMI
2114 344 2422 400 AllCllllil’.
2463 349 2987 409 CUNSTANTINOP.

3602 356 3709 394 δ”.)

3607 393 3709 412 ..ά

2117 460 2682 518 Imitandumsutdmm
2732 484 2927 535 ponere
2950 469 3110 537 jussi,
3162 485 3229 522 ne
3253 467 3548 535 publicanis
3585 473 3710 539 qui-

2115 553 2235 606 dem
2261 571 2414 623 pares
2462 555 2596 610 forte
2653 559 2856 612 simus?
2907 560 2964 612 Si
3022 561 3164 616 enim
3217 561 3426 615 amicos
3474 561 3709 632 diligere

2116 645 2559 713 publicanorum,
2612 662 2946 717 peccatorum
2997 663 3155 722 atque
3192 654 3532 710 ethnicorum
3604 658 3705 711 sit:

2116 736 2328 803 quando
2366 753 2433 792 uc
2496 739 2546 792 id
2578 740 2788 807 quidem
2818 742 3040 796 facimus
3073 746 3092 816 (
3123 761 3227 799 non
3279 748 3422 801 enim
3470 750 3630 804 facim
3647 766 3712 804 us

2115 826 2326 893 quando
2376 827 2529 882 laude
2558 827 2869 886 florentibus
2896 833 3151 889 fratribus
3183 837 3529 908 invidemus),
3561 856 3676 909 qua
3695 872 3707 882 ι

2116 933 2218 970 non
2249 918 2493 975 dabimus
2524 937 2727 990 pinnas,
2752 925 2838 992 qui
2867 927 3066 981 scribas
3084 945 3333 996 superare
3354 930 3511 998 jussi,
3535 935 3702 988 etiam

2115 1008 2341 1062 ethnicis
2360 1010 2636 1068 inferiores
2665 1018 2888 1069 smnus?
2913 1018 3212 1084 Quomodo,
3245 1037 3448 1089 quieso,
3470 1038 3694 1092 regnum

2114 1097 2443 1154 videbimus?
2468 1104 2733 1171 quomodo
2777 1121 2932 1162 sacra
2963 1109 3050 1162 illa
3076 1109 3344 1164 adibimus
3373 1113 3636 1167 vestibula
3671 1155 3688 1177 ,

2115 1201 2224 1240 non
2249 1190 2497 1246 meliores
2525 1194 2860 1261 publicanis?
2911 1196 3042 1252 Illud
3068 1201 3208 1253 enim
3234 1202 3589 1259 subiudicavit
3612 1205 3698 1260 his

2115 1281 2307 1346 verbis,
2334 1282 2516 1338 Nonne
2536 1297 2581 1340 et
2605 1288 2860 1357 publicani
2885 1291 2979 1344 hoc
2999 1294 3231 1363 faciunt?
3251 1293 3305 1348 In
3331 1312 3438 1364 quo
3463 1298 3696 1355 maxime

2113 1369 2230 1439 ejus
2256 1372 2495 1426 doctrina
2518 1386 2600 1430 est
2636 1377 2970 1444 admiranda,
3002 1383 3142 1450 quod
3172 1399 3291 1437 cum
3319 1385 3516 1455 ubique
3557 1402 3696 1455 prat-

2113 1461 2215 1512 mia
2268 1464 2617 1518 certaminum
2695 1470 3189 1536 superabumlanter
3238 1484 3435 1542 ponat,
3489 1479 3694 1535 scilicet

2113 1549 2279 1604 Deum
2327 1554 2529 1619 videre,
2561 1572 2782 1626 regnum
2810 1562 3059 1616 caelorum
3094 1564 3388 1622 hereditate
3407 1572 3653 1638 accipere
3673 1612 3690 1634 ,

2113 1640 2252 1695 ﬁlios
2280 1643 2371 1698 Dei
2402 1645 2536 1712 ﬁeri,
2569 1648 2619 1701 ei
2649 1649 2848 1705 similes
2885 1667 3024 1720 esse,
3056 1655 3474 1714 misericordiam
3508 1677 3693 1718 consc-

2110 1733 2198 1801 qui
2225 1774 2240 1798 ,
2269 1737 2688 1794 consolationem
2713 1742 2973 1811 accipere,
3015 1745 3066 1798 in
3095 1748 3240 1802 caelis
3266 1765 3508 1819 magnam
3537 1769 3693 1821 repo-

2111 1827 2267 1878 sitam
2312 1826 2509 1884 ltabere
2546 1832 2890 1898 mercedem;
2937 1837 2982 1890 si
3025 1838 3238 1905 quando
3269 1841 3497 1894 tristium
3539 1859 3691 1897 men-

2115 1917 2187 1970 tio
2209 1916 2450 1973 habenda
2475 1921 2566 1985 sit,
2615 1921 2668 1976 id
2726 1928 2938 1994 parcius
2979 1927 3135 1994 facit;
3183 1929 3442 1998 gehennae
3488 1935 3688 2002 quippe

2112 2023 2305 2063 nomen
2337 2012 2503 2066 semel
2529 2022 2729 2068 tantum
2760 2016 2810 2069 in
2843 2027 2920 2071 tot
2938 2020 3275 2074 sermonibus
3303 2023 3514 2090 posuit;
3551 2034 3608 2079 et
3635 2029 3687 2080 in

2106 2100 2222 2153 aliis
2254 2101 2567 2169 quibusdam
2626 2105 2940 2174 remissius,
2986 2108 3248 2165 hortando
3307 2129 3471 2182 magis
3524 2131 3684 2184 quam

2105 2193 2495 2258 comminando,
2512 2196 2805 2252 auditorem
2823 2201 3033 2270 corrigit
3050 2201 3233 2257 dicens
3248 2221 3260 2256 :
3273 2204 3452 2260 Nonne
3464 2220 3510 2261 et
3527 2212 3688 2275 publi

2104 2281 2220 2334 cani
2235 2283 2327 2335 hoc
2341 2285 2535 2354 faciunt
2548 2286 2658 2350 ?et,
2673 2287 2733 2343 Si
2752 2289 2830 2342 sal
2845 2289 3149 2358 infamatum
3164 2295 3334 2363 fuerit;
3350 2305 3423 2362 et,
3442 2297 3689 2353 Minimus

2103 2371 2355 2424 vocabitur
2374 2373 2423 2426 in
2444 2391 2597 2446 regno
2613 2377 2871 2433 calorum.
2898 2379 2988 2434 Est
3002 2381 3161 2435 etiam
3174 2397 3294 2437 cum
3311 2396 3520 2454 peccata
3538 2392 3689 2456 ponit

2103 2476 2200 2529 pro
2217 2464 2408 2531 pmnis,
2423 2467 2667 2536 supplicii
2686 2469 2894 2538 pondus
2913 2472 3140 2527 auditori
3174 2473 3682 2546 subintelligendum

2102 2552 2401 2621 proferens;
2421 2566 2607 2612 utcum
2624 2560 2771 2614 dicit:
2795 2561 3076 2617 Maechatus
3097 2576 3166 2620 est
3183 2582 3292 2619 eam
3312 2569 3366 2621 in
3386 2571 3536 2623 corde
3560 2588 3681 2636 suo;

2100 2655 2176 2708 et,
2195 2645 2294 2711 Qui
2313 2646 2536 2715 dimittit,
2565 2649 2688 2718 facit
2714 2668 2823 2706 eam
2845 2655 3116 2722 utnec/tari;
3141 2668 3216 2721 et,
3243 2658 3391 2726 Quod
3421 2661 3497 2714 Itis
3517 2662 3684 2716 abun-

2100 2736 2305 2790 dantius
2330 2749 2423 2804 est,
2450 2757 2482 2793 a
2510 2742 2645 2797 malo
2677 2755 2770 2798 est.
2802 2746 2934 2802 Nam
2966 2757 3148 2803 mente
3176 2753 3415 2818 przeditis
3437 2770 3535 2824 pro
3553 2772 3683 2826 sup-

2100 2827 2240 2895 plicii
2270 2832 2484 2888 nomine
2528 2832 2724 2889 sufﬁcit
2748 2837 2815 2892 ad
2840 2840 3268 2896 emendationem
3321 2847 3528 2914 peccati
3557 2864 3677 2902 ma-

2097 2920 2338 2987 gnitudo.
2367 2923 2722 2990 Quamobrem
2771 2928 2856 2985 hic
2904 2947 3116 3002 quoque
3143 2933 3386 2990 ethnicos
3410 2948 3466 2992 et
3496 2939 3677 3008 publi-

2098 3025 2261 3064 canos
2288 3011 2338 3066 in
2370 3015 2599 3069 medium
2628 3017 2874 3087 adducit,
2905 3036 2969 3076 ex
3003 3038 3241 3089 personae
3266 3027 3568 3084 conditione
3595 3032 3677 3084 di-

2097 3102 2360 3171 scipulum
2391 3105 2592 3173 pudore
2611 3107 2866 3164 afﬁciens.
2881 3111 3032 3178 Quod
3051 3124 3105 3168 et
3126 3115 3318 3170 Paulus
3348 3117 3576 3174 faciebat
3604 3123 3678 3176 di-

2097 3207 2258 3248 cens:
2290 3195 2464 3249 Nolite
2489 3199 2778 3253 contristari
2796 3202 2924 3256 sicut
2948 3213 2995 3256 et
3023 3206 3211 3271 cteteri,
3266 3209 3353 3275 qui
3385 3226 3528 3279 spem
3567 3229 3672 3267 non

2098 3287 2315 3354 habent;
2352 3299 2426 3356 et,
2475 3291 2621 3344 Sicut
2668 3303 2877 3364 gentes,
2928 3312 3040 3365 qua:
3076 3299 3310 3369 ignorant
3359 3299 3524 3356 Deum
3571 3305 3674 3375 (1.

2099 3377 2278 3434 Thess.
2316 3381 2369 3435 4.
2425 3381 2508 3435 12.
2538 3383 2643 3454 5).
2693 3384 2762 3440 Et
2809 3387 3099 3442 ostendens
3146 3404 3206 3444 se
3253 3391 3385 3446 nihil
3437 3395 3506 3448 ita
3554 3397 3674 3451 exi-

2098 3471 2261 3524 mium
2307 3481 2506 3540 petere,
2534 3475 2627 3530 sed
2648 3476 2803 3541 paulo
2843 3478 3071 3548 amplius
3113 3479 3271 3534 solito
3293 3525 3309 3549 ,
3345 3484 3456 3538 ait:
3490 3483 3677 3542 Nonne

2096 3571 2144 3613 et
2187 3564 2370 3615 etlmici
2413 3565 2507 3617 hoc
2551 3567 2791 3635 faciunt?
2821 3569 3068 3626 Attamen
3110 3585 3215 3624 non
3263 3572 3347 3626 hic
3387 3578 3547 3631 ﬁnem
3587 3579 3675 3632 di-

2100 3656 2254 3709 cendi
2289 3655 2431 3719 facit,
2478 3659 2572 3713 sed
2617 3660 2667 3712 in
2711 3666 2924 3728 praunia
2951 3671 3004 3717 et
3042 3663 3093 3716 in
3124 3663 3314 3718 bonam
3343 3683 3493 3735 spem
3568 3668 3679 3722 de-

2093 3747 2220 3804 sinit
2247 3747 2330 3802 his
2347 3748 2521 3803 verbis
2545 3765 2558 3801 :
2589 3750 2678 3804 48.
2707 3750 2880 3805 Estote
2914 3769 3032 3824 ergo
3062 3756 3270 3824 perfecti
3293 3797 3307 3820 ,
3339 3759 3468 3810 sicut
3493 3770 3540 3812 et
3570 3760 3676 3813 Ρα-

2098 3851 2174 3894 ter
2213 3852 2369 3895 vester
2423 3841 2655 3898 celestis.
2705 3843 2963 3916 Saepeque
3006 3847 3258 3902 mulorum
3304 3867 3497 3906 nomen
3543 3855 3676 3908 ubi—

2096 3949 2202 4002 que
2252 3933 2596 4002 dissemiuat,
2641 3951 2672 3990 a
2720 3937 2839 3993 loco
2885 3938 3042 3994 etiam
3098 3955 3286 3996 sensus
3332 3958 3515 3998 eorum
3551 3947 3677 4000 cri—

2096 4041 2244 4096 gens.
2277 4027 2541 4082 llactenus
2563 4029 2703 4084 enim
2734 4030 3050 4085 inﬁrmiores
3080 4032 3474 4103 crassioresque
3497 4050 3671 4091 erant.

2097 4119 2286 4174 Oumia
2327 4120 2483 4190 igitur
2520 4137 2638 4190 quae
2680 4121 2816 4174 dicta
2859 4131 2984 4174 sunt
3019 4134 3196 4177 mente
3237 4126 3532 4192 volventes,
3559 4144 3673 4182 nta-

2097 4228 2254 4284 guam
2279 4213 2439 4267 etiam
2464 4227 2591 4282 erga
2622 4212 2867 4266 inimicos
2883 4213 3159 4268 caritatem
3193 4213 3575 4271 exhibeamus:
3621 4228 3679 4274 et

2098 4308 2373 4362 ridiculam
2397 4306 2538 4360 illam
2557 4305 2999 4361 consuetudinem
3025 4304 3316 4375 ejiciamus,
3350 4324 3507 4378 quam
3539 4311 3677 4364 mul-

2099 4399 2136 4452 ti
2165 4414 2229 4454 ex
2259 4399 2342 4462 iis,
2365 4397 2453 4468 qui
2481 4398 2654 4451 minus
2697 4397 2902 4450 ratione
2928 4396 3128 4462 valent,
3151 4397 3415 4453 sustinent
3434 4441 3450 4465 ,
3476 4415 3674 4470 exspe-

2097 4500 2302 4548 ctantes
2345 4500 2403 4544 ut
2444 4491 2534 4562 qui
2562 4490 2770 4545 obviam
2803 4490 3021 4544 veniunt
3048 4506 3107 4545 se
3135 4490 3280 4560 prius
3323 4492 3593 4548 salutent:
3623 4494 3674 4548 id

2097 4584 2238 4652 quod
2268 4582 2486 4636 multam
2544 4581 2924 4636 beatitudinem
2998 4583 3237 4637 continet
3294 4583 3665 4652 negligentes;

2098 4675 2240 4746 quod
2264 4684 2440 4728 autem
2479 4673 2759 4728 ridiculum
2808 4682 2891 4728 est
2923 4674 3218 4744 exigentes.
3273 4673 3384 4739 Qua
3434 4690 3563 4744 ergo
3611 4675 3676 4730 de

2098 4782 2258 4823 causa
2281 4782 2385 4820 non
2422 4765 2567 4820 illum
2591 4765 2736 4835 prior
2757 4765 3000 4819 salutas?
3042 4766 3176 4832 Quia
3206 4766 3307 4820 hoc
3355 4777 3632 4835 exspecmt
3659 4807 3673 4830 ,

2100 4859 2328 4929 inquies.
2369 4859 2524 4927 Atqui
2563 4858 2682 4912 ideo
2729 4857 2960 4912 maxime
2986 4856 3239 4912 festinare
3278 4858 3592 4927 oportebat,
3624 4869 3678 4912 ut

2101 4959 2158 5006 tu
2194 4965 2446 5006 coronam
2472 4951 2764 5020 acciperes.
2796 4949 2932 5016 Non,
2999 4951 3255 5019 inquies;
3309 4951 3431 5019 quia
3459 4950 3559 5003 hoc
3603 4950 3676 5017 ip-

2100 5061 2217 5100 sum
2260 5045 2348 5100 ille
2372 5044 2638 5114 quaesivit.
2687 5043 2754 5097 Et
2775 5043 2901 5112 quid
2968 5042 3068 5119 hac
3120 5043 3353 5097 amentia
3397 5041 3679 5097 deterius?

2101 5135 2235 5201 Quia
2265 5135 2405 5188 enim
2429 5135 2480 5189 id
2512 5135 2600 5190 ille
2625 5135 2891 5204 quaesivit,
2918 5134 3094 5203 inquis
3120 5175 3136 5198 ,
3175 5144 3227 5187 ut
3261 5135 3521 5188 mercedis
3553 5135 3676 5188 mihi

2103 5229 2256 5284 ﬁeret
2274 5229 2504 5292 occasio,
2537 5228 2661 5282 nolo
2689 5227 2827 5281 hanc
2851 5226 3089 5296 arripere
3117 5226 3453 5281 occasionem
3485 5225 3580 5296 (a).
3610 5229 3677 5280 At

2166 5404 2238 5471 (τι)
2273 5410 2405 5452 Hunc
2426 5401 2583 5471 locum
2603 5417 2656 5471 _t_t_t
2688 5411 2800 5452 nota
2823 5401 3128 5471 egplicantes
3160 5407 3239 5448 PP.
3275 5403 3574 5471 Benedictum
3611 5414 3677 5449 SEC

2101 5461 2286 5528 habent
2311 5479 2321 5512 :
2349 5465 2467 5524 Quia
2503 5463 2556 5514 id
2594 5463 2677 5515 ille
2689 5461 2904 5528 curavit.
2915 5471 2964 5511 ut
2986 5461 3105 5528 mihi
3126 5463 3363 5528 mercedis
3385 5462 3586 5528 occasio
3605 5477 3676 5528 c.3-

2102 5534 2204 5587 set;
2229 5527 2294 5594 id_
2314 5523 2409 5582 est,
2429 5532 2495 5594 ut.
2521 5539 2597 5576 me
2619 5525 2778 5594 prima
2793 5523 3063 5594 malumne,
3086 5523 3189 5584 ipse
3213 5524 3481 5594 reddenda:
3511 5523 3679 5594 salutis

2102 5583 2371 5654 mercedem
2385 5583 2644 5654 tribueret,
2677 5585 2784 5654 nolo
2799 5586 2930 5654 hanc
2949 5583 3169 5654 arripere
3191 5584 3519 5654 occasionem.
3544 5585 3679 5654 stulto

2103 5651 2261 5713 potius
2282 5650 2538 5716 crederem
2564 5645 2641 5698 hic
2673 5649 2750 5709 agi
2770 5647 2846 5716 de
2885 5645 3116 5716 mercede
3153 5661 3296 5701 quam
3335 5646 3593 5716 humilitati
3613 5649 3675 5711 _et

2101 5708 2458 5760 mansuetudini
2489 5719 2616 5759 Deus
2635 5708 2869 5778 promisit.
2896 5710 2984 5778 Hie
3000 5709 3129 5756 enim
3153 5721 3328 5778 sensus
3344 5709 3498 5767 magis
3511 5708 3678 5756 obvius

2105 5781 2200 5835 est,
2227 5773 2324 5823 imo
2349 5781 2398 5822 et
2422 5774 2575 5833 magis
2597 5770 2766 5822 rationi
2790 5770 3312 5822 consentaneus.'-lmr.
