4050 6220
481 289 552 341 75
1600 290 1666 345 IN
1705 288 2010 347 ΜΑΤΤΙΙᾹΣ

2153 286 2378 348 1103111..
2421 291 2563 350 XIX.

453 404 498 457 si
539 404 629 457 ille
670 411 721 457 te
759 386 902 472 prior
931 398 1163 468 salutet,
1195 399 1323 456 nihil
1377 403 1466 457 tibi
1509 404 1627 473 plus
1661 406 1762 459 erit
1805 398 1848 460 si
1890 407 2035 460 salu.

456 503 562 549 tem
605 493 832 555 reddas:
882 494 925 547 si
981 510 1107 549 vero
1155 504 1207 548 tu
1240 495 1385 564 prior
1412 511 1664 566 properes
1694 497 1759 549 ad
1796 497 2034 550 salutan.

459 587 608 650 dum,
633 584 822 639 fastum
869 585 989 653 ejus
1030 586 1395 655 iuterccpisti,
1449 595 1502 640 et
1551 587 1752 656 largum
1795 602 1858 640 ex
1906 587 2023 654 ejus

454 677 752 746 arrogantia
796 675 1022 730 fructum
1078 677 1364 731 messuisti.
1406 677 1685 746 Quomodo
1728 679 1885 746 igitur
1924 694 2030 733 non

457 776 705 821 extrema:
769 767 1056 822 dementia:
1103 767 1302 830 fuerit,
1353 784 1472 822 eum
1521 782 1587 823 ex
1642 770 1798 824 nudis
1849 770 2030 826 verbis

457 868 653 910 tantum
707 872 903 928 capere
957 856 1183 911 fructum
1267 859 1573 924 valeamus,
1633 861 1836 914 lucrum
1910 876 2031 929 per-

447 952 592 1010 dere.
625 960 680 1004 et
709 965 832 1005 eum
861 950 1009 1003 illum
1031 951 1415 1017 improbemus,
1449 953 1500 1006 in
1532 953 1718 1005 eadem
1749 953 2026 1007 incidere?

445 1040 499 1094 Si
526 1042 670 1095 enim
702 1041 847 1094 illum
883 1040 1001 1094 ideo
1039 1041 1220 1107 culpas
1247 1041 1386 1110 quod
1417 1042 1557 1110 prior
1578 1042 1800 1095 aliorum
1832 1043 2031 1096 saluta-

450 1133 647 1185 tionem
700 1129 1004 1200 exspectet,
1056 1147 1152 1186 cur
1205 1132 1427 1184 imitaris
1460 1132 1510 1186 id
1540 1133 1679 1201 quod
1714 1132 2022 1202 improbas;

448 1237 502 1278 et
531 1225 672 1295 quod
695 1227 890 1278 malum
922 1240 1040 1278 esse
1061 1225 1212 1283 dicis.
1256 1223 1354 1277 hoc
1383 1235 1438 1277 ut
1465 1226 1658 1277 bomuu
1713 1225 2024 1278 aemularis?

449 1316 636 1370 V'iden‘
665 1315 791 1369 nihil
823 1316 1031 1368 stultius
1079 1331 1196 1370 esse
1219 1317 1432 1370 homine
1455 1317 1505 1369 in
1529 1317 1756 1384 nequitia
1783 1319 2028 1371 vivente?

445 1407 804 1475 Quamobrem
853 1407 1078 1461 obsecro
1102 1449 1117 1472 ,
1149 1410 1284 1462 hanc
1327 1408 1620 1476 improbam
1649 1417 1703 1460 et
1747 1407 2024 1460 ridiculam

442 1501 882 1554 consuetudinem
931 1500 1208 1571 fugiamus.
1256 1501 1350 1554 llic
1374 1502 1568 1570 quippe
1615 1501 1832 1554 morbus
1881 1501 2027 1554 mille

443 1594 704 1646 amicitias
733 1592 941 1654 evertit,
978 1593 1276 1660 multasque
1305 1593 1511 1660 peperit
1539 1591 1864 1644 inimicitias.
1900 1591 2025 1644 Ideo

445 1699 540 1736 nos
561 1682 948 1753 prwveniamus
965 1682 1118 1735 alios.
1143 1681 1274 1735 Nam
1297 1682 1383 1750 qui
1403 1682 1653 1746 juhemur
1674 1681 1811 1735 ferre
1830 1691 1886 1734 ut
1909 1681 2023 1734 ala-

444 1780 522 1847 pis
552 1775 929 1845 percutiamur,
958 1774 1058 1827 iter
1085 1773 1252 1840 coacti
1281 1774 1650 1841 suscipiamus,
1677 1773 1938 1828 nudemur
1955 1773 2024 1828 ab

441 1867 689 1930 inimicis,
709 1881 810 1935 qua
837 1866 986 1920 venia
1005 1865 1147 1933 digni
1174 1865 1394 1927 erimus,
1423 1864 1466 1917 si
1499 1865 1549 1917 in
1576 1865 1800 1934 simplici
1825 1866 2022 1918 saluta-

441 1963 583 2016 tione
624 1969 821 2014 tantam
846 1957 1189 2012 adhibeamus
1211 1957 1644 2011 contentionem?
1669 1958 2015 2027 Despicimur,

439 2055 663 2124 inquies.
682 2063 733 2108 et
747 2054 1110 2122 conspnimur,
1123 2066 1240 2105 cum
1259 2051 1361 2106 hoc
1379 2052 1473 2120 ipsi
1492 2052 1849 2107 concedimus.
1872 2053 1936 2106 Et
1953 2069 2019 2107 ne

439 2157 488 2201 te
502 2146 754 2216 despiciat
769 2144 946 2203 homo,
971 2145 1132 2196 Deum
1147 2142 1370 2196 offendis
1387 2143 1488 2196 ?ne
1503 2153 1551 2197 te
1568 2153 1871 2197 contemnat
1889 2158 2018 2197 cou-

437 2233 622 2291 servus
642 2236 840 2296 furens.
879 2235 1156 2288 Dominum
1180 2236 1498 2300 contemnis,
1527 2234 1613 2302 qui
1639 2244 1776 2287 tanta
1811 2235 1900 2288 tibi
1933 2234 2019 2290 be-

438 2334 623 2387 neficia
649 2333 875 2386 contulit
889 2331 910 2382 ‘.’
924 2329 978 2383 Si
997 2331 1136 2385 enim
1151 2329 1435 2381 absurdum
1449 2338 1531 2381 est
1550 2338 1599 2381 te
1619 2330 1874 2398 mqualem
1887 2343 2016 2382 con-

436 2465 1762 2488 mw

3623 310 3725 364 274

2145 417 2402 469 temnere.
2419 411 2589 464 multo
2612 410 2777 480 magis
2795 410 3079 468 absurdum
3103 421 3446 473 contemnere
3464 428 3516 474 te
3531 420 3724 487 Deum,

2142 499 2230 567 qui
2265 508 2314 552 te
2337 498 2479 554 fecit.
2511 500 2589 554 Ad
2615 501 2726 555 htec
2751 503 3056 558 consideres
3086 506 3261 572 velim,
3286 523 3406 562 cum
3437 517 3486 563 te
3517 510 3603 565 ille
3627 512 3724 566 de-

2141 592 2331 660 spicit,
2365 601 2486 648 tunc
2502 595 2760 663 majorem
2793 595 2883 649 tibi
2921 598 3221 653 mercedem
3247 601 3552 656 conciliare.
3587 603 3719 658 Pro-

2139 694 2256 754 pter
2283 685 2444 738 Deum
2477 686 2620 739 enim
2651 685 2764 740 haec
2791 688 3010 755 pateris,
3039 690 3159 758 quia
3183 691 3327 761 leges
3347 695 3462 761 ejus
3503 693 3732 752 audisti.

2141 774 2251 830 Hoc
2297 787 2473 829 autem
2500 792 2606 846 quo
2631 793 2735 831 non
2762 778 2964 834 honore
3011 780 3226 848 dignum
3272 785 3374 837 sit?
3401 787 3590 856 quibus
3615 804 3683 841 no
3702 807 3730 841 'l

2137 867 2868 938 diadematibus?Contingat
2906 871 3033 924 mihi
3058 883 3113 927 et
3138 877 3473 930 contumeliis
3499 879 3638 933 afﬁci
3667 897 3696 934 e
3719 895 3730 932 ἱ

2137 960 2407 1013 contemni
2470 970 2686 1028 propter
2731 961 2919 1027 Deum,
2952 964 3128 1030 potius
3169 981 3328 1034 quam
3375 967 3621 1023 honorari
3653 986 3680 1020 a

2135 1053 2381 1106 omnibus
2412 1053 2627 1122 regibus
2677 1071 2688 1105 :
2736 1055 2864 1109 nihil
2894 1056 3057 1118 enim.
3089 1057 3220 1111 nihil
3247 1060 3427 1128 utique
3458 1060 3580 1116 huic
3621 1063 3724 1114 ho-

2137 1145 2249 1197 nori
2281 1159 2374 1212 par
2402 1153 2502 1197 est.
2537 1143 2686 1198 Hunc
2726 1145 2900 1214 itaque
2920 1156 3293 1201 consectemur
3339 1161 3395 1202 ut
3423 1150 3688 1218 illejussit
3719 1170 3730 1208 ;

2135 1235 2502 1302 humanosque
2532 1235 2764 1288 honores
2795 1235 2940 1288 nihili
2962 1235 3240 1302 facientes,
3272 1239 3366 1292 sed
3402 1255 3579 1292 veram
3611 1239 3721 1307 phi-

2137 1327 2434 1396 lostrpbiam
2465 1339 2558 1395 per
2605 1327 2778 1379 omnia
2812 1327 3158 1392 exhibentes,
3188 1331 3266 1384 sic
3299 1332 3460 1383 vitam
3505 1331 3720 1384 ordine-

2133 1432 2252 1471 nms
2307 1426 2564 1469 nostram.
2615 1415 2744 1470 Nam
2786 1419 3075 1472 ca-lestium
3114 1435 3431 1475 coronarum
3472 1422 3582 1491 jam
3633 1424 3718 1476 hic

2132 1507 2363 1562 fructum
2415 1507 2790 1577 percipiemus,
2834 1509 2980 1576 quasi
3012 1511 3182 1579 angeli
3239 1526 3358 1564 cum
3409 1511 3716 1566 hominibus

2131 1609 2428 1663 versantes,
2465 1610 2731 1669 tamquam
2761 1601 3015 1668 angelicae
3040 1608 3332 1668 potestates
3359 1601 3409 1653 in
3438 1611 3576 1656 terra
3608 1604 3715 1656 cir-

2132 1703 2444 1748 cumeuntes
2473 1735 2489 1758 ,
2523 1695 2667 1746 omni
2713 1693 3000 1760 cupiditate
3039 1693 3292 1760 omnique
3320 1695 3716 1761 perturbatione

2129 1783 2363 1852 exempti
2389 1801 2402 1847 ;
2427 1794 2482 1837 ct.
2506 1799 2625 1836 cum
2648 1784 2732 1837 his
2753 1783 2999 1836 erunibus
3021 1781 3299 1836 ineffabilia
3325 1798 3715 1854 consequenmr

2129 1873 2264 1927 bona
2297 1893 2310 1928 :
2337 1891 2456 1942 qua:
2479 1875 2675 1927 utinam
2701 1889 2798 1927 nos
2821 1890 3012 1928 omnes
3041 1875 3398 1944 adipiscamur
3425 1918 3438 1939 ,
3468 1877 3633 1946 gratia
3663 1886 3717 1930 et

2127 1966 2454 2036 benignitate
2507 1967 2715 2020 Domini
2766 1965 2934 2020 nostri
2983 1965 3108 2019 Jesu
3139 1965 3359 2030 Christi,
3392 1968 3474 2020 cui
3522 1968 3708 2036 gloria,

2125 2060 2406 2128 imperium
2436 2069 2491 2114 et
2520 2059 2763 2114 adoratio
2788 2074 2909 2114 cum
2939 2058 3180 2129 principii
3219 2069 3440 2128 experte
3480 2059 3640 2114 Patre
3659 2068 3714 2114 et

2123 2162 2308 2208 sancto
2337 2153 2584 2222 bonoque
2612 2151 2834 2222 Spiritu,
2868 2165 3008 2205 nunc
3031 2159 3085 2206 et
3109 2164 3343 2222 semper,
3366 2151 3488 2205 etin
3515 2153 3711 2206 saecula

2119 2244 2456 2299 sateulorum.
2484 2246 2670 2298 Amen.

3721 994 3730 1018 1

1781 2549 2124 2610 HOMILIA
2178 2549 2352 2608 XIX.

431 2696 559 2750 CAP.
603 2696 656 2750 6.
685 2711 737 2749 v.
771 2697 821 2749 1.
854 2695 1104 2749 Attendite
1153 2712 1214 2748 ne
1267 2695 1634 2763 cleemosynam
1675 2705 1893 2748 vestram
1935 2697 2014 2765 fa-

501 2790 648 2842 ciatis
673 2805 844 2841 coram
872 2788 1175 2849 hominibus,
1208 2797 1261 2840 ut
1290 2788 1559 2840 videamini
1584 2787 1646 2839 ab
1671 2789 1763 2840 eis.

501 2887 548 2933 1.
571 2879 709 2933 Vana
736 2880 899 2948 gloria
920 2880 1100 2946 probos
1117 2879 1265 2931 etiam
1283 2879 1824 2933 invadit.—0tnuium
1847 2879 2014 2933 maxi-

431 2989 515 3025 me
545 2973 876 3042 tyrannicum
899 2973 1008 3041 jam
1034 2973 1268 3026 eliminat
1289 2972 1449 3026 animi
1478 2973 1718 3027 morbum
1743 3013 1757 3036 ,
1785 2972 2008 3034 rabiem,

428 3063 666 3135 inquam,
697 3063 836 3116 illam
877 3071 930 3118 et
972 3061 1203 3116 furorem
1228 3063 1366 3117 circa
1390 3077 1576 3116 vanam
1603 3062 1822 3134 gloriam
1848 3103 1861 3124 ,
1893 3077 2012 3130 quae

427 3156 674 3209 homines
717 3157 874 3208 etiam
921 3154 1086 3222 probe
1129 3163 1346 3223 agentes
1390 3155 1607 3208 invadit.
1663 3156 1706 3208 A
1752 3154 2010 3223 principio

425 3249 641 3318 quidem
673 3247 800 3301 nihil
830 3245 928 3301 bac
953 3246 1019 3301 de
1047 3263 1106 3301 re
1128 3247 1374 3316 loquutus
1393 3256 1493 3301 est.
1522 3247 1651 3300 Nam
1681 3248 2005 3318 superﬂuum

427 3342 631 3407 fuisset,
666 3341 970 3410 priusquam
1002 3339 1135 3392 bona
1160 3355 1318 3408 opera
1341 3338 1500 3393 edere
1520 3339 1785 3402 suaderet,
1813 3339 2008 3395 docere

427 3433 697 3502 quomodo
727 3433 812 3486 illa
845 3432 1081 3485 faciemla
1127 3441 1182 3484 et
1221 3429 1462 3484 adeunda
1489 3439 1686 3484 essent.
1719 3431 2010 3501 Postquam

424 3536 600 3580 autem
620 3529 671 3581 in
693 3526 1079 3596 philosophiam
1109 3524 1330 3586 induxit,
1352 3536 1475 3578 tunc
1494 3524 1706 3578 denmm
1727 3539 1866 3590 eam,
1889 3539 2008 3594 qua)

425 3619 764 3689 subrependo
791 3619 958 3688 ipsam
988 3619 1202 3673 inlicere
1231 3618 1389 3681 solet,
1420 3627 1619 3686 pestem
1646 3616 1856 3671 auferre
1884 3616 2007 3671 niti-

426 3724 529 3767 tur.
563 3713 742 3782 Nequc
769 3712 908 3765 enim
957 3722 1238 3780 utcumque
1263 3712 1494 3782 gignitur
1521 3711 1605 3766 hic
1634 3709 1880 3772 morbus,
1909 3710 2003 3765 sed

428 3816 703 3873 postquam
735 3805 897 3857 multa
925 3813 1183 3872 pra'eepta
1211 3803 1423 3872 egregie
1444 3801 1797 3870 implevimus.
1830 3801 2002 3868 Opor-

425 3895 563 3949 tebat
609 3896 765 3962 igitur
809 3897 954 3964 prius
997 3897 1243 3948 virtutem
1291 3894 1559 3955 inserere,
1609 3903 1662 3946 et
1705 3902 1828 3947 tunc
1855 3893 2002 3946 illum

421 3987 582 4039 animi
610 3986 856 4040 affectum
886 3985 1130 4050 auferre,
1176 3987 1262 4054 qui
1299 3985 1413 4054 ejus
1444 3985 1668 4038 fructum
1699 3985 1999 4040 labefactat.

424 4085 499 4136 Ac
529 4082 646 4136 vide
672 4080 811 4135 unde
842 4079 1114 4134 exordium
1147 4088 1350 4132 sumat:
1384 4093 1412 4131 a
1439 4078 1661 4146 jejunio,
1692 4078 1933 4132 oratione
1949 4086 2004 4131 et

421 4178 780 4246 eleemosyna.
815 4172 870 4227 In
903 4173 983 4227 bis
1005 4173 1146 4227 enim
1178 4172 1408 4224 maxime
1450 4179 1594 4225 recte
1623 4170 1771 4224 iactis
1799 4171 1998 4225 versari

421 4271 577 4322 solet.
599 4268 727 4322 Nam
757 4267 1056 4321 Pbarismus
1079 4265 1201 4319 inde
1227 4264 1436 4318 inﬂatus
1457 4263 1667 4318 dicebat
1688 4281 1700 4317 :
1725 4263 1912 4334 Jejuno
1927 4263 2002 4316 bis

425 4369 472 4421 iu
503 4365 836 4425 hebdomade,
866 4363 1085 4416 decimas
1115 4361 1180 4414 do
1200 4360 1421 4413 omnium
1447 4375 1559 4428 qua:
1587 4357 1820 4428 possideo
1844 4356 1998 4428 (Luc.

424 4462 522 4523 18,
547 4459 606 4512 l2
635 4466 650 4525 )
679 4476 690 4510 :
722 4458 772 4510 in
805 4457 914 4524 ipsa
938 4455 1177 4507 oratione
1206 4467 1390 4506 vanam
1417 4450 1663 4520 captabat
1684 4450 1927 4519 gloriam,
1947 4458 2002 4504 et

420 4554 484 4604 ad
515 4551 924 4605 ostentationem
959 4548 1288 4618 precabatur.
1315 4545 1445 4613 Quia
1476 4545 1615 4598 cnim
1643 4543 1822 4597 nullus
1864 4543 2000 4596 alius

423 4645 644 4707 aderat,
675 4641 1009 4711 publicanum
1039 4639 1304 4694 indicabat
1325 4637 1507 4692 dicens
1537 4654 1551 4690 :
1581 4635 1700 4690 Non
1730 4651 1844 4690 sum
1870 4637 1999 4690 sicut

421 4737 589 4792 atteri
632 4735 890 4788 hominum
913 4775 926 4793 .
975 4749 1132 4800 neque
1172 4732 1300 4784 sicut
1328 4731 1408 4783 hic
1439 4729 1734 4800 publicanus
1758 4728 1918 4800 (Ibid.
1943 4744 1992 4782 v.

422 4830 480 4882 11
518 4829 556 4896 ).
577 4825 646 4880 Et
665 4825 784 4879 vide
809 4822 1079 4894 quomodo
1100 4823 1350 4877 Servatur
1370 4821 1614 4891 cmperit,
1637 4835 1700 4875 ac
1719 4821 1764 4876 si
1793 4820 1861 4876 de
1887 4821 1996 4876 fera

417 4925 591 4970 astuta
631 4931 696 4969 ac
724 4917 1060 4984 depreheusu
1085 4915 1282 4968 difﬁcili
1314 4926 1514 4985 ageret,
1537 4932 1658 4986 quae
1682 4934 1784 4971 non
1804 4919 1992 4971 admo-

416 5007 546 5062 dum
561 5008 773 5077 vigilem
789 5023 978 5076 capere
993 5018 1166 5076 posset
1199 5024 1212 5058 :
1236 5024 1358 5060 nam
1373 5008 1446 5062 ait
1469 5025 1480 5060 :
1498 5010 1535 5060 .4
1550 5009 1765 5062 (tendite
1783 5025 1844 5061 ne
1858 5009 1992 5062 elee-

420 5117 692 5170 mosynam
711 5110 1063 5162 vestram,etc.
1082 5099 1170 5154 Sic
1183 5110 1234 5152 et
1247 5100 1444 5154 Paulus
1456 5100 1893 5169 Philippensibus
1909 5102 1992 5154 di-

421 5192 527 5246 cit:
545 5190 724 5244 Videte
740 5189 1159 5261 cancs(Philipp.
1181 5191 1326 5255 3,2).
1355 5190 1504 5244 Clam
1525 5191 1666 5243 enim
1693 5190 1990 5259 ingreditur

419 5283 611 5344 fera,et
623 5282 802 5334 omnia
818 5283 933 5336 sine
945 5282 1167 5350 strepitu
1184 5283 1518 5351 intlat.atque
1530 5282 1710 5336 omnia
1723 5297 1841 5350 qua
1855 5281 1994 5335 intra

418 5376 551 5432 .tihil
567 5377 888 5429 sentientem
908 5374 1241 5429 suntaufert.
1258 5375 1393 5441 Quia
1418 5377 1579 5442 igitur
1597 5376 1890 5443 plurimum
1913 5377 2002 5431 fe-

419 5472 482 5523 e'u
510 5469 577 5522 de
605 5466 940 5535 eleemosyna
987 5475 1287 5516 sermonem
1312 5500 1326 5523 ,
1371 5458 1644 5529 Deumque
1683 5461 1734 5514 in
1763 5462 1997 5516 medium

420 5559 659 5621 adduxit,
695 5555 792 5622 Qui
823 5553 975 5607 solem
996 5567 1140 5605 suum
1168 5551 1288 5603 oriri
1319 5550 1442 5620 facit
1466 5565 1617 5618 super
1643 5551 1804 5605 malos
1833 5562 1878 5605 et
1904 5553 1998 5606 bo-

419 5667 530 5712 nos,
563 5657 615 5703 et
645 5647 873 5715 undique
899 5644 962 5698 ad
991 5643 1039 5696 id
1066 5643 1374 5696 cohortatus
1395 5649 1494 5702 est,
1525 5649 1574 5694 et
1601 5641 1858 5695 donorum
1892 5643 1999 5697 lar.

417 5751 580 5815 gitatc
607 5737 924 5802 conspicuos
963 5749 1082 5790 esse
1111 5734 1276 5788 suasit
1301 5775 1315 5796 ,
1347 5735 1572 5786 demum
1602 5735 1775 5788 omnia
1819 5737 1947 5788 tollit
1975 5777 1991 5794 ,

2121 2709 2240 2763 quze
2277 2692 2402 2747 huic
2430 2693 2663 2762 pulchrrc
2703 2693 2836 2748 olea:
2865 2708 3060 2748 nocere
3088 2703 3325 2764 possent.
3372 2695 3707 2767 Quapmpter

2120 2787 2230 2840 ait:
2277 2786 2530 2839 Attendite
2554 2803 2614 2839 ne
2639 2787 3005 2856 eleemosynam
3048 2797 3263 2840 vestram
3302 2788 3501 2859 faciatis
3535 2806 3706 2843 coram

2120 2879 2426 2932 hominibus.
2455 2878 2585 2932 Nam
2614 2879 2701 2934 illa
2731 2880 2875 2948 prius
2903 2889 3215 2942 memorata,
3245 2881 3334 2934 Dei
3361 2889 3443 2935 est
3469 2881 3703 2935 eleemo-

2120 2987 2269 3046 syna.
2293 2969 2426 3025 Cum
2449 2987 2576 3025 vero
2595 2972 2837 3038 dixisset,
2872 2971 2951 3026 Ne
2974 2973 3175 3043 faciatis
3203 2989 3374 3026 coram
3399 2973 3702 3038 hominibus,

2119 3065 2413 3134 subjunxit,
2450 3063 2516 3119 Ut
2544 3065 2813 3118 videamini
2841 3066 2902 3117 ab
2933 3066 3023 3119 eis.
3057 3064 3125 3119 Et
3154 3064 3360 3119 videtur
3381 3065 3592 3134 quidem
3624 3065 3705 3120 id-

2118 3156 2290 3224 ipsum
2316 3157 2424 3225 jam
2453 3165 2575 3210 ante
2602 3157 2832 3210 dixisse:
2867 3155 2912 3209 si
2939 3157 3061 3225 quis
3082 3171 3208 3211 vero
3229 3156 3508 3227 diligenter
3530 3167 3706 3212 atten-

2115 3247 2228 3314 dat,
2256 3263 2361 3301 non
2391 3247 2618 3316 idipsum
2646 3257 2766 3302 est:
2797 3247 2892 3302 sed
2919 3246 3060 3301 aliud
3092 3246 3222 3311 hoc,
3256 3247 3395 3301 aliud
3426 3247 3552 3303 illud
3576 3258 3698 3304 est:

2119 3339 2448 3408 multamque
2476 3338 2694 3394 adhibet
2717 3338 3040 3402 cautionem,
3062 3337 3492 3408 ineffabilemquc
3519 3341 3702 3408 provi-

2114 3431 2347 3486 dentiam
2369 3439 2528 3499 atqne
2550 3431 2946 3500 indulgentiam.
2974 3432 3156 3486 Potest
3175 3431 3316 3487 enim
3340 3432 3384 3486 is
3409 3432 3496 3502 qui
3519 3447 3698 3488 coram

2108 3521 2420 3575 hominibus
2452 3521 2502 3574 id
2533 3520 2675 3585 facit,
2697 3538 2800 3576 non
2836 3531 2892 3576 ut
2916 3521 3161 3577 videatur
3196 3523 3245 3577 id
3270 3524 3443 3579 facere
3467 3543 3480 3578 :
3508 3535 3564 3580 et
3583 3541 3700 3580 rur-

2112 3630 2204 3670 sus
2221 3615 2309 3686 qui
2334 3629 2512 3670 coram
2541 3614 2591 3668 id
2621 3630 2723 3668 non
2743 3615 2884 3675 facit,
2911 3624 2966 3669 ut
2984 3615 3241 3679 videatur,
3269 3615 3464 3671 facere.
3495 3617 3696 3684 Quam-

2110 3707 2296 3764 obrem
2344 3725 2448 3762 non
2481 3707 2794 3777 simpliciter
2823 3723 2966 3771 rem,
2999 3708 3093 3763 sed
3123 3709 3448 3764 voluntatem
3496 3710 3578 3764 vel
3611 3726 3700 3779 pu-

2111 3802 2189 3856 nit
2213 3801 2300 3857 vel
2325 3811 2566 3855 coronat.
2594 3800 2704 3854 Nisi
2739 3801 2880 3855 enim
2918 3815 2980 3854 ea
3015 3800 3360 3855 adhiberetur
3386 3801 3655 3856 accuratio
3677 3844 3694 3864 ,

2109 3893 2212 3948 hoc
2255 3893 2454 3947 multos
2500 3892 2566 3946 ad
2612 3892 3008 3962 elccmosynam
3053 3892 3374 3961 erogandam
3423 3893 3698 3962 segniores

2108 3985 2449 4047 reddidisset,
2480 3983 2601 4052 quia
2626 3982 2677 4035 id
2711 3997 2813 4035 non
2845 3982 3036 4050 ubique
3058 3983 3192 4035 clam
3220 3982 3331 4035 ﬁeri
3356 3992 3548 4050 potest.
3574 3981 3696 4035 Ideo

2108 4077 2177 4132 ab
2208 4077 2306 4130 hac
2335 4087 2384 4129 te
2409 4074 2693 4128 absolvens
2731 4074 3070 4137 necessitate,
3106 4090 3210 4126 non
3244 4073 3330 4125 fini
3355 4073 3566 4140 operis,
3599 4075 3692 4128 sed

2106 4165 2366 4219 voluntati
2397 4163 2635 4217 facientis
2660 4203 2675 4226 ,
2703 4172 2759 4217 et
2787 4176 2998 4231 poenam
3025 4173 3078 4216 et
3102 4162 3402 4217 mercedem
3433 4163 3689 4218 decernit.

2107 4259 2184 4313 Ne
2203 4257 2350 4312 dicas
2375 4257 2538 4318 enim,
2563 4254 2698 4321 Quid
2727 4255 2947 4309 interest
2967 4269 3084 4309 mea
3107 4256 3150 4308 si
3175 4254 3309 4308 alius
3335 4253 3508 4307 videat
3530 4256 3554 4308 ἶ)
3574 4255 3690 4310 Non

2106 4352 2208 4405 hoc
2235 4365 2436 4420 qmero,
2470 4346 2662 4416 inquit,
2691 4346 2785 4402 sed
2829 4355 3061 4409 mentem
3094 4357 3236 4401 tuam
3281 4356 3334 4409 et
3366 4345 3580 4400 modum
3611 4346 3691 4400 fa-

2105 4445 2310 4501 ciendre
2357 4443 2454 4498 rei.
2502 4442 2748 4497 Animam
2792 4441 2988 4512 quippe
3034 4441 3146 4495 vult
3191 4441 3512 4505 eli'ormare,
3544 4452 3596 4496 et
3624 4442 3692 4495 ab

2105 4537 2251 4592 omni
2283 4535 2470 4590 morbo
2499 4534 2749 4589 liberare.
2793 4531 3075 4602 Postquam
3119 4533 3277 4602 igitur
3310 4533 3497 4596 edixit,
3531 4549 3596 4586 ne
3622 4534 3690 4586 ad

2106 4629 2517 4684 ostentationem
2550 4627 2676 4690 ﬁat,
2725 4634 2780 4680 et
2805 4625 3056 4678 damnum
3087 4624 3267 4678 docuit
3291 4638 3573 4693 emergens
3598 4665 3610 4686 ,
3643 4625 3689 4678 si

2106 4733 2306 4776 temere
2327 4730 2380 4774 et
2409 4719 2798 4774 inconsiderate
2822 4718 2930 4781 fiat,
2960 4731 3142 4770 rursus
3163 4717 3459 4770 auditorum
3483 4718 3690 4771 animos

2105 4817 2300 4887 erigit,
2341 4815 2554 4869 Patrem
2583 4825 3009 4867 commemorans
3042 4819 3200 4876 atque
3240 4811 3425 4863 c:clum
3446 4851 3461 4872 ,
3495 4825 3561 4862 ne
3591 4809 3688 4863 da-

2105 4923 2288 4964 mnum
2311 4905 2482 4959 solum
2509 4911 2770 4972 tangeret,
2785 4901 2877 4955 sed
2897 4901 3054 4955 etiam
3075 4900 3248 4954 Patris
3267 4901 3520 4954 memoria
3535 4915 3690 4954 coer-

2103 5010 2266 5058 ceret.
2301 4997 2421 5054 Non
2452 4997 2694 5052 habebitis
2714 5036 2728 5059 ,
2762 4993 2972 5062 inquit,
3005 4991 3280 5046 mercedem
3311 4990 3449 5060 apud
3481 4989 3687 5044 Patrem

2103 5104 2318 5147 vestrum
2351 5091 2436 5161 qui
2465 5091 2516 5143 in
2543 5088 2678 5142 ca'lis
2709 5095 2797 5140 est.
2825 5085 3006 5154 Neque
3034 5084 3117 5138 hic
3145 5083 3365 5154 gradum
3389 5083 3526 5137 sistit
3549 5125 3564 5147 ,
3593 5083 3687 5137 scd

2104 5186 2240 5239 ultra
2270 5182 2541 5253 procedit;
2568 5192 2918 5250 magnamque
2935 5177 3012 5230 eis
3034 5177 3190 5245 hujus
3217 5177 3326 5230 vitii
3353 5175 3686 5229 aversionem

2105 5275 2261 5330 indit.
2303 5269 2760 5340 Quemadmodum
2807 5267 2947 5322 enim
2986 5282 3143 5334 supra
3176 5266 3486 5335 publicanos
3513 5263 3686 5317 ethni-

2104 5381 2301 5436 cosquc
2329 5363 2541 5434 posuit,
2592 5370 2651 5416 ut
2697 5359 3003 5414 conditione
3043 5371 3389 5427 personarum
3435 5353 3556 5405 illos
3593 5353 3682 5422 qui

2103 5459 2218 5513 haec
2245 5459 2577 5511 imitarentur
2603 5453 2808 5523 pudore
2835 5450 3073 5506 afficeret
3100 5468 3113 5503 :
3143 5451 3210 5502 ita
3237 5448 3323 5500 hic
3353 5459 3561 5513 quoque
3590 5444 3683 5524 by.

2103 5551 2335 5620 pocritas
2357 5557 2636 5602 memorat.
2665 5545 2719 5598 9..
2751 5543 2873 5598 Cum
2896 5542 3039 5611 facis,
3073 5539 3259 5608 inquit.
3285 5537 3681 5620 efcemosymuu,

2103 5617 2206 5694 noli
2239 5639 2352 5692 tuba
2379 5653 2555 5690 canere
2585 5645 2700 5688 ante
2729 5644 2775 5687 te
2796 5675 2810 5694 ,
2857 5634 2984 5686 sicut
3025 5629 3302 5699 hypocrita:
3327 5617 3541 5693 faciunt.
3576 5625 3686 5681 lloc

2104 5736 2223 5787 dicit
2253 5777 2266 5792 .
2298 5749 2400 5786 non
2431 5730 2570 5800 quod
2602 5730 2670 5782 illi
2714 5728 2864 5781 tubas
2894 5725 3176 5783 baberent,
3208 5720 3299 5774 sed
3342 5728 3393 5770 ut
3427 5732 3674 5786 magnam
