4050 6220
380 250 488 309 275

385 364 644 420 insaniam
666 361 933 423 ostendat,
954 357 1055 413 hac
1074 356 1384 424 metaphora
1412 354 1529 406 illos
1548 352 1753 406 deridet
1781 361 1834 403 et
1854 359 1962 404 tra-

384 459 564 517 ducit:
615 465 773 525 atque
800 453 967 524 probe
1007 450 1313 523 hypocritas
1358 455 1531 503 vocat.
1566 445 1729 497 Larva
1770 445 1966 513 quippe
1999 512 2037 529 -

384 550 740 618 cleemosyute
785 553 933 599 erat:
966 555 1116 595 mens
1154 554 1281 593 vero
1310 538 1692 591 immanitatem
1730 535 1965 588 crudeli-

387 648 653 706 tatemque
698 633 1070 688 meditabatur.
1113 628 1229 684 Non
1274 630 1413 682 enim
1462 628 1512 681 id
1556 627 1781 695 agebant
1826 624 1967 695 quod

388 727 657 798 proximos
685 726 1087 778 miserarentur.
1118 719 1210 774 sed
1235 729 1289 771 ut
1318 719 1413 786 ipsi
1445 717 1607 786 gloria
1630 716 1965 769 fruerentur:

388 820 527 888 quod
571 827 823 870 extremae.
850 823 967 868 erat
992 811 1351 874 crudelitatis,
1380 810 1484 862 alio
1512 810 1649 867 l'amc
1680 818 1932 877 pereunte
1951 849 1967 871 ,

390 909 644 960 honorem
674 915 889 973 captare
916 944 930 961 ,
965 919 1067 955 non
1113 902 1227 967 ejus
1265 900 1453 968 inopie
1490 900 1788 953 consulere.
1836 897 1969 951 Vera

389 1014 518 1067 ergo
545 999 882 1066 eleemosyna
913 1012 1017 1048 non
1039 1003 1117 1046 est
1151 994 1322 1062 largiri
1354 1003 1576 1053 tantum,
1605 992 1697 1045 sed
1733 1002 1786 1043 ut
1816 1005 1973 1059 opor-

394 1100 467 1143 tet
493 1090 642 1152 dare,
672 1097 724 1142 et
752 1097 967 1157 propter
997 1085 1227 1151 inopiam
1255 1084 1404 1138 dare.

460 1185 515 1237 2.
563 1183 843 1237 Ostentatio
883 1198 913 1233 τι
952 1179 1150 1233 Christo
1186 1178 1481 1248 prohibita:
1523 1175 1838 1229 Humilitatis
1862 1177 1974 1245 fru-

391 1287 518 1330 ctus.
558 1274 715 1329 Vana?
744 1274 918 1345 gloria:
948 1273 1205 1325 damnum.
1232 1303 1299 1315 ς
1326 1272 1612 1338 Postquam
1655 1269 1811 1339 igitur
1848 1272 1976 1321 satis

397 1374 516 1427 illos
547 1372 775 1425 traduxit
803 1380 856 1423 et
896 1370 1127 1432 notavit,
1160 1377 1214 1419 ut
1246 1366 1538 1421 auditorem
1573 1365 1771 1434 pudore
1802 1363 1979 1416 allice-

397 1474 511 1525 ret,
552 1466 661 1531 jam
704 1463 920 1527 corrigit
964 1469 1195 1515 mentem
1239 1459 1337 1512 hoc
1377 1458 1561 1511 morbo
1605 1456 1975 1509 laborantem:

398 1570 623 1624 cumque
654 1553 973 1606 ostendisset
1010 1551 1279 1619 quomodo
1310 1564 1413 1600 non
1444 1548 1556 1601 ﬁeri
1586 1547 1826 1608 deberet,
1857 1561 1978 1597 rur-

398 1663 489 1700 sus
528 1646 795 1715 quomodo
839 1644 948 1696 lieri
991 1643 1185 1696 debeat
1214 1640 1467 1694 ostendit.
1506 1638 1783 1704 Quomodo
1825 1636 1982 1703 igitur

404 1740 514 1792 ﬁeri
542 1737 739 1791 debet?
768 1738 820 1791 5.
853 1735 1058 1789 Nesciet
1084 1735 1289 1787 sinislra
1333 1745 1418 1785 tua
1461 1732 1582 1801 quid
1624 1733 1747 1801 facit
1779 1731 1983 1782 dextera

402 1841 507 1881 tua.
538 1830 740 1882 Rursus
774 1829 856 1882 hic
888 1844 991 1879 non
1021 1841 1209 1879 manus
1236 1824 1572 1882 subindicat;
1605 1823 1697 1876 St‘tl
1720 1822 1986 1889 hyperbo-

401 1924 502 1976 lice.
533 1921 583 1974 id
618 1921 813 1989 posuit.
846 1919 976 1981 Nam
1012 1920 1055 1971 si
1089 1917 1201 1972 lieri
1233 1925 1441 1985 posset,
1472 1916 1676 1983 inquit,
1710 1924 1764 1966 ut
1793 1924 1844 1964 tu
1875 1913 1987 1978 ipse

404 2013 678 2081 ignorares
700 2053 713 2071 .
746 2010 875 2073 illud
904 2009 1062 2062 etiam
1091 2007 1383 2062 curandum
1412 2016 1571 2067 esset,
1602 2005 1760 2058 etiam
1791 2004 1833 2057 si
1863 2021 1987 2071 pos-

404 2114 487 2159 set
517 2104 627 2157 fieri
661 2104 803 2171 ipsas
832 2117 1018 2153 manus
1040 2099 1400 2153 ministrantes
1426 2099 1591 2151 latere
1612 2096 1849 2150 deberet.
1874 2095 1987 2148 Non

410 2205 468 2249 ut
510 2195 724 2263 quidam
772 2194 992 2252 dicunt,
1025 2191 1074 2243 id
1110 2191 1286 2258 pravis
1332 2187 1703 2243 occultandum
1741 2196 1990 2255 oportere

409 2287 708 2339 hominibus
733 2302 745 2336 :
778 2283 983 2336 cunctis
1009 2283 1150 2335 enim
1173 2281 1331 2350 jussit
1361 2279 1632 2332 abscondi.
1661 2277 1859 2331 Deinde
1900 2292 1993 2329 co-

406 2380 510 2448 gita
551 2387 743 2446 quanta
792 2376 859 2427 sit
890 2389 1115 2427 merces.
1160 2373 1447 2441 Postquam
1492 2371 1633 2423 enim
1675 2369 1988 2439 supplicium

409 2473 671 2536 edixerat,
704 2469 934 2525 ostendit
955 2468 1077 2522 hinc
1104 2464 1494 2534 decerpendnm
1520 2464 1797 2523 honorem,
1824 2463 1995 2516 utriu-

411 2582 517 2635 que
560 2580 653 2619 eos
680 2563 958 2632 impellens
997 2572 1050 2615 et
1083 2560 1147 2613 ad
1173 2559 1452 2613 sublimem
1480 2573 1641 2626 agens
1669 2555 1989 2609 doctrinam.

414 2661 577 2713 [locet
599 2658 795 2727 quippe
824 2663 879 2708 ut
905 2654 1071 2708 sciant
1097 2653 1293 2721 ubique
1317 2652 1481 2705 Deum
1505 2664 1625 2703 esse
1656 2656 1993 2717 prmsentem,

412 2766 605 2819 resque
635 2757 845 2801 nostras
873 2763 975 2800 non
1006 2760 1124 2800 esse
1155 2744 1433 2812 praesentis
1462 2743 1583 2796 vitre
1617 2741 1868 2795 limitilms
1894 2740 1997 2792 cir—

414 2840 784 2906 cumscriptus,
816 2839 907 2890 sed
936 2835 1225 2895 terribilius
1248 2834 1369 2886 hinc
1396 2847 1493 2885 nos
1513 2840 1855 2899 excepturum
1879 2843 1998 2883 esse

418 2931 669 2993 tribunal,
692 2938 740 2982 et
767 2930 998 2991 rationes
1026 2925 1323 2979 reddendas
1352 2923 1463 2977 lore
1486 2934 1696 2975 actuum
1722 2920 1957 2972 omnium
1981 2935 1995 2982 ;

418 3023 643 3089 hincque
678 3020 754 3076 vel
779 3018 1010 3072 honores
1036 3017 1118 3069 vel
1141 3013 1416 3082 supplicia,
1447 3027 1512 3066 ac
1532 3025 1629 3065 nec
1655 3026 1871 3079 parvum
1901 3024 2001 3064 nec

416 3130 663 3183 magnum
690 3125 824 3179 opus
859 3111 1023 3167 latere
1060 3122 1215 3176 posse
1236 3147 1249 3167 ,
1283 3107 1407 3159 licet
1448 3105 1689 3157 homines
1717 3104 1882 3156 latere
1914 3102 1964 3154 vi
1986 3132 2000 3144 -

415 3209 623 3271 deatur.
666 3204 787 3258 ll:ee
834 3203 1031 3273 quippe
1059 3199 1235 3254 omnia
1282 3196 1636 3253 subindicavit
1672 3194 1893 3247 dicens:
1942 3192 1997 3248 4.

424 3297 578 3351 Pater
607 3306 753 3357 tuus,
781 3294 865 3362 qui
894 3292 1026 3346 videt
1056 3292 1107 3343 in
1137 3288 1427 3349 abscondito
1451 3328 1466 3351 ,
1499 3286 1673 3339 reddet
1699 3286 1786 3339 tibi
1815 3287 1868 3339 in
1894 3301 2003 3337 ma-

419 3391 600 3458 nifesto
623 3403 641 3441 :
669 3400 916 3453 magnum
945 3392 998 3437 et
1025 3381 1336 3445 honorabile
1368 3378 1630 3432 theatrum
1675 3379 1771 3445 ipsi
1798 3377 2001 3431 consti-

420 3490 575 3535 tuens
601 3520 615 3541 ,
645 3478 729 3531 ubi
760 3476 808 3530 id
838 3475 975 3545 quod
1003 3474 1329 3543 concupiscit
1350 3514 1362 3533 ,
1391 3472 1438 3525 ci
1463 3471 1671 3525 abunde
1715 3470 2001 3523 admodum

419 3570 645 3623 dabitur.
698 3568 830 3634 Quid
883 3567 999 3619 vis?
1044 3566 1277 3634 inquiet:
1327 3580 1504 3619 annon
1553 3565 1760 3633 aliquos
1806 3562 2002 3615 habere

418 3674 691 3731 gestorum
740 3658 1108 3727 Spectatores?
1138 3658 1276 3712 Ecce
1301 3656 1465 3710 habes
1493 3698 1506 3717 ,
1551 3672 1655 3709 non
1701 3656 1921 3723 angelos
1950 3662 2004 3708 et

419 3754 766 3819 archaugrlos
811 3761 1011 3805 tantum
1038 3790 1053 3812 ,
1094 3750 1186 3801 sed
1230 3758 1284 3801 et
1327 3749 1692 3800 universorum
1726 3746 1929 3801 Deum:
1958 3746 2002 3799 si

419 3848 578 3899 etiam
624 3845 867 3901 homines
919 3841 1111 3894 habere
1153 3849 1483 3908 Spectatores
1524 3838 1892 3907 concupiscis,
1936 3852 2003 3891 ne

423 3938 521 3990 hoc
548 3935 760 4005 quidem
807 3933 1129 3986 desiderium
1169 3931 1336 3985 lrnctn
1379 3945 1602 3983 vacuum
1633 3930 1732 3982 erit
1761 3938 2004 3998 tempore

419 4041 756 4101 opportuno;
792 4029 897 4083 imo
929 4026 977 4087 id
1009 4026 1097 4078 tibi
1126 4039 1247 4077 cum
1278 4023 1463 4089 majori
1492 4023 1708 4075 cumulo
1739 4020 2004 4089 prmstubi-

420 4134 524 4177 tur.
560 4122 708 4177 Nunc
746 4119 885 4172 cnim
916 4119 957 4171 si
1005 4128 1055 4169 te
1102 4115 1455 4179 ostentaveris
1483 4160 1493 4175 ,
1525 4112 1661 4181 apud
1702 4112 1886 4167 decem
1918 4112 2002 4166 vel

418 4214 627 4282 viginti,
653 4211 731 4264 vel
766 4220 975 4269 centum
1007 4208 1248 4271 homines
1280 4216 1483 4258 tantmn
1514 4213 1784 4257 ostentare
1818 4212 1868 4256 te
1900 4218 1999 4271 po-

420 4305 582 4362 teris;
612 4302 692 4353 sin
727 4300 941 4352 studeas
973 4312 1109 4351 nitnc
1139 4298 1323 4358 latere,
1344 4305 1467 4347 Ione
1500 4294 1686 4359 teipse
1711 4294 1849 4345 Deus
1874 4308 2003 4361 prte-

417 4394 636 4449 dicabit,
665 4401 774 4444 toto
804 4399 1063 4457 prmsente
1092 4388 1237 4438 urbe.
1268 4386 1445 4453 Itaque.
1488 4386 1529 4437 si
1566 4394 1838 4452 tantopere
1872 4384 2001 4437 velis

423 4484 665 4538 lamnines
694 4489 840 4549 gesta
869 4488 953 4531 tua
980 4478 1181 4538 videre,
1211 4474 1478 4529 absconde.
1502 4490 1640 4527 nunc
1668 4475 1775 4537 illa,
1800 4482 1857 4526 ut
1878 4489 1998 4527 com

419 4575 607 4643 majori
643 4574 843 4626 honore
874 4578 964 4622 tuo
996 4568 1081 4621 illa
1112 4580 1297 4619 omnes
1328 4574 1452 4617 tunc
1482 4563 1714 4622 videant,
1745 4562 1851 4614 lico
1888 4563 1998 4630 ipsa

420 4666 696 4720 manifesta
731 4663 1005 4723 reddente,
1039 4660 1329 4712 extollente
1355 4698 1367 4717 ,
1402 4666 1452 4709 et
1484 4655 1619 4725 ame
1652 4671 1839 4708 omnes
1867 4671 2001 4722 prm—

419 4758 651 4811 dieante.
682 4755 831 4809 Nunc
863 4767 1038 4807 autem
1075 4761 1124 4804 te
1169 4753 1256 4817 qui
1296 4748 1525 4801 viderint
1552 4748 1910 4808 damnabunt,
1946 4755 2000 4800 ut

419 4864 568 4902 vana:
593 4847 774 4917 glorirc
801 4846 1047 4915 cupidum
1073 4860 1087 4901 :
1111 4858 1230 4899 cum
1257 4850 1413 4909 parm
1439 4850 1487 4891 te
1514 4848 1823 4889 coronatum
1854 4836 1998 4889 vide-

417 4940 571 5003 bunt,
602 4954 705 4990 non
730 4936 885 4988 modo
914 4950 1017 4987 non
1043 4932 1390 4993 damnabunt,
1421 4929 1512 4984 sed
1538 4932 1696 4982 etiam
1728 4928 1999 4980 mirabun-

420 5043 504 5086 tur
530 5044 737 5085 omnes.
770 5028 903 5082 Cum
934 5027 1109 5094 itaque
1139 5036 1192 5078 ct
1222 5040 1429 5078 merces
1476 5032 1653 5090 parata
1684 5022 1749 5073 sit
1776 5062 1789 5081 ,
1823 5030 1875 5073 et
1901 5020 1997 5072 ad-

417 5123 682 5180 mirationi
723 5122 927 5174 futurus
952 5120 1048 5180 sis,
1078 5118 1120 5171 si
1158 5118 1369 5186 paulum
1418 5114 1673 5182 temporis
1696 5123 1992 5180 exspectes,

417 5216 584 5286 cogita
608 5219 817 5283 quanta:
838 5210 1073 5263 stultitiae
1091 5217 1232 5261 esset
1254 5218 1535 5274 utrumque
1556 5206 1712 5257 simul
1730 5205 1994 5263 amittere,

413 5309 538 5363 dum
569 5321 617 5359 et
648 5322 675 5357 ιι
701 5304 811 5356 Deo
833 5316 1036 5353 merces
1057 5300 1275 5370 petitur,
1298 5308 1352 5350 et
1380 5299 1487 5351 Deo
1514 5298 1724 5350 vidente
1753 5295 1997 5347 homines

417 5407 706 5453 evocantur
745 5402 1015 5463 gestorum
1062 5400 1407 5458 Spectatores.
1439 5389 1492 5439 Si
1521 5388 1660 5439 enim
1694 5402 1789 5437 nos
1814 5395 1996 5437 osten-

419 5500 531 5544 tare
563 5488 827 5551 volumus,
864 5484 1002 5537 Patri
1028 5492 1149 5535 ante
1178 5481 1351 5533 omnia
1384 5495 1501 5531 sese
1529 5480 1811 5531 ostendere
1840 5493 2000 5545 opor-

417 5590 492 5635 tet
518 5598 532 5643 ;
572 5580 801 5631 maxime
829 5590 956 5631 vero
987 5589 1105 5627 cum
1135 5582 1189 5625 ct
1219 5571 1507 5624 coronandi
1551 5578 1604 5622 et
1634 5569 1880 5637 puniendi
1904 5568 1997 5619 do-

417 5671 594 5721 tninus
619 5672 685 5723 sit
711 5669 884 5722 l’ater.
905 5666 1060 5721 Certe
1087 5665 1292 5717 etiamsi
1320 5664 1518 5715 nnlhtm
1547 5662 1669 5713 hinc.
1687 5666 2001 5729 sequeretur

1123 240 1182 298 S.
1226 239 1502 297 JOANNIS
1539 229 2035 290 ClllliSOSTOMl.
2072 230 2390 291 AllClllEP.
2432 230 2965 286 CONSTANTINOP.

3542 232 3647 286 ί).τὸ

2079 351 2334 406 damnum
2355 391 2371 415 ,
2394 365 2498 403 non
2520 359 2791 420 oporteret
2812 350 2993 418 gloria:
3018 348 3268 419 cupidum
3296 390 3308 411 ,
3337 349 3439 404 hoc
3465 352 3653 406 relicto

2075 442 2283 496 theatro
2309 442 2581 496 hominum
2611 450 2859 511 expetere
2901 441 3187 494 theatrum.
3237 439 3368 507 Quis
3409 441 3551 495 enim
3581 444 3653 497 ita

2074 536 2236 588 miser
2265 543 2427 594 esset,
2459 544 2515 587 ut
2540 549 2664 589 reae
2690 532 2972 586 festinante
2989 531 3053 583 ad
3076 539 3220 584 recte
3250 530 3507 582 laetorum
3538 531 3656 600 ejus

2075 626 2434 696 spectaculum
2484 621 2757 689 accedere,
2791 621 2879 675 illo
2922 621 3126 682 relicto,
3157 635 3447 689 pauperum
3497 630 3659 687 atque

2078 718 2438 773 mendicornm
2492 717 2591 770 sibi
2641 715 2998 785 spectaculum
3043 713 3339 767 statueret?
3380 713 3501 765 ldeo
3549 730 3659 766 non

2078 814 2237 866 modo
2265 812 2502 881 praecipit
2532 820 2587 864 ut
2632 826 2729 864 nos
2759 824 2860 862 non
2887 817 3217 862 ostentemus
3237 848 3251 869 ,
3294 805 3387 860 sed
3414 807 3573 860 etiam
3604 820 3663 859 ut

2082 905 2245 957 latere
2287 904 2614 957 stndeanms.
2652 902 2765 955 Non
2797 904 2938 956 enim
2970 901 3170 971 :rqnale
3199 908 3313 966 est,
3354 915 3460 953 non
3483 916 3545 954 se
3568 915 3659 954 os-

2080 997 2315 1052 tentamli
2344 996 2574 1050 studium
2606 996 2803 1049 habere
2828 1036 2843 1058 ,
2872 1005 2925 1047 et
2955 994 3183 1081 latebras
3220 1011 3480 1063 qmerere.
3509 996 3562 1048 5.
3598 992 3666 1049 [ι

2080 1105 2195 1141 cum
2229 1090 2386 1142 oratis
2409 1129 2423 1148 ,
2456 1087 2611 1140 nolite
2644 1087 2752 1153 ﬁeri
2798 1088 2927 1139 sicut
2954 1086 3229 1155 hypocrita
3252 1126 3267 1150 ,
3300 1086 3386 1154 qui
3414 1097 3589 1139 amant
3612 1089 3664 1139 iu

2082 1181 2353 1249 synagogis
2393 1189 2439 1231 et
2464 1180 2516 1230 in
2544 1179 2744 1246 angulis
2784 1178 3063 1246 platearum
3086 1186 3273 1230 stantes
3297 1194 3443 1232 orare
3465 1220 3479 1242 ,
3512 1192 3566 1230 ut
3593 1180 3667 1231 ri-

2084 1270 2297 1323 deantur
2320 1269 2382 1322 ab
2409 1270 2710 1322 hominibus.
2733 1269 2891 1322 Amen
2908 1268 3020 1322 dico
3042 1270 3198 1331 vobis,
3217 1280 3509 1337 receperunt
3538 1286 3669 1323 ruer-

2085 1362 2253 1414 cedem
2281 1377 2444 1414 suam.
2478 1361 2531 1415 6.
2562 1359 2639 1413 Tu
2667 1370 2830 1413 autem
2872 1377 2986 1413 cum
3011 1360 3230 1413 oraveris
3248 1400 3264 1424 ,
3295 1361 3431 1413 intra
3460 1361 3511 1414 in
3536 1361 3670 1414 cubi-

2087 1455 2257 1508 culum
2288 1464 2428 1507 tuum
2455 1495 2468 1515 ,
2501 1464 2548 1507 et
2574 1454 2747 1507 clauso
2774 1454 2927 1515 ostio,
2958 1470 3048 1507 ora
3070 1451 3278 1506 Patrem
3313 1464 3455 1506 tuum
3480 1456 3564 1518 qui
3594 1466 3667 1506 rs!

2087 1549 2139 1601 in
2165 1548 2477 1602 abscondito.
2520 1548 2746 1602 Rursum
2778 1547 2875 1602 hos
2907 1547 3207 1618 hypocritas
3237 1559 3430 1613 vocat,
3472 1559 3525 1602 et
3548 1549 3672 1618 jure

2088 1638 2302 1708 quidem
2331 1654 2344 1689 :
2369 1638 2487 1705 quia
2517 1652 2636 1690 cum
2668 1652 2725 1690 se
2750 1637 2913 1691 Deum
2941 1652 3094 1692 orare
3124 1638 3396 1705 simulant,
3429 1640 3673 1695 homines

2090 1728 2543 1797 circumspiciunt,
2579 1744 2680 1783 non
2710 1729 3007 1798 supplicum
3035 1740 3182 1783 veste
3203 1730 3391 1794 induti,
3425 1732 3516 1785 sed
3546 1732 3676 1785 ridi-

2091 1822 2334 1876 culorum
2380 1822 2676 1876 hominum.
2719 1824 2816 1887 Qui
2863 1824 3004 1876 enim
3047 1824 3111 1877 ad
3159 1826 3564 1894 supplicandum
3616 1845 3677 1882 se

2087 1922 2358 1984 ,prccparat
2379 1956 2392 1975 ,
2422 1914 2669 1967 omnibus
2690 1915 2912 1980 relictis,
2946 1915 3089 1968 illum
3119 1916 3351 1971 intuetur
3377 1934 3561 1984 unum,
3584 1923 3675 1988 qui

2096 2015 2271 2075 potest
2296 2007 2554 2077 postulata
2586 2008 2733 2060 dare.
2764 2007 2914 2075 Quod
2946 2008 2988 2060 si
3023 2008 3113 2060 illo
3141 2009 3347 2072 relicto,
3379 2011 3679 2066 Circumeas

2097 2113 2285 2152 errans
2309 2139 2323 2162 ,
2357 2108 2408 2151 et
2438 2097 2668 2166 undique
2716 2100 3146 2169 circumspiciens
3168 2141 3183 2163 ,
3226 2101 3403 2154 vacuis
3432 2104 3679 2154 manibus

2096 2191 2371 2245 abscrdes.
2408 2191 2515 2245 lloc
2540 2207 2572 2245 e
2592 2195 2682 2249 tim
2721 2201 2776 2247 tu
2812 2192 3044 2247 voluisti.
3072 2194 3195 2249 Ideo
3226 2208 3332 2247 non
3364 2193 3511 2257 dixit,
3542 2195 3675 2248 tales

2099 2282 2343 2339 homines
2380 2285 2673 2337 mercelcm
2709 2302 2810 2339 non
2855 2298 3167 2356 accepturos
3203 2303 3358 2350 esse,
3385 2288 3480 2342 sed
3526 2304 3681 2344 rece-

2101 2387 2275 2455 pisse;
2302 2384 2349 2437 id
2372 2394 2454 2437 est
2477 2426 2491 2443 ,
2522 2385 2779 2452 recipient
2803 2385 3013 2452 quidem
3038 2426 3051 2447 ,
3080 2387 3171 2439 Sed
3202 2402 3231 2441 a
3255 2387 3445 2456 quibus
3468 2388 3681 2442 deside.-

2102 2487 2239 2529 rant.
2279 2475 2394 2530 Non
2422 2477 2563 2531 enim
2599 2475 2697 2529 hoc
2736 2476 2873 2529 Dens
2914 2477 3141 2538 volebat,
3171 2478 3263 2533 sed
3290 2482 3533 2547 cupiehat
3568 2482 3682 2548 ipse

2101 2584 2252 2624 suam
2274 2569 2515 2638 praebere
2545 2569 2864 2624 mercedem.
2900 2571 2975 2624 Illi
3007 2587 3133 2624 vero
3162 2574 3459 2626 mercedem
3495 2575 3564 2626 ab
3588 2574 3684 2625 hu-

2106 2663 2337 2716 minibus
2368 2673 2672 2731 quaireutes
2695 2701 2710 2726 ,
2739 2678 2844 2714 non
2878 2662 2945 2715 ab
2986 2662 3075 2715 illo
3104 2674 3373 2717 merentur
3397 2666 3643 2733 accipere
3669 2710 3682 2729 .

2107 2765 2325 2826 propter
2354 2771 2510 2825 quem
2532 2755 2663 2810 nihil
2693 2754 2950 2809 fecerunt.
2969 2756 3046 2811 Tu
3074 2772 3198 2810 vero
3219 2758 3350 2812 mihi
3375 2759 3684 2813 consideres

2106 2850 2260 2904 velim
2290 2850 2380 2904 Dei
2426 2849 2802 2918 benignitatem
2823 2892 2839 2914 ,
2871 2855 3125 2918 quoniam
3151 2854 3215 2905 de
3242 2851 3431 2919 quibus
3462 2868 3490 2905 a
3533 2853 3686 2905 nobis

2108 2951 2321 3011 rogatur
2348 2942 2502 2996 bonis
2525 2983 2540 3005 ,
2569 2940 2868 2995 mercedem
2898 2955 2956 2994 se
2984 2941 3229 2994 daturum
3272 2943 3566 3010 pollicetur.
3602 2944 3688 2996 Υἱ-

2108 3042 2358 3101 tuperans
2401 3033 2563 3101 igitur
2602 3033 2757 3094 illos,
2799 3032 2887 3102 qui
2934 3048 3036 3084 non
3083 3041 3139 3085 ut
3182 3032 3335 3086 decet
3380 3032 3481 3087 hoc
3510 3034 3689 3087 ofﬁcio

2107 3136 2347 3187 utuntur.
2377 3137 2487 3181 tum
2514 3142 2543 3180 a
2577 3126 2711 3191 loco,
2739 3136 2846 3179 tmn
2877 3126 2945 3179 ab
2974 3126 3185 3190 ali‘ectn,
3214 3142 3335 3181 cum
3365 3128 3690 3184 ostendisset

2108 3220 2226 3274 illos
2254 3219 2537 3274 admodum
2568 3219 2817 3273 ridiculos
2845 3234 2984 3280 esse,
3007 3220 3263 3289 optimmn
3293 3222 3552 3276 orationis
3580 3238 3691 3277 mo-

2106 3313 2231 3368 dum
2274 3311 2509 3373 inducit,
2543 3322 2597 3366 et
2641 3328 2825 3366 rursus
2874 3312 3174 3367 mercedem
3206 3312 3388 3366 tribuit
3415 3357 3428 3376 ,
3454 3314 3639 3368 dicens
3675 3334 3686 3366 :

2109 3404 2256 3460 Intra
2282 3409 2335 3459 in
2364 3406 2646 3458 cubiculum
2674 3415 2833 3457 tuum.

2179 3501 2230 3555 5,
2260 3500 2437 3566 Qualis
2458 3501 2738 3569 requiratur
2756 3500 2807 3551 in
2830 3499 3054 3551 oratione
3075 3498 3350 3551 Imuu'litas.
3379 3499 3555 3553 Oratio
3576 3516 3690 3553 cum

2107 3593 2377 3647 voluntatis
2407 3591 2573 3643 studio
2602 3590 2891 3643 emittenda.
2928 3588 3192 3642 Precautis
3222 3606 3323 3642 non
3352 3606 3450 3644 eoa:
3475 3592 3693 3659 requiri-

2108 3698 2208 3738 tur.
2239 3715 2305 3725 —-
2330 3684 2464 3752 Quid
2495 3683 2670 3753 igitur.
2706 3684 2893 3751 inquit,
2924 3684 2974 3736 in
3005 3682 3229 3737 ecclesia
3259 3697 3364 3735 non
3396 3682 3693 3736 ontndum?

2105 3778 2246 3833 Sane
2271 3776 2481 3847 quidem
2523 3778 2812 3836 orandum.
2845 3776 2938 3830 sed
2970 3791 3089 3830 cum
3121 3777 3385 3829 voluntate
3418 3777 3525 3830 tali.
3560 3777 3690 3829 Nam

2111 3875 2250 3928 Deus
2274 3871 2465 3940 ubique
2488 3887 2607 3926 cum
2640 3871 2727 3931 sit,
2752 3880 3021 3939 gestorum
3048 3884 3266 3938 scepnm
3291 3870 3531 3937 requirit.
3556 3869 3694 3923 Alio-

2107 3965 2233 4033 quin
2265 3965 2308 4017 si
2338 3965 2389 4016 in
2418 3961 2719 4017 cubiculum
2758 3961 3025 4028 ingressus
3055 3960 3128 4013 sis
3150 4000 3164 4024 ,
3195 3961 3517 4028 januamque
3543 3960 3693 4013 clau-

2107 4057 2239 4121 das,
2270 4055 2426 4125 idque
2460 4055 2524 4108 ad
2554 4054 2960 4108 ostentationem
3005 4054 3195 4115 facias,
3231 4052 3356 4106 nihil
3391 4053 3480 4106 tibi
3515 4053 3694 4120 januis

2109 4163 2243 4217 opus
2272 4158 2373 4200 est.
2408 4146 2536 4200 Vide
2567 4145 2722 4213 igitur
2761 4154 2813 4197 et
2852 4145 2935 4197 hic
2972 4160 3130 4213 quam
3162 4153 3462 4197 accuratam
3497 4145 3688 4198 distin-

2106 4242 2336 4297 ctionem
2367 4238 2602 4309 posuerit
2627 4236 2829 4299 dieens,
2863 4234 2929 4289 Ut
2951 4244 3229 4305 appareant
3254 4234 3558 4288 hominibus.
3591 4234 3691 4288 Ita-

2107 4351 2212 4405 que
2257 4334 2463 4389 etiamsi
2501 4333 2690 4402 januas
2730 4328 3018 4390 clanseris,
3067 4328 3115 4381 id
3160 4336 3211 4381 te
3253 4327 3366 4381 vult
3407 4338 3688 4396 antequam

2106 4427 2324 4485 claudas
2355 4435 2497 4481 recte
2527 4425 2698 4478 facere
2721 4464 2735 4485 ,
2766 4438 2958 4490 nempe
2985 4431 3039 4475 nt
3064 4422 3222 4475 etiam
3254 4422 3447 4476 mentis
3476 4432 3579 4473 ltlzc
3606 4424 3689 4489 ja-

2109 4535 2241 4574 nuas
2268 4519 2501 4573 claudas.
2537 4517 2664 4570 Nam
2698 4530 2827 4567 vana
2869 4514 3033 4583 gloria
3076 4528 3287 4581 semper
3318 4528 3539 4565 vacuum
3571 4529 3691 4567 esse

2106 4613 2363 4680 optimum
2390 4617 2503 4671 est;
2535 4607 2763 4662 maxime
2790 4622 2917 4660 vero
2946 4607 2996 4659 in
3025 4606 3284 4659 oratione.
3315 4602 3371 4660 Si
3397 4608 3540 4658 enim
3572 4607 3690 4659 abs.

2105 4719 2209 4773 que
2248 4702 2348 4755 hoc
2385 4702 2513 4754 vitio
2553 4709 2729 4751 incute
2768 4714 3041 4759 erramus,
3073 4707 3126 4749 et
3153 4696 3617 4761 circumferitnnr;
3645 4697 3687 4749 si

2106 4811 2226 4848 cum
2256 4795 2353 4851 hoc.
2386 4794 2569 4849 morbo
2601 4791 2976 4860 ingrediamnr,
3005 4788 3341 4859 qnatnlonam
3372 4803 3434 4841 ea
3462 4804 3581 4856 qua-
3606 4788 3685 4841 di-

2106 4889 2275 4939 cimus
2316 4884 2632 4938 audiemus?
2668 4883 2748 4937 sin
2796 4899 2891 4935 nos
2930 4882 3016 4951 qtti
3058 4881 3416 4950 supplicamus
3446 4891 3500 4933 et
3529 4879 3688 4933 obse-

2106 4996 2316 5034 ci'amus
2337 5020 2352 5043 ,
2384 4996 2486 5032 non
2514 4978 2757 5030 atulimns
2778 5018 2792 5041 ,
2820 4975 3085 5044 qumnodo
3116 4976 3274 5027 Deum
3308 4982 3363 5025 nt
3389 4973 3572 5026 audiat
3600 4988 3686 5028 ro-

2105 5074 2327 5137 gamus?
2354 5074 2599 5125 Attamen
2630 5070 2841 5138 quidam
2883 5078 3002 5121 sunt
3037 5068 3123 5136 qui
3167 5077 3285 5135 post
3329 5074 3403 5117 tot
3440 5076 3690 5136 tantaque

2108 5179 2365 5233 prmeepta
2397 5170 2465 5222 ita
2497 5166 2715 5231 turpiter
2736 5163 2787 5216 in
2812 5162 3050 5216 oratione
3076 5174 3133 5214 se
3160 5168 3371 5229 gerunt,
3398 5169 3456 5212 ut
3478 5160 3683 5214 etiamsi

2105 5270 2330 5323 Corpore
2359 5255 2547 5312 occulti
2581 5254 2721 5319 sint,
2756 5268 2883 5305 voce
2922 5252 3167 5307 otnnilms
3196 5266 3255 5305 se
3292 5251 3485 5304 faciant
3515 5254 3672 5305 mani-

2109 5346 2267 5400 festos
2287 5390 2299 5407 ,
2329 5347 2625 5402 siturriliter
2653 5346 2942 5399 clamantes
2965 5384 2980 5408 ,
3011 5354 3063 5396 ct
3094 5342 3274 5396 habitu
3305 5358 3540 5412 voceque
3567 5356 3691 5395 sese.

2108 5440 2358 5493 ridiculos
2399 5438 2728 5491 exhibentes.
2770 5444 2960 5491 Annon
3002 5437 3148 5490 vides
3182 5436 3341 5490 etiam
3375 5436 3427 5488 in
3460 5436 3573 5490 loro
3594 5476 3607 5497 ,
3635 5432 3686 5488 si

2104 5538 2225 5605 quis
2255 5533 2320 5581 ita
2352 5545 2410 5584 se
2440 5540 2608 5599 gerat,
2638 5541 2687 5583 et
2712 5544 2831 5584 cum
2857 5529 3089 5583 clamore
3115 5529 3394 5596 supplicet,
3418 5536 3692 5597 quomodo

2110 5632 2251 5685 illum
2278 5639 2432 5681 etiam
2464 5642 2620 5696 quem
2661 5633 2808 5695 rogat
2838 5631 3081 5675 amovcat
3106 5636 3119 5682 ;
3152 5623 3193 5672 si
3225 5629 3399 5674 autem
3427 5621 3600 5687 qnicte
3626 5630 3686 5673 ct
