4050 6220
459 319 554 374 277

453 450 574 489 cum
603 434 813 491 decenti
859 432 1035 487 habitu
1059 473 1074 495 ,
1107 440 1218 487 tum
1258 432 1488 488 maxime
1522 432 1757 490 inﬂectat
1790 450 1910 490 enm
1941 438 2031 507 qui

452 527 676 598 gratiam
706 524 949 580 conferre
986 524 1199 594 potest?
1227 523 1305 580 Ne
1343 525 1521 595 itaque
1549 523 1729 592 habitu
1757 529 1995 597 corporis
2018 571 2034 596 ,

455 635 626 691 neque
652 620 794 674 vocis
821 619 1057 674 clamore
1076 658 1092 684 ,
1125 618 1218 674 sed
1249 618 1537 673 voluntatis
1565 617 1741 675 studio
1768 622 2038 676 orationes

454 714 785 776 omittamus;
829 727 1004 782 neque
1049 725 1170 766 cum
1219 711 1444 782 strepitu
1485 720 1540 766 et
1584 713 1800 776 sonitu.
1844 714 1929 768 vel
1968 713 2035 768 ad

453 806 858 862 ostentationem
879 848 894 872 ,
926 821 996 860 ne
1032 805 1306 875 proximos
1349 805 1500 860 nobis
1537 805 1866 875 expellamus
1889 847 1902 871 ,
1940 806 2034 860 sed

448 911 568 950 cum
611 896 873 952 modestia
913 896 1095 960 omni,
1124 896 1285 950 animi
1325 896 1673 962 contritione,
1703 906 1757 952 et
1785 898 2034 968 laerymis

444 986 808 1042 interioribus.
837 987 943 1043 Sed
971 987 1121 1042 doles
1149 987 1361 1054 animo,
1396 1002 1493 1041 nec
1525 996 1675 1056 potes
1705 1002 1809 1041 non
1835 987 2032 1040 clama-

443 1082 542 1136 re?
583 1081 696 1136 lmo
729 1082 960 1137 maxime
985 1081 1211 1136 dolentis
1241 1089 1322 1136 est
1350 1081 1427 1136 sic
1450 1095 1604 1136 orare
1624 1123 1637 1144 ,
1667 1090 1723 1136 et
1748 1081 2033 1138 obsecrare

441 1182 502 1226 ut
545 1172 676 1226 dixi.
722 1172 853 1227 Nam
894 1183 948 1228 et
988 1173 1196 1243 Moyses
1231 1171 1473 1237 dolebat,
1507 1173 1688 1242 sicque
1727 1171 1946 1238 orabat,
1978 1181 2033 1227 et

442 1263 760 1319 audiebatur
785 1281 799 1318 :
830 1263 1052 1333 ideoque
1081 1263 1216 1318 dixit
1258 1263 1328 1317 illi
1379 1263 1514 1318 Deus
1543 1280 1560 1314 ι
1589 1263 1725 1328 Quid
1750 1265 1940 1319 clamas
1963 1265 2031 1317 ad

443 1373 524 1410 me
564 1355 756 1427 (Exod.
792 1357 880 1412 14.
912 1355 1049 1429 15)⁶ἔ
1089 1358 1240 1410 Anna
1267 1371 1478 1426 quoque
1511 1371 1744 1420 rursum,
1776 1371 1896 1410 cum
1926 1372 2030 1411 vox

441 1463 548 1502 non
579 1449 871 1513 audiretur,
902 1448 1078 1502 omnia
1103 1463 1223 1518 qua:
1248 1447 1414 1500 voluit
1441 1447 1763 1514 impetravit,
1789 1448 1910 1517 quia
1937 1462 2030 1501 cor

438 1537 557 1607 ejus
600 1538 861 1593 clamabat
904 1538 981 1610 (t.
1010 1536 1133 1608 Reg.
1165 1537 1242 1608 1).
1271 1538 1406 1591 Abel
1431 1552 1559 1590 vero
1588 1551 1692 1590 non
1719 1538 1880 1591 silens
1909 1552 2028 1591 mo-

439 1630 544 1693 do,
575 1629 670 1684 sed
712 1629 872 1684 etiam
914 1629 1151 1683 moriens
1194 1629 1540 1698 precabatur,
1571 1638 1627 1682 et
1669 1628 1884 1698 sanguis
1913 1628 2029 1697 ejus

438 1723 564 1776 tuba
591 1720 869 1776 clariorem
907 1721 1185 1776 emittebat
1218 1736 1425 1776 vocem.
1469 1720 1760 1790 lngemisce
1790 1721 1946 1790 igitur
1973 1731 2029 1778 et

439 1821 496 1866 tu
524 1813 769 1869 similiter
799 1821 853 1868 ut
883 1813 974 1868 ille
1005 1822 1218 1867 sanctus
1247 1829 1260 1863 :
1291 1812 1341 1866 id
1373 1828 1478 1866 non
1510 1813 1762 1882 impedio.
1795 1811 2022 1880 Seiude,

439 1914 498 1960 ut
523 1906 780 1975 propheta
812 1905 1005 1974 jussit,
1037 1919 1131 1959 cor
1159 1913 1307 1958 tuum
1331 1944 1345 1969 ,
1376 1911 1431 1958 et
1458 1918 1564 1958 non
1591 1903 1904 1958 vestimenta
1937 1913 2024 1958 tua

438 1997 603 2069 (Joel
628 1997 682 2052 2.
715 1999 782 2054 15
815 1999 852 2069 ).
885 1997 960 2052 De
1001 1996 1272 2066 profundis
1316 1995 1500 2050 invoca
1545 1995 1748 2060 Deum;
1789 2011 1912 2048 nam
1950 1995 2026 2048 ait

437 2090 528 2146 ille
550 2131 564 2155 ,
595 2087 674 2143 De
697 2087 964 2161 profundis
992 2088 1204 2142 clamavi
1229 2087 1296 2139 ad
1325 2097 1404 2153 te,
1437 2084 1652 2140 Domine
1681 2086 1700 2156 (
1719 2084 1862 2140 Psol.
1897 2084 2019 2140 129.

437 2183 493 2252 1)
527 2200 540 2235 :
571 2197 634 2238 ex
673 2182 862 2238 intimo
889 2182 1066 2237 cordis
1095 2182 1171 2235 tui
1202 2194 1388 2236 vocem
1431 2179 1637 2234 attrahe
1660 2220 1675 2244 ,
1709 2177 1792 2234 fac
1819 2180 2018 2233 oratio-

435 2288 557 2328 nem
592 2283 732 2328 tuam
762 2287 881 2329 esse
919 2272 1251 2344 mysterium.
1289 2271 1404 2326 Non
1439 2271 1588 2325 vides
1618 2271 1669 2324 in
1698 2271 1832 2326 aulis
1861 2271 2020 2340 regiis

433 2368 718 2421 tumultum
742 2381 955 2421 omnem
981 2365 1245 2421 eliminari
1263 2406 1279 2432 ,
1312 2374 1363 2419 et
1390 2363 1615 2418 multum
1641 2363 1870 2433 undique
1899 2378 2019 2419 esse

429 2461 737 2516 silentium?
771 2461 836 2515 Et
877 2469 929 2514 lu
970 2460 1145 2530 itaque
1183 2459 1332 2528 quasi
1375 2462 1425 2513 in
1469 2457 1670 2526 regiam
1717 2455 2018 2526 ingrediens

430 2567 536 2607 non
566 2563 852 2617 terrenam,
880 2552 972 2607 sed
1001 2552 1050 2606 in
1079 2552 1244 2605 multo
1272 2550 1665 2615 terribiliorem,
1700 2564 1890 2618 nempe
1915 2564 2018 2603 cte-

429 2643 640 2708 lestem,
673 2658 918 2713 magnam
950 2642 1141 2697 exhibe
1171 2642 1508 2696 modestiam.
1540 2640 1671 2695 Nam
1699 2651 1895 2695 etcum
1922 2655 2019 2693 an-

371 2807 375 2811 '
428 2734 564 2804 gelis
596 2734 822 2788 choreas
864 2735 1010 2803 agis,
1053 2741 1104 2788 et
1142 2733 1580 2803 archangelorum
1619 2749 1679 2787 es
1717 2733 1931 2798 socius,
1961 2740 2018 2787 et

427 2843 552 2883 cum
581 2827 860 2896 Seraphim
889 2827 1034 2881 canis
1059 2828 1098 2879 '.
1127 2825 1326 2881 Omnes
1367 2841 1525 2896 porro
1567 2826 1651 2880 isti
1686 2837 1860 2882 cretus
1896 2840 2015 2879 ma-

426 2935 588 2990 gnum
618 2919 876 2974 exhibent
903 2919 1144 2973 ordinem
1167 2960 1182 2984 ,
1215 2933 1334 2972 cum
1365 2917 1588 2973 horrore
1617 2919 1785 2973 multo
1823 2920 2013 2990 mysti-

426 3029 546 3068 cum
579 3014 708 3068 illud
737 3014 904 3068 melos
933 3021 986 3067 et
1013 3026 1194 3066 sacros
1226 3012 1452 3082 hymnos
1476 3020 1727 3066 canentes
1757 3013 1864 3082 regi
1897 3013 2014 3066 uni-

425 3119 704 3160 versorum
733 3105 861 3160 Deo.
895 3104 989 3158 llis
1019 3104 1194 3173 itaque
1227 3111 1276 3158 te
1299 3103 1599 3158 admisceas
1629 3104 1680 3157 in
1711 3105 2007 3172 precando,

424 3198 815 3269 mysticumque
853 3197 1086 3266 ipsorum
1122 3205 1364 3250 ornatum
1402 3196 1628 3250 imitare.
1655 3195 1839 3266 Neque
1865 3196 2008 3250 enim

424 3291 731 3346 hominibus
758 3289 1027 3360 precaris;
1057 3289 1149 3343 sed
1182 3290 1292 3344 Deo
1319 3289 1513 3359 ubique
1545 3289 1789 3358 praesenti
1808 3331 1823 3357 ,
1853 3300 2007 3344 ante-

423 3399 582 3455 quam
625 3399 813 3439 voccm
865 3384 1120 3448 emittas”
1161 3383 1434 3447 audienti,
1480 3383 1567 3452 qui
1623 3384 1768 3438 novit
1813 3398 2007 3438 arcana

424 3481 636 3534 mentis.
670 3478 724 3534 Si
754 3478 832 3532 sic
857 3478 1099 3532 oraveris
1121 3519 1134 3541 ,
1162 3477 1382 3531 multam
1426 3477 1650 3546 recipies
1679 3477 2003 3532 mercedem.

422 3570 599 3635 Pater,
627 3570 817 3640 inquit,
849 3579 981 3635 tuus,
1011 3571 1097 3640 qui
1130 3570 1262 3624 videt
1291 3571 1344 3622 in
1378 3569 1688 3633 abscondito,
1717 3569 1890 3623 reddet
1919 3570 2008 3624 tibi

418 3666 475 3718 in
511 3664 794 3736 manifesto.
830 3663 941 3718 Non
972 3664 1062 3726 ait,
1102 3663 1326 3717 Donabit
1357 3662 1472 3724 tibi,
1505 3662 1620 3728 sed,
1654 3661 1868 3716 Reddet.
1899 3664 2005 3718 De-

419 3756 646 3812 bitorem
685 3771 743 3810 se
781 3757 978 3827 quippe
1009 3756 1099 3810 tibi
1139 3757 1446 3822 constituit,
1477 3764 1633 3826 teque
1677 3773 1868 3827 magno
1908 3773 2004 3827 pro

420 3847 524 3904 hoc
549 3850 708 3903 etiam
738 3848 944 3903 honore
973 3848 1207 3902 donavit.
1247 3848 1376 3913 Quia
1406 3848 1545 3903 enim
1585 3849 1698 3919 ipse
1728 3851 2004 3905 invisibilis

417 3947 521 4007 est,
552 3939 668 3994 ideo
691 3939 802 3993 vult
828 3939 1124 3993 orationem
1149 3948 1291 3992 tuam
1314 3937 1614 4006 hujusmodi
1638 3954 1776 3994 esse.
1805 3940 2003 3996 Deinde

420 4032 583 4087 verba
609 4032 722 4100 ipsa
749 4031 1004 4086 orationis
1046 4030 1226 4085 refert.
1260 4031 1312 4084 7.
1349 4029 1594 4097 Orontes,
1624 4032 1821 4101 inquit,
1849 4034 2004 4087 nolite

416 4123 636 4178 multum
661 4123 814 4194 loqui,
843 4123 970 4178 sicut
1000 4122 1183 4175 ethnici
1210 4122 1421 4191 faciunt.
1449 4121 1582 4175 Nam
1610 4138 1730 4176 eum
1762 4123 1828 4177 de
1857 4123 2000 4178 elec-

415 4231 640 4287 mosyna
671 4214 1016 4286 loquebatur,
1047 4229 1196 4268 vanae
1234 4213 1416 4282 glori-.e
1454 4221 1653 4282 pestem
1685 4223 1887 4267 tantum
1917 4229 2002 4268 se-

417 4309 584 4364 movit
603 4351 616 4371 ,
647 4308 884 4378 nihilque
913 4306 1140 4374 amplius
1168 4305 1362 4376 adjecit
1384 4321 1601 4376 ,‘neque
1629 4306 1794 4372 dixit,
1825 4309 1998 4364 unde-

415 4416 538 4456 nam
567 4401 960 4471 eleemosynam
1000 4398 1178 4454 facere
1217 4407 1526 4466 oporteret;
1558 4399 1703 4453 verbi
1743 4414 1900 4455 cauSa
1933 4417 1996 4455 ex

410 4494 570 4565 justis
596 4492 886 4558 laboribus,
916 4507 1020 4546 non
1048 4507 1112 4545 ex
1151 4491 1352 4560 rapina,
1385 4490 1465 4544 vel
1495 4506 1558 4546 ex
1591 4493 1833 4546 avaritia.
1867 4493 1997 4548 Illud

414 4601 644 4656 namque
666 4585 716 4639 in
740 4583 986 4639 confesso
1008 4582 1147 4654 apud
1170 4597 1356 4637 omnes
1380 4591 1510 4636 erat.
1542 4581 1796 4652 Superius
1820 4593 1995 4637 autem

413 4679 539 4734 illud
559 4680 670 4748 jam
697 4684 1102 4746 expurgaverat,
1128 4690 1247 4730 cum
1269 4675 1568 4730 esurientes
1590 4676 1848 4742 justitiam
1873 4676 1998 4731 bea-

413 4781 495 4826 tos
524 4769 850 4842 prtedicavit.
881 4768 1037 4824 Circa
1065 4767 1358 4822 orationem
1385 4782 1514 4820 vero
1542 4765 1737 4837 aliquid
1769 4768 1996 4839 amplius

412 4862 627 4934 adjicit,
651 4860 1038 4930 multiloquium
1068 4873 1187 4912 esse
1214 4857 1482 4911 vitandum
1513 4876 1525 4910 :
1550 4873 1614 4911 ac
1641 4860 1994 4927 quemadmo-

409 4954 538 5009 dum
568 4953 638 5008 ibi
671 4953 995 5023 bypocritas,
1021 4950 1088 5004 ita
1113 4959 1164 5001 ct
1188 4949 1273 5002 hic
1299 4948 1539 5003 etlmicos
1568 4950 1772 5019 irridet,
1801 4951 1995 5022 ubique

409 5061 475 5102 ex
525 5058 872 5116 personarum
919 5042 1118 5096 vilitate
1155 5040 1448 5094 auditorem
1493 5040 1694 5110 pudore
1730 5042 1990 5098 afﬁciens.

410 5140 542 5208 Quia
565 5139 707 5194 enim
733 5144 790 5191 ut
818 5136 1102 5205 plurimum
1134 5133 1232 5186 hoc
1260 5133 1494 5187 maxime
1526 5135 1732 5189 mordet
1751 5144 1802 5189 et
1823 5136 1990 5205 angit,

406 5249 527 5289 cum
554 5231 675 5304 quis
734 5226 960 5299 abjectis
1015 5226 1318 5282 hominibus
1344 5236 1700 5296 comparatur.
1725 5229 1848 5285 hinc
1873 5231 1992 5285 illos

405 5323 660 5390 abducit,
697 5321 1087 5392 multiloquium
1129 5320 1215 5374 hic
1249 5319 1446 5374 futilem
1487 5321 1860 5392 loquacitatem
1893 5338 1991 5378 vo-

405 5434 532 5472 cans
553 5433 570 5482 ;
595 5425 652 5470 ut
676 5431 796 5470 eum
825 5428 930 5469 non
957 5421 1313 5468 consentanea
1336 5426 1364 5464 a
1388 5411 1497 5466 Deo
1525 5413 1771 5494 petimus,
1802 5429 1992 5484 nempe

407 5508 700 5581 potentiam
729 5515 784 5562 et
819 5507 1062 5577 gloriam,
1093 5504 1368 5560 victoriam
1400 5503 1467 5558 de
1496 5503 1743 5570 inimicis,
1777 5504 1991 5559 divitia-

407 5617 521 5657 rum
550 5601 858 5665 facultates,
886 5597 1207 5668 dcmumque
1234 5611 1296 5651 ea
1322 5611 1442 5667 quae
1471 5596 1600 5650 nihil
1631 5596 1783 5652 nobis
1809 5596 1990 5669 profu-

466 5763 488 5830 ξ
520 5759 639 5830 Alit,
655 5759 898 5830 cantictnn
918 5755 1169 5824 seraphin:
1189 5756 1477 5830 carris;__non
1497 5754 1647 5808 male.

469 5827 490 5856 '
522 5825 738 5883 Quidam,
763 5829 1016 5885 antequam
1046 5833 1239 5885 precem
1255 5823 1458 5870 emittas.

1587 319 1654 374 IN
1691 319 2097 380 MATTHIEUM
2138 323 2367 381 llOMlL.
2410 327 2553 382 XIX.

3626 345 3730 401 273

2151 447 2265 492 tura
2311 450 2452 495 sunt.
2502 441 2610 496 Scit
2657 445 2808 510 enim,
2853 449 3050 517 inquit,
3092 453 3269 522 quibus
3311 470 3438 524 Opus
3483 458 3728 516 habeatis.

2214 532 2268 586 4.
2301 529 2364 586 In
2393 534 2622 590 oratione
2647 543 3085 605 perseuerandum.
3122 547 3246 612 Qum
3272 547 3336 600 sit
3362 549 3605 605 orationis
3631 555 3730 606 uti-

2143 620 2274 674 litas.
2320 622 2614 693 Adeptionis
2651 629 2834 683 divina:
2869 631 3081 700 fructus.
3121 665 3190 674 —
3233 637 3359 693 Post
3398 638 3511 696 bmc
3549 652 3725 698 autem

2144 711 2350 766 videtur
2395 716 2524 769 mihi
2571 717 2760 788 longas
2806 724 3077 779 orationes
3125 735 3339 792 vetare;
3387 730 3570 801 longas
3621 751 3726 790 non

2141 809 2381 871 tempore
2405 847 2418 869 ,
2452 806 2544 862 sed
2585 810 2918 868 multitudine
2961 826 3014 869 et
3055 816 3380 887 longitudine
3416 824 3725 882 verborum.

2140 894 2592 953 Perseverandum
2629 902 2772 956 enim
2800 916 2880 958 est
2911 907 3097 962 eadem
3130 910 3238 978 ipsa
3286 915 3514 980 petendo
3545 935 3558 970 :
3590 917 3729 971 Ora—

2137 989 2281 1054 tioni,
2311 990 2498 1061 inquit,
2521 993 2764 1049 instantes
2790 996 2965 1066 (Rom.
2996 1000 3083 1054 l2.
3119 1003 3227 1071 12).
3262 1005 3324 1058 Et
3350 1006 3464 1076 ipse
3483 1008 3727 1063 Christus

2136 1082 2383 1152 exemplo
2423 1085 2596 1141 vidum
2622 1128 2636 1152 ,
2678 1106 2796 1157 quae
2844 1091 3322 1151 inmisericordem
3361 1109 3414 1153 et
3455 1103 3724 1156 crudelem

2137 1173 2429 1244 principem
2461 1179 2718 1234 orationis
2749 1181 2993 1236 instantia
3026 1185 3172 1240 ﬂexit
3198 1186 3346 1256 (Luc.
3381 1190 3506 1262 18);
3538 1207 3725 1247 exem-

2135 1266 2330 1335 ploque
2355 1269 2509 1324 amici
2542 1271 2686 1325 illius
2709 1275 2797 1342 qui
2824 1273 3135 1345 intempesta
3165 1289 3319 1334 nocte
3340 1284 3502 1348 venit,
3529 1293 3577 1338 et
3601 1284 3728 1338 dor-

2134 1357 2385 1412 mientem
2422 1375 2450 1412 a
2484 1360 2622 1416 lecto
2661 1364 2965 1429 suscitavit,
3001 1382 3104 1421 non
3136 1384 3202 1422 ex
3232 1372 3462 1424 amicitia
3485 1413 3501 1434 ,
3533 1374 3626 1428 scd
3657 1391 3723 1429 ex

2137 1451 2529 1516 perseverantia
2557 1451 2702 1520 (Luc.
2737 1455 2826 1523 tl)
2854 1473 2868 1510 :
2892 1456 3022 1510 nihil
3047 1458 3189 1512 aliud
3221 1463 3534 1528 prmscribit,
3562 1479 3721 1535 quam

2133 1553 2320 1594 omnes
2346 1539 2442 1609 ipsi
2471 1543 2776 1612 supplicare
2804 1545 3018 1601 assidue
3047 1560 3314 1616 oportere,
3345 1567 3449 1606 non
3481 1568 3574 1622 per
3602 1570 3723 1609 ora-

2135 1627 2331 1683 tionem
2380 1631 2526 1686 mille
2573 1634 2814 1689 versibus
2860 1646 3228 1705 constantem,
3271 1640 3363 1695 sed
3413 1644 3724 1712 simpliciter

2131 1736 2245 1775 rem
2272 1721 2465 1778 efferre
2486 1725 2659 1792 jubet.
2690 1726 2817 1782 Illud
2849 1731 2990 1783 enim
3017 1731 3372 1787 subindieavit
3396 1735 3478 1790 his
3501 1739 3678 1793 verbis
3703 1757 3716 1792 :

2137 1810 2328 1866 Putant
2358 1815 2490 1868 enim
2527 1818 2664 1886 quod
2696 1819 2749 1872 in
2788 1820 3106 1892 multiloquio
3141 1841 3234 1878 suo
3275 1827 3630 1884 exaudiantur.
3663 1833 3718 1885 8.

2131 1901 2214 1957 Ne
2238 1906 2428 1960 similes
2454 1918 2608 1962 estote
2630 1911 2750 1966 illis.
2783 1912 2894 1966 Scit
2919 1915 3052 1967 enim
3081 1915 3239 1971 Pater
3267 1931 3422 1975 uester
3443 1923 3566 1992 quid
3587 1927 3721 1980 vobis

2127 2011 2256 2065 opus
2277 1999 2363 2063 sit,
2394 2009 2661 2070 antequam
2683 2004 2746 2057 ab
2771 2005 2860 2058 illo
2895 2009 3097 2074 petatis.
3132 2009 3197 2063 Et
3222 2010 3264 2064 si
3295 2014 3459 2080 novit,
3490 2016 3715 2086 inquies.

2126 2087 2316 2156 quibus
2341 2105 2474 2159 opus
2500 2091 2781 2162 habemus,
2809 2111 2907 2152 cur
2931 2107 3142 2168 oportet
3165 2117 3321 2157 orare
3339 2103 3362 2155 ?
3380 2105 3495 2160 Non
3519 2117 3575 2162 ut
3594 2124 3716 2164 eum

2125 2179 2318 2271 doceas
2340 2225 2356 2249 ,
2388 2184 2480 2239 sed
2510 2195 2567 2239 ut
2598 2187 2834 2244 inﬂectas
2860 2207 2874 2256 ;
2905 2200 2962 2245 ut
2991 2194 3392 2263 supplicationis
3420 2197 3714 2271 frequentia

2126 2270 2199 2325 illi
2235 2271 2508 2330 familiaris
2544 2278 2737 2332 evadas
2762 2321 2776 2345 ,
2809 2291 2867 2334 ut
2907 2282 3204 2338 humilieris
3230 2326 3244 2351 ,
3278 2295 3336 2339 ut
3375 2301 3714 2357 peccatorum

2126 2372 2334 2418 tuorum
2362 2368 2679 2424 recorderis.
2713 2371 2767 2426 9.
2799 2371 2886 2427 Sic
2916 2374 3068 2443 igitur
3097 2386 3252 2440 orate,
3289 2377 3361 2432 ait
3391 2398 3403 2432 :
3439 2380 3591 2437 Pater
3617 2401 3713 2438 no-

2123 2465 2224 2509 ster
2239 2457 2328 2528 qui
2348 2474 2398 2512 es
2425 2459 2476 2512 in
2496 2461 2655 2527 ctclis,
2686 2465 3025 2531 sancti/icelur
3063 2484 3242 2523 nomen
3281 2480 3419 2524 tuum
3580 2474 3714 2532 Vide

2122 2549 2392 2617 quomodo
2418 2553 2596 2606 statim
2625 2547 2922 2612 auditorem
2950 2561 3120 2614 erexit
3144 2601 3159 2625 ,
3185 2570 3239 2615 et
3268 2578 3426 2618 omne
3468 2565 3712 2622 beneﬁcii

2120 2656 2290 2710 genus
2313 2643 2362 2696 in
2388 2645 2661 2713 promtniis
2687 2651 3017 2703 memoravit.
3045 2651 3175 2705 Nam
3198 2655 3284 2722 qui
3312 2653 3518 2710 Patrem
3545 2657 3710 2714 Deum

2121 2732 2408 2802 appellavit
2430 2776 2446 2799 ,
2485 2745 2540 2790 et
2581 2748 2917 2805 peccatorum
2953 2742 3322 2796 remissionem
3345 2786 3359 2809 ,
3387 2753 3441 2799 et
3467 2748 3708 2816 supplicii

2120 2825 2519 2896 abrogationem
2547 2870 2560 2892 ,
2590 2838 2645 2884 et
2679 2830 2937 2899 justitiam
2964 2873 2978 2896 ,
3013 2843 3066 2889 et
3109 2837 3582 2894 sanctiﬁcationcm
3609 2882 3622 2900 ,
3655 2851 3711 2897 et

2119 2918 2564 2988 redemptionem,
2596 2931 2645 2976 et
2681 2922 2912 2978 filiorum
2944 2924 3307 2994 adoptionem,
3341 2938 3394 2982 et
3434 2929 3705 2986 heredita-

2119 3021 2245 3076 tem,
2276 3024 2330 3067 et
2367 3013 2749 3070 fraternitatem
2778 3033 2898 3071 cum
2933 3019 3233 3089 Uuigenito,
3267 3033 3314 3075 et
3347 3023 3575 3091 Spiritus
3605 3026 3706 3079 do-

2117 3120 2205 3172 na,
2234 3105 2332 3172 hac
2357 3122 2458 3160 una
2483 3106 2914 3165 denominatione
2934 3113 3212 3169 confessus
3232 3123 3332 3169 est.
3361 3116 3540 3186 Neque
3559 3120 3704 3173 enim

2117 3197 2281 3251 Deum
2313 3197 2522 3252 Patrem
2553 3201 2670 3269 quis
2700 3202 2969 3271 appellare
3006 3214 3218 3272 potest,
3251 3208 3348 3261 nisi
3383 3207 3495 3262 htec
3523 3211 3704 3264 omnia

2115 3288 2252 3343 bona
2280 3299 2657 3360 consequutus.
2688 3293 2887 3361 Duplici
2916 3293 3076 3364 igitur
3102 3296 3260 3349 modo
3285 3313 3468 3352 eorum
3495 3299 3704 3355 animos

2113 3382 2304 3451 erigit;
2336 3392 2390 3437 et
2427 3399 2490 3437 ex
2530 3383 2783 3454 dignitate
2814 3386 2927 3456 ejus
2961 3404 3119 3456 quem
3161 3390 3370 3446 Patrem
3399 3401 3618 3458 vocant,
3649 3403 3703 3448 et

2113 3489 2177 3528 ex
2207 3475 2570 3544 magnitudine
2599 3491 2806 3539 eorum,
2839 3494 2954 3548 qua:
2984 3495 3258 3549 accepere,
3300 3484 3698 3540 beneficiorum.

2111 3565 2243 3621 Cum
2266 3577 2444 3622 autem
2469 3568 2618 3635 dicit,
2643 3567 2708 3622 In
2733 3570 2889 3637 carlis,
2917 3587 3020 3626 non
3051 3573 3118 3626 ibi
3148 3574 3313 3629 Deum
3346 3575 3447 3632 huc
3474 3577 3701 3632 dicendo

2111 3657 2418 3725 concludit,
2448 3659 2541 3714 sed
2573 3670 2877 3730 precantem
2907 3663 2972 3716 de
3001 3674 3137 3719 terra
3167 3667 3416 3729 abducit,
3444 3681 3496 3724 et
3524 3669 3577 3724 in
3601 3685 3698 3724 ex-

2109 3751 2265 3805 celsis
2305 3751 2434 3806 locis
2473 3754 2821 3824 supernisque
2858 3753 3169 3811 habitaculis
3197 3759 3382 3830 afﬁgit.
3418 3761 3579 3816 Docet
3606 3777 3700 3815 au-

2112 3852 2214 3896 tem
2237 3857 2570 3898 communem
2597 3861 2690 3914 pro
2715 3845 2963 3902 fratribus
2979 3850 3273 3906 orationem
3296 3854 3559 3908 emittere.
3580 3853 3696 3909 Non

2109 3935 2250 3989 cnim
2279 3935 2443 3998 dicit,
2479 3937 2633 3990 Pater
2663 3953 2848 3994 meus.
2879 3941 2966 4008 qui
3003 3955 3061 3994 es
3091 3942 3142 3995 in
3175 3943 3345 4005 etclis;
3376 3946 3467 3998 sed
3494 3986 3507 4007 ,
3545 3945 3699 3999 Pater

2108 4038 2294 4092 noster,
2322 4044 2417 4096 pro
2442 4030 2708 4083 communi
2738 4045 2962 4098 corpore
2989 4035 3402 4100 supplicationes
3423 4037 3693 4098 emittcns.

2109 4135 2208 4174 nec
2235 4135 2481 4188 umquam
2523 4123 2734 4189 propria
2765 4124 3042 4177 commoda
3074 4135 3353 4196 spectans,
3383 4129 3474 4184 sed
3503 4130 3696 4201 ubique

2108 4215 2355 4283 proximi.
2388 4214 2498 4270 iloc
2523 4225 2698 4269 autem
2731 4218 2892 4271 verbo
2934 4218 3235 4274 inimititias
3261 4220 3328 4277 de
3356 4223 3530 4278 medio
3560 4224 3697 4279 tollit

2106 4314 2161 4360 et
2184 4306 2537 4376 arrogantiam
2577 4309 2848 4376 reprimit,
2881 4309 3244 4382 invidiamque
3269 4313 3547 4381 eliminat;
3575 4331 3692 4372 nta-

2110 4408 2240 4452 trem
2264 4413 2392 4454 vero
2413 4399 2648 4454 omnium
2677 4400 2934 4456 bonorum
2960 4403 3236 4458 caritatem
3262 4407 3482 4475 inducit,
3507 4407 3694 4464 huma-

2106 4505 2402 4560 narumque
2441 4506 2620 4545 rerum
2663 4492 3076 4562 inaequalitatem
3106 4498 3354 4565 expellit,
3389 4509 3441 4553 et
3471 4501 3691 4556 multam

2105 4583 2245 4653 regis
2270 4599 2389 4637 cum
2423 4599 2652 4653 paupere
2693 4585 2910 4640 honoris
2934 4587 3290 4656 aequalitatem
3323 4590 3588 4656 ostendit;
3621 4594 3692 4648 sic

2102 4675 2316 4744 quidem
2365 4676 2417 4729 in
2470 4677 2715 4731 maximis
2768 4688 2824 4732 et
2866 4679 3088 4732 omnino
3135 4683 3452 4738 necessariis
3503 4698 3692 4740 omnes

2103 4766 2478 4822 communione
2516 4768 2686 4835 juncti
2722 4782 2924 4823 sumus.
2956 4768 3090 4834 Quid
3119 4771 3260 4826 enim
3294 4777 3596 4831 nocumenti
3624 4793 3692 4833 ex

2105 4869 2313 4915 terrena
2341 4860 2655 4930 cognatione
2679 4902 2692 4924 ,
2724 4874 2844 4914 cum
2871 4861 3162 4916 secundum
3189 4877 3472 4933 supernam
3501 4883 3690 4928 omnes
3731 4861 3734 4876 ³

2165 5016 2568 5088 (9),,ῌ²ε(ξ,νθνῒξιν
2605 5022 2747 5088 ναῖεν
2765 5021 3002 5088 postea...
3023 5021 3336 5088 _t_t_tum,_tituli
3363 5036 3503 5075 more
3521 5027 3690 5088 jaceat

2103 5080 2150 5144 in
2175 5076 2473 5144 Editionibus
2495 5076 2782 5144 Commelinl
2800 5085 2872 5144 Aet
2897 5079 3093 5138 Morelli,
3121 5076 3233 5144 quia
3270 5083 3322 5135 in
3347 5076 3689 5138 Latinis'Editls

2100 5139 2296 5209 homilia
2320 5139 2443 5209 haec,
2461 5140 2840 5209 quae_in_t§r:eeis
2867 5139 3197 5209 manuscrlpt'is
3217 5159 3312 5197 una
3339 5150 3474 5199 serie
3494 5149 3688 5209 ponitur

2101 5209 2155 5252 ut
2173 5215 2200 5252 a
2223 5201 2561 5272 Chrysostomo
2583 5202 2748 5272 habita
2770 5202 2877 5260 fuit,
2899 5204 2950 5253 in
2967 5205 3089 5272 duas
3102 5201 3251 5257 divisa
3273 5210 3382 5272 fuit.
3397 5201 3548 5259 latini
3575 5224 3687 5272 por-

2099 5277 2174 5336 ro,
2199 5263 2488 5336 utmvidetur,
2520 5276 2618 5336 quo
2641 5265 2693 5336 in
2723 5278 2866 5336 unam
2895 5268 3172 5336 Orationem
3207 5271 3492 5336 Dominicam
3525 5263 3687 5320 Homi-

2100 5323 2212 5374 liam
2236 5323 2560 5387 Chrysostomi
2577 5325 2834 5393 haberent,
2854 5327 2978 5378 hanc
2995 5329 3054 5393 in
3070 5330 3190 5379 duas
3211 5342 3376 5393 partes
3396 5331 3684 5390 diviserunt,

2099 5400 2304 5454 quarum
2328 5393 2574 5454 postrema
2605 5390 2844 5438 Orationis
2875 5391 3130 5441 Dominica:
3155 5390 3529 5454 explicationem
3553 5405 3684 5441 com-

2099 5447 2344 5514 plectitur,
2373 5454 2425 5495 et
2448 5448 2572 5497 hanc
2596 5455 2887 5514 postremam
2914 5460 3099 5514 partem
3129 5447 3374 5501 Honinliam
3397 5452 3684 5514 vigesimum

2099 5511 2476 5575 inscripserunt;
2496 5512 2761 5575 secundum
2786 5511 2933 5575 quem
2955 5523 3509 5575 numerumet-quentes
3525 5513 3684 5568 homi-

2098 5571 2270 5644 liarum
2288 5573 2476 5644 numeri
2495 5571 2857 5644 concinnanttir.
2877 5577 2959 5632 Qui
2979 5575 3296 5644 numeriquia
3315 5571 3352 5644 Ξιη
3363 5575 3472 5636 εει-ιι
3494 5578 3686 5627 toribus

2099 5632 2417 5702 Chrysostotni
2435 5632 2537 5683 loca
2556 5633 2879 5685 all'crentibus
2895 5649 3091 5702 semper
3107 5632 3304 5702 adhibiti
3330 5632 3544 5702 fuerunt,
3560 5651 3684 5702 post!»

2099 5708 2248 5761 quam
2267 5695 2477 5761 decima
2497 5709 2635 5761 nonae
2658 5709 2793 5746 suam
2827 5695 3013 5748 seriem
3037 5697 3356 5761 restituimus,
3385 5695 3542 5761 posito
3560 5695 3682 5753 'vi-ro

2101 5757 2417 5826 geminoque
2439 5757 2740 5826 singularum
2755 5771 2977 5826 numero,
3002 5764 3228 5826 veterem
3245 5758 3378 5811 illum
3387 5757 3682 5826 'adjecttnc's.

2102 5819 2316 5883 Exempli
2334 5819 2476 5870 causa
2503 5819 2784 5885 :‘nigesima,
2801 5819 2863 5868 al.
2889 5820 3112 5884 rigesima
3130 5821 3308 5887 prima.
