4050 6220
363 292 467 348 279

364 409 634 479 eoiijuncti
656 409 845 475 simus,
869 414 921 462 et
942 421 1099 461 nemo
1114 406 1237 475 plus
1258 404 1426 460 altero
1444 403 1714 474 quidpiam
1739 403 1947 468 habeat,

363 518 469 555 non
511 500 660 556 dives
701 515 933 571 paupere
954 541 967 565 ,
1000 512 1103 551 non
1148 496 1307 552 herus
1345 512 1534 562 servo,
1568 512 1673 552 non
1703 497 1955 568 princeps

362 593 612 657 subdito,
646 608 748 646 non
781 608 871 645 rex
913 591 1115 655 milite,
1158 606 1263 644 non
1305 589 1655 660 philosophus
1690 591 1949 657 barbaro,

364 700 464 740 nec
508 683 722 755 sapiens
769 683 969 737 idiota?
1006 682 1267 737 Omnibus
1297 683 1494 753 quippe
1531 696 1689 736 unam
1736 682 1952 753 largitus

359 788 444 833 est
472 779 796 832 nobilitatem
822 778 860 841 ι,
892 792 1013 831 cum
1045 778 1283 831 omnium
1314 776 1558 830 similiter
1592 775 1749 830 Pater
1772 776 1951 831 vocari

360 868 608 939 dignatus
635 868 725 923 sit.
761 869 1044 937 Postquam
1087 869 1245 937 igitur
1284 867 1421 922 hanc
1460 866 1792 923 nobilitatem
1831 883 1949 922 mc-

312 988 321 1020 ;
360 962 627 1027 nzoravit,
672 976 879 1017 necnon
929 976 1216 1029 supernum
1259 961 1495 1025 donum,
1547 959 1766 1014 honoris
1813 960 1952 1015 inter

356 1055 549 1110 fratres
572 1055 886 1124 parita‘tcm,
917 1061 1075 1123 atque
1102 1053 1407 1118 caritatem,
1442 1062 1721 1123 postquam
1744 1068 1774 1105 a
1806 1061 1945 1108 terra

354 1146 572 1201 abduxit
598 1154 652 1201 et
677 1146 808 1200 caelo
831 1144 1020 1211 aﬂixit,
1045 1143 1318 1199 videamus
1339 1144 1462 1213 quid
1488 1143 1740 1214 deinceps
1761 1155 1947 1215 petere

355 1238 535 1306 iubeat
567 1256 579 1290 :
615 1253 735 1290 nam
782 1237 883 1292 hoc
918 1252 1128 1306 quoque
1164 1237 1363 1291 dictum
1395 1238 1582 1291 omnis
1609 1237 1819 1292 virtutis
1844 1237 1945 1294 do.

355 1329 581 1382 ctrinam
605 1330 840 1382 inserere
861 1330 1021 1384 valet.
1037 1328 1167 1383 Nam
1190 1328 1278 1398 qui
1297 1329 1504 1383 Patrem
1524 1329 1731 1383 vocavit
1750 1329 1942 1398 Deum,

354 1430 407 1472 et
442 1420 657 1474 Patrem
689 1435 1024 1474 communem
1049 1460 1063 1485 ,
1100 1419 1221 1489 jure
1256 1420 1410 1475 talum
1452 1421 1703 1477 exhibeat
1740 1423 1900 1477 vitam
1925 1466 1939 1488 ,

356 1528 457 1581 qua
497 1512 596 1567 hac
639 1513 955 1568 nobilitate‘
1000 1513 1245 1581 indignus
1296 1528 1400 1567 non
1444 1514 1714 1577 videatur,
1755 1523 1811 1569 et
1851 1531 1945 1585 par

351 1604 496 1656 dono
531 1603 763 1658 studium
803 1613 1041 1674 prmstet.
1074 1604 1268 1659 Verum
1298 1604 1410 1659 hoc
1442 1620 1549 1659 non
1581 1614 1663 1660 sat
1701 1606 1776 1659 illi
1805 1604 1939 1673 fuit;

350 1694 443 1748 sed
475 1695 617 1749 aliud
648 1696 793 1749 addit
820 1698 887 1750 ita
912 1698 1135 1765 loquens
1161 1714 1174 1750 :
1200 1696 1554 1764 Sanctiﬁcetm'
1575 1715 1755 1752 nomen
1776 1707 1938 1753 tuum.

350 1788 515 1856 Digna
539 1790 773 1859 precatio
797 1790 914 1859 ejus
941 1792 1025 1859 qui
1054 1791 1222 1843 Deum
1254 1799 1405 1843 vocat
1420 1789 1635 1845 Patrem
1659 1790 1701 1855 ³,
1728 1799 1781 1843 ut
1808 1790 1939 1844 nihil

351 1890 497 1949 petat
525 1890 649 1936 ante
680 1882 853 1936 Patris
881 1882 1100 1951 gloriam
1128 1924 1141 1946 ,
1172 1882 1266 1935 sed
1306 1883 1485 1936 omnia
1519 1892 1800 1952 postponat
1825 1883 1941 1953 ejus

349 1973 613 2028 laudibus.
640 1972 777 2028 illud
805 1975 968 2036 cuitu,
1000 1974 1379 2041 Sanctificetnr,
1408 1973 1510 2029 hoc
1537 1974 1633 2028 sibi
1668 1975 1798 2039 vult,
1828 1975 1941 2044 glo-

348 2065 607 2120 riﬁcetur.
638 2065 750 2121 Sibi
785 2081 1013 2135 namque
1040 2066 1320 2135 premium
1358 2064 1515 2119 habet
1555 2065 1779 2134 gloriam
1824 2067 1937 2135 ple-

347 2175 493 2224 nam,
520 2159 596 2213 sic
623 2174 836 2227 semper
863 2166 1186 2212 manentem.
1216 2155 1468 2210 Orantem
1495 2171 1622 2211 vero
1643 2157 1793 2226 jubet
1814 2174 1937 2228 pre-

344 2251 453 2304 cari
480 2292 494 2315 ,
524 2259 582 2304 ut
611 2266 703 2319 per
734 2250 893 2303 vitam
927 2260 1163 2304 nostram
1202 2249 1533 2318 glorilicetur
1565 2266 1578 2303 :
1605 2248 1745 2319 quod
1776 2250 1935 2304 etiam

343 2360 501 2413 supra
530 2342 743 2397 diccbat
776 2360 790 2398 :
820 2342 1005 2396 Lueeat
1036 2344 1124 2397 tua;
1147 2352 1307 2397 vestra
1334 2358 1505 2396 coram
1534 2342 1846 2408 hominibus,
1881 2353 1935 2397 ut

340 2436 539 2501 videtin!
565 2453 717 2505 opera
746 2438 874 2489 bona
897 2444 1082 2502 vestra,
1106 2445 1152 2489 et
1176 2434 1462 2506 glori/irent
1492 2433 1697 2488 Patrem
1717 2445 1934 2490 vestrum

339 2528 426 2594 qui
451 2528 501 2579 in
530 2528 668 2580 cretis
694 2538 765 2581 est
793 2526 1005 2597 (Matth.
1029 2527 1089 2581 3.
1122 2527 1208 2596 16)
1260 2524 1391 2579 Nam
1421 2525 1701 2595 Seraphini
1727 2526 1930 2597 gloriﬁ-

338 2632 521 2675 eantcs
554 2621 739 2686 Deum,
770 2620 850 2675 sic
884 2619 1132 2674 dicebant
1160 2635 1173 2671 :
1204 2617 1445 2684 Sanctus,
1475 2628 1699 2685 sanctus,
1727 2629 1931 2675 sanctus

338 2712 488 2767 tlsai.
522 2714 573 2765 ti.
606 2712 681 2783 5).
714 2711 893 2782 Itaque
925 2711 1073 2774 illud,
1105 2710 1487 2779 Sancti/iretur,
1520 2710 1570 2764 id
1596 2719 1696 2775 est,
1724 2711 1930 2780 gloriﬁ-

336 2814 503 2858 cetur.
530 2803 747 2874 Langire
778 2803 931 2857 nobis
950 2844 965 2869 ,
998 2803 1198 2873 inquit,
1230 2813 1286 2857 ut
1314 2803 1384 2857 ita
1412 2817 1542 2872 pure
1568 2803 1842 2869 vivamus,
1868 2812 1931 2857 ut

334 2912 430 2964 per
455 2911 550 2949 nos
578 2904 629 2949 te
657 2909 843 2949 omnes
871 2895 1189 2965 gloriﬁcent.
1220 2895 1276 2949 id
1303 2894 1444 2965 quod
1473 2910 1657 2950 rursus
1685 2894 1927 2965 philoso-

333 2984 471 3053 phi:c
496 2995 576 3039 est
602 2984 871 3054 perfectzc,
896 2986 1057 3040 vitam
1086 2986 1157 3040 ita
1182 2984 1703 3055 irrcprehensibiiem
1733 2986 1785 3039 in
1812 3002 1928 3041 om-

332 3078 492 3130 nibus
517 3076 772 3131 exhibere
795 3117 809 3140 ,
845 3086 901 3131 ut
940 3077 1183 3132 videntes
1221 3077 1415 3148 singuli
1462 3078 1689 3132 Domino
1714 3092 1814 3147 pro
1842 3077 1926 3132 his

332 3168 542 3223 laudem
569 3169 823 3224 referant.
855 3169 942 3224 10.
970 3170 1216 3223 Adveniat
1238 3186 1447 3240 regnum
1474 3179 1633 3224 tuum.
1655 3169 1771 3224 Hoc
1793 3184 1925 3240 quo-

332 3279 434 3331 que
473 3264 606 3333 grati
640 3262 898 3333 probique
928 3264 1018 3316 lilii
1049 3262 1248 3318 dictum
1290 3273 1411 3330 est,
1441 3263 1534 3334 qui
1570 3278 1679 3318 non
1724 3264 1925 3319 luerent

331 3356 487 3409 rebus
515 3354 615 3407 sub
640 3364 914 3424 aspectum
939 3354 1271 3422 cadentibus,
1300 3372 1472 3426 neque
1500 3356 1779 3427 prtcsentia
1808 3372 1922 3411 ma-

329 3446 413 3515 gni
446 3445 720 3515 quidpiam
748 3460 867 3502 esse
900 3456 1075 3517 putet;
1107 3446 1202 3502 sed
1227 3447 1295 3502 ad
1324 3458 1531 3518 patrem
1560 3463 1772 3519 semper
1802 3457 1919 3504 ten-

327 3538 449 3602 dat,
482 3548 534 3593 et
573 3537 747 3594 futura
784 3549 1057 3609 eXSpectet
1082 3582 1096 3605 ,
1127 3540 1268 3610 quod
1308 3556 1374 3596 ex
1412 3542 1741 3597 conscientia
1780 3542 1920 3598 bona

325 3629 517 3692 oritur,
548 3638 605 3684 et
629 3645 696 3685 ex
727 3630 902 3684 anima
930 3646 957 3685 a
990 3632 1216 3686 terrenis
1246 3631 1406 3687 rebus
1434 3633 1702 3701 expedita.

395 3724 447 3777 5.
472 3722 753 3777 Adventum
775 3723 918 3794 regni
939 3722 1037 3777 Dei
1055 3724 1304 3793 quomodo
1325 3723 1679 3777 desideraverit
1698 3722 1914 3779 Paulus.

332 3812 506 3868 Virtus
530 3830 630 3867 non
653 3831 715 3869 ea:
729 3814 898 3868 studio
920 3824 1089 3869 nostro
1106 3823 1322 3879 tantum,
1342 3815 1431 3867 sed
1449 3814 1597 3866 etiam
1615 3831 1679 3869 ex
1697 3830 1918 3885 superna

323 3909 486 3978 gratia
514 3908 712 3974 pendet.
736 3938 802 3946 —
823 3907 934 3962 lloc
958 3907 1099 3961 enim
1127 3906 1324 3961 Paulus
1354 3906 1574 3977 singulis
1598 3906 1789 3962 diebus
1816 3907 1915 3963 de-

321 3998 586 4052 siderabat
605 4040 618 4062 ,
662 3998 885 4068 ideoque
911 3996 1123 4054 dicebat
1154 4015 1167 4051 :
1198 3996 1268 4051 Et
1296 3998 1396 4068 ipsi
1434 3998 1683 4066 primitias
1708 3999 1917 4067 spiritus

322 4096 555 4149 habentes
608 4096 1014 4165 ingemiscinms,
1071 4094 1394 4164 adoptionem
1453 4094 1673 4162 ﬁliorum
1740 4111 1915 4166 exspe-

320 4197 545 4250 ctantes,
593 4187 986 4257 redemptionem
1034 4186 1260 4256 corporis
1303 4186 1462 4239 nostri
1510 4184 1684 4255 (liam.
1714 4185 1768 4241 8.
1796 4184 1911 4256 25).

319 4280 416 4347 Qui
462 4280 603 4334 enim
638 4278 739 4333 hoc
767 4294 949 4333 amore
991 4290 1177 4347 captus
1215 4288 1329 4342 est,
1377 4292 1550 4348 neque
1591 4278 1750 4347 hujus
1788 4277 1913 4333 vitae

318 4371 473 4425 lamis
501 4370 671 4424 inﬂari
700 4378 896 4440 potest,
926 4385 1100 4439 neque
1127 4370 1288 4424 rebus
1318 4369 1556 4425 adversis
1585 4369 1741 4439 dejici
1774 4386 1787 4424 :
1816 4370 1913 4427 sed

318 4480 380 4519 ac
407 4465 450 4519 si
484 4464 536 4517 in
561 4464 707 4518 cmlis
732 4471 1055 4525 versaretur,
1081 4461 1148 4517 ab
1177 4470 1400 4531 utraque
1427 4460 1528 4515 hac
1556 4462 1913 4532 inaequalitate

319 4557 570 4609 immunis
597 4565 699 4611 est.
728 4552 850 4607 Fiat
870 4554 1101 4606 voluntas
1126 4562 1210 4606 tua
1241 4553 1368 4605 sicut
1396 4553 1449 4605 in
1474 4550 1599 4606 ctelo
1616 4562 1663 4605 et
1683 4552 1736 4605 in
1756 4561 1907 4606 terra.

324 4646 564 4701 Vidistin’
595 4648 851 4716 optimam
882 4644 1114 4699 seriem?
1141 4644 1299 4723 Jussit
1333 4644 1475 4697 enim
1502 4641 1681 4697 futura
1708 4657 1910 4698 concu-

318 4738 547 4807 pisccrc,
576 4748 630 4791 et
658 4738 723 4791 ad
752 4739 890 4792 illam
914 4736 1396 4808 peregrinationum:
1424 4734 1677 4790 festinare
1700 4750 1714 4787 :
1737 4733 1911 4791 donec

318 4841 495 4886 autem
528 4832 580 4885 id
602 4833 843 4895 eveniat,
876 4832 961 4886 hic
987 4831 1243 4899 degentes
1267 4844 1475 4895 curare,
1505 4837 1562 4882 ut
1590 4842 1687 4897 par
1711 4828 1909 4883 caelesti

318 4923 530 4977 vivendi
575 4937 743 4993 genus
770 4922 1134 4976 exliiheamus.
1168 4921 1299 4975 Nam
1328 4920 1515 4975 caelum
1545 4919 1759 4990 quidem
1780 4962 1794 4985 ,
1824 4920 1909 4974 in-

317 5015 452 5086 quit,
485 5023 536 5068 ct
561 5013 791 5068 ca-lestia
820 5015 1257 5083 concupiscamus
1285 5021 1527 5082 Oportet:
1548 5011 1641 5068 sed
1674 5020 1728 5067 et
1748 5021 1907 5067 ante-

316 5122 477 5177 quam
528 5107 581 5160 in
620 5106 816 5160 etclam
864 5105 1251 5173 concedamus,
1296 5122 1361 5161 ex
1408 5115 1550 5161 terra
1592 5104 1779 5161 czelum
1811 5119 1907 5159 nos

382 5262 398 5293 ι
436 5258 621 5325 atorcl.,
646 5270 791 5307 unam
816 5257 1016 5325 largitus
1030 5264 1098 5309 est
1119 5259 1465 5325 cognationem;
1488 5260 1647 5308 minus
1662 5266 1818 5309 recte.

381 5325 401 5354 ²
437 5320 623 5379 March,
657 5320 948 5384 cognatione.

382 5386 403 5416 ³
443 5381 817 5455 «sanctiﬁcetnr
842 5386 1233 5455 nomen_tu.u_m._n
1266 5381 1424 5446 Digna
1450 5382 1792 5455 precatioejus
1825 5381 1907 5443 qui

318 5454 474 5496 Deum
497 5444 698 5495 invocat.
724 5446 799 5494 sic
821 5456 995 5493 omnes
1017 5444 1135 5508 Editi
1159 5451 1211 5493 et
1232 5444 1541 5508 mariuscripti
1565 5444 1767 5508 Codices
1784 5457 1907 5508 pras-

319 5516 396 5557 ter
422 5521 534 5578 eum
558 5522 656 5570 quo
673 5520 794 5557 usus
810 5513 889 5578 cst
918 5507 1156 5578 Georgius
1167 5506 1532 5575 Trapeluutiu's,
1552 5508 1639 5578 qui
1661 5508 1734 5578 ita
1754 5506 1901 5578 legit:

315 5568 645 5633 Sanctiﬁceiur
656 5582 827 5621 nomen
837 5575 994 5633 tuum.
1011 5568 1374 5633 lﬁgnaprorsus
1386 5579 1441 5616 eo
1450 5568 1532 5630 qui
1544 5568 1701 5618 Deum
1714 5576 1906 5633 Patrem

317 5628 574 5694 appellarit
605 5633 775 5682 oratio.
801 5630 981 5681 Placuit
1005 5628 1127 5693 ergo
1148 5628 1218 5679 illi
1247 5628 1395 5679 lectio
1412 5628 1711 5694 (ratemque:
1734 5630 1901 5687 habet,

312 5690 395 5802 ita."
422 5711 484 5799 mal
495 5708 558 5744 τὸν
589 5708 677 5746 Θεὸν
696 5708 839 5758 “adea
854 5707 1047 5752 ιαλυθηος
1060 5690 1087 5754 ἦ
1100 5703 1181 5759 tals
1196 5732 1208 5754 ,
1236 5696 1286 5742 et
1307 5699 1397 5755 est,
1415 5690 1579 5755 procul
1603 5690 1765 5752 dubio,
1780 5703 1903 5755 [ηοω-

334 5768 533 5802 eventa.

334 5768 533 5803 ενυηαθ.

1094 290 1152 345 S.
1192 288 1471 351 .IOANNIS
1503 287 1982 347 CIIRYSOSTOMI
2020 291 2338 349 ARCHIEP.
2374 295 2905 357 OGNSTANTINOP.

3545 305 3653 360 san

2066 405 2241 463 facere
2275 407 2459 478 jubet,
2505 418 2559 466 et
2584 412 2638 467 ia
2670 422 2811 469 terra
2836 420 3120 470 versantes
3146 428 3211 470 ac
3239 414 3282 470 si
3312 415 3367 470 in
3393 416 3524 472 caelo
3552 418 3651 474 dc-

2056 512 2308 567 geremus
2332 539 2348 568 ,
2396 500 2474 556 sic
2502 504 2678 558 omnia
2722 504 2898 561 facere
2935 513 2992 562 et
3026 506 3232 572 dicere,
3263 516 3426 585 atque
3450 506 3554 565 hac
3576 510 3651 567 de

2060 604 2219 645 causa
2246 592 2526 649 Dominum
2555 597 2757 667 precari
2780 608 3054 669 oportere.
3084 600 3226 657 Nihil
3252 604 3395 659 enim
3426 606 3652 676 impedit

2060 684 2364 751 quominus,
2398 687 2498 742 etsi
2541 688 2593 742 in
2638 698 2778 745 terra
2807 690 3143 757 limbi-tomus,
3183 694 3254 749 ad
3291 710 3649 764 supernantia

2060 772 2313 829 virtutum
2341 775 2676 834 sedulitatem
2713 795 2777 836 ac
2808 781 3140 853 diligentiam
3168 785 3489 855 attingamus
3515 789 3654 843 :sed

2060 878 2343 933 possumus
2365 865 2455 923 hic
2483 868 2819 938 habitantes,
2848 875 3000 943 quasi
3025 874 3135 944 jam
3162 876 3213 929 in
3244 876 3379 931 casio
3399 891 3647 935 osseums

2054 958 2234 1012 omnia
2252 958 2611 1030 faceeruod
2631 964 2788 1034 igitur
2808 965 2961 1030 dicit,
2984 966 3290 1038 hujusmodi
3308 978 3398 1026 est
3412 990 3425 1026 :
3439 971 3644 1039 Quem-

2054 1049 2341 1106 admodum
2372 1053 2441 1107 ibi
2470 1055 2652 1110 omnia
2682 1056 2799 1112 sine
2842 1058 3225 1129 impedimento
3255 1061 3424 1128 liunt,
3471 1078 3645 1134 neque

2048 1141 2228 1209 angeli
2275 1143 2434 1198 modo
2471 1146 2719 1211 audiunt,
2768 1147 2928 1203 modo
2949 1148 3097 1219 iussa
3131 1161 3515 1220 contemnunt,
3545 1156 3643 1210 sed

2056 1230 2108 1285 in
2136 1233 2386 1289 omnibus
2402 1236 2608 1292 cedunt
2632 1246 2685 1293 et
2706 1238 3099 1310 obsequuntur;
3128 1259 3253 1299 nam
3282 1246 3377 1313 ait,
3399 1245 3643 1304 Polum

2050 1322 2248 1387 uirtute,
2272 1324 2509 1393 facientes
2532 1329 2730 1382 verbum
2750 1331 2887 1385 illius
2905 1330 3075 1403 (Psal.
3100 1333 3218 1389 102.
3239 1334 3332 1407 20)
3353 1338 3461 1392 :sic
3479 1340 3641 1395 etiam

2054 1415 2208 1469 nobis
2229 1415 2535 1474 hominibus
2554 1420 2747 1491 largire
2768 1431 2953 1478 utnon
2980 1439 3044 1480 ex
3062 1425 3289 1482 ditnidio
3311 1428 3641 1487 uoluntatem

2054 1512 2195 1558 tuam
2224 1505 2515 1575 iaciamus,
2557 1510 2649 1565 sed
2691 1512 2869 1567 omnia
2899 1522 2955 1569 ut
2978 1515 3060 1570 vis
3084 1515 3426 1586 impleamus.
3456 1520 3627 1576 Viden

2050 1596 2317 1663 quomodo
2343 1598 2588 1655 modeste
2615 1616 2773 1672 agerc
2792 1603 2989 1659 doceat
3008 1646 3025 1673 ,
3068 1606 3361 1663 ostendens
3389 1611 3641 1667 virtutem

2047 1702 2155 1742 non
2179 1703 2247 1742 ex
2274 1699 2463 1745 nostro
2506 1692 2680 1747 studio
2711 1704 2911 1750 tantum
2930 1737 2948 1762 ,
2997 1695 3095 1752 sed
3125 1700 3286 1754 etiam
3311 1715 3379 1756 ex
3407 1716 3638 1774 superna

2046 1781 2216 1849 gratia
2248 1783 2517 1851 pendere?
2546 1785 2784 1858 Itemque
2818 1786 2981 1845 totius
3006 1791 3156 1846 orbis
3181 1794 3597 1851 sollicitudinm
3624 1839 3639 1859 .

2049 1886 2145 1926 nos
2162 1875 2253 1942 qui
2281 1889 2496 1930 oramus
2519 1878 2757 1949 singulos
2778 1894 2971 1951 gerere
2997 1882 3255 1953 prmeipit.
3282 1883 3467 1956 Neque
3491 1888 3637 1941 enim

2048 1961 2212 2029 dixit,
2262 1965 2379 2020 Fiat
2422 1968 2666 2024 voluntas
2695 1980 2781 2025 tua
2824 1971 2879 2025 in
2906 1987 3023 2037 me,
3066 1983 3158 2028 aut
3186 1975 3236 2029 in
3264 1975 3457 2041 nobis;
3506 1978 3637 2041 sed,

2047 2053 2255 2125 Ubique
2282 2066 2548 2114 terrarum
2569 2101 2584 2125 ,
2614 2069 2672 2116 ut
2714 2078 2865 2117 error
2888 2064 3149 2120 avellatur
3176 2075 3230 2120 et
3273 2067 3470 2121 veritas
3495 2067 3633 2123 inse-

2046 2158 2225 2214 ratur,
2254 2151 2535 2223 omnisqne
2565 2154 2794 2224 nequitia
2820 2156 3127 2211 eliminatur
3149 2199 3165 2224 ,
3196 2158 3364 2214 virtus
3394 2171 3637 2214 reverta-

2046 2246 2149 2303 tur,
2180 2249 2341 2311 atque
2368 2242 2418 2296 in
2438 2243 2528 2297 illa
2550 2244 2768 2298 colenda
2792 2246 2921 2301 nihil
2946 2246 3197 2317 deinceps
3212 2248 3424 2303 ώσω-δι
3442 2250 3632 2304 cadum

2043 2346 2071 2385 a
2104 2339 2264 2390 terra.
2303 2333 2433 2389 Nam
2478 2335 2521 2389 si
2564 2336 2691 2390 illud
2733 2337 2852 2404 ﬁat,
2897 2340 3096 2409 inquit,
3146 2340 3275 2394 nihil
3306 2356 3535 2411 superna
3565 2343 3635 2397 ab

2043 2424 2385 2481 inferioribus
2410 2426 2824 2499 discrepabunt,
2872 2433 3079 2486 etiamsi
3129 2441 3314 2487 natura
3344 2434 3593 2491 diﬂ'erant
3616 2478 3630 2499 ,

2042 2532 2162 2572 cum
2204 2519 2412 2575 scilicet
2439 2522 2657 2590 angelos
2687 2522 2822 2577 alios
2854 2525 3007 2578 nobis
3040 2534 3178 2580 terra
3209 2516 3503 2581 exhibebit.
3540 2528 3629 2583 11.

2042 2607 2236 2662 Panem
2266 2620 2493 2664 nostrum
2519 2613 2863 2681 quotidianum
2893 2615 2960 2667 da
2984 2616 3126 2670 nobis
3153 2617 3319 2672 hodie.
3347 2617 3487 2685 Quid
3512 2630 3594 2674 est
3611 2660 3628 2683 .

2038 2699 2235 2755 Panem
2287 2706 2558 2756 ἐπιούσιονῖ
2600 2703 2655 2757 ld
2698 2713 2820 2767 est,
2861 2706 3252 2775 quotidianum.
3300 2708 3438 2777 Quia
3485 2712 3627 2766 enim

2033 2792 2280 2861 dixerat,
2312 2794 2433 2849 Fiat
2459 2796 2688 2851 voluntas
2714 2807 2801 2851 tua
2820 2841 2834 2865 ,
2874 2800 3008 2853 sicut
3048 2802 3103 2855 in
3141 2803 3265 2857 crdo
3289 2813 3341 2856 et
3371 2807 3423 2859 in
3454 2814 3587 2861 terra
3608 2824 3628 2860 :

2034 2883 2387 2957 hominesque
2416 2887 2789 2958 alloquebatur
2816 2906 2978 2947 carne
3009 2893 3221 2949 indutos
3245 2937 3260 2962 ,
3294 2907 3354 2953 et
3383 2901 3623 2954 necessi-

2029 2977 2127 3029 tati
2152 2986 2359 3031 natura:
2383 2978 2669 3049 subjectos,
2701 2983 2790 3053 qui
2820 2998 2924 3039 non
2956 2985 3165 3054 possint
3186 2988 3430 3045 eamdem
3462 3006 3621 3060 quam

2031 3068 2203 3136 angeli
2236 3068 2712 3138 impassibilitatem
2742 3072 2973 3130 habere:
2997 3086 3254 3147 pmepta
3285 3078 3499 3149 quidem
3522 3096 3623 3135 nos

2027 3160 2254 3229 exsequi
2290 3160 2475 3229 jubet,
2518 3162 2741 3232 perinde
2765 3175 2924 3236 atque
2963 3181 3026 3222 ea
3052 3167 3275 3238 implent
3301 3180 3354 3225 et
3378 3170 3619 3238 illi;sed

2032 3250 2324 3308 inﬁrmitati
2354 3268 2557 3311 naturae
2586 3256 2843 3331 deinceps
2890 3274 3009 3316 sese
3048 3263 3439 3319 accommodat.
3482 3265 3616 3321 Nam

2028 3346 2391 3417 diligentiam,
2438 3351 2634 3421 inquit,
2673 3352 2725 3406 in
2756 3352 2879 3408 vita:
2911 3354 3151 3409 instituto
3180 3369 3362 3425 parem
3389 3370 3613 3428 expeto,

2025 3437 2119 3492 sed
2156 3454 2259 3492 non
2298 3441 2813 3511 impassibilitatem;
2860 3460 3031 3515 neque
3073 3446 3216 3501 enim
3263 3447 3314 3503 id
3360 3450 3616 3518 permittit

2025 3540 2229 3586 natura:
2272 3534 2513 3602 tyrannis
2538 3552 2550 3588 :
2575 3549 2710 3605 opus
2744 3537 2888 3592 enim
2939 3538 3096 3594 habet
3131 3542 3437 3596 necessario
3471 3542 3610 3598 cibo.

2026 3622 2103 3676 Tu
2131 3637 2260 3678 vero
2289 3624 2416 3678 mihi
2448 3626 2757 3682 consideres
2797 3628 2958 3683 velim
2982 3671 3001 3697 ,
3042 3631 3201 3686 etiam
3232 3632 3287 3687 in
3317 3635 3612 3704 corporali-

2024 3714 2123 3770 bus
2156 3716 2437 3785 plurimum
2467 3719 2856 3787 spiritualitatis
2897 3722 3096 3779 inesse.
3129 3724 3312 3795 Neque
3340 3727 3484 3780 enim
3510 3742 3614 3796 pro

2024 3813 2285 3881 pecuniis,
2318 3829 2489 3883 neque
2521 3830 2614 3885 pro
2637 3816 2862 3884 deliciis,
2891 3833 3061 3888 neque
3086 3834 3183 3887 pro
3206 3821 3434 3874 vestium
3461 3836 3609 3875 sum-

2022 3906 2221 3973 ptibus,
2270 3906 2351 3960 vel
2398 3920 2495 3976 pro
2536 3907 2641 3961 alio
2686 3909 2933 3979 qu0piam
2976 3910 3171 3977 simili,
3221 3910 3316 3966 sed
3347 3925 3446 3981 pro
3476 3927 3611 3981 pane

2023 4006 2227 4051 tantum
2261 3998 2418 4067 jussit
2456 4000 2755 4055 orationem
2794 4002 3002 4067 emitti,
3044 4012 3101 4058 et
3138 4017 3238 4073 pro
3266 4019 3402 4074 pane
3431 4005 3610 4074 quoti-

2021 4090 2200 4153 diano,
2236 4091 2304 4146 ita
2339 4102 2392 4146 ut
2420 4092 2488 4148 de
2511 4096 2998 4155 crastinosollieiti
3023 4113 3135 4153 non
3162 4099 3352 4155 simus.
3380 4101 3610 4172 Ideoque

2021 4182 2243 4248 addidit,
2275 4182 2468 4236 Panem
2491 4190 2746 4250 ἐπιούσιον,
2795 4186 2845 4240 id
2871 4196 2975 4254 est,
3005 4190 3395 4259 quotidianum.
3426 4191 3611 4260 Neque

2022 4273 2123 4327 huc
2153 4282 2436 4329 eunlcntus
2461 4274 2562 4329 fuit
2592 4276 2755 4331 verbo
2778 4319 2811 4343 ,,
2835 4278 2927 4332 sed
2958 4288 3012 4334 et
3052 4276 3192 4335 aliud
3235 4280 3440 4336 addidit
3462 4325 3477 4347 ,
3525 4280 3608 4335 Da

2020 4364 2160 4419 nobis
2184 4365 2352 4432 hodie,
2386 4366 2454 4421 ita
2483 4375 2539 4420 ut
2565 4381 2671 4421 non
2694 4368 2929 4423 ulteriori
2955 4368 3059 4425 diei
3087 4371 3333 4426 crastina:
3358 4386 3486 4426 cura
3510 4386 3611 4427 nos

2022 4465 2385 4526 torqueamus.
2411 4456 2577 4528 Cujus
2602 4459 2743 4512 enim
2788 4459 2892 4515 diei
2941 4462 3116 4516 nescis
3155 4478 3221 4516 an
3266 4463 3495 4533 spatium
3526 4463 3607 4517 vi-

2017 4563 2174 4603 surus
2200 4550 2306 4613 sis,
2344 4563 2441 4603 cur
2468 4549 2877 4605 sollicitudinem
2911 4551 3113 4607 habes?
3143 4553 3254 4607 Hoc
3280 4553 3525 4625 pluribus
3556 4554 3609 4608 in

2017 4640 2363 4710 sequentibus
2408 4640 2647 4709 prmcipit
2681 4641 2862 4696 dicens
2898 4662 2909 4696 :
2946 4641 3121 4698 Nolite
3162 4644 3364 4699 solliciti
3401 4662 3508 4699 esse
3554 4647 3610 4699 in

2017 4732 2293 4785 crastinum
2318 4730 2533 4801 (Matth.
2554 4733 2607 4787 6.
2626 4733 2737 4803 54).
2763 4734 2882 4788 Vult
2906 4736 3045 4789 enim
3074 4752 3169 4789 nos
3196 4751 3408 4807 semper
3427 4738 3607 4793 acciu-

2016 4833 2133 4879 ctos
2161 4831 2215 4877 et
2241 4823 2391 4894 quasi
2411 4826 2479 4878 ad
2504 4824 2740 4878 volatum
2767 4826 3043 4895 expeditos
3072 4842 3213 4891 esse,
3240 4836 3443 4883 tantum
3467 4843 3610 4883 con-

2017 4914 2274 4971 cedentes
2302 4923 2522 4981 naturae,
2546 4926 2801 4984 quantum
2853 4917 3144 4972 necessitas
3172 4932 3200 4970 a
3232 4918 3386 4973 nobis
3420 4918 3609 4988 exigit.

2018 5005 2221 5061 Deinde
2248 5006 2371 5075 quia
2398 5006 2690 5076 contingit,
2737 5006 2897 5061 etiam
2928 5020 3048 5077 post
3078 5009 3345 5063 lavacrum
3378 5024 3617 5079 regene-

2017 5100 2256 5165 rationis,
2282 5109 2339 5153 ut
2365 5115 2647 5170 peccemus
2673 5118 2689 5155 :
2714 5101 2930 5155 multam
2960 5101 3044 5157 hic
3064 5118 3278 5174 quoque
3307 5102 3612 5173 benignita-

2016 5202 2121 5247 tem
2151 5192 2412 5247 exltibens
2434 5235 2450 5258 ,
2488 5192 2641 5261 jubet
2687 5208 2780 5263 pro
2822 5205 3161 5262 peccatorum
3193 5194 3510 5250 remissione
3542 5196 3609 5249 ad

2018 5282 2417 5338 misericordem
2453 5283 2618 5337 Deum
2648 5282 2924 5345 accedere.
2954 5294 3008 5339 ct
3036 5286 3114 5339 sic
3143 5284 3323 5340 dicere
3350 5306 3361 5340 :
3388 5283 3475 5339 η.
3507 5284 3609 5337 Di-

2015 5376 2152 5429 mitte
2191 5374 2331 5428 nobis
2356 5374 2521 5429 debita
2548 5385 2719 5429 nostra
2739 5417 2755 5441 ,
2785 5376 2911 5429 sicut
2944 5387 2989 5431 et
3016 5394 3107 5432 nos
3136 5377 3435 5431 dimittimus
3462 5377 3609 5430 debi~

2014 5467 2203 5521 toribus
2224 5467 2427 5521 nostris.
2460 5466 2702 5523 Vidistin’
2729 5470 3109 5525 misericordiae
3136 5471 3449 5526 cumulum?
3476 5470 3614 5525 Post

2012 5566 2095 5613 tot
2114 5557 2323 5611 sublata
2353 5559 2509 5622 mala,
2547 5568 2665 5628 post
2694 5560 3012 5621 ineﬂabilcm
3043 5561 3305 5618 donorum
3338 5562 3614 5633 magnitu-

2013 5648 2209 5715 dinem,
2237 5664 2445 5704 rursum
2475 5660 2755 5720 peccantes
2785 5653 2937 5707 vcnia
2964 5653 3229 5724 dignatur.
3249 5654 3401 5721 Quod
3426 5665 3614 5708 autem

2020 5740 2134 5797 [nec
2162 5743 2330 5800 oratio
2354 5742 2592 5802 fidelibus
2619 5755 2905 5817 competat,
2936 5746 3079 5820 leges
3106 5747 3360 5804 Ecclesiae
3387 5747 3611 5813 docent.
