4050 6220
311 233 407 288 ‘23!

303 369 404 408 rec
421 363 528 408 non
555 345 810 403 orationis
840 341 1135 400 exordium.
1169 339 1412 396 Nondum
1443 340 1640 411 quippe
1664 337 1898 393 initiatus

310 457 420 496 non
449 451 628 514 potest
654 441 818 497 Deum
845 453 1035 494 vocare
1065 438 1300 493 Patrem.
1345 435 1398 491 Si
1440 435 1618 506 itaque
1650 432 1901 488 fidelibus

314 533 431 589 lucc
459 533 714 603 competit
743 530 909 585 oratio
930 572 944 594 ,
996 537 1254 598 orantque
1293 525 1560 596 supplices
1603 533 1660 578 ιιι
1688 532 1900 594 peccata

315 623 420 678 sibi
442 623 772 679 dimittantur
797 641 810 676 :
838 621 959 676 hinc
982 619 1152 690 palam
1177 629 1277 685 est,
1301 634 1471 688 neque
1497 625 1616 687 post
1636 616 1900 671 lavacrum

317 714 431 768 tolli
460 713 780 784 poenitentia:
813 712 1040 767 lucrum.
1082 710 1191 764 Nisi
1237 709 1376 763 enim
1410 707 1512 762 hoc
1537 707 1903 762 demonstrare

319 807 504 870 vellet,
552 820 655 860 non
701 821 830 859 sane
860 803 1130 858 docuisset
1158 816 1332 854 orare.
1379 799 1477 867 Qui
1524 812 1650 853 vero
1685 805 1901 869 peccata

320 905 606 961 memorat,
650 896 907 966 jubetque
947 909 1133 949 eorum
1178 893 1545 948 remissionem
1589 900 1789 961 petere,
1835 905 1898 944 ac

315 991 468 1046 docet
501 989 771 1061 quomodo
802 987 939 1042 banc
967 986 1333 1041 remissionem
1365 999 1782 1056 consequamur,
1815 983 1895 1037 fa-

312 1082 575 1153 cilemque
601 1081 666 1136 ad
696 1081 842 1135 illam
871 1088 1018 1148 parat
1046 1079 1205 1142 viam,
1237 1077 1322 1132 bic
1346 1087 1402 1130 ut
1426 1076 1594 1147 palam
1626 1083 1726 1140 est,
1755 1074 1899 1146 quod

312 1173 520 1228 noverit
544 1182 595 1228 et
622 1172 810 1226 doceat
842 1185 996 1240 posse
1024 1185 1120 1224 nos
1143 1169 1303 1224 etiam
1332 1177 1450 1236 post
1479 1168 1746 1222 lavacrum
1777 1181 1904 1237 pec-

311 1274 430 1318 cata
461 1264 712 1328 abluere,
745 1261 880 1316 banc
909 1259 1308 1331 supplicationis
1351 1259 1518 1329 legem
1551 1257 1796 1321 induxit;
1829 1257 1905 1311 ita

314 1365 370 1408 ιιι
399 1353 524 1409 dum
555 1362 770 1424 peccata
798 1361 1091 1418 memorat,
1137 1365 1235 1406 nos
1271 1350 1334 1404 ad
1368 1350 1608 1406 modeste
1636 1349 1904 1421 agendum

316 1448 566 1514 inducat;
597 1447 723 1502 dum
754 1463 882 1502 vero
906 1446 1056 1516 jubet
1085 1445 1203 1500 aliis
1231 1435 1504 1500 remittere
1528 1484 1543 1509 ,
1575 1459 1788 1499 omnem
1821 1444 1905 1497 itt-

313 1543 570 1613 juriarum
621 1545 935 1595 memoriam
978 1555 1007 1592 τι
1039 1539 1191 1593 nobis
1235 1537 1508 1601 eliminet;
1555 1537 1682 1590 dum
1725 1546 1907 1590 autem

317 1650 413 1704 pro
451 1634 534 1689 bis
562 1633 809 1688 omnibus
849 1647 908 1686 se
949 1630 1102 1685 nobis
1131 1628 1341 1683 veniam
1379 1641 1757 1682 concessurum
1787 1641 1911 1682 esse

315 1725 622 1797 pollicetur,
650 1724 788 1778 bona
821 1739 918 1776 nos
960 1737 1053 1791 spe
1081 1720 1261 1776 fulciat
1281 1762 1296 1786 ,
1325 1735 1388 1774 ac
1417 1720 1555 1775 circa
1583 1718 1906 1774 ineffabilem

321 1817 414 1872 Dei
444 1803 861 1870 misericordiam
896 1829 992 1868 nos
1019 1811 1380 1882 philosophari
1409 1810 1622 1866 doceat.

389 1908 442 1963 6.
476 1906 543 1962 Ut
579 1907 693 1960 aliis
720 1906 1016 1959 dimittimus
1037 1946 1051 1969 ,
1081 1904 1152 1958 sic
1196 1902 1466 1956 dimittitur
1505 1901 1666 1955 nobis.
1697 1932 1765 1940 -—
1795 1899 1909 1955 Hoc

317 2008 497 2055 autem
546 1999 774 2054 maxime
816 1995 1205 2052 observandutn
1248 2002 1329 2049 est
1351 2036 1366 2061 ,
1395 2008 1516 2048 eum
1539 2033 1552 2057 ,
1575 2008 1694 2047 cmn
1729 1992 1780 2044 itt
1813 2006 1907 2045 sn-

324 2090 576 2161 pradietis
627 2088 848 2159 singulis
898 2101 1110 2141 omnem
1173 2084 1419 2139 virtutem
1477 2090 1902 2146 commemoret,

322 2183 374 2236 in
407 2183 505 2236 bac
534 2181 693 2236 etiam
740 2180 1049 2249 injuriarum
1092 2177 1517 2234 recordationem
1549 2174 1829 2244 complecd
1852 2175 1903 2238 ις

322 2288 444 2328 nam
476 2271 793 2326 sanctificari
824 2287 920 2337 per
949 2287 1048 2325 nos
1073 2284 1267 2325 nomen
1299 2268 1414 2338 ejus
1439 2267 1503 2322 ad
1537 2267 1827 2336 perfectum
1855 2275 1908 2322 et

319 2365 778 2420 accuratissimunt
806 2364 927 2418 vita:
957 2363 1254 2417 institutum
1285 2361 1550 2431 pertinet;
1584 2368 1638 2415 et
1667 2360 1911 2414 volunta-

323 2465 428 2512 tem
457 2456 573 2527 ejus
617 2456 730 2510 fieri
777 2455 1006 2525 idipsum
1051 2467 1237 2508 rursus
1266 2450 1556 2523 significat;
1600 2458 1654 2505 et
1698 2449 1910 2504 Patrem

321 2565 481 2620 posse
511 2548 676 2604 Deum
707 2562 898 2603 vocare
927 2546 1209 2616 inculpatae
1235 2546 1356 2600 vitae
1382 2543 1763 2600 demonstratio
1790 2551 1908 2606 est;

322 2645 376 2698 in
407 2644 598 2716 quibus
626 2642 874 2698 omnibus
902 2641 1003 2696 ltoc
1029 2639 1532 2710 comprehenditur,
1577 2636 1718 2707 quod
1749 2650 1910 2705 opor-

327 2745 436 2791 teat
463 2736 594 2790 iram
621 2734 690 2790 de
728 2733 935 2805 injuriis
973 2741 1282 2802 conceptam
1323 2732 1626 2794 remittere;
1679 2737 1912 2783 attamen

323 2828 407 2883 bis
431 2836 715 2883 contentus
743 2841 848 2880 non
873 2825 1000 2889 fuit;
1035 2823 1126 2878 sed
1151 2821 1438 2878 ostendere
1460 2821 1644 2876 volens
1663 2827 1913 2889 quantam

321 2919 424 2974 bac
460 2917 527 2974 de
564 2934 623 2972 re
660 2925 813 2988 gerat
854 2913 1297 2978 sollicitudinem,
1349 2912 1576 2982 idipsum
1618 2909 1916 2981 specialiter

325 3009 546 3079 repetit;
594 3023 656 3062 ac
703 3016 821 3076 post
848 3006 1144 3060 orationem
1177 3005 1377 3058 nullum
1409 3002 1552 3056 aliud
1585 3016 1741 3072 quam
1774 2999 1913 3055 istud

325 3109 589 3156 memorat
617 3107 939 3169 przeceptnm
961 3138 976 3162 ,
1022 3096 1100 3151 sic
1137 3095 1318 3150 dicens
1342 3113 1355 3150 :
1381 3094 1442 3149 Si
1465 3095 1596 3148 enim
1626 3092 1915 3145 dimiseritis

326 3193 616 3250 hominibus
645 3201 851 3262 peccata
881 3206 1074 3253 eorum,
1106 3189 1318 3242 dimittet
1345 3186 1479 3241 vobis
1505 3196 1550 3240 et
1581 3185 1736 3238 Pater
1761 3194 1918 3238 vester

327 3287 536 3343 celestis
565 3285 778 3356 (Matth.
810 3284 863 3339 6.
893 3282 1002 3354 M).
1029 3281 1210 3352 Itaque
1235 3298 1263 3336 a
1296 3281 1450 3336 nobis
1472 3279 1787 3349 principium
1815 3286 1912 3343 est,

328 3378 662 3450 etjudicinm
703 3377 771 3432 de
814 3375 970 3430 nobis
1012 3373 1288 3429 ferendum
1334 3373 1386 3426 itt
1427 3379 1610 3426 nostra
1642 3371 1802 3425 situm
1833 3379 1919 3425 est

330 3480 616 3543 potestate.
645 3469 775 3524 Nam
805 3484 873 3524 ne
900 3467 983 3522 vel
1011 3482 1076 3522 ex
1105 3464 1334 3534 stupidis
1356 3461 1617 3534 quispiam
1645 3462 1812 3532 possit
1835 3461 1919 3515 vel

332 3567 386 3621 in
415 3579 572 3636 parva
602 3563 684 3618 vel
714 3563 764 3616 itt
793 3576 979 3631 magna
1013 3576 1070 3615 re
1096 3558 1356 3629 conqueri
1384 3557 1509 3612 dum
1533 3555 1823 3625 judicatur,
1847 3564 1918 3616 te,

333 3671 507 3720 reum,
541 3652 732 3708 calculi
763 3650 964 3706 ferendi
995 3649 1270 3706 dominum
1301 3647 1452 3711 facit;
1485 3654 1539 3702 et
1563 3645 1918 3714 Quemadmo-

334 3749 485 3812 dum,
518 3745 711 3816 inquit,
743 3753 797 3799 tu
827 3742 894 3798 de
925 3752 976 3797 te
1005 3742 1120 3812 ipso
1159 3739 1514 3810 judicaveris,
1544 3753 1642 3808 ego
1669 3737 1737 3792 de
1765 3747 1812 3791 te
1837 3737 1924 3806 ja-

332 3840 548 3897 dicabo.
595 3838 649 3895 Si
691 3851 952 3892 conservo
979 3834 1276 3898 dimiseris,
1323 3847 1353 3886 a
1394 3847 1480 3887 me
1511 3845 1692 3900 parem
1723 3827 1922 3884 referes

333 3935 584 4006 gratiam,
611 3945 931 4001 quamquam
959 3943 1044 3982 res
1071 3941 1176 3981 non
1209 3924 1351 3994 paris
1372 3924 1438 3977 sit
1469 3921 1812 3977 conditionis.
1843 3920 1920 3974 Ttt

334 4027 479 4081 enim
507 4022 646 4095 quod
675 4020 992 4077 remissione
1016 4029 1194 4087 egeas,
1225 4013 1471 4075 remittis.
1489 4013 1629 4067 Deus
1653 4025 1778 4066 vero
1803 4027 1926 4068 cum

337 4119 490 4174 nullo
537 4130 672 4186 opus
721 4112 946 4176 habeat;
996 4119 1049 4163 tu
1097 4120 1394 4171 conservo,
1442 4104 1584 4159 Deus
1632 4119 1824 4168 servo;
1876 4115 1930 4158 ιιι

338 4217 713 4267 sescentorum
747 4221 870 4262 reus
901 4211 1272 4274 peccatorum,
1311 4200 1449 4254 Deus
1495 4213 1622 4253 vero
1665 4201 1929 4269 impecca-

339 4304 462 4359 bilis
488 4317 611 4357 cum
654 4300 743 4355 sit.
786 4299 1032 4353 Attamen
1078 4294 1156 4348 sic
1193 4293 1282 4347 ille
1323 4291 1743 4348 misericordiam
1781 4307 1929 4346 suam

338 4395 593 4453 ostendit.
623 4393 755 4448 Nam
785 4406 907 4447 cum
939 4399 1118 4460 posset
1148 4387 1263 4442 sine
1293 4385 1392 4440 bac
1424 4388 1592 4456 posita
1623 4385 1930 4442 conditione

343 4489 520 4545 omnia
565 4485 658 4541 tibi
700 4491 916 4554 peccata
958 4481 1295 4542 condonare;
1346 4481 1459 4535 vult
1502 4489 1678 4534 tamen
1728 4489 1778 4536 te
1811 4479 1934 4535 inde

342 4581 506 4636 etiam
537 4576 855 4634 beneficium
891 4575 1167 4644 accipere,
1211 4571 1360 4627 mille
1391 4572 1482 4627 tibi
1526 4571 1760 4642 undique
1787 4588 1933 4626 man-

345 4668 645 4727 suetudinis
671 4675 727 4722 et
757 4663 1103 4720 humanitatis
1133 4662 1446 4718 occasiones
1488 4662 1796 4717 ministrans
1820 4705 1844 4725 ,.
1883 4672 1936 4718 et

343 4761 486 4834 quod
515 4761 567 4815 in
592 4769 643 4815 te
669 4757 959 4814 belluinum
982 4764 1064 4810 est
1085 4753 1390 4817 eliminatts,
1417 4754 1547 4808 iram
1569 4753 1932 4823 exstinguens,

342 4868 393 4911 et
426 4853 658 4924 undique
694 4861 744 4906 te
787 4849 1029 4906 membro
1071 4856 1160 4902 tuo
1192 4845 1580 4917 conglutinans.
1627 4844 1764 4912 Quid
1809 4863 1937 4915 ergo

345 4949 528 5003 dicere
556 4944 767 5017 possis?
797 4959 863 4996 an
893 4950 944 4996 te
975 4939 1100 4995 ntali
1124 4937 1394 5010 quidpiam
1419 4953 1447 4990 a
1471 4937 1713 5008 proximo
1744 4937 1936 5007 injuste

346 5053 564 5111 passum
589 5036 749 5093 esse?
780 5034 902 5089 llaae
919 5033 1116 5102 quippe
1141 5039 1264 5083 sunt
1288 5037 1534 5098 peccata;
1561 5042 1680 5082 nam
1709 5027 1932 5096 sijuste.

422 5268 438 5298 ι
474 5261 672 5324 Quidam
694 5266 800 5310 Mss.
839 5254 968 5307 hunc
993 5255 1151 5305 locum
1174 5257 1241 5304 sic
1287 5252 1466 5301 habent
1499 5257 1664 5300 Graece
1696 5264 1714 5298 :
1750 5263 1769 5301 δ
1794 5259 1836 5301 δι
1878 5265 1947 5312 μά.

362 5353 470 5378 Αιπι
488 5339 558 5390 νὴ
577 5339 827 5388 παρατηρῆσαι
852 5359 864 5377 ,
885 5332 997 5370 votive
1024 5332 1119 5369 ἱατιν
1141 5328 1199 5367 ὅτι
1215 5328 1293 5390 μιν
1319 5327 1468 5366 "adorati
1491 5331 1561 5363 τῶν
1795 5324 1947 5390 61in)“;-

360 5417 422 5454 r»
462 5382 706 5454 μῖὲιέονώιες
722 5382 808 5454 is
837 5395 994 5454 tanta
1027 5393 1152 5454 τμδτη.
1172 5390 1232 5428 καὶ
1261 5389 1325 5454 τὲ,
1337 5385 1816 5454 meammeam“-
1836 5382 1951 5454 (18³5ίέ

359 5439 430 5501 sic
462 5439 915 5506 converti'deben'i,
942 5439 1090 5506 juxta
1121 5439 1378 5500 Georgium
1410 5439 1777 5506 :trttpezunripm
1805 5444 1946 5506 tum;

362 5495 766 5572 iiuteiuvmttaime
782 5495 1139 5572 obserourtdwtt
1151 5495 1729 5572 est,:'qtt0ttiarn_sing‘ulis
1745 5495 1947 5566 quibus-

362 5559 466 5636 ait;
475 5559 718 5624 sententiis
741 5567 1079 5633 perfectimtcm
1096 5559 1573 5636 virtutis'incfudens,
1824 5572 1950 5636 prce-

374 5630 869 5700 rcdentibusirtjurio:
907 5651 990 5687 nos
1011 5633 1308 5700 prohibuerit
1349 5630 1618 5700 recordari.
1649 5630 1843 5700 Boisius
1868 5633 1946 5700 te-

373 5701 594 5761 gendum
619 5696 736 5753 Vidit
763 5696 812 5750 in
836 5696 1021 5762 Graeco,
1044 5701 1121 5748 καὶ
1145 5699 1200 5749 τὸ
1244 5700 1306 5762 μή
1329 5697 1636 5760 μνησικακεῖν
1682 5696 1944 5760 περιέλαϐο.

1448 222 1510 277 IN
1552 216 1952 278 MATTIHZUM
1996 218 2223 277 HOMIL.
2269 222 2407 279 XIX.

3492 223 3610 284 πε,

2015 351 2288 405 peccatum
2331 341 2534 394 nullum
2566 348 2665 394 est.
2699 339 2764 394 .-\t
2796 350 2848 395 tu
2881 341 3061 396 talium
3103 352 3226 397 vero
3257 345 3609 412 peccatorum

2009 430 2220 484 veniam
2252 433 2628 500 impetraturos
2653 432 2878 497 accedis,
2911 434 3019 487 imo
3043 442 3095 488 et
3123 433 3287 489 multo
3312 433 3591 504 majorum.

2010 522 2073 576 Et
2112 535 2234 578 ante
2266 524 2509 586 veniant,
2556 541 2659 579 non
2704 525 2976 580 minimam
3006 537 3368 597 consequutus
3393 540 3454 581 es
3478 542 3600 596 gra-

2012 613 2173 676 tiant,
2213 614 2434 670 edoctus
2477 625 2528 669 te
2575 617 2861 672 lmmanam
2912 616 3106 673 habere
3150 619 3418 686 animam,
3451 628 3504 673 et
3533 620 3598 672 ad

2010 720 2224 758 omnem
2279 707 2743 761 mansuetudinem
2790 707 3082 763 institutus.
3140 709 3266 762 Post
3313 709 3426 764 iure
3472 725 3602 763 vero

2012 813 2202 865 magna
2233 798 2393 852 etiam
2437 799 2528 852 tibi
2572 814 2778 853 tttet'ces
2823 799 2931 854 illic
2979 799 3253 854 recondita
3282 801 3417 865 erit,
3458 801 3599 869 quod

2014 887 2173 941 nulla:
2199 903 2227 939 a
2257 898 2306 942 te
2339 898 2676 957 peccatorum
2707 890 2940 944 rationes
2973 890 3329 959 postulentur.
3355 890 3475 958 Quo
3501 892 3603 961 igi-

2011 988 2097 1032 tur
2124 979 2266 1050 digni
2296 982 2560 1052 supplicio
2589 983 2788 1036 erimus
2807 1024 2822 1044 ,
2856 983 2899 1037 si
2933 982 3022 1036 tali
3053 993 3266 1052 accepta
3296 992 3558 1053 potestate
3585 1025 3600 1046 .

2012 1072 2236 1126 salutem
2269 1081 2506 1128 nostram
2540 1074 2866 1143 prodamus?
2895 1074 3163 1143 quomodo
3190 1083 3366 1129 autem
3399 1075 3448 1128 itt
3482 1075 3604 1129 aliis

2013 1179 2112 1218 nos
2142 1165 2381 1220 exaudiri
2411 1181 2682 1236 rogamus,
2718 1183 2837 1221 cum
2873 1167 3122 1234 nolimus,
3156 1167 3282 1222 dum
3314 1183 3480 1239 penes
3505 1183 3603 1222 nos

2013 1265 2114 1318 est,
2147 1257 2298 1329 nobis
2326 1257 2454 1326 ipsis
2483 1260 2744 1328 parcere?
2772 1259 2853 1314 15.
2891 1257 2957 1311 Et
2976 1275 3036 1314 ne
3061 1276 3150 1314 nos
3177 1259 3388 1314 inducas
3413 1260 3466 1313 in
3495 1269 3603 1314 teu-

2015 1352 2274 1416 tutiouem,
2306 1352 2394 1406 sed
2419 1351 2574 1406 libera
2600 1369 2688 1410 uos
2719 1370 2748 1404 α
2776 1353 2930 1406 malo.
2959 1353 3093 1420 Quia
3114 1363 3250 1407 tutttu
3272 1363 3345 1407 est
3369 1369 3600 1424 regnum,

2015 1453 2058 1495 et
2089 1445 2329 1512 polentia,
2355 1453 2402 1497 et
2429 1443 2594 1512 gloria
2622 1444 2674 1498 iu
2701 1448 2908 1507 sarcula,
2943 1461 3110 1498 auten.
3143 1445 3238 1498 llic
3261 1445 3371 1515 jam
3398 1459 3496 1501 nos
3521 1446 3602 1500 vi-

2017 1533 2216 1586 litatem
2263 1542 2498 1587 nostram
2529 1534 2674 1588 clare
2701 1533 2894 1594 docet,
2943 1545 2996 1588 et
3030 1544 3292 1589 tumorem
3323 1535 3609 1605 reprimit:

2016 1621 2238 1677 hortans
2276 1631 2333 1676 ut
2364 1625 2655 1680 certamina
2689 1624 2978 1695 fugiamus,
3009 1626 3101 1680 sed
3131 1641 3198 1680 ne
3225 1626 3277 1679 in
3307 1642 3368 1680 ea
3399 1627 3603 1681 insilia-

2016 1731 2156 1770 mus.
2190 1715 2265 1771 Ita
2292 1719 2433 1772 enim
2477 1729 2532 1773 et
2568 1718 2723 1774 nobis
2767 1719 2985 1774 victoria
3032 1719 3362 1788 splendidior
3387 1719 3518 1782 erit,
3551 1729 3607 1773 ct

2018 1808 2214 1863 diaboli
2243 1808 2421 1865 clades
2463 1812 2634 1880 magis
2663 1811 2940 1866 ritlebitur.
2974 1811 3104 1866 Cum
3139 1812 3398 1867 trahimur
3419 1811 3559 1866 enim
3587 1854 3603 1877 ,

2015 1900 2221 1955 fortiter
2251 1901 2499 1957 standum
2543 1912 2658 1969 est;
2710 1918 2814 1958 non
2867 1913 3080 1960 tocatos
3125 1914 3300 1960 autem
3330 1907 3610 1976 quiescere

2013 2001 2244 2063 Oportet,
2268 2009 2331 2049 ac
2352 2003 2560 2064 tempus
2580 1996 2929 2051 certaminum
2953 2006 3281 2067 exspectare,
3305 2005 3364 2052 ut
3380 2007 3434 2054 ct
3455 2015 3607 2053 vanu:

2013 2084 2198 2154 gloria:
2228 2094 2478 2156 expertes
2507 2097 2558 2141 et
2591 2095 2838 2143 strenuos
2867 2103 2966 2142 nos
2997 2089 3368 2145 exbibeamus.
3410 2090 3602 2144 Malum

2016 2185 2194 2231 autem
2225 2175 2311 2232 hic
2339 2177 2608 2233 diabolum
2634 2189 2810 2245 vocat,
2857 2179 3052 2250 jubetts
3096 2196 3193 2234 nos
3221 2196 3344 2236 cum
3373 2181 3464 2236 illo
3489 2181 3606 2236 bel-

2017 2269 2124 2323 lum
2191 2269 2520 2339 inexpiabile
2573 2287 2795 2341 gerere,
2850 2281 2904 2326 et
2949 2272 3240 2328 ostendens
3283 2273 3454 2342 ipsum
3499 2290 3606 2328 non

2016 2373 2202 2417 natura
2229 2363 2388 2419 taletn
2413 2378 2552 2418 esse.
2583 2364 2778 2419 Malitia
2808 2366 2948 2420 enim
2970 2381 3076 2419 non
3102 2381 3165 2420 ex
3192 2375 3402 2431 natura,
3427 2367 3518 2421 sed
3541 2383 3608 2420 ex

2016 2457 2291 2514 voluntate
2332 2459 2584 2529 gignitur.
2632 2458 2722 2514 Ille
2763 2467 2942 2514 autem
2984 2459 3248 2528 praecipue
3277 2459 3357 2516 sic
3389 2467 3610 2515 vocatur

2018 2550 2088 2605 ob
2137 2549 2405 2619 ingentem
2456 2550 2672 2604 malitia?
2716 2549 3134 2620 magnitudinem
3167 2559 3262 2606 :et
3303 2551 3425 2621 quia
3475 2549 3619 2604 nihil.

2021 2642 2179 2696 lassus
2208 2657 2236 2694 a
2269 2641 2422 2695 nobis
2461 2642 2780 2711 inexpiabile
2823 2651 3010 2697 contra
3058 2658 3156 2698 nos
3205 2644 3400 2698 bellum
3439 2643 3608 2713 gerit,

2020 2735 2140 2790 ideo
2167 2750 2274 2788 non
2303 2733 2457 2802 di\it,
2489 2734 2680 2791 Libera
2709 2749 2806 2789 nos
2834 2749 2863 2788 a
2896 2735 3049 2789 malis
3068 2776 3084 2802 ,
3118 2735 3211 2791 sed
3233 2779 3246 2800 ,
3279 2736 3320 2788 Α
3351 2734 3486 2788 malo
3508 2779 3524 2802 ,
3553 2744 3625 2788 ιιι»

2021 2845 2118 2884 nos
2144 2839 2357 2883 moneat
2380 2845 2446 2884 ne
2471 2837 2657 2884 contra
2678 2829 2979 2899 proximum
3008 2844 3191 2883 amaro
3214 2828 3392 2883 animo
3420 2828 3613 2894 simus,

2019 2922 2229 2978 etiamsi
2276 2921 2413 2975 male
2442 2919 2706 2991 patiamur
2734 2919 2801 2975 ab
2829 2920 2933 2974 illis
2953 2964 2967 2987 ,
3016 2920 3108 2975 sed
3139 2921 3206 2975 ab
3251 2920 3362 2974 illis.
3391 2917 3519 2989 ipsis
3545 2918 3620 2973 ad

2021 3012 2294 3068 diabolutu
2319 3011 2740 3068 transferendam
2767 3013 3098 3068 inimicitiam
3126 3027 3266 3080 esse,
3291 3022 3473 3083 utpote
3498 3028 3616 3066 nta-

2023 3104 2194 3158 lorum
2225 3103 2466 3157 omnium
2494 3118 2732 3159 causam.
2782 3105 2985 3160 inimici
3019 3106 3195 3176 itaque
3219 3120 3612 3159 commemora-

2023 3195 2166 3248 tione
2181 3193 2244 3248 ad
2265 3203 2537 3248 certamen
2563 3210 2662 3250 nos
2681 3211 3005 3266 praeparans,
3027 3205 3080 3251 et
3101 3197 3380 3266 segnitiem
3401 3211 3613 3250 omnem

2023 3302 2052 3340 a
2086 3284 2241 3341 nobis
2269 3285 2613 3354 exscindens,
2647 3303 2832 3342 rursus
2857 3287 3100 3344 fiduciam
3132 3288 3324 3358 ingerit
3346 3296 3402 3343 et
3427 3303 3616 3342 sensus

2023 3377 2200 3448 erigit.
2218 3377 2418 3448 Regem
2444 3392 2899 3439 commemorans,
2925 3377 3024 3434 sub
3048 3395 3154 3451 quo
3182 3381 3234 3434 in
3257 3381 3370 3434 acie
3390 3388 3616 3440 stamus,

2027 3477 2082 3522 et
2124 3470 2418 3524 ostendens
2473 3471 2644 3540 ipsum
2704 3487 2822 3526 esse
2869 3473 3107 3527 omnium
3164 3473 3618 3541 potentissimum.

2027 3558 2194 3613 Tuum
2234 3570 2305 3613 est
2332 3601 2347 3623 ,
2383 3561 2584 3633 inquit,
2631 3579 2869 3634 regnum,
2912 3574 2958 3616 rt
2990 3563 3246 3632 potentia,
3279 3573 3323 3616 et
3353 3563 3533 3632 gloria.
3562 3564 3619 3616 Si

2029 3666 2156 3722 ergo
2178 3651 2320 3708 illius
2341 3663 2423 3709 est
2443 3670 2688 3725 regnum,
2709 3669 2865 3710 nemo
2893 3652 3158 3710 timendus
3187 3663 3289 3719 est,
3315 3672 3434 3710 cum
3460 3670 3621 3710 nemo

2030 3746 2100 3800 sit
2126 3745 2214 3817 qui
2242 3747 2506 3803 obsistere
2537 3747 2722 3816 possit,
2753 3758 2807 3803 et
2833 3747 2921 3817 qui
2954 3756 3136 3802 contra
3165 3747 3310 3802 illuttt
3338 3747 3619 3817 imperium

2033 3845 2233 3894 teneat.
2264 3837 2397 3894 Cum
2427 3841 2570 3893 enim
2599 3840 2759 3895 dicit:
2809 3840 2970 3894 Tuum
3015 3852 3088 3894 est
3129 3857 3358 3910 regnum,
3387 3840 3624 3896 ostendit

2033 3932 2195 3986 etiam
2221 3947 2340 3987 eum
2367 3972 2386 3995 ,
2414 3931 2500 4001 qui
2534 3946 2634 3985 nos
2682 3931 2986 3999 impugnat,
3034 3930 3133 3999 ipsi
3161 3930 3428 3984 subditum
3459 3945 3580 3985 esse
3602 3972 3621 3996 .

2037 4022 2246 4077 etiamsi
2291 4033 2477 4076 contra
2507 4030 2652 4075 stare
2698 4019 2941 4075 videatur
2964 4061 2978 4084 ,
3033 4019 3141 4074 Deo
3179 4021 3389 4074 interim
3421 4021 3471 4074 id
3505 4037 3624 4089 per-

2040 4114 2305 4166 mittente.
2331 4112 2462 4166 Nam
2493 4120 2547 4166 et
2580 4111 2692 4180 ipse
2721 4126 2786 4165 ex
2816 4125 3090 4166 servorum
3120 4124 3345 4164 munero
3370 4119 3472 4176 est,
3500 4111 3626 4166 licet

2042 4203 2314 4258 infantium
2367 4213 2422 4258 et
2470 4203 2857 4271 reproborum;
2905 4217 3005 4256 nec
3058 4203 3199 4258 ausit
3247 4201 3624 4259 conservorum

2040 4295 2340 4365 quempiam
2375 4294 2646 4359 invadere,
2679 4294 2782 4349 nisi
2810 4296 2954 4364 prius
2981 4293 3210 4365 desuper
3233 4298 3501 4367 acceperit
3525 4313 3624 4368 po-

2043 4396 2320 4446 testatem.
2347 4386 2547 4456 Ecquid
2574 4386 2696 4441 dico
2721 4388 3144 4442 conservorum?
3185 4386 3263 4442 Ne
3293 4403 3482 4457 porcos
3507 4393 3627 4459 qui-

2043 4478 2163 4533 dem
2195 4494 2358 4534 ausus
2385 4488 2470 4534 est
2498 4477 2769 4543 invadere,
2800 4477 2973 4534 donec
3004 4479 3117 4548 ipse
3149 4479 3423 4549 permisit;
3455 4497 3628 4551 neque

2043 4571 2221 4625 ovium
2246 4571 2508 4640 boumque
2528 4587 2734 4640 greges,
2757 4571 2929 4626 donec
2951 4571 3214 4626 licentiam
3236 4579 3290 4626 et
3311 4582 3628 4640 potestatem

2045 4664 2357 4733 accepisset.
2393 4663 2572 4734 Itaque
2600 4664 2809 4718 etiamsi
2840 4663 2994 4733 longe
3023 4663 3285 4718 infirntior
3313 4679 3482 4730 esses,
3509 4665 3631 4733 jure

2042 4754 2351 4810 consideres
2399 4767 2545 4810 tanto
2585 4755 2880 4824 imperante
2909 4770 3066 4824 rege.
3097 4755 3184 4823 qui
3233 4765 3407 4825 potest
3453 4773 3546 4826 per
3579 4768 3630 4813 te

2045 4848 2297 4915 prazclara
2316 4847 2468 4902 facile
2498 4863 2660 4915 apt-ra
2690 4846 2868 4900 cdere.
2887 4844 2954 4898 Et
2975 4845 3137 4916 gloria
3157 4847 3209 4900 in
3233 4848 3436 4912 swcula,
3461 4865 3630 4903 auten.

2114 4947 2166 5000 7.
2219 4944 2422 5011 Quanta
2460 4943 2513 4994 in
2563 4939 2666 4993 Deo
2713 4939 3057 5010 benefaciendi
3095 4949 3330 5008 potestas.
3375 4943 3630 5008 Quantum

2045 5040 2226 5094 oblivio
2256 5035 2560 5101 iniuriarum
2591 5032 2790 5086 Christo
2819 5033 2883 5085 sit
2913 5031 3074 5086 cordi.
3107 5031 3228 5086 Non
3255 5035 3420 5105 gratia
3443 5037 3630 5102 solum,

2045 5133 2135 5188 sed
2161 5131 2311 5186 etiam
2347 5127 2580 5196 operibus
2636 5123 2770 5192 ﬁlios
2821 5121 2915 5176 Dei
2953 5140 3059 5177 esse
3100 5133 3316 5193 oportet.
3364 5125 3501 5181 Deus
3542 5144 3634 5181 nos

2046 5226 2160 5295 plus
2187 5238 2338 5294 quam
2369 5228 2511 5290 pater
2540 5227 2584 5270 ct
2625 5225 2782 5270 muter
2811 5215 3183 5286 difigit.——Non
3211 5219 3352 5271 enim
3383 5227 3432 5272 te
3458 5227 3632 5285 potrst

2048 5319 2219 5373 solum
2242 5314 2311 5368 ab
2333 5309 2702 5381 ingruentibus
2721 5307 2872 5362 malis
2891 5323 3101 5371 eruere,
3131 5308 3222 5362 sed
3247 5309 3404 5362 etiam
3432 5308 3632 5377 glori-n-

2047 5425 2162 5465 sum
2192 5403 2634 5475 splettdidutnqtte
2663 5400 2902 5455 reddere.
2950 5399 3096 5454 Sicut
3125 5399 3265 5453 enim
3309 5399 3476 5451 virtus
3518 5396 3633 5466 ejus

2051 5514 2267 5569 magna,
2307 5497 2374 5549 tta
2405 5504 2488 5548 est
2515 5492 2682 5564 gloria
2713 5492 2829 5562 ejus
2871 5489 3152 5545 ineffabilia;
3185 5505 3197 5540 :
3229 5496 3283 5541 et
3313 5487 3427 5540 lucc
3451 5489 3630 5542 omnia

2051 5596 2303 5662 perpetua
2333 5594 2494 5652 sunt,
2537 5584 2762 5654 ﬁnisque
2799 5597 2985 5638 eorum
3028 5581 3203 5634 nullus
3243 5588 3340 5630 est.
3390 5577 3634 5634 Vidistin’

2053 5680 2319 5754 quomodo
2348 5677 2581 5749 undique
2609 5675 2863 5732 athletam
2895 5668 3120 5737 inunxit,
3154 5667 3358 5740 ipsique
3386 5669 3636 5729 fiduciam
