4050 6220
414 240 522 299 283

416 361 646 419 indidit!
675 361 872 420 Deinde
891 406 906 431 ,
934 372 992 419 ut
1014 363 1125 434 jam
1154 365 1261 420 dixi
1284 408 1298 432 ,
1334 375 1391 421 ut
1420 365 1667 422 ostendat
1696 382 1755 422 se
1784 366 2005 433 injuria-

417 470 534 509 rum
580 456 1006 512 recordationem
1032 457 1262 514 maxime
1287 460 1518 513 aversari
1548 466 1601 514 et
1626 459 1750 514 odio
1776 458 1973 514 habere
1992 502 2007 524 ,

407 548 652 617 itemque
698 547 822 603 huic
862 548 1161 619 oppositam
1207 548 1455 604 virtutem
1498 549 1730 605 maxime
1772 551 2008 605 omnium

416 648 691 709 acceptam
716 639 916 695 habere
938 682 953 708 ,
992 649 1114 712 post
1152 642 1448 697 orationem
1479 658 1662 697 rursus
1689 642 1789 698 hoc
1813 643 2010 698 bonum

421 745 553 801 opus
579 732 929 799 memoravit,
964 742 1016 787 et
1044 749 1072 786 a
1103 734 1376 803 proposito
1411 735 1690 805 supplicio,
1722 745 1774 791 et
1815 751 1842 789 a
1884 752 2013 791 con-

417 822 602 877 stituto
632 824 852 892 prtemio
880 824 1177 879 auditorem
1223 824 1478 881 inducens
1504 826 1569 880 ad
1608 827 2007 897 obsequendum

420 914 542 968 huic
559 925 853 985 prmeepto.
883 916 1014 971 Nam
1040 916 1115 971 ait
1143 934 1156 970 :
1190 916 1273 971 i4.
1306 916 1366 971 Si
1388 918 1673 971 dimiseritis
1702 921 2005 983 hominibus,

418 1008 568 1061 etiam
599 1007 757 1064 Pater
784 1020 944 1064 vester
967 1010 1177 1064 celestis
1205 1011 1417 1065 dimittet
1444 1012 1609 1075 vobis;
1643 1013 1727 1066 15.
1760 1013 1804 1065 si
1843 1025 2009 1067 autem

419 1115 519 1154 non
547 1102 872 1167 remiseritis,
902 1118 1061 1171 neque
1083 1103 1190 1171 ipse
1226 1101 1361 1157 vobis
1390 1105 1625 1156 remittet.
1664 1102 1787 1157 Ideo
1824 1118 2008 1157 rursus

418 1192 581 1245 emlos
609 1201 665 1247 et
691 1192 902 1246 Patrem
934 1204 1340 1258 commemorat,
1373 1202 1428 1247 ut
1448 1211 1511 1248 ex
1545 1194 1645 1248 hoc
1671 1209 1881 1264 quoque
1908 1210 2004 1248 au-

416 1283 645 1338 ditorem
675 1282 877 1353 pudore
903 1282 1120 1347 afficiat,
1154 1285 1199 1339 si
1232 1286 1362 1339 tanti
1396 1286 1565 1340 Patris
1598 1286 1736 1339 filius
1764 1301 1885 1340 cum
1917 1286 2007 1351 sit,

418 1377 564 1430 ferus
588 1374 810 1438 evadat,
842 1385 896 1430 et
921 1375 987 1429 ad
1017 1376 1206 1431 casiam
1243 1388 1489 1444 vocatus,
1528 1387 1796 1431 terrenum
1837 1392 2008 1432 emcn-

419 1466 695 1537 laremque
718 1482 932 1522 sensum
964 1466 1171 1522 habeat.
1201 1468 1316 1523 Non
1336 1469 1478 1523 enim
1501 1469 1669 1538 gratia
1696 1469 1889 1535 solum,
1914 1468 2010 1522 sed

417 1562 579 1614 etiam
605 1561 855 1631 operibus
883 1559 1021 1615 filios
1047 1560 1137 1615 Dei
1160 1575 1279 1614 esse
1306 1569 1537 1629 oportet.
1569 1559 1711 1614 Nihil
1735 1570 1909 1615 autem
1933 1560 2012 1615 sic

420 1653 533 1709 Deo
560 1654 787 1709 similem
817 1654 979 1709 efficit
1012 1663 1064 1707 ut
1092 1654 1336 1724 malignis
1365 1663 1523 1723 atque
1549 1653 1863 1709 itedentibus
1891 1668 2009 1710 esse

416 1745 764 1816 placabilem;
794 1744 1241 1815 quemadmodum
1270 1756 1323 1799 et
1360 1754 1483 1800 ante
1508 1745 1686 1800 docuit
1710 1787 1723 1811 ,
1768 1760 1888 1800 cum
1929 1744 2011 1799 di-

418 1846 569 1892 ceret
612 1838 783 1906 ipsum
813 1836 983 1891 Solem
1009 1852 1163 1890 suum
1194 1837 1320 1890 oriri
1351 1836 1525 1891 facere
1555 1851 1717 1905 super
1741 1836 1912 1891 malos
1957 1841 2012 1889 et

418 1928 609 1983 bonos.
638 1928 925 1995 Propterea
960 1942 1053 1995 per
1083 1928 1288 1997 singula
1317 1927 1478 1981 verba
1507 1940 1821 1981 communes
1858 1925 2010 1997 jubet

418 2020 597 2075 facere
622 2020 892 2074 orationes
909 2060 923 2082 ,
960 2018 1113 2072 Pater
1141 2029 1310 2073 noster
1338 2019 1545 2083 dicens,
1576 2031 1650 2083 et,
1686 2017 1733 2071 F
1734 2019 1806 2072 int
1834 2018 2014 2072 volun-

419 2122 496 2167 tas
524 2122 633 2177 tua,
660 2112 786 2164 sicut
814 2112 868 2163 in
893 2111 1037 2176 celo,
1073 2121 1119 2163 et
1146 2111 1197 2163 in
1225 2120 1394 2176 terra;
1420 2120 1493 2174 et,
1528 2109 1715 2163 Panem
1741 2109 1808 2161 da
1833 2107 2011 2171 nobis;

420 2212 511 2267 et,
540 2200 753 2256 Dimitte
781 2201 921 2256 nobis
948 2201 1115 2255 debita
1140 2212 1349 2265 nostra;
1380 2210 1466 2265 et,
1504 2199 1584 2254 Ne
1611 2216 1703 2255 nos
1730 2199 1941 2254 inducas
1960 2200 2014 2254 in

420 2294 786 2358 tentationem;
820 2302 877 2347 et
896 2334 911 2359 ,
944 2293 1126 2347 Libera
1155 2308 1247 2347 nos
1277 2308 1297 2347 :
1324 2293 1510 2362 plurali
1543 2308 1643 2347 nos
1671 2306 1882 2362 seniper
1910 2308 2012 2346 nu-

422 2403 575 2443 mero
602 2389 675 2442 uti
698 2387 896 2457 jubens
916 2428 931 2451 ,
960 2397 1017 2441 ut
1049 2403 1117 2442 ne
1145 2388 1427 2456 vestigium
1452 2386 1669 2455 quidem
1697 2387 1791 2441 ira:
1828 2386 2015 2441 adver-

424 2496 514 2534 sus
544 2480 843 2549 proximum
874 2480 1224 2534 retineamus.
1259 2478 1470 2546 Quanto
1500 2479 1678 2549 itaque
1706 2477 1849 2548 digni
1884 2493 2016 2547 sup-

424 2572 585 2642 plicio
617 2570 813 2625 fuerint
856 2571 891 2624 ii
934 2570 1025 2640 qui
1068 2581 1186 2641 post
1224 2569 1339 2625 haec
1364 2569 1542 2625 omnia
1589 2584 1694 2622 non
1732 2569 1890 2623 modo
1915 2568 2017 2638 ipsi

426 2681 535 2717 non
563 2663 872 2728 remittunt,
901 2664 995 2718 sed
1023 2664 1183 2719 etiam
1216 2663 1379 2718 Deum
1408 2662 1474 2717 ad
1513 2662 1800 2715 vindictam
1844 2660 2020 2715 inimi-

426 2771 611 2810 corum
640 2755 922 2821 invocant,
967 2763 1021 2810 et
1062 2755 1213 2826 quasi
1256 2771 1321 2809 ex
1360 2754 1627 2809 diametro
1667 2752 1806 2807 hanc
1846 2752 2014 2821 legem

428 2846 912 2917 transgrediuntur,
952 2855 1006 2901 et
1047 2846 1147 2902 hoc
1176 2861 1298 2901 eum
1330 2846 1419 2900 ille
1458 2845 1587 2899 nihil
1629 2859 1734 2898 non
1778 2842 1937 2897 faciat
1966 2852 2021 2897 et

428 2950 700 3007 operetur,
747 2948 803 2993 ut
846 2954 915 2993 ne
956 2939 1157 2993 mutuis
1199 2952 1299 2993 nos
1342 2937 1576 2992 dissidiis
1619 2936 2021 3006 disjungamus?

428 3033 560 3100 Quia
586 3032 728 3087 enim
749 3032 897 3086 radix
920 3031 1182 3085 bonorum
1206 3031 1443 3085 omnium
1469 3040 1551 3085 est
1574 3032 1787 3095 caritas,
1816 3044 1877 3084 ea
1902 3044 2022 3099 quae

430 3126 600 3195 ipsum
642 3123 992 3196 pessumdant
1043 3124 1209 3188 tollit,
1255 3132 1309 3177 et
1354 3123 1586 3193 undique
1629 3138 1728 3177 nos
1772 3126 2024 3192 copulare

432 3218 631 3274 studet.
662 3218 849 3273 Nullus
875 3216 1019 3273 enim
1044 3226 1146 3280 est,
1176 3217 1354 3271 nullus
1374 3225 1542 3281 certe,
1573 3218 1685 3271 sive
1710 3225 1881 3286 pater,
1910 3216 2025 3270 sive

434 3322 627 3377 mater,
657 3312 767 3364 sive
796 3310 1000 3363 amicus
1019 3351 1033 3374 ,
1066 3310 1179 3364 sive
1204 3310 1378 3379 quivis
1403 3310 1541 3363 alius
1560 3350 1574 3373 ,
1604 3311 1691 3379 qui
1721 3324 1817 3364 nos
1845 3310 1915 3363 ita
1942 3309 2025 3364 di-

438 3404 647 3468 lexerit,
683 3400 850 3471 utqui
876 3400 999 3457 fecit
1024 3415 1122 3456 nos
1163 3402 1321 3456 Deus.
1352 3401 1586 3471 llludque
1610 3403 1779 3471 palam
1803 3402 2027 3456 omnino

437 3503 521 3548 est
546 3503 599 3549 et
626 3509 688 3548 ex
719 3494 989 3548 beneticiis
1018 3509 1139 3563 qua:
1165 3493 1400 3563 quotidie
1428 3492 1674 3559 confert,
1707 3503 1760 3548 et
1790 3509 1855 3548 ex
1891 3510 2026 3563 pra

438 3586 608 3656 reptis
635 3601 753 3655 qua:
774 3586 1065 3640 constituit.
1093 3585 1245 3653 Quod
1267 3586 1311 3640 si
1334 3601 1602 3642 aerumnas
1632 3586 1756 3639 mihi
1782 3586 2024 3656 objicias,

438 3678 483 3731 si
515 3677 726 3732 dolores
755 3690 1053 3747 caeteraque
1082 3677 1204 3730 vita:
1234 3678 1409 3743 mala;
1437 3679 1607 3747 cogita
1639 3678 1847 3747 quantis
1877 3678 2025 3733 illum

438 3768 677 3836 quotidie
715 3768 984 3833 offendas,
1027 3783 1200 3837 neque
1242 3770 1375 3822 ultra
1420 3768 1730 3833 miraberis,
1779 3770 1823 3823 si
1866 3770 2025 3823 etiam

440 3860 593 3930 plura
626 3861 708 3913 his
739 3860 877 3913 mala
909 3868 960 3914 te
986 3859 1278 3924 invadant;
1309 3860 1401 3914 sed
1432 3860 1475 3913 si
1507 3860 1648 3915 bono
1674 3860 1850 3930 aliquo
1889 3861 2030 3915 frua-

440 3954 548 4017 ris,
600 3963 725 4007 tunc
769 3967 897 4006 sane
940 3961 1154 4022 stupeas
1191 3967 1254 4007 ac
1284 3953 1513 4008 mireris.
1557 3951 1706 4009 Nunc
1750 3967 1911 4023 porro
1955 3955 2028 4008 ir-

441 4054 657 4101 ruentes
674 4045 1004 4100 calamitates
1024 4046 1401 4114 conspicimus,
1427 4046 1655 4101 offensas
1672 4056 1870 4111 autem,
1899 4062 2030 4116 quas

440 4140 676 4209 quotidie
702 4138 1047 4203 admittimus,
1078 4153 1182 4193 non
1212 4143 1263 4191 in
1292 4147 1527 4193 mentem
1557 4154 1807 4194 vocamus
1834 4158 1844 4192 :
1881 4141 2028 4194 ideo-

442 4247 546 4297 que
596 4230 809 4299 indigne
859 4230 1094 4284 ferimus.
1150 4230 1307 4297 Quod
1354 4230 1405 4284 si
1463 4231 1621 4285 unius
1663 4232 1767 4286 diei
1817 4241 2032 4301 peccata

444 4330 633 4377 nostra
659 4331 903 4375 accurate
930 4322 1376 4391 recogitaremus,
1408 4332 1531 4378 tunc
1555 4325 1697 4379 clare
1728 4339 2029 4393 nossemus,

445 4424 767 4485 quantorum
808 4414 884 4467 rei
916 4428 1154 4467 essemus
1196 4416 1482 4468 malorum.
1512 4418 1685 4485 Atque
1725 4425 1812 4481 ut,
1856 4419 2033 4473 missis

446 4507 566 4560 aliis
593 4522 712 4576 qua:
739 4507 963 4574 quisque
992 4516 1225 4559 vestrum
1257 4506 1518 4572 admittit,
1550 4508 1635 4561 illa
1669 4518 1883 4576 peccata
1914 4526 2033 4580 qua:

448 4599 607 4653 hodie
631 4596 767 4652 facta
796 4607 918 4651 sunt
945 4598 1496 4665 reeenseam,etiamsi
1519 4614 1624 4653 non
1659 4600 1827 4654 norim
1855 4602 1906 4654 in
1930 4616 2035 4671 quo

447 4700 686 4745 vestrum
708 4692 897 4761 singuli
930 4692 1298 4760 peccaverint:
1325 4701 1558 4747 attamen
1588 4702 1731 4749 tanta
1771 4702 1853 4749 est
1896 4694 2037 4749 deli-

451 4794 662 4839 ctorum
702 4784 877 4854 copia,
919 4793 977 4839 ut
1017 4786 1062 4840 is
1090 4785 1272 4852 etiam,
1312 4786 1399 4855 qui
1427 4794 1673 4841 accurate
1710 4786 1885 4841 omnia
1930 4803 2034 4842 non

452 4876 601 4929 novit
624 4916 639 4941 ,
668 4875 834 4943 possit
863 4885 1041 4931 tamen
1069 4891 1133 4931 ex
1167 4877 1229 4931 iis
1258 4878 1423 4931 multa
1448 4891 1688 4947 carpere.
1738 4878 1868 4946 Quis
1910 4896 2039 4951 ergo

453 4975 692 5022 nostrum
722 4982 828 5021 non
857 4968 1034 5037 segnis
1064 4967 1158 5022 fuit
1187 4968 1239 5022 in
1278 4968 1523 5024 orando?
1560 4970 1677 5040 quis
1707 4984 1811 5025 non
1852 4971 1903 5026 in
1943 4986 2037 5025 su-

442 5058 694 5127 perbiam
733 5058 957 5114 incidit?
991 5060 1109 5129 quis
1150 5075 1255 5114 non
1303 5062 1354 5116 in
1393 5075 1583 5117 vanam
1628 5063 1892 5135 gloriam?
1920 5066 2038 5134 quis

455 5165 561 5203 non
593 5149 660 5204 de
688 5150 863 5203 fratris
889 5150 971 5204 sui
1002 5150 1139 5205 fama
1171 5152 1402 5207 detraxit
1424 5194 1439 5219 ,
1484 5168 1584 5209 nec
1612 5155 1805 5210 malam
1837 5171 2037 5212 concu-

456 5241 767 5311 piscentiam
814 5240 1059 5296 admisit?
1096 5243 1215 5311 quis
1260 5258 1364 5299 non
1411 5245 1694 5315 impudicis
1732 5248 1901 5304 oculis
1949 5263 2038 5304 re-

456 5332 676 5403 spexit?
698 5336 816 5404 quis
847 5349 951 5388 non
984 5334 1181 5389 inimici
1210 5349 1329 5389 cum
1358 5338 1519 5391 animi
1560 5347 1707 5394 motu
1732 5340 2040 5397 recordatus

452 5427 578 5482 est?
604 5428 725 5497 quis
753 5442 857 5481 non
888 5442 983 5481 eor
1010 5441 1166 5483 suum
1193 5437 1404 5487 tumore
1426 5432 1689 5503 replevit?
1718 5433 1870 5502 Quod
1911 5436 1954 5490 si
1987 5437 2039 5491 in

458 5518 679 5575 ecclesia
711 5534 831 5574 cum
859 5521 1061 5589 simus,
1089 5520 1343 5591 brevique
1378 5530 1620 5593 tempore
1661 5534 1738 5581 tot
1779 5527 2040 5583 malorum

456 5610 533 5664 rei
563 5608 685 5665 facti
717 5624 930 5674 sumus.
963 5613 1177 5683 quinam
1206 5612 1403 5669 erimus
1424 5654 1443 5679 ,
1473 5614 1595 5670 inde
1620 5617 1860 5688 egressi?
1898 5619 1942 5674 si
1987 5620 2039 5675 in

460 5713 614 5772 portu
650 5716 724 5763 tot
752 5704 939 5761 fluctus
961 5746 979 5773 ,
1017 5720 1137 5761 cum
1166 5706 1367 5778 egressi
1407 5708 1757 5767 fuerimuSin
1793 5712 2039 5782 euripum

1149 246 1207 303 S.
1247 247 1524 304 JOANNIS
1562 248 2034 307 CHRYSOSTOMI
2075 252 2387 312 ARCHIEP.
2427 256 2954 322 CONSTANTINOP.

2124 371 2400 438 malorum,
2436 375 2487 429 in
2518 376 2687 432 furum
2717 379 2854 445 dico,
2878 389 2931 437 et
2960 381 3158 437 urbana
3189 382 3420 454 negotia,
3450 381 3708 440 domesti.

2118 478 2311 535 easque
2336 483 2512 536 curas,
2545 487 2608 523 an
2643 476 2931 541 poterimus
2958 476 3041 531 vel
3074 491 3171 531 nos
3202 476 3346 544 ipsos
3373 480 3706 547 agnoscere?

2118 558 2363 615 Attamen
2396 562 2460 615 ad
2494 571 2566 617 tot
2600 572 2845 636 tantaque
2868 567 3092 623 eluenda
3118 579 3333 637 peccata
3358 572 3710 639 compendio-

2116 665 2228 703 sam
2255 652 2407 707 nobis
2432 663 2484 708 et
2514 655 2714 711 facilem
2740 657 2891 713 nobis
2918 659 3053 714 Deus
3074 660 3210 714 viam
3239 660 3420 726 dedit,
3452 663 3710 733 omnique

2116 740 2297 797 labore
2336 758 2575 799 vacuam.
2609 746 2739 814 Quis
2778 748 2926 803 labor
2964 748 3138 815 enim,
3174 750 3418 821 injuriam
3452 751 3708 808 inferenti

2115 833 2419 892 dimittere?
2446 838 2623 894 Labor
2649 840 2825 911 utique
2855 850 2935 897 cst
2977 842 3029 897 in
3065 858 3175 898 non
3203 842 3523 900 remittendo
3547 887 3561 910 ,
3610 846 3707 901 sed

2114 927 2393 983 retinendo
2416 930 2775 998 inimicitiam;
2802 942 2857 987 ut
2877 949 2907 988 e
2930 935 3196 989 contrario
3218 936 3262 991 si
3286 937 3359 990 ira
3383 937 3704 1007 deponatur,

2116 1017 2167 1071 id
2210 1034 2451 1090 magnam
2494 1022 2631 1091 parit
2671 1024 3145 1094 tranquillitatem,
3179 1041 3372 1098 resque
3414 1028 3705 1084 admodum

2114 1119 2195 1163 est
2221 1111 2416 1166 volenti
2449 1111 2634 1169 facilis.

2186 1203 2237 1257 8.
2288 1202 2495 1258 Prerari
2522 1217 2699 1261 contra
2726 1209 2953 1264 inimicos
2980 1226 3131 1280 quam
3161 1210 3298 1266 mala
3325 1209 3704 1285 reaNeque

2113 1296 2254 1349 enim
2281 1312 2415 1366 opus
2444 1307 2526 1352 est
2555 1301 2720 1355 maria
2752 1299 3095 1357 transfretare
3120 1344 3134 1367 ,
3167 1319 3339 1373 neque
3368 1304 3581 1376 longam
3606 1321 3703 1375 pe-

2114 1387 2527 1456 regrinationem
2559 1391 2831 1460 suscipere
2855 1432 2869 1457 ,
2910 1408 3087 1462 neque
3114 1395 3373 1449 montium
3412 1396 3535 1465 juga
3566 1411 3703 1451 con-

2115 1478 2404 1545 scendcre,
2440 1496 2611 1551 neque
2640 1484 2893 1551 pecunias
2922 1483 3229 1553 impendere
3251 1527 3265 1552 ,
3299 1501 3470 1557 neque
3508 1502 3707 1556 corpus

2114 1576 2406 1632 macerare,
2431 1571 2524 1625 sed
2551 1572 2688 1627 velle
2714 1582 2917 1629 tantum
2946 1576 3169 1641 sufficit,
3199 1587 3253 1631 et
3278 1578 3454 1632 omnia
3488 1588 3706 1647 peccata

2112 1663 2412 1718 solvuntur.
2442 1664 2496 1721 Si
2527 1680 2655 1721 vero
2683 1681 2787 1721 non
2816 1668 2988 1722 solum
3019 1668 3133 1737 ipse
3171 1684 3277 1723 non
3304 1670 3575 1737 remittas,
3608 1670 3705 1725 sed

2114 1755 2272 1809 etiam
2304 1755 2468 1811 Deum
2495 1767 2677 1812 contra
2700 1758 2848 1813 illum
2878 1759 3136 1830 preceris,
3158 1774 3317 1830 quam
3340 1771 3522 1831 postea
3548 1776 3707 1833 spem

2122 1845 2319 1900 salutis
2341 1843 2583 1909 habebis,
2600 1858 2707 1913 quo
2728 1853 2969 1914 tempore
3005 1845 3116 1902 Deo
3147 1847 3421 1917 supplicas
3438 1848 3711 1919 illumque

2124 1935 2416 2006 propitiare
2428 1935 2600 2004 cupis,
2616 1944 2743 1989 tunc
2760 1935 2936 2005 ipsum
2952 1951 3307 2006 exasperans:
3332 1939 3592 2008 supplicis
3610 1940 3709 1994 ha-

2123 2026 2235 2081 bitu
2255 2025 2381 2081 fera:
2407 2041 2591 2081 vocem
2610 2027 2880 2091 emittens,
2897 2034 2949 2082 et
2978 2028 3078 2082 tela
3105 2028 3323 2099 maligni
3344 2029 3490 2084 illius
3509 2039 3703 2085 contra

2122 2119 2354 2189 teipsum
2373 2118 2682 2188 ejaculans?
2704 2118 2826 2173 Ideo
2844 2118 3043 2174 Paulus
3058 2136 3181 2175 cum
3201 2121 3267 2175 de
3280 2121 3529 2176 oratione
3546 2138 3704 2177 uten-

2124 2214 2325 2269 tionem
2348 2212 2567 2280 faceret,
2584 2213 2719 2267 nihil
2740 2213 2911 2284 magis
2929 2213 3233 2283 requisivit,
3255 2228 3419 2283 quam
3439 2213 3575 2283 legis
3597 2214 3704 2268 ltu-

2117 2306 2207 2377 jus
2219 2306 2647 2361 observationem
2670 2324 2682 2359 :
2705 2305 2976 2369 Levantes,
2999 2305 3190 2375 inquit,
3210 2321 3377 2373 puras
3387 2323 3573 2359 manus
3587 2307 3707 2359 sine

2120 2400 2201 2452 ira
2214 2405 2263 2451 et
2281 2396 2676 2465 disceptationc(
2686 2397 2704 2448 l
2719 2437 2731 2449 .
2743 2395 3082 2463 Tim.2.8).Si
3095 2397 3238 2451 enim
3254 2411 3375 2451 cum
3394 2398 3707 2451 misericor-

2118 2484 2203 2541 dia
2233 2500 2366 2556 opus
2395 2484 2559 2541 habes
2579 2527 2593 2552 ,
2640 2500 2709 2540 ne
2751 2495 2875 2541 tunc
2905 2485 3115 2555 quidem
3148 2485 3279 2539 iram
3311 2485 3571 2550 remittis,
3614 2484 3716 2538 sed

2120 2574 2259 2629 illam
2294 2576 2547 2630 memoria
2578 2576 2775 2632 retines
2800 2617 2814 2641 ,
2845 2578 2945 2631 etsi
2986 2576 3125 2630 scias
3164 2584 3212 2630 te
3254 2585 3438 2630 contra
3480 2576 3712 2643 teipsum

2119 2667 2350 2738 gladium
2382 2667 2652 2737 impellere
2673 2710 2687 2735 ,
2730 2667 2942 2738 quando
2972 2668 3170 2737 poteris
3209 2681 3329 2722 esse
3367 2666 3673 2721 misericors
3694 2705 3711 2727 ,

2121 2770 2175 2815 et
2205 2761 2303 2815 hoc
2334 2760 2530 2814 malum
2574 2760 2823 2831 nequitia:
2866 2776 3129 2817 venenum
3160 2760 3443 2815 evomere?
3470 2758 3621 2827 Quod
3666 2759 3713 2813 si

2123 2853 2357 2907 nondum
2397 2852 2739 2908 absurditatis
2778 2852 2997 2921 hujusce
3039 2852 3455 2923 magnitudinem
3494 2851 3714 2917 videas,

2125 2942 2351 3010 idipsum
2385 2942 2521 3013 apud
2552 2942 2794 2997 homines
2826 2942 3022 2997 factum
3045 2943 3213 3013 cogita
3232 2983 3247 3009 ,
3275 2951 3329 2997 et
3358 2950 3485 2996 tunc
3510 2940 3717 2995 videbis

2124 3035 2461 3090 contumelia:
2487 3036 2591 3089 vim
2620 3050 2882 3103 magnam.
2907 3034 2961 3090 Si
2991 3036 3133 3089 enim
3163 3042 3213 3087 te
3241 3033 3514 3088 hominem
3542 3031 3719 3085 adiret

2126 3129 2384 3197 quispiam
2415 3128 2738 3198 supplicans,
2764 3138 2818 3181 ttt
2839 3127 2954 3197 ejus
2978 3127 3302 3193 miserearis,
3331 3124 3523 3181 deinde
3542 3167 3558 3191 ,
3592 3140 3718 3178 cum

2128 3220 2275 3274 intmi
2302 3228 2498 3274 stratus
2522 3220 2725 3289 jaceret
2745 3260 2758 3281 ,
2791 3220 3063 3273 inimicum
3089 3218 3324 3282 videret,
3350 3226 3406 3272 et
3433 3225 3482 3269 te
3510 3215 3716 3285 precari

2127 3314 2394 3379 desinens,
2430 3313 2575 3367 illum
2598 3322 2928 3383 percuteret,
2952 3328 3126 3366 annon
3151 3310 3273 3365 hinc
3302 3310 3557 3379 majorem
3582 3308 3721 3361 iram

2128 3405 2475 3475 conciperes?
2506 3403 2619 3459 Hoc
2660 3405 2830 3474 cogita
2875 3413 2928 3459 et
2968 3403 3019 3457 in
3052 3403 3160 3457 Deo
3189 3400 3451 3456 accidere.
3485 3397 3619 3453 Nam

2129 3512 2337 3568 quoque
2361 3496 2486 3551 dum
2515 3497 2624 3552 Deo
2651 3496 2917 3565 supplicas
2936 3536 2952 3561 ,
2984 3493 3365 3563 supplicatione
3392 3492 3604 3546 interim
3632 3506 3723 3545 re-

2132 3590 2252 3643 licta
2275 3629 2290 3654 ,
2325 3589 2595 3643 inimicum
2623 3586 2779 3641 dictis
2805 3587 3089 3650 verberas,
3122 3592 3175 3637 et
3215 3584 3307 3637 Dei
3347 3584 3493 3652 leges
3526 3589 3723 3635 contu-

2132 3679 2287 3734 melia
2314 3678 2481 3734 afficis
2504 3721 2519 3745 ,
2548 3678 2672 3732 dum
2704 3677 2851 3732 illutn
2895 3676 2985 3746 qui
3031 3675 3145 3744 lege
3177 3673 3447 3743 praecepit,
3483 3681 3538 3725 ttt
3586 3672 3721 3725 iram

2132 3770 2389 3825 adversus
2417 3783 2510 3824 eos
2536 3770 2622 3839 qui
2666 3782 2764 3822 nos
2806 3768 2997 3837 injuria
3038 3766 3309 3821 affecerint
3349 3764 3723 3834 deponamus,

2134 3865 2380 3928 invocas,
2413 3878 2673 3933 rogasque
2701 3872 2757 3916 ut
2784 3861 3064 3932 przeceptis
3102 3860 3213 3915 suis
3246 3859 3510 3915 contraria
3541 3858 3722 3913 faciat.

2133 3955 2248 4012 Non
2278 3971 2404 4027 ergo
2435 3955 2526 4009 tibi
2556 3954 2621 4010 ad
2654 3954 2937 4009 vindictam
2969 3954 3098 4007 satis
3126 3964 3228 4019 est,
3258 3953 3398 4023 quod
3426 3952 3598 4020 legem
3629 3951 3727 4006 Dei

2135 4048 2544 4117 transgrediaris
2565 4088 2579 4111 ,
2612 4046 2704 4101 sed
2733 4055 2786 4100 et
2814 4046 2982 4115 ipsum
3012 4046 3112 4100 hoc
3147 4057 3203 4098 ut
3244 4043 3402 4099 faciat
3442 4043 3681 4114 precaris
3701 4043 3729 4095 ?

2136 4137 2399 4208 Numquid
2426 4153 2611 4194 eorum
2640 4152 2756 4207 qua:
2786 4138 3034 4206 prmcepit
3064 4135 3257 4190 oblitus
3298 4136 3420 4190 est?
3464 4133 3727 4204 numquid

2136 4233 2278 4286 enim
2312 4231 2471 4285 homo
2500 4238 2583 4286 est
2608 4229 2697 4300 qui
2730 4231 2842 4283 haec
2880 4226 3053 4283 dixit?
3081 4228 3219 4282 Deus
3256 4235 3370 4294 est,
3411 4227 3500 4296 qui
3543 4227 3733 4282 omnia

2138 4325 2315 4389 novit,
2355 4332 2409 4378 et
2436 4323 2523 4393 qui
2562 4322 2676 4375 vult
2703 4322 2846 4391 leges
2874 4334 2999 4375 suas
3037 4329 3285 4375 accurate
3323 4320 3523 4374 servari
3556 4337 3570 4373 :
3602 4328 3729 4373 tan-

2141 4426 2360 4485 tumque
2384 4415 2536 4468 abest
2562 4424 2618 4467 ut
2646 4412 2804 4467 faciat
2827 4413 2915 4467 illa
2940 4427 3057 4482 quae
3086 4411 3325 4481 postulas
3344 4452 3359 4479 ,
3392 4421 3451 4465 ut
3478 4411 3640 4464 etiam
3675 4422 3731 4466 te

2138 4510 2226 4580 qui
2259 4512 2371 4563 haec
2398 4508 2530 4562 dicis
2557 4548 2570 4571 ,
2614 4515 2815 4561 tantum
2846 4505 2967 4576 quia
3006 4505 3141 4560 dicis
3168 4514 3467 4572 aversetur,
3494 4505 3731 4574 odioque

2141 4602 2348 4665 habeat,
2369 4607 2766 4667 extremamque
2785 4598 2879 4652 abs
2903 4606 2954 4651 te
2975 4612 3183 4666 partam
3207 4605 3430 4667 repetat.
3446 4595 3732 4663 Quomodo

2141 4696 2300 4766 igitur
2344 4695 2411 4749 ab
2455 4694 2543 4748 illo
2581 4693 2833 4762 consequi
2863 4693 3099 4761 postulas
3128 4706 3189 4747 ea
3228 4707 3345 4762 qua:
3375 4704 3586 4745 summo
3613 4700 3733 4743 stu-

2141 4786 2230 4841 dio
2251 4786 2417 4841 vitare
2444 4784 2557 4855 ipse
2580 4784 2858 4854 prmcipit?
2880 4782 2983 4839 Sed
3010 4782 3224 4853 quidam
3254 4790 3376 4837 sunt
3404 4782 3493 4851 qui
3519 4780 3587 4834 ad
3612 4788 3734 4835 tan-

2140 4888 2248 4933 tam
2296 4879 2581 4931 amentiam
2631 4884 3038 4945 processerunt,
3086 4883 3145 4928 ut
3193 4890 3295 4928 non
3341 4872 3499 4928 modo
3543 4882 3734 4929 contra

2144 4970 2389 5026 inimicos
2418 4977 2718 5039 precentur,
2736 4967 2840 5022 sed
2865 4968 3025 5022 etiam
3057 4966 3177 5020 filiis
3206 4967 3439 5036 ipsorum
3468 4965 3608 5019 mala
3640 4966 3743 5019 im-

2143 5072 2448 5133 precentur,
2481 5070 2640 5130 atque
2668 5060 2829 5113 etiam
2856 5058 2900 5113 si
2929 5058 3113 5113 liceret
3139 5058 3374 5127 ipsorum
3401 5070 3591 5111 carnes
3628 5055 3737 5111 tie-

2144 5166 2357 5228 gustare
2384 5155 2611 5219 vellent,
2643 5154 2749 5207 imo
2778 5160 2833 5207 et
2860 5151 3160 5221 degustent.
3204 5149 3279 5204 Nc
3322 5148 3451 5202 mihi
3490 5148 3732 5210 dixeris,

2146 5258 2197 5304 te
2223 5247 2413 5304 dentes
2438 5260 2544 5300 non
2574 5244 2814 5299 inxisse
2841 5242 2893 5297 in
2921 5257 3114 5311 corpus
3134 5241 3248 5311 ejus
3275 5241 3364 5311 qui
3396 5238 3532 5292 laesit
3562 5256 3575 5291 :
3606 5252 3738 5294 nam

2145 5340 2313 5396 multo
2339 5338 2591 5402 ferocius,
2619 5345 2874 5407 quantum
2903 5336 2954 5389 in
2985 5344 3036 5389 te
3066 5333 3161 5389 fuit
3184 5376 3197 5396 ,
3232 5334 3282 5387 in
3312 5332 3458 5386 illum
3489 5330 3736 5390 saeviisti,

2146 5450 2338 5504 rogans
2362 5431 2593 5501 desuper
2620 5432 2751 5485 iram
2782 5432 2833 5484 in
2865 5428 3011 5483 illum
3056 5428 3305 5495 immitti,
3347 5434 3403 5481 et
3442 5424 3737 5479 immortali

2148 5525 2281 5581 tradi
2325 5524 2617 5595 supplicio,
2664 5538 2890 5593 cumque
2953 5530 3063 5577 tota
3101 5520 3263 5575 domo
3302 5519 3487 5574 everti.
3528 5517 3741 5586 Quibus

2149 5616 2262 5672 inec
2289 5615 2554 5671 morsibus
2597 5615 2839 5686 gravium
2880 5628 2983 5669 non
3032 5613 3192 5668 sunt?
3234 5611 3426 5683 quibus
3464 5610 3583 5665 telis
3626 5624 3738 5689 non

2151 5709 2460 5766 acerbiora?
2502 5708 2619 5765 Non
2650 5710 2764 5765 haec
2794 5716 2845 5764 te
2873 5706 3052 5763 docuit
3078 5705 3359 5771 Christus;
3400 5718 3505 5758 non
3550 5701 3627 5756 sic
3675 5718 3747 5759 es
