4050 6220
285 340 393 399 285

286 463 570 509 cruentare
608 452 786 524 jussit.
832 451 963 508 Nam
1007 451 1313 523 huiusmodi
1352 452 1547 522 lingua:
1589 456 1876 507 cruentatis

289 545 528 601 humano
565 548 820 617 sanguine
863 547 1046 602 buccis
1084 555 1209 600 sunt
1238 545 1554 600 deteriores.
1597 543 1875 612 Quomodo

289 638 454 712 igitur
484 639 698 694 fratrem
723 640 1106 710 amplecteris?
1131 639 1398 709 quomodo
1423 637 1738 692 sacrificium
1762 647 1876 692 tan-

293 729 424 798 ges?
443 730 706 801 quomodo
730 731 1041 800 sanguinem
1067 729 1391 783 dominicum
1419 726 1742 797 degustabis,
1767 736 1876 780 tam

293 819 467 875 dirum
495 821 671 875 aninto
696 837 959 878 venenum
988 821 1251 877 servans?
1288 819 1510 888 Quando
1538 819 1680 875 enim
1709 818 1838 873 dicis
1857 859 1874 884 ,

297 915 544 982 Discerpe
571 914 751 980 illum,
785 914 904 984 ejus
926 915 1141 969 domum
1173 923 1386 980 everte,
1413 913 1588 967 omnia
1620 911 1798 980 perde,
1825 920 1879 966 et

291 1007 448 1062 exitia
472 1007 617 1062 mille
641 1007 957 1077 imprecaris
975 1048 990 1073 ,
1019 1006 1149 1061 nihil
1174 1007 1242 1062 ab
1263 1004 1528 1060 homicida
1553 1003 1755 1070 differs,
1780 1016 1879 1058 nec

287 1112 316 1150 a
347 1096 455 1152 fera
484 1099 746 1153 humanas
773 1111 962 1153 carnes
990 1107 1233 1152 rorante.

360 1188 414 1243 9.
446 1189 598 1244 Hunc
620 1191 796 1259 itaque
816 1189 1062 1244 morbum
1086 1188 1417 1260 deponamus
1439 1196 1597 1256 atque
1622 1186 1876 1250 furorem,

291 1289 346 1334 et
376 1279 840 1345 benevolentiam,
887 1289 944 1334 ut
980 1279 1177 1348 jussit,
1221 1277 1567 1334 exhibeamus
1595 1291 1719 1346 erga
1759 1275 1880 1328 illos

291 1371 382 1440 qui
418 1385 515 1425 nos
545 1370 825 1436 lteserunt,
871 1379 929 1425 ut
967 1371 1169 1424 similes
1199 1369 1365 1424 simus
1394 1368 1570 1423 Patris
1597 1366 1763 1422 nostri
1790 1365 1880 1435 qui

290 1461 346 1514 in
369 1461 514 1515 caelis
538 1470 642 1516 est.
676 1462 1010 1531 Deponemus
1039 1472 1216 1516 autem
1238 1503 1252 1526 ,
1285 1460 1328 1514 si
1373 1469 1590 1528 peccata
1620 1467 1798 1512 nostra
1827 1455 1880 1510 in

290 1554 602 1608 memoriam
635 1550 982 1618 revocemus;
1026 1553 1070 1606 si
1101 1552 1292 1605 delicta
1321 1551 1503 1604 omnia
1534 1559 1714 1604 nostra
1757 1547 1879 1601 dili-

289 1656 477 1714 genter
505 1645 872 1700 esaminemus
892 1685 907 1710 ,
933 1659 1053 1713 quae
1082 1644 1253 1706 intus,
1285 1657 1403 1710 quae
1446 1639 1576 1694 foris
1600 1680 1615 1705 ,
1663 1655 1782 1708 qua:
1829 1639 1880 1691 in

291 1735 427 1800 foro,
462 1752 580 1805 quae
609 1737 668 1790 in
689 1734 932 1790 ecclesia.
962 1733 1092 1788 Nam
1127 1733 1171 1788 si
1213 1746 1318 1786 non
1361 1731 1519 1785 aliam
1550 1731 1619 1784 oh
1645 1744 1879 1790 causam,

293 1825 364 1880 ob
389 1824 766 1894 negligentiam
794 1833 1006 1890 tamen,
1038 1838 1196 1894 quam
1229 1822 1312 1876 hic
1342 1822 1676 1886 exhibemus,
1703 1830 1882 1875 extre-

294 1916 398 1970 mis
421 1914 566 1985 digni
595 1928 780 1968 sumus
806 1915 998 1984 poenis.
1030 1912 1162 1967 Nam
1191 1912 1465 1983 prophetis
1493 1911 1843 1980 psallentibus
1862 1951 1877 1974 ,

294 2009 550 2078 apostolis
594 2007 828 2079 hymnos
871 2005 1222 2069 canentibus,
1269 2005 1377 2059 Deo
1421 2005 1705 2074 lOllllCnle,
1754 2002 1881 2056 foris

295 2115 570 2169 vagamur,
603 2109 656 2155 et
686 2100 1020 2154 saecularium
1051 2114 1230 2152 rerum
1265 2096 1546 2152 tumultum
1585 2094 1636 2147 in
1677 2109 1774 2147 nos
1802 2094 1879 2146 in-

295 2193 570 2257 ducimus;
604 2207 776 2263 neque
803 2203 1006 2246 tantum
1033 2191 1225 2260 quietis
1249 2198 1304 2245 et
1330 2189 1526 2244 silentii
1567 2187 1880 2241 adhibemus

293 2284 360 2338 ad
389 2285 482 2339 Dei
512 2286 652 2355 leges
677 2284 968 2340 audiendas
993 2327 1007 2351 ,
1039 2293 1294 2354 quantum
1328 2283 1380 2335 in
1423 2281 1645 2334 theatris
1674 2289 1881 2347 specta-

297 2385 442 2431 tores
489 2377 774 2442 adhibent,
823 2377 948 2432 dum
1002 2375 1357 2445 imperatoriae
1402 2374 1569 2428 literae
1613 2373 1878 2442 leguntur.

293 2466 405 2524 Illic
431 2468 570 2523 enim
601 2479 652 2523 et
679 2469 924 2523 consules
953 2478 1007 2523 et
1032 2465 1298 2538 prudenti,
1340 2475 1390 2520 et
1433 2473 1648 2519 senatus
1688 2470 1742 2517 et
1779 2477 1881 2532 po-

297 2559 452 2628 pulus
479 2568 619 2613 stant
647 2574 836 2615 onmes
864 2575 983 2612 cum
1012 2559 1191 2628 quiete
1217 2557 1395 2612 omnia
1420 2556 1726 2618 audientes;
1754 2562 1808 2607 et
1835 2553 1880 2607 si

294 2650 415 2720 quis
442 2650 580 2703 inter
604 2651 767 2703 altum
798 2648 928 2703 illud
959 2647 1229 2703 silentium
1259 2655 1480 2716 repente
1506 2645 1746 2698 insiliens
1773 2645 1882 2697 ela-

295 2740 555 2804 maverit,
605 2748 784 2808 utpote
813 2740 900 2809 qui
949 2739 1324 2808 Imperatorem
1369 2737 1560 2804 injuria
1605 2733 1878 2796 alfecerit,

293 2843 560 2889 extremas
593 2833 690 2886 luit
728 2846 912 2901 poenas
945 2847 958 2883 :
991 2830 1075 2884 hic
1101 2845 1229 2884 vero
1264 2829 1391 2883 dum
1418 2828 1658 2882 caelestes
1687 2826 1788 2880 illa:
1816 2825 1873 2878 li-

295 2933 424 2980 terte
451 2924 719 2998 leguntur,
749 2925 947 2978 multus
974 2923 1206 2993 undique
1235 2923 1406 2976 oritur
1437 2921 1723 2984 tumultus,
1760 2933 1881 2973 cum

294 3021 340 3075 is
363 3025 452 3092 qui
480 3021 662 3075 literas
689 3015 854 3076 misit,
901 3015 1057 3084 longe
1097 3013 1267 3082 major
1307 3012 1376 3066 sit
1406 3010 1744 3080 imperatore
1769 3051 1783 3075 ,
1829 3016 1883 3063 et

295 3113 560 3168 theatrqu
589 3109 951 3165 honorabilitts
974 3126 985 3162 :
1010 3123 1116 3161 non
1146 3107 1302 3160 modo
1329 3103 1470 3158 enim
1503 3102 1766 3169 homines,
1795 3101 1888 3156 sed

294 3216 349 3262 et
372 3206 544 3276 angeli
569 3205 812 3269 adstant;
841 3213 893 3257 et
916 3201 1149 3256 victoria:
1174 3199 1412 3270 prannia,
1441 3214 1560 3267 qua:
1590 3197 1737 3252 hisce
1764 3196 1884 3251 lite-

294 3302 370 3356 ris
408 3302 734 3364 nuntiantur,
765 3299 922 3367 longe
952 3296 1151 3366 majora
1182 3293 1406 3348 terrenis
1437 3293 1541 3345 illis
1576 3290 1879 3360 triumphis.

294 3394 628 3462 Quapropter
656 3407 761 3445 non
795 3389 1039 3443 homines
1067 3397 1266 3441 tantmn
1290 3427 1304 3450 ,
1336 3384 1429 3440 sed
1468 3393 1521 3438 et
1545 3383 1717 3452 angeli
1738 3421 1753 3446 ,
1799 3396 1884 3434 ar-

295 3485 568 3556 changeli,
615 3496 668 3540 et
705 3483 951 3538 ozelestes
992 3481 1209 3551 populi,
1244 3488 1297 3535 et
1324 3487 1586 3549 quotquot
1624 3476 1785 3531 etiam
1831 3476 1883 3530 in

297 3587 438 3630 terra
485 3585 641 3639 sunt,
693 3574 911 3629 laudare
951 3572 1204 3641 jnbentnr
1250 3589 1263 3624 :
1311 3567 1630 3634 Benedicite,
1679 3566 1880 3635 inquit,

296 3666 545 3732 Domino,
588 3666 755 3720 omnia
784 3681 936 3732 opera
978 3665 1089 3733 ejus
1129 3661 1316 3733 (Psal.
1349 3660 1470 3716 102.
1502 3657 1624 3731 22).
1670 3657 1884 3713 Etenim

297 3773 406 3812 non
434 3758 622 3827 exigua
644 3764 768 3810 sunt
791 3755 878 3809 illa
904 3770 1022 3823 qua:
1052 3754 1195 3816 fecit,
1219 3751 1312 3807 sed
1335 3765 1547 3804 onmem
1577 3762 1881 3804 sermonem

294 3860 569 3919 superant,
597 3858 754 3918 atque
785 3857 1016 3903 mentem
1045 3845 1552 3916 intelligentiamque
1575 3842 1880 3896 humanam.

297 3943 364 3997 Et
395 3941 509 3995 haec
536 3940 771 4011 quotidie
799 3938 1086 4008 praedicant
1115 3937 1390 4007 propheta:
1411 3977 1426 3999 ,
1453 3935 1666 3990 diverse
1692 3933 1882 4002 singuli

294 4033 636 4105 splendidum
666 4033 794 4086 illud
824 4042 1079 4101 tropzcum
1108 4030 1464 4086 celebrantes.
1493 4027 1624 4081 Nam
1655 4028 1741 4082 hic
1765 4027 1835 4080 ait
1866 4046 1878 4080 :

292 4125 581 4181 Ascendens
609 4125 661 4177 in
691 4128 848 4176 altum
877 4122 1125 4190 captivam
1154 4119 1345 4173 duxisti
1387 4118 1721 4188 captivitatem
1742 4159 1756 4183 ,
1798 4132 1882 4170 ce-

297 4217 417 4286 pisti
447 4215 583 4269 dona
611 4216 664 4268 in
693 4213 976 4266 hominibus
1004 4211 1192 4282 (Psal.
1223 4211 1310 4264 .
1347 4208 1412 4263 19
1439 4209 1453 4277 )
1480 4216 1569 4272 ;et
1587 4247 1602 4273 ,
1642 4206 1884 4260 Dominus

297 4309 444 4376 [ortis
467 4316 514 4361 et
541 4317 714 4376 potens
742 4305 792 4358 in
825 4304 1001 4374 pretio
1041 4301 1213 4372 (Psal.
1248 4302 1338 4355 25.
1363 4300 1442 4369 8).
1467 4300 1562 4354 llic
1587 4314 1709 4353 vero
1734 4297 1880 4363 dicit,

300 4399 364 4452 Et
393 4399 599 4469 fortium
635 4395 819 4450 dividet
846 4395 1008 4466 spolia
1035 4395 1054 4464 (
1078 4393 1202 4447 Isai.
1235 4393 1325 4448 55.
1359 4390 1481 4462 12).
1623 4393 1723 4445 hoc
1743 4389 1885 4444 enim

296 4490 482 4554 venit,
514 4499 572 4543 ut
603 4488 916 4558 praedicaret
938 4487 1162 4555 captivis
1185 4484 1557 4540 remissionem
1580 4525 1594 4548 ,
1636 4492 1689 4536 et
1729 4482 1886 4536 crecis

296 4581 443 4634 \isus
467 4579 877 4642 restitutionem,
906 4577 1046 4631 etde
1072 4578 1208 4631 victa
1233 4583 1404 4629 morte
1430 4573 1733 4643 triumphali
1757 4585 1886 4626 voce

291 4671 530 4740 juhilans
581 4668 796 4725 dicebat
827 4687 838 4722 :
874 4668 971 4723 (ibi
997 4677 1102 4732 est,
1147 4684 1282 4721 mors
1302 4708 1318 4732 ,
1346 4667 1554 4720 uictoria
1602 4663 1731 4718 tua?
1763 4663 1882 4729 ubi,

296 4764 513 4832 inferne,
543 4761 779 4814 stimulus
805 4770 920 4814 tuus
944 4761 1028 4831 (1.
1055 4759 1171 4813 Cor.
1204 4760 1287 4814 l5.
1313 4759 1461 4827 55)?
1490 4757 1640 4812 Alius
1671 4770 1882 4810 rursum

299 4852 615 4922 profundant
655 4867 839 4921 pacem
869 4851 1238 4921 evangelizans
1268 4850 1479 4904 dicebat
1510 4865 1522 4901 :
1555 4847 1886 4917 Confringent

296 4944 497 5014 gladios
525 4961 645 4997 suos
673 4943 724 4996 in
751 4950 922 4996 aratra
940 4983 954 5006 ,
986 4952 1032 4994 et
1063 4943 1263 4995 lanceas
1291 4956 1410 4993 suas
1437 4940 1490 4992 in
1519 4939 1673 5008 [alces
1712 4936 1729 5004 (
1753 4935 1880 4989 lsai.

296 5039 352 5092 2.
383 5039 438 5092 4.
481 5035 601 5090 Joel
650 5037 702 5091 3.
733 5033 856 5106 10).
887 5034 953 5088 Et
979 5033 1064 5087 hic
1090 5032 1304 5102 quidem
1333 5031 1626 5086 Jerusalem
1652 5030 1727 5081 sic
1754 5027 1886 5080 allo-

298 5129 476 5201 quitur
507 5145 520 5182 :
553 5126 751 5182 Laetare
779 5126 1012 5191 multum,
1049 5125 1156 5193 lia
1184 5124 1310 5178 Sion
1335 5166 1350 5190 ,
1373 5123 1490 5192 quia
1519 5138 1627 5176 ecce
1656 5136 1746 5174 rex
1773 5128 1887 5173 tuus

1377 341 1441 397 IN
1480 337 1883 397 MATTHIEUM
1921 335 2154 393 HOMIL.
2198 335 2312 391 XX.
2355 336 2424 392 al.
2472 335 2616 391 XXI.

3463 335 3565 395 286

1989 450 2118 503 venit
2147 448 2236 502 tibi
2264 456 2548 502 mansuetas
2568 490 2580 513 ,
2625 448 2800 503 sedens
2837 465 2988 519 super
3025 451 3337 522 subjugalem
3373 461 3419 505 et
3447 452 3568 522 pul-

1983 540 2090 593 lum
2119 538 2368 592 novellum
2398 538 2658 608 (Zachar.
2690 539 2743 595 9.
2775 539 2866 608 9).
2919 542 3067 595 Alius
3109 558 3234 596 vero
3275 544 3564 598 secundum

1982 629 2100 698 ejus
2128 629 2415 685 adventum
2449 630 2701 698 prtedicat
2730 629 2813 684 his
2841 632 3016 686 verbis
3045 649 3056 682 :
3099 631 3268 686 Veniet
3299 632 3566 697 Dominus,

1981 735 2126 787 quem
2168 735 2253 774 vos
2293 721 2551 790 quwritis,
2597 730 2646 774 et
2686 722 2797 790 quis
2839 722 3098 775 sustinebit
3143 724 3270 775 diem
3313 724 3569 795 ingressus

1980 813 2090 881 ejus
2109 813 2135 864 ?
2162 811 2429 866 Exsultate
2454 813 2582 865 sicut
2612 813 2754 866 vituli
2783 829 2814 866 a
2839 815 3050 868 uinculis
3073 814 3286 867 absoluti
3313 815 3562 884 (Maior/1.

1981 903 2034 956 '5.
2058 905 2105 958 l.
2125 903 2180 957 2.
2197 913 2243 958 et
2269 905 2321 960 4.
2339 904 2417 974 2).
2448 903 2513 957 Et
2533 903 2670 959 alter
2695 921 2876 959 rursus
2894 905 2961 959 de
2987 905 3068 958 his
3089 906 3566 974 obstupesccnsdi-

1981 998 2136 1052 cehat
2164 1015 2177 1050 :
2212 997 2309 1050 Hic
2342 1007 2412 1051 est
2450 996 2592 1051 Deus
2616 1007 2781 1050 noster
2846 1015 2934 1051 nec
2963 999 3276 1067 reputabitur
3302 999 3431 1052 alter
3455 1015 3569 1051 cum

1982 1088 2073 1142 illo
2098 1087 2335 1160 (
2368 1089 2420 1142 5.
2457 1085 2579 1159 56).
2609 1089 2856 1142 Attamen
2879 1104 2997 1143 cum
3025 1087 3138 1144 haec
3158 1097 3209 1142 et
3231 1088 3398 1143 multo
3419 1090 3568 1157 plura

1981 1181 2245 1247 dicantur,
2281 1197 2404 1238 cum
2434 1196 2528 1250 par
2567 1189 2709 1235 esset
2748 1181 3002 1245 horrere,
3048 1190 3102 1236 et
3141 1191 3328 1250 putare
3376 1196 3474 1236 nos
3516 1181 3568 1234 in

1985 1287 2122 1328 terra
2155 1288 2258 1328 non
2289 1287 2438 1337 esse;
2481 1273 2632 1342 quasi
2678 1273 2729 1326 in
2778 1272 2955 1326 medio
3000 1269 3115 1325 foro
3158 1271 3565 1337 tumultuamur,

1985 1367 2278 1432 turbamus,
2305 1366 2372 1420 de
2393 1365 2456 1420 iis
2477 1380 2596 1436 quae
2621 1365 2752 1420 nihil
2773 1363 2838 1419 ad
2863 1378 2960 1419 nos
2982 1375 3224 1434 spectant
3249 1365 3568 1434 garrientes,

1986 1465 2153 1511 totum
2185 1458 2502 1512 insumimus
2531 1457 2772 1512 collecta!
2801 1466 3026 1524 tempus.
3063 1455 3195 1510 Cum
3227 1456 3404 1525 itaque
3432 1468 3488 1510 et
3517 1457 3569 1509 in

1985 1550 2188 1618 exiguis
2212 1557 2267 1603 et
2295 1551 2346 1602 in
2375 1549 2612 1618 magnis,
2644 1557 2700 1603 et
2735 1549 2786 1601 in
2814 1547 2998 1600 auditu
3025 1556 3080 1601 et
3109 1549 3160 1601 in
3190 1555 3330 1609 actu,
3360 1557 3414 1602 et
3441 1525 3570 1601 foris

1987 1653 2039 1696 et
2083 1643 2218 1695 intra
2261 1640 2581 1705 ecclesiam,
2625 1640 2696 1693 ita
2735 1640 2900 1692 simus
2937 1637 3176 1704 desides,
3216 1645 3412 1706 praeter
3454 1636 3568 1690 luce

1986 1734 2162 1787 omnia
2192 1732 2352 1788 etiam
2381 1740 2566 1786 contra
2595 1730 2838 1784 inimicos
2882 1743 3162 1798 precemur
3189 1747 3202 1783 :
3236 1727 3377 1782 unde
3417 1742 3568 1796 spem

1985 1829 2172 1883 salutis
2203 1827 2516 1882 habebimus
2540 1867 2555 1887 ,
2602 1839 2722 1878 cum
2755 1831 2832 1876 tot
2861 1823 3125 1891 tantisque
3153 1821 3384 1889 peccatis
3412 1819 3568 1874 addi-

1986 1930 2278 1974 tamentum
2305 1916 2446 1972 aliud
2474 1915 2866 1986 gravissimum,
2897 1929 2991 1982 par
3017 1913 3300 1982 prioribus,
3328 1913 3560 1981 iniquam

1985 2026 2176 2079 nempe
2203 2009 2344 2062 illam
2372 2009 2668 2062 orationem
2694 2002 3046 2074 adjiciamus?
3083 2004 3166 2056 An
3199 2017 3326 2073 ergo
3367 2003 3567 2055 miran-

1983 2104 2108 2158 dum
2133 2146 2148 2168 ,
2190 2102 2236 2157 si
2261 2101 2386 2172 quid
2425 2099 2582 2154 nobis
2607 2099 2730 2154 mali
2760 2099 3174 2167 inexspectatum
3205 2096 3418 2161 accidit,
3447 2110 3568 2150 cum

1983 2207 2164 2251 contra
2197 2195 2493 2250 mirandum
2523 2204 2665 2249 esset
2693 2193 2737 2246 si
2779 2207 2883 2246 non
2920 2191 3211 2246 acciderit?
3252 2189 3382 2244 Illud
3425 2190 3570 2244 enim

1985 2303 2048 2342 ex
2077 2286 2454 2355 consequentia
2487 2300 2664 2339 rerum
2696 2292 2816 2348 est;
2849 2283 2950 2336 hoc
2975 2293 3150 2336 autem
3193 2291 3385 2350 pra-ter
3410 2284 3571 2337 ratio-

1985 2395 2106 2433 nem
2132 2388 2185 2433 et
2207 2378 2659 2448 exspectationem
2683 2386 2842 2431 esset.
2860 2376 3067 2430 Etenim
3088 2387 3282 2444 praeter
3311 2377 3568 2432 rationem

1984 2471 2161 2536 esset,
2200 2470 2445 2524 inimicos
2475 2469 2573 2524 Dei
2606 2468 2856 2530 effectos,
2905 2469 3158 2539 illuntque
3187 2469 3252 2522 ad
3287 2470 3417 2522 iram
3451 2486 3571 2537 pro-

1986 2573 2236 2618 vocantes
2257 2562 2369 2616 sole
2391 2560 2489 2616 frui
2508 2572 2560 2615 ct
2583 2562 2777 2631 pluviis
2798 2562 3021 2631 aliisque
3037 2562 3302 2628 omnibus,
3329 2561 3572 2615 homines

1988 2655 2314 2709 immanitate
2362 2653 2501 2707 feras
2542 2663 2894 2722 superantes,
2940 2662 2994 2707 et
3035 2652 3170 2706 alios
3211 2663 3395 2706 contra
3437 2652 3570 2704 alios

1985 2756 2223 2813 stantes,
2269 2760 2332 2800 ac
2363 2745 2586 2816 proximi
2620 2748 2699 2800 sui
2746 2761 2923 2799 morsu
2967 2744 3144 2798 laniati
3187 2743 3440 2811 sanguine
3472 2742 3571 2794 lin-

1983 2857 2140 2912 guant
2172 2848 2554 2901 cruentantes:
2590 2849 2706 2909 post
2735 2854 2972 2893 mensam
3017 2837 3156 2892 illam
3201 2835 3524 2905 spiritualcm
3553 2874 3567 2897 ,

1985 2942 2038 2989 et
2067 2943 2144 2989 tot
2186 2931 2444 2989 benecio
2469 2975 2483 2999 ,
2513 2934 2897 3000 iunumeraque
2923 2938 3208 3000 praecepta.
3244 2927 3366 2981 lla-c
3397 2927 3572 2996 itaque

1987 3032 2310 3104 c0gitantcs,
2352 3028 2500 3083 virus
2537 3039 2847 3081 evomamns
2871 3067 2884 3090 ,
2930 3023 3199 3078 solvamus
3233 3022 3565 3085 inimicitias,

1985 3135 2038 3180 et
2067 3139 2268 3194 preces,
2298 3138 2416 3192 que
2444 3131 2816 3176 ctmsentaneae
2848 3116 2999 3171 nobis
3022 3116 3150 3183 sint,
3181 3113 3481 3178 fundamus,
3509 3128 3572 3169 ac

1988 3223 2103 3278 vice
2131 3221 2474 3276 daemoniacae
2508 3215 2644 3271 illius
2673 3215 2898 3269 feritatis
2924 3212 3235 3282 angelorum
3266 3219 3573 3263 mansuetu-

1987 3315 2162 3371 dinem
2191 3327 2522 3369 assumamus
2551 3329 2564 3365 :
2597 3320 2649 3366 et
2686 3307 3125 3378 quantiscumque
3164 3303 3371 3372 injuriis
3407 3301 3574 3354 simus

1986 3409 2194 3477 affecti,
2241 3423 2360 3477 qua:
2407 3408 2641 3474 ipsorum
2685 3410 2810 3459 sunt
2854 3408 3032 3454 nostra
3077 3412 3197 3454 esse
3240 3395 3571 3466 Cogitantes,

1988 3515 2195 3556 necnon
2238 3485 2538 3555 mercedem
2579 3497 2731 3551 nobis
2777 3509 2875 3565 pro
2921 3493 3022 3544 hoc
3051 3498 3262 3545 servato
3305 3494 3574 3558 prmcepto

1988 3593 2307 3664 repositam,
2351 3589 2598 3645 sedemus
2631 3588 2794 3652 iram,
2847 3585 3035 3638 fluctus
3077 3580 3431 3650 reprimamus
3456 3617 3472 3640 ,
3519 3584 3574 3629 ut

1990 3691 2308 3754 praesentem
2349 3682 2512 3736 vitam
2553 3682 2669 3734 sine
2709 3675 3108 3749 perturbatione
3141 3671 3474 3730 emetiamur,
3521 3677 3577 3722 et

1989 3774 2114 3829 illuc
2137 3772 2478 3828 advenientes
2508 3771 2664 3824 talem
2693 3767 3032 3837 experiantur
3059 3763 3359 3825 Dominum,
3392 3761 3576 3830 quales

1988 3881 2086 3920 nos
2114 3879 2238 3935 erga
2266 3876 2555 3920 conservos
2582 3860 2856 3916 fuerimus.
2883 3854 3036 3925 Quod
3079 3857 3123 3910 si
3165 3869 3326 3924 grave
3353 3852 3482 3906 illud
3521 3862 3577 3905 et

1990 3957 2230 4013 terribile
2259 3958 2346 4020 sit,
2373 3956 2489 4009 leve
2512 3953 2737 4021 idipsuni
2759 3960 2813 4005 et
2839 3945 3193 4003 desiderabile
3219 3943 3492 4004 faciamus,
3522 3949 3577 3994 et

1987 4051 2292 4121 splendidas
2332 4047 2537 4104 fiducia:
2563 4059 2688 4114 erga
2722 4043 2868 4096 illum
2901 4049 3096 4095 nostra:
3136 4035 3328 4106 januas
3361 4033 3575 4103 aperia-

1989 4160 2141 4208 mus;
2188 4158 2249 4198 ac
2293 4140 2433 4212 quod
2479 4155 2584 4193 non
2619 4137 2889 4206 potuimus
2927 4130 3139 4201 assequi
3184 4127 3503 4184 abstinendo
3544 4141 3574 4179 a

1990 4233 2254 4306 peccatis,
2309 4232 2408 4286 hoc
2442 4241 2789 4297 assequamur
2829 4238 2923 4296 per
2971 4221 3434 4277 mansuetudinem
3476 4231 3576 4271 no-

1989 4340 2152 4386 stram
2183 4342 2305 4396 erga
2337 4339 2430 4380 eos
2459 4322 2546 4394 qui
2577 4323 2626 4375 in
2657 4333 2753 4375 nos
2783 4323 3167 4390 peccaverunt;
3218 4329 3388 4384 neque
3428 4311 3576 4366 enim

1987 4437 2148 4495 grave
2185 4420 2310 4476 illud
2349 4417 2434 4473 vel
2478 4415 2755 4470 molestum
2795 4421 2907 4478 est;
2957 4425 3019 4466 ac
3053 4408 3308 4464 beneficia
3347 4405 3577 4461 illiilliCiS

1989 4515 2184 4572 nostris
2212 4511 2569 4575 conlerentes,
2602 4508 2822 4562 multam
2862 4503 3014 4558 nobis
3040 4501 3386 4556 conciliemus
3415 4497 3574 4551 mise-

1990 4608 2293 4666 ricordiam.
2326 4607 2415 4661 Sic
2443 4605 2582 4659 enim
2625 4611 2680 4656 et
2725 4601 2775 4655 in
2805 4596 3052 4668 prtesenti
3093 4595 3199 4649 vita
3230 4594 3297 4647 ab
3324 4590 3575 4647 omnibus

1989 4701 2301 4764 amabimur,
2351 4706 2405 4751 et
2446 4711 2554 4764 pra:
2596 4692 2806 4748 cmteris
2849 4687 3096 4743 omnibus
3137 4687 3274 4740 Deus
3317 4684 3430 4754 ipse
3475 4697 3574 4736 nos

1989 4794 2188 4849 amabit
2214 4802 2269 4846 et
2298 4789 2576 4846 coronabit
2623 4805 2636 4840 :
2682 4798 2884 4853 nosque
2912 4780 3104 4835 futuris
3129 4778 3375 4834 omnibus
3418 4777 3574 4832 bonis

1987 4885 2293 4956 dignabitur
2340 4899 2352 4934 :
2405 4896 2522 4951 qua:
2567 4879 2767 4931 utinam
2812 4887 3001 4927 omnes
3047 4870 3258 4940 assequi
3309 4868 3588 4941 possimus

1989 4978 2152 5051 gratia
2181 4986 2235 5032 et
2259 4971 2586 5042 benignitate
2615 4966 2824 5024 Domini
2853 4965 3019 5021 nostri
3056 4963 3181 5019 Jesu
3209 4963 3441 5027 Christi,
3504 4969 3587 5021 cui

1989 5073 2156 5143 gloria
2181 5080 2235 5124 et
2260 5064 2542 5136 imperium
2572 5063 2622 5116 in
2651 5059 2843 5115 smcula
2871 5057 3210 5114 Steculorum.
3257 5059 3446 5111 Amen.

1479 5330 1827 5394 HOMlLlA
1869 5328 2019 5390 XX.
2065 5326 2152 5388 al.
2199 5323 2378 5385 XXI.

297 5477 426 5537 Cu.
461 5479 513 5535 6.
548 5493 597 5532 v.
631 5478 716 5534 16.
755 5477 880 5532 Cum
921 5484 1086 5530 autem
1126 5472 1406 5545 jejunatis,
1440 5471 1593 5525 nolite
1624 5470 1729 5540 eri
1757 5471 1884 5525 sicut

370 5570 647 5643 hypocriue
691 5569 870 5623 tristes.
920 5565 1268 5620 Exterminant
1305 5562 1438 5617 enim
1467 5561 1619 5632 facies
1644 5577 1795 5627 suas,
1830 5568 1884 5612 ut

369 5671 649 5733 appareant
679 5659 957 5715 hominibus
973 5659 1287 5729 jejunautes.

377 5755 425 5808 1.
483 5753 578 5809 ilic
623 5752 810 5808 acerbe
853 5765 1065 5820 gemere
1115 5758 1168 5805 et
1217 5744 1417 5816 ejulare
1473 5758 1568 5800 nos
1611 5742 1876 5800 convenit.

1992 5465 2107 5520 Non
2131 5463 2302 5519 solum
2323 5461 2467 5518 enim
2490 5460 2794 5534 hypocritas
2811 5460 3100 5524 imitamur,
3123 5455 3214 5511 sed
3233 5453 3390 5508 etiam
3417 5464 3570 5516 supe-

1991 5572 2174 5614 ramus
2194 5556 2334 5611 illos.
2359 5553 2492 5611 Novi
2522 5554 2682 5616 enim,
2717 5553 2838 5608 novi
2859 5559 3003 5606 certe
3032 5548 3253 5609 multos,
3286 5557 3390 5597 non
3415 5540 3571 5592 modo

1990 5649 2078 5720 qui
2101 5649 2348 5724 jejunant
2371 5655 2424 5701 et
2451 5660 2570 5703 sese
2585 5654 2856 5703 ostentant
2874 5684 2889 5710 ,
2907 5639 2999 5696 sed
3023 5639 3178 5694 etiam
3204 5633 3292 5705 qui
3313 5647 3417 5686 non
3439 5629 3568 5700 jeju~

1989 5750 2184 5800 nantet
2207 5741 2556 5815 jejunantium
2583 5750 2866 5810 personam
2894 5747 3000 5806 prae
3018 5745 3076 5787 se
3101 5731 3294 5794 ferunt,
3327 5734 3562 5795 peremo-
