4050 6220
454 338 556 394 287

453 471 561 526 que
578 449 1005 524 ipsograviorem
1022 440 1415 499 excusationem
1433 435 1678 490 aderunt.
1697 431 1809 485 iloc
1825 425 1961 482 facio
1981 425 2049 476 io-

458 517 673 616 tjuitttit,
693 517 759 597 ne
783 541 967 595 multis
986 532 1313 590 oll‘codiculo
1336 530 1460 583 sint.
1498 524 1634 593 Quid
1661 522 1833 578 dicis?
1864 517 2050 573 Divina

460 615 551 694 lex
574 646 660 692 est
686 650 802 704 quae
827 633 926 684 hoc
959 624 1219 699 principit,
1259 631 1313 677 ει
1339 631 1395 675 ιιι
1430 615 1805 673 oﬂ'eodicultun
1842 622 2051 666 memo-

460 729 583 785 ras?
613 737 671 782 et
694 699 735 779 si
768 720 1039 778 custodias
1066 718 1206 772 illam
1231 756 1254 781 ,
1278 710 1599 769 ode-ridiculo
1617 722 1737 764 esse
1775 717 1928 776 pitius
1954 743 1974 765 .
2008 699 2053 753 si

464 838 573 878 non
602 817 893 879 custodias,
933 810 1127 868 secus?
1152 806 1342 887 ecquid
1373 806 1444 860 sit
1505 804 1590 858 bis
1665 799 1884 868 ineptiis
1953 791 2050 847 dc-

464 915 627 969 terius
658 912 712 965 ‘i
744 912 937 964 Annon
959 904 1173 960 desines
1204 886 1497 971 bypocritis
1524 908 1643 949 esse
1673 890 1840 961 pejor,
1874 886 2051 956 dupli-

463 1017 689 1072 cemque
731 997 1037 1069 hypocrisin
1075 1005 1367 1062 usurpare,
1392 1002 1457 1042 ac
1505 994 1705 1039 tantum
1734 981 1846 1034 vitii
1896 993 2052 1034 cacu-

466 1112 588 1150 men
616 1089 957 1162 excogitare?
989 1102 1116 1141 nutu
1140 1084 1256 1138 sine
1278 1081 1482 1150 pudore
1501 1077 1626 1132 dicti
1658 1074 1814 1144 hujus
1835 1071 2053 1140 emptu-

466 1192 573 1247 sim
596 1186 892 1259 percipies?
914 1183 1033 1238 Non
1050 1180 1225 1235 solum
1250 1178 1415 1240 enim,
1444 1173 1637 1242 inquit.
1660 1169 1935 1231 simulant,
1960 1165 2053 1219 sed

469 1294 529 1336 ut
547 1256 671 1335 illos
696 1274 1059 1331 vehementius
1095 1277 1314 1341 pungat,
1356 1264 1704 1320 Exterminaut
1741 1260 1873 1313 enim
1902 1256 2055 1328 facies

470 1392 617 1437 snas,
650 1373 707 1427 id
743 1380 845 1435 est,
869 1372 1241 1434 Corrumpunt,
1271 1359 1513 1431 perdunt.
1544 1354 1600 1409 Si
1639 1363 1815 1408 autem
1844 1350 1946 1404 hoc
1973 1355 2059 1403 est

475 1468 627 1543 faciei
647 1462 1018 1520 exterminatio
1035 1502 1050 1521 ,
1078 1458 1143 1512 ad
1170 1468 1362 1510 vanam
1400 1450 1629 1522 gloriam
1650 1462 1773 1502 sese
1800 1442 2055 1515 pallidum

475 1534 769 1625 exhibere,
811 1554 937 1626 quid
966 1548 1255 1606 dicentium
1278 1545 1349 1599 de
1373 1539 1706 1602 mulieribus,
1739 1552 1859 1607 qua:
1900 1534 2058 1587 facies

473 1670 597 1710 snas
625 1650 911 1722 pigmentis
936 1654 992 1699 et
1012 1643 1147 1697 fucis
1174 1646 1523 1705 corrumpunt
1548 1631 1617 1686 ad
1646 1628 1932 1700 perniciem
1956 1626 2057 1679 itn.

476 1734 1102 1815 pudicorumjnvenum?
1134 1733 1215 1786 illi
1255 1730 1397 1784 enim
1424 1726 1524 1782 sibi
1567 1724 1697 1793 ipsis
1728 1730 1927 1775 tantum
1962 1733 2060 1771 no-

477 1810 602 1893 cent
629 1855 642 1889 :
672 1834 755 1888 lue
785 1810 917 1885 vero
962 1838 1019 1882 et
1064 1826 1171 1880 sibi
1209 1821 1359 1877 etiis
1383 1818 1472 1889 qui
1524 1817 1669 1885 ipsas
1706 1810 2059 1880 conspiciunt.

478 1932 816 1999 Quapropter
840 1934 899 1978 et
941 1922 1077 1973 hanc
1102 1926 1154 1971 et
1197 1916 1338 1969 illam
1385 1920 1586 1982 pestem
1618 1906 1841 1961 omnino
1884 1902 2065 1971 iugere

481 2038 579 2092 par
603 2028 703 2074 est.
732 2017 846 2071 Non
875 2014 1049 2066 solum
1084 2008 1231 2062 enim
1264 2004 1427 2073 jussit
1470 2015 1574 2054 nou
1603 2012 1721 2052 sese
1770 2004 2061 2056 ostentare,

482 2088 581 2167 sed
603 2110 765 2165 etiam
794 2105 844 2160 id
870 2102 1107 2165 studere,
1140 2106 1197 2153 ut
1225 2098 1427 2151 lateant
1451 2109 1468 2145 :
1510 2089 1649 2161 quod
1675 2097 1733 2143 ει
1754 2088 1869 2156 ipse
1911 2093 2066 2138 antea

484 2204 701 2257 fecerat.
728 2199 801 2252 De
826 2196 1165 2263 elemosyna
1189 2202 1366 2258 porro,
1410 2199 1514 2239 non
1542 2181 1853 2252 simpliciter
1878 2179 1945 2231 ita
1974 2192 2068 2246 po-

486 2296 587 2349 suit
611 2310 625 2357 ;
654 2289 749 2345 sed
784 2302 904 2341 cum
927 2284 1149 2339 dixisset
1177 2296 1189 2332 :
1220 2278 1475 2332 Attendite
1503 2290 1565 2327 ne
1593 2274 1959 2341 elemosynam
1990 2270 2068 2339 [a-

483 2386 630 2439 rirm's
657 2397 830 2436 cor-ant
849 2374 1131 2431 hominibus
1152 2414 1172 2437 ,
1195 2369 1428 2439 adjecit,
1461 2366 1526 2421 Ut
1556 2363 1825 2418 videamini
1865 2361 1927 2414 ab
1957 2360 2069 2423 eis;

486 2480 556 2533 de
602 2474 809 2545 jejunio
843 2481 1020 2525 autem
1067 2476 1123 2521 et
1169 2463 1411 2519 oratione
1442 2459 1570 2513 nihil
1599 2456 1774 2511 simile
1811 2453 2067 2509 decrevit.

486 2569 597 2622 Cur
628 2565 796 2620 illud?
826 2564 961 2629 Quia
988 2561 1326 2626 eleeotosyna
1374 2553 1538 2606 latere
1584 2548 1784 2618 nequit,
1812 2545 2070 2615 jejunium

488 2671 663 2715 autem
684 2667 737 2711 ct
756 2655 929 2709 oratio
955 2650 1207 2705 occultari
1242 2654 1433 2716 potest.
1465 2643 1614 2698 Sicut
1642 2641 1816 2709 itaque
1842 2652 1960 2691 cum
1987 2635 2071 2688 di-

490 2755 585 2811 xit,
620 2748 824 2802 Nesciet
844 2745 1050 2799 sinistra
1090 2751 1177 2794 tua
1198 2738 1317 2809 quid
1339 2736 1462 2806 facit
1491 2734 1699 2787 dextera
1719 2740 1805 2783 tua
1826 2770 1839 2795 ,
1874 2743 1979 2782 non
2006 2726 2074 2779 de

490 2843 738 2898 manibus
765 2839 1020 2906 loquutus
1052 2843 1156 2898 est,
1205 2830 1300 2884 sed
1328 2827 1591 2898 significat
1617 2831 1865 2892 Oportere
1890 2832 2076 2874 omnes

489 2936 693 2999 celari;
720 2941 773 2989 et
802 2946 921 2985 cum
939 2926 1097 2999 jussit
1129 2927 1179 2978 in
1209 2921 1510 2978 cubiculum
1552 2918 1779 2977 intrare,
1808 2928 1917 2966 oon
1942 2909 2071 2964 illud

491 3026 789 3100 praesertim
828 3020 1074 3091 praecipit
1122 3024 1178 3070 ut
1208 3015 1276 3069 ibi
1325 3024 1646 3081 precemur,
1707 3004 1802 3060 sed
1849 3003 2074 3071 idipsuto

492 3095 657 3177 etiam
682 3111 1031 3173 subinditztvit
1062 3128 1073 3162 :
1100 3109 1178 3162 sic
1205 3114 1258 3160 et
1303 3104 1403 3157 hoc
1440 3101 1555 3155 loco
1594 3113 1712 3151 cum
1749 3095 2075 3165 jejunaotem

492 3230 615 3269 sese
640 3224 841 3281 ungere
857 3204 1037 3276 jussit,
1060 3215 1169 3254 non
1187 3196 1406 3253 omnino
1429 3190 1686 3263 praecipit,
1716 3198 1775 3242 ut
1801 3201 1898 3240 nos
1926 3187 2077 3238 inuo-

494 3318 700 3377 gamus,
719 3276 858 3354 Vnam
888 3309 1075 3350 omnes
1104 3292 1245 3345 hanc
1266 3283 1559 3355 transgredi
1583 3283 1751 3351 legem
1780 3276 2081 3347 deprehen-

496 3404 784 3460 tleremur;
811 3393 1042 3448 maxime
1081 3390 1115 3442 ii
1162 3388 1211 3440 io
1242 3383 1426 3455 primis
1454 3380 1542 3450 qui
1582 3376 1837 3449 jejunium
1866 3386 2081 3429 servare

497 3491 745 3553 student,
775 3484 1154 3541 urettacltorum
1188 3477 1398 3548 populi,
1428 3473 1519 3544 qui
1549 3480 1757 3525 montes
1797 3473 2077 3534 occupant.

500 3585 619 3640 Non
648 3585 820 3651 itaque
852 3577 957 3631 hoc
995 3572 1266 3643 praecipit;
1315 3582 1502 3623 rerum
1539 3563 1657 3634 quia
1688 3559 1824 3629 apud
1878 3566 2083 3611 veteres

502 3690 620 3731 mos
649 3648 773 3735 fuit,
799 3678 856 3725 ut
880 3683 1000 3724 sese
1029 3670 1289 3735 ungerent
1318 3675 1439 3714 cum
1467 3658 1517 3712 in
1565 3653 1756 3725 gaudio
1801 3660 1856 3707 et
1904 3648 2081 3702 laetitia

503 3775 869 3828 versarentur,
895 3759 1038 3831 quod
1067 3759 1118 3811 in
1168 3753 1365 3810 Davitle
1390 3762 1445 3806 et
1474 3752 1527 3803 in
1558 3747 1772 3802 Daniele
1818 3744 1961 3798 clare
2006 3741 2086 3794 tli—

505 3860 671 3914 scitur
694 3899 709 3923 ,
740 3868 937 3924 ungere
963 3865 1023 3905 se
1052 3856 1300 3918 Oportere
1329 3843 1481 3907 dixit,
1518 3856 1627 3894 non
1656 3847 1712 3893 ut
1738 3837 1838 3891 hoc
1868 3833 2086 3888 omnino

507 3951 786 4013 faciamus,
828 3944 921 4000 sed
956 3952 1017 3997 ιιι
1048 3956 1171 3995 cum
1213 3937 1358 3990 omni
1401 3932 1578 3987 studio
1624 3939 1784 3997 atque
1813 3924 2085 3993 diligentia

507 4046 609 4099 hoc
633 4043 829 4095 bonum
857 4050 1149 4091 Sen/emus.
1176 4034 1344 4098 Atque
1373 4036 1432 4079 ut
1463 4026 1639 4080 discas
1668 4037 1782 4077 rem
1812 4022 1883 4074 ita
1909 4034 1967 4073 se
1995 4018 2089 4072 ba-

509 4136 636 4189 bt-re
665 4150 678 4185 :
714 4131 806 4186 ille
832 4129 943 4197 ipse
972 4126 1060 4196 qui
1087 4124 1188 4179 hoc
1209 4120 1386 4175 verbis
1407 4125 1753 4188 perceperat,
1783 4121 1836 4168 et
1864 4111 1929 4165 de
1950 4109 2089 4164 facto

505 4234 831 4294 exsequutus
859 4229 975 4283 est;
1016 4232 1137 4272 cum
1170 4230 1263 4284 per
1289 4210 1633 4282 quadraginta
1661 4207 1776 4262 dies
1807 4203 2087 4274 jejuoavit,

508 4314 797 4387 jejuuando
818 4311 990 4373 latuit,
1012 4323 1183 4377 neque
1209 4321 1331 4362 sese
1352 4304 1520 4366 unxit,
1547 4315 1719 4371 neque
1744 4313 1863 4354 sese
1889 4296 2087 4350 abluit:

510 4421 567 4465 et
613 4421 787 4462 moneo
832 4401 1040 4459 etiamsi
1072 4400 1171 4453 hoc
1214 4416 1316 4452 non
1349 4396 1569 4459 fecerit,
1597 4393 1712 4447 sine
1756 4404 1889 4443 vana
1926 4388 2091 4459 gloria

514 4501 748 4556 maxime
773 4496 1011 4551 omnium
1056 4500 1222 4545 totum
1250 4486 1472 4558 perfecit
1503 4504 1515 4540 :
1544 4484 1683 4554 quod
1734 4483 1893 4537 etiam
1940 4481 2094 4535 nobis

517 4592 780 4663 pra-cipit,
805 4584 1100 4659 hypocritis
1126 4583 1178 4636 in
1212 4578 1443 4635 medium
1472 4575 1733 4640 adductis,
1764 4582 1817 4626 et
1842 4570 2097 4625 auditori-

518 4690 616 4743 bus
658 4683 852 4753 duplici
900 4685 1167 4750 praecepto
1207 4676 1260 4729 in
1303 4670 1627 4727 contrarium
1680 4666 1953 4731 avocatis;
1993 4664 2095 4717 ali-

518 4777 645 4847 quid
674 4777 832 4830 etiam
861 4787 953 4841 per
984 4767 1112 4823 illud
1142 4780 1335 4821 nomen
1360 4805 1372 4825 ,
1408 4758 1802 4833 bypocritaruto
1831 4754 2096 4817 videlicet,

521 4865 897 4922 subindicavit.
926 4861 1108 4930 Neque
1150 4858 1295 4912 enitn
1324 4855 1495 4909 solum
1518 4849 1659 4921 quod
1689 4865 1773 4903 res
1803 4854 1944 4901 esset
1973 4844 2098 4899 ridi-

520 4961 659 5021 cula,
701 4971 871 5025 neque
915 4952 1053 5023 quod
1094 4951 1346 5004 damnum
1380 4944 1600 4999 inferret
1642 4939 1963 5001 maximum,
2008 4934 2101 4989 sed

524 5052 688 5108 etiam
715 5046 855 5119 quod
884 5041 1189 5113 hujusmodi
1236 5038 1435 5094 fallacia
1469 5044 1809 5105 temporaoea
1845 5027 2101 5085 exhibea-

524 5156 612 5201 tur
639 5191 656 5208 ,
696 5160 727 5198 a
755 5155 914 5212 prava
962 5137 1049 5191 illa
1076 5130 1503 5203 concupiscentia
1545 5126 1777 5182 abducit.
1820 5121 2102 5194 llypucrita

526 5237 669 5292 enim
694 5231 891 5289 tamdiu
920 5227 1114 5283 clarior
1142 5232 1400 5295 apparet,
1430 5218 1681 5290 quamdiu
1713 5215 1974 5269 theatrum
2022 5226 2109 5265 sc-

525 5328 662 5384 derit
688 5344 702 5381 :
733 5326 840 5379 imo
863 5336 989 5375 vero
1011 5333 1181 5387 neque
1209 5325 1331 5369 tunc
1355 5310 1491 5380 apud
1509 5323 1717 5363 omnes.
1740 5305 1944 5360 Norunt
1966 5303 2109 5357 enim

531 5419 744 5491 plurimi
771 5423 1126 5485 spectatorum
1152 5409 1237 5478 qui
1261 5423 1380 5462 cum
1404 5405 1510 5459 sittt
1540 5402 1610 5456 illi
1638 5399 1811 5471 qualia
1836 5398 2106 5451 sitnulent.

530 5489 796 5567 Caeterum
823 5506 995 5561 soluto
1028 5504 1253 5561 theatro,
1287 5493 1714 5550 manifestissime
1755 5489 2000 5546 omnibus
2026 5502 2112 5542 rc-

535 5608 796 5662 velaotur.
830 5601 940 5657 lloc
967 5598 1123 5669 igitur
1149 5592 1333 5665 gloria:
1364 5587 1585 5657 cupidos
1617 5585 1721 5656 pati
1751 5582 2110 5639 necessarium

602 5767 617 5796 ι
653 5763 847 5821 Quidam
873 5768 996 5815 uss,
1038 5762 1123 5812 hac
1144 5753 1446 5809 animation:
1467 5750 1695 5803 deterius.

1188 326 1244 382 S.
1283 322 1558 381 JOANNIS
1595 314 2075 374 CilllYSOS'l'Olll
2108 307 2425 368 Αιιειιιερ-
2464 310 2986 368 CONSTANTINOP.

3630 314 3740 371 9.88

2160 439 2385 492 prorsus
2405 434 2509 481 est.
2540 426 2650 481 luto
2692 426 2853 482 etiam
2885 425 3129 495 plurimis
3150 425 3440 495 minusest,
3473 440 3585 480 non
3618 444 3744 485 esse

2160 520 2287 573 illos
2309 519 2361 573 id
2388 519 2533 589 quod
2573 534 2693 575 esse
2716 520 2995 585 videntur;
3026 519 3121 574 sed
3149 518 3295 572 larva
3326 521 3496 575 solum
3535 522 3743 592 obtegi.

2154 610 2320 671 Multo
2347 611 2519 680 magis
2546 620 2729 665 autem
2754 618 2940 679 postea
2962 612 3262 681 capientur,
3302 611 3522 679 quando
3560 617 3747 667 (inuria

2155 700 2298 756 nuda
2326 710 2380 756 et
2408 711 2589 771 aperta
2615 708 2791 755 erunt.
2820 700 3049 756 Aliunde
3072 711 3255 755 autem
3290 717 3507 757 rursum
3531 704 3657 759 illos
3678 705 3748 760 ab

2161 792 2451 862 hypocritis
2480 792 2713 858 abducit,
2743 806 2863 847 cum
2897 792 3132 846 ostendit
3177 807 3283 847 non
3308 808 3598 849 onerosum
3623 812 3751 851 esse

2159 893 2505 953 prmeeptum.
2522 883 2704 954 Neque
2720 884 2859 938 enim
2875 883 3138 953 jejunium
3156 883 3413 950 extendit,
3435 901 3610 955 tneque
3631 888 3752 939 lon-

2158 977 2275 1046 gius
2312 976 2423 1030 fieri
2466 976 2653 1046 jubet;
2684 975 2775 1031 sed
2822 992 2893 1030 ne
2919 976 3032 1045 ejus
3057 991 3257 1031 corona
3287 987 3475 1048 pereat
3522 979 3749 1035 insistit.

2160 1068 2346 1139 Itaque
2372 1069 2511 1140 quod
2541 1070 2712 1123 solum
2745 1084 3035 1124 onerosum
3054 1070 3293 1135 videtur,
3313 1081 3368 1126 et
3394 1071 3546 1127 nobis
3565 1082 3623 1126 et
3649 1073 3755 1144 by-

2161 1163 2384 1234 pocritis
2427 1178 2710 1217 commune
2761 1171 2881 1215 est:
2914 1178 3038 1215 nam
3080 1173 3136 1213 et
3179 1162 3253 1216 illi
3296 1162 3751 1233 jejuoant;qttutl

2160 1267 2337 1311 autem
2371 1267 2451 1311 est
2483 1256 2810 1311 levissimum
2856 1255 3089 1326 ipsisque
3133 1255 3428 1329 proprium,
3453 1271 3518 1310 ne
3544 1256 3754 1310 scilicet

2160 1350 2472 1406 laborantes
2496 1363 2693 1403 corona
2734 1348 3028 1416 priwntnr,
3073 1346 3201 1402 illud
3231 1355 3353 1411 cst,
3385 1347 3577 1417 inquit,
3606 1348 3754 1417 quod

2156 1441 2327 1512 jubeo
2354 1458 2371 1492 :
2401 1441 2670 1497 laboribus
2714 1439 2849 1496 nihil
2874 1438 3118 1504 addens,
3167 1439 3555 1508 mercalestpte
3599 1440 3755 1495 vobis

2163 1536 2423 1606 colligens
2441 1550 2562 1590 cum
2598 1534 2859 1589 tutissima
2890 1533 3126 1596 cautela,
3169 1547 3268 1588 nec
3311 1532 3496 1586 sinetis
3533 1534 3754 1586 incoro-

2166 1638 2325 1682 natos
2351 1626 2525 1692 abire,
2551 1626 2691 1680 sicut
2711 1625 2789 1680 illi
2814 1625 3036 1689 abeunt,
3069 1624 3163 1694 qui
3188 1624 3376 1678 nolunt
3415 1638 3527 1689 eos,
3575 1626 3671 1694 qui
3702 1626 3756 1677 in

2165 1718 2461 1789 Olympicis
2488 1717 2626 1771 ludis
2656 1717 2957 1782 decertant,
2976 1716 3196 1782 imitari,
3217 1717 3333 1785 qui,
3360 1724 3512 1769 tanto
3534 1717 3753 1786 populo,

2168 1822 2246 1868 tot
2288 1811 2619 1881 principibus
2667 1810 3012 1874 sedentibus,
3062 1810 3150 1863 uni
3201 1808 3383 1863 volunt
3425 1808 3636 1877 placere
3666 1810 3756 1877 qui

2168 1918 2421 1957 coronam
2450 1903 2581 1971 ipsis
2607 1902 2822 1968 tribuat,
2850 1900 2975 1955 licet
3012 1900 3099 1955 ille
3139 1899 3298 1970 longe
3312 1901 3388 1953 sit
3416 1899 3637 1954 inferior
3656 1917 3675 1952 ι
3704 1911 3756 1953 ιι

2169 2010 2296 2048 vero
2323 2010 2449 2049 etuu
2468 1994 2599 2046 duas
2631 1992 2828 2048 habeas
2858 1992 3095 2047 victoria:
3130 1990 3233 2060 ipsi
3258 1991 3623 2046 monstranda:
3637 2007 3759 2046 cau-

2169 2103 2279 2151 sas,
2304 2097 2412 2141 tum
2445 2086 2592 2156 quod
2616 2085 2707 2140 ille
2734 2085 2955 2155 prmia
2982 2084 3286 2150 distribuat,
3312 2092 3422 2139 tum
3448 2084 3590 2155 quod
3628 2100 3760 2154 spe-

2170 2190 2378 2235 ctantes
2405 2194 2597 2233 omnes
2619 2178 2736 2232 sine
2775 2178 2883 2232 ulla
2913 2177 3316 2246 comparatione
3342 2187 3562 2246 superet
3585 2218 3600 2240 ,
3636 2178 3762 2232 aliis

2174 2281 2230 2326 te
2252 2280 2515 2337 ostentas,
2540 2270 2629 2340 qui
2651 2283 2754 2324 non
2778 2268 2941 2323 modo
2961 2268 3092 2322 nihil
3112 2268 3201 2323 tibi
3232 2268 3491 2338 prodesse
3514 2279 3760 2338 possunt,

2174 2364 2269 2419 sed
2299 2365 2389 2433 qui
2422 2374 2475 2417 te
2502 2362 2737 2417 maxime
2761 2360 2980 2416 laedunt.

2244 2455 2300 2509 2.
2349 2454 2519 2510 Virtus
2561 2453 2837 2522 aliquando
2870 2470 3043 2507 coram
3064 2453 3351 2507 hominibus
3373 2453 3761 2523 gloriﬁcabilur.

2175 2547 2365 2603 Contra
2390 2548 2680 2601 simulatam
2707 2547 3031 2600 rirtutem.—
3052 2548 3320 2609 Attamen,
3348 2545 3539 2615 inquit,
3570 2560 3635 2600 ne
3661 2544 3767 2599 hoc

2176 2656 2389 2712 quoque
2414 2639 2671 2710 impedio.
2695 2638 2826 2692 Nam
2853 2639 2896 2693 si
2945 2637 3248 2692 hominibus
3277 2646 3329 2692 te
3352 2638 3637 2692 ostendere
3670 2652 3767 2693 ve-

2179 2735 2265 2791 lis.
2297 2744 2580 2802 exspecta;
2623 2747 2745 2786 nam
2775 2731 2877 2785 hoc
2902 2746 3000 2800 ego
3028 2731 3118 2783 tibi
3148 2730 3505 2786 abundantius
3534 2740 3764 2800 przrsta-

2179 2828 2268 2894 bo,
2299 2836 2353 2881 et
2376 2842 2498 2880 eum
2525 2841 2719 2895 magno
2738 2824 2903 2878 lucro.
2927 2823 3074 2877 Nunc
3090 2823 3232 2877 enim
3257 2832 3308 2877 ιε
3334 2822 3437 2878 hoc
3462 2824 3529 2877 ab
3555 2839 3618 2878 ea
3648 2839 3768 2892 qua:

2180 2919 2317 2989 apud
2348 2933 2433 2973 me
2458 2927 2538 2972 est
2563 2915 2728 2987 gloria
2752 2915 2975 2980 divellit,
3007 2917 3143 2969 sicut
3168 2915 3219 2969 id
3260 2915 3537 2984 despicere
3577 2926 3629 2970 te
3657 2932 3774 2971 tne-

2180 3028 2304 3067 cuut
2329 3011 2576 3080 copulat;
2629 3019 2754 3063 tunc
2795 3024 2924 3063 vero
2950 3008 3199 3062 omnibus
3226 3007 3420 3062 frueris
3447 3024 3567 3061 curn
3600 3006 3769 3061 liber-

2185 3118 2290 3163 tate
2320 3106 2486 3170 omni,
2523 3120 2622 3159 nec
2651 3118 2868 3173 parvum
2899 3110 3022 3156 ante
3048 3100 3272 3156 fructum
3320 3100 3407 3155 hic
3447 3109 3775 3171 excepturus

2181 3214 2259 3262 es,
2288 3197 2432 3269 quod
2457 3212 2645 3267 nempe
2670 3208 2879 3249 omnem
2899 3193 3183 3246 humanam
3203 3191 3425 3261 gloriam
3446 3190 3735 3246 conculces
3753 3233 3774 3256 ,

2183 3302 2237 3347 et
2265 3307 2296 3344 ι
2327 3289 2473 3360 gravi
2497 3289 2585 3342 illa
2617 3287 2892 3341 hominum
2916 3284 3174 3338 servitute
3195 3283 3458 3349 libereris,
3488 3298 3633 3338 verte
3660 3284 3775 3336 vir-

2186 3385 2313 3439 tutis
2339 3383 2598 3440 cxercitio
2625 3390 2902 3451 pmstaos.
2941 3378 3094 3433 Nunc
3126 3386 3312 3433 contra
3350 3379 3394 3431 si
3423 3377 3512 3431 illo
3546 3376 3777 3431 affectus

2185 3478 2260 3532 sis
2291 3475 2483 3542 modo,
2515 3484 2568 3529 et
2605 3474 2649 3528 si
2682 3474 2732 3527 in
2759 3472 2975 3528 deserto
3009 3473 3117 3534 sis,
3149 3470 3292 3523 omni
3336 3484 3536 3523 vacuus
3579 3471 3777 3522 virtute

2188 3570 2294 3625 eris
2320 3611 2333 3632 ,
2365 3584 2475 3621 non
2519 3566 2725 3621 habens
2750 3573 3097 3634 spectatores.
3127 3561 3279 3628 Quod
3308 3569 3454 3615 certe
3479 3569 3561 3614 est
3590 3559 3774 3613 virtuti

2188 3674 2434 3729 magnam
2467 3657 2663 3711 inferre
2705 3652 3108 3717 contumeliam,
3131 3653 3174 3704 si
3204 3667 3312 3705 non
3334 3660 3547 3720 propter
3576 3649 3772 3718 ipsam,

2189 3754 2285 3809 sed
2310 3760 2531 3823 propter
2548 3749 2803 3814 funarios,
2820 3747 3059 3809 terarios,
3078 3745 3330 3814 aliudque
3352 3745 3561 3798 forense
3589 3745 3780 3813 vulgus

2192 3846 2341 3900 illam
2366 3843 2569 3907 adeas;
2599 3849 2656 3895 ιιι
2679 3849 2737 3895 ει
2760 3837 3010 3908 improbi,
3042 3845 3097 3891 et
3126 3837 3215 3905 qui
3243 3836 3311 3889 ab
3350 3836 3434 3889 illa
3487 3835 3645 3904 longe
3689 3836 3779 3887 di-

2192 3944 2334 3992 stant
2359 3933 2789 3997 te'adutireotur,
2810 3928 3155 3995 inimicosque
3183 3926 3299 3995 ejus
3319 3940 3478 3980 vocas
3501 3926 3567 3979 ad
3595 3936 3781 3979 osten-

2195 4032 2448 4085 tationem
2476 4036 2530 4083 et
2553 4023 2913 4096 spectaculum
2946 4038 2959 4074 :
2987 4036 3052 4075 ac
3075 4020 3119 4074 si
3147 4019 3266 4090 quis
3288 4017 3478 4087 pudice
3499 4032 3660 4087 agere
3682 4033 3782 4071 vc-

2194 4123 2273 4190 lit,
2305 4135 2409 4176 non
2465 4127 2681 4189 propter
2743 4116 2913 4184 ipsum
2967 4110 3233 4180 pudicitia:
3297 4109 3519 4172 bonum,
3578 4107 3675 4162 sed
3725 4116 3785 4161 ut

2196 4215 2403 4285 placeat
2426 4207 2725 4280 impudicis.
2752 4206 2818 4260 Et
2837 4214 2892 4258 tu
2912 4218 3043 4272 ergo
3066 4202 3314 4255 virtutem
3356 4214 3460 4253 non
3500 4199 3783 4268 elt'gisses,

2198 4306 2297 4361 nisi
2321 4305 2392 4358 ob
2408 4300 2616 4357 virtutis
2641 4299 2921 4353 inimicos:
2949 4310 3073 4351 cum
3100 4298 3372 4362 Oporteret
3398 4306 3513 4345 eam
3538 4291 3619 4343 vel
3658 4289 3787 4343 inde

2198 4398 2400 4461 mirari,
2432 4393 2573 4466 quod
2614 4392 2858 4447 inimicos
2884 4401 3011 4441 suos
3037 4386 3199 4439 etiam
3241 4383 3542 4437 laudatores
3568 4381 3785 4435 habeat.

2200 4488 2467 4545 Admirari
2491 4501 2619 4556 ergo
2649 4484 2796 4538 illam
2823 4487 3053 4551 oportet,
3086 4487 3144 4532 ut
3186 4492 3279 4547 par
3303 4486 3408 4542 est,
3436 4492 3541 4529 non
3566 4486 3790 4544 propter

2201 4585 2356 4644 alios,
2380 4580 2473 4635 sed
2496 4585 2718 4651 prepter
2746 4576 2917 4647 ipsam
2945 4592 2961 4628 :
2990 4569 3414 4651 quandoquidem
3456 4582 3556 4621 nos
3597 4567 3789 4631 etiam,

2202 4676 2415 4748 quando
2432 4691 2539 4729 non
2560 4648 2778 4744 propter
2806 4686 2903 4724 nos
2928 4670 3092 4739 ipsos,
3125 4648 3219 4721 sed
3244 4672 3460 4735 propter
3482 4663 3617 4715 alios
3640 4676 3794 4715 ama-

2206 4787 2341 4833 mur,
2368 4766 2742 4823 contumeliam
2775 4763 2825 4817 id
2849 4777 2968 4817 esse
2990 4770 3253 4829 putamus.
3280 4756 3393 4810 lloc
3421 4755 3591 4823 ipsum
3609 4753 3793 4823 itaque

2206 4863 2275 4918 de
2299 4863 2492 4915 virtute
2515 4858 2675 4913 etiam
2696 4863 2877 4924 reputa
2900 4870 2914 4918 ;
2944 4865 3115 4921 neque
3147 4856 3362 4919 propter
3381 4846 3518 4901 alios
3553 4859 3675 4899 eam
3700 4859 3793 4898 se-

2207 4966 2391 5023 quare,
2429 4963 2601 5020 neque
2629 4954 2848 5017 propter
2895 4943 3143 4997 homines
3181 4939 3292 4993 Deo
3315 4934 3629 5005 obsequaris
3652 4975 3669 5000 ,
3698 4932 3794 4987 sed

2210 5055 2425 5116 propter
2454 5043 2618 5097 Deum
2669 5037 2995 5099 hominibus;
3026 5034 3071 5088 si
3117 5048 3243 5088 vero
3264 5029 3586 5085 contrarium
3607 5026 3793 5089 iacias,

2210 5139 2331 5193 licet
2354 5137 2599 5191 virtutem
2648 5132 2796 5187 adire
2829 5128 3056 5183 videaris
3079 5169 3093 5193 ,
3124 5124 3340 5196 perinde
3367 5123 3512 5177 illum
3555 5121 3611 5174 in
3664 5119 3793 5172 irato

2212 5230 2511 5294 concitasti,
2537 5242 2599 5282 ac
2626 5226 2667 5282 si
2698 5224 2817 5296 quis
2866 5222 3010 5277 illam
3059 5235 3164 5273 non
3193 5217 3364 5271 adiret
3397 5233 3409 5268 :
3442 5211 3793 5284 quemadmo-

2213 5325 2341 5381 dum
2370 5323 2511 5378 enim
2540 5320 2627 5374 ille
2647 5332 2712 5374 eo
2737 5314 2878 5387 quod
2904 5328 3008 5367 non
3035 5311 3249 5371 faceret,
3282 5305 3644 5374 inobsequeos
3668 5303 3759 5356 fuit
3779 5341 3792 5365 ,

2215 5421 2292 5476 sic
2319 5428 2373 5474 et
2412 5426 2465 5471 tu
2495 5429 2559 5471 eo
2597 5410 2737 5483 quod
2770 5424 2872 5463 non
2900 5406 3000 5462 rite
3028 5403 3209 5458 facias.
3236 5400 3322 5455 l9.
3349 5397 3521 5452 Nolite
3549 5393 3790 5449 thesauri-

2216 5530 2334 5567 zare
2368 5509 2503 5565 vobis
2530 5509 2787 5562 thesauros
2812 5502 2863 5556 in
2900 5509 3053 5554 terra.
3074 5497 3207 5566 Quia
3237 5495 3378 5550 enim
3423 5506 3577 5545 vanae
3618 5488 3797 5559 gloria!

2219 5602 2463 5660 morbum
2495 5596 2718 5668 expulit,
2748 5599 3046 5662 opportune
3088 5588 3195 5656 jam
3237 5584 3305 5639 de
3345 5581 3651 5637 divitiarum
3676 5592 3800 5632 eoo-

2223 5708 2421 5770 tcntptu
2443 5705 2744 5750 sermonem
2768 5684 2982 5742 inducit.
2999 5681 3139 5737 Nihil
3160 5679 3300 5735 coitu
3325 5676 3394 5733 ita
3416 5675 3481 5731 ad
3497 5673 3800 5729 divitiarum
