4050 6220
373 376 478 431 989

371 504 618 544 amorem
651 487 912 552 concitat,
953 494 1010 542 ut
1047 488 1058 518 '
1093 486 1278 558 gloria:
1317 487 1612 558 cupiditas.
1642 484 1766 540 Ideo
1791 499 1945 538 nam-

369 593 479 648 que
511 592 794 634 servorum
826 591 1053 650 greges,
1084 575 1465 632 eunuchorum
1490 575 1739 646 agmina,
1773 589 1946 646 equos

360 691 525 732 aureo
573 683 761 731 ornatu
808 673 1070 744 insignes,
1121 681 1404 742 argenteas
1451 683 1686 731 mensas,
1732 667 1942 735 aliaque

360 768 528 838 magis
551 763 770 822 ridenda
795 758 1098 834 excogitant
1120 763 1364 817 homines
1383 802 1398 826 ,
1425 775 1531 816 non
1565 768 1622 814 ut
1648 757 1943 814 necessita-

362 870 466 914 tem
489 856 758 926 expleant,
783 871 953 925 neque
971 863 1026 910 ut
1047 854 1316 924 voluptate
1336 851 1598 917 fruantur,
1627 849 1721 906 sed
1744 858 1802 904 ut
1823 851 1942 918 plu-

358 951 507 1006 rimis
541 963 664 1006 sese
705 957 994 1004 ostentent.
1048 947 1304 1016 Superius
1352 945 1510 1016 igitur
1550 952 1752 999 tantum
1803 942 1944 998 dixit

355 1039 756 1098 misericordem
785 1055 905 1096 esse
933 1049 1182 1109 oportere
1201 1039 1328 1104 ;,hic
1347 1051 1474 1092 vero
1503 1035 1658 1090 docet
1683 1044 1940 1107 quantum

353 1135 597 1192 misereri
624 1142 867 1205 oporteat
894 1133 978 1188 his
1002 1132 1212 1188 verbis:
1235 1129 1408 1186 Nolite
1422 1129 1777 1185 thesaurizare.
1805 1127 1940 1196 Quia

351 1229 498 1284 enim
522 1243 630 1284 non
667 1229 738 1282 ita
764 1226 917 1283 facile
941 1234 1056 1282 erat
1095 1224 1244 1280 initio
1271 1223 1572 1280 divitiarum
1607 1232 1943 1290 contemptus

353 1320 650 1376 doctrinam
695 1319 947 1374 inducere
993 1325 1210 1388 propter
1248 1315 1354 1370 vim
1398 1314 1608 1380 morbi,
1659 1322 1940 1384 postquam

355 1412 610 1484 paulatim
634 1410 829 1466 id.vitii
858 1419 1163 1466 resccuerat
1192 1419 1246 1464 et
1273 1408 1339 1463 ad
1370 1409 1668 1463 libertatem
1699 1407 1942 1461 homines

355 1510 717 1568 revocaverat,
765 1500 818 1556 id
867 1501 919 1555 in
966 1509 1200 1556 mentem
1230 1499 1532 1553 auditorum
1564 1499 1836 1560 immittit,
1886 1506 1944 1551 ut

349 1593 459 1663 jam
497 1592 704 1648 facilius
732 1593 1012 1661 accipiant.
1061 1591 1347 1660 Propterea
1379 1591 1550 1660 primo
1595 1589 1766 1655 dixit,
1802 1587 1943 1642 Beati

353 1684 701 1739 misericordes
728 1681 940 1756 (Matth.
964 1683 1016 1737 5.
1042 1682 1135 1750 7);
1183 1690 1364 1752 postea
1403 1689 1579 1735 autem
1600 1723 1615 1748 ,
1667 1679 1790 1735 Esto
1819 1697 1942 1735 con-

353 1777 572 1831 sentiens
591 1775 878 1829 adversario
893 1784 979 1828 tuo
1008 1771 1167 1845 (Ibid.
1190 1789 1238 1827 υ.
1259 1773 1350 1828 25.
1380 1773 1496 1845 40);
1518 1772 1730 1839 deinde,
1751 1772 1810 1828 Si
1831 1773 1944 1844 quis

353 1867 565 1923 uoluerit
594 1876 753 1921 tecum
765 1865 962 1937 judicio
988 1863 1300 1929 contendere,
1325 1873 1372 1918 et
1399 1864 1624 1917 tunicam
1661 1876 1802 1917 tuam
1839 1865 1944 1917 talo

356 1960 460 2014 lere
483 2001 496 2024 ,
528 1959 593 2011 da
619 1959 663 2012 ei
699 1967 747 2012 et
787 1957 1033 2028 pallium,-
1064 1955 1148 2010 hic
1189 1969 1317 2010 vero
1361 1955 1470 2010 illis
1494 1955 1741 2010 omnibus
1771 1954 1942 2025 majus

355 2050 624 2121 quidpiam
671 2049 848 2104 effert.
892 2049 999 2102 lllie
1027 2048 1168 2104 enim
1199 2046 1330 2102 dixit
1357 2087 1370 2110 ,
1402 2046 1457 2102 Si
1499 2046 1647 2102 litem
1693 2046 1940 2102 intentari

355 2144 558 2212 videas,
588 2143 688 2199 hoc
714 2143 795 2198 fac
825 2162 840 2200 :
869 2143 1059 2198 melius
1082 2141 1224 2198 enim
1242 2150 1444 2197 estnon
1467 2141 1697 2196 retinere
1721 2150 1774 2196 et
1795 2155 1823 2194 a
1851 2141 1942 2196 lite

355 2237 607 2302 liberari,
635 2253 793 2308 quam
826 2236 1056 2292 retinere
1077 2244 1133 2292 et
1157 2234 1386 2306 litigare.
1421 2234 1518 2290 llic
1545 2249 1670 2289 vero
1698 2249 1797 2289 nec
1845 2233 1939 2288 ad-

356 2331 676 2394 versarium,
719 2344 818 2384 nec
869 2329 960 2384 lite
1009 2327 1420 2384 contendentem
1473 2341 1712 2396 ponens,
1770 2340 1942 2396 neque

352 2423 515 2476 alium
533 2422 837 2493 quempiam
859 2420 1086 2474 similem
1114 2433 1440 2483 memorans,
1462 2419 1764 2473 divitiarum
1806 2433 1940 2472 con-

355 2522 615 2584 temptum
641 2513 916 2567 dumtaxat
941 2513 1114 2576 docet,
1145 2511 1434 2566 ostendens
1461 2525 1520 2566 se
1547 2527 1651 2566 non
1685 2520 1790 2564 tam
1823 2525 1945 2580 pro-

354 2611 473 2674 pter
519 2620 614 2660 cos
664 2605 752 2674 qui
804 2620 872 2660 ex
927 2605 1151 2658 aliorum
1205 2603 1572 2659 misericordia
1615 2603 1940 2666 allevantur,

355 2711 514 2766 quam
543 2706 761 2766 prouter
800 2710 894 2750 eos
921 2695 1008 2766 qui
1046 2695 1360 2764 largiuntur,
1387 2693 1483 2748 has
1515 2694 1657 2763 leges
1685 2692 1861 2748 ferre:
1889 2702 1946 2746 ut

356 2786 570 2841 etiamsi
613 2801 771 2841 nemo
823 2785 1066 2856 injuriam
1110 2784 1330 2848 inferat,
1377 2799 1535 2839 nemo
1564 2785 1630 2838 ad
1685 2784 1942 2853 judicium

355 2877 564 2940 trahat,
597 2892 716 2947 qua:
762 2875 958 2930 adsunt
1003 2875 1136 2930 bona
1183 2883 1623 2942 contemnamus,
1655 2875 1944 2946 egenisque

357 2969 648 3024 tradamus.
677 2967 857 3038 Neque
879 2967 964 3022 hic
991 2977 1156 3022 totum
1179 2965 1459 3022 confertim
1483 2967 1678 3037 posuit,
1701 2966 1792 3021 sed
1817 2982 1945 3037 pau-

356 3064 504 3118 latim
539 3080 552 3115 :
583 3063 681 3118 etsi
727 3078 852 3117 vero
881 3061 932 3115 in
960 3060 1175 3116 deserto
1219 3060 1508 3115 certamina
1542 3061 1636 3116 has
1677 3061 1818 3115 circa
1859 3074 1945 3114 res

359 3170 478 3210 cum
509 3155 557 3208 vi
591 3169 776 3224 magna
801 3152 1151 3218 exhibuisset,
1177 3160 1410 3207 attamen
1443 3151 1493 3206 id
1527 3166 1631 3205 non
1649 3151 1822 3216 aﬂ'ert,
1853 3165 1945 3205 ne-

356 3261 460 3316 que
491 3247 544 3300 in
575 3246 808 3301 medium
835 3243 1050 3298 adducit
1082 3259 1095 3295 :
1126 3242 1360 3298 nondum
1404 3243 1545 3296 enim
1579 3251 1787 3312 tempus
1831 3251 1946 3295 erat

359 3341 474 3395 hcce
500 3339 765 3404 revelare;
795 3338 888 3393 sed
929 3337 1203 3392 ratiocinia
1235 3335 1478 3406 qumdam
1509 3336 1726 3400 excutit,
1755 3349 1945 3389 consu-

358 3431 516 3487 lentis
541 3433 719 3501 potius
740 3445 894 3499 quam
925 3429 1242 3500 legislatoris
1263 3442 1455 3483 munus
1471 3427 1677 3482 obiens.
1704 3427 1837 3482 Cum
1867 3426 1948 3480 di-

357 3519 524 3580 sisset
542 3525 684 3580 enim
707 3563 721 3589 ,
752 3521 926 3576 Nolite
954 3522 1298 3576 tltesaurizare
1334 3522 1383 3574 in
1407 3529 1538 3574 terra
1561 3562 1577 3588 ,
1622 3519 1892 3587 subjunin
1928 3538 1941 3571 :

362 3615 460 3671 Ubi
492 3631 666 3686 wrugo
703 3626 750 3668 et
777 3616 911 3669 tinea
934 3615 1224 3680 demolitur,
1259 3623 1305 3666 et
1339 3611 1424 3666 ubi
1455 3616 1594 3683 fures
1625 3610 1870 3678 eﬂ'odiunt
1898 3620 1944 3664 et

361 3711 624 3778 furantur.
657 3705 807 3761 Nunc
852 3705 1088 3760 ostendit
1113 3704 1310 3760 terreni
1361 3702 1596 3758 thesauri
1628 3718 1824 3758 noxam
1847 3743 1860 3769 ,
1892 3710 1948 3756 et

357 3799 584 3852 c:elestis
615 3797 932 3861 utilitatem,
977 3806 1086 3850 tum
1115 3812 1143 3848 a
1176 3795 1326 3861 loco,
1370 3804 1476 3848 tum
1553 3793 1622 3848 ab
1696 3792 1940 3848 adversi-

364 3888 586 3946 tatibus.
664 3886 852 3957 Neque
927 3887 1012 3942 hic
1053 3886 1270 3956 gradum
1299 3887 1458 3951 sistit,
1488 3885 1583 3941 sed
1611 3885 1754 3940 aliud
1787 3883 1943 3939 indu-

358 3981 431 4036 cit
470 3980 838 4046 ratiocinium;
882 3989 935 4034 et
965 3979 1178 4049 quidem
1213 3980 1382 4048 primo
1409 3981 1477 4033 ab
1504 3979 1640 4043 illis,
1687 3995 1804 4049 qum.
1835 3993 1946 4032 ma-

359 4074 500 4126 xime
537 4071 748 4138 timent,
786 4070 1076 4126 cobortans
1104 4070 1242 4123 illos.
1271 4069 1429 4136 Quid,
1461 4069 1646 4140 inquit,
1672 4069 1858 4123 times?
1881 4086 1948 4124 ne

357 4163 692 4218 insmnantur
713 4163 949 4233 pecunia:
976 4163 1021 4217 si
1043 4161 1255 4216 dederis
1269 4161 1693 4233 eleemosyuam?
1725 4162 1793 4215 Da
1819 4175 1948 4231 ergo

357 4259 791 4328 clcemosynam,
851 4265 904 4310 et
949 4263 1073 4309 tunc
1121 4269 1225 4308 non
1265 4254 1614 4308 absumentur
1653 4272 1664 4306 :
1699 4253 1948 4322 quodque

360 4347 533 4416 majus
560 4356 662 4412 est,
690 4364 794 4401 non
824 4346 984 4401 modo
1005 4362 1108 4401 non
1139 4345 1509 4408 absumentur,
1546 4345 1638 4399 sed
1665 4347 1822 4400 etiam
1850 4345 1948 4400 ad-

356 4438 708 4494 ditamentum
750 4442 922 4508 majus
946 4439 1208 4508 accipient
1241 4457 1254 4492 :
1300 4439 1498 4493 etenim
1541 4441 1676 4493 bona
1715 4440 1948 4494 cmlestia

357 4531 696 4602 adjicientur.
737 4531 926 4586 Verum
961 4531 1010 4586 id
1037 4531 1211 4587 adhuc
1258 4547 1363 4586 non
1407 4531 1555 4597 dicit,
1587 4531 1678 4586 sed
1708 4531 1807 4586 sub
1835 4531 1950 4586 lure

359 4623 566 4692 adjicit.

436 4715 488 4770 5.
531 4713 736 4786 Duplici
767 4715 964 4770 ratione
993 4715 1220 4770 Christus
1242 4716 1308 4769 ad
1329 4715 1697 4787 eleemosynam
1718 4717 1944 4770 adducit.

365 4805 607 4860 Pecunia:
625 4822 776 4876 quant
813 4806 1012 4875 difﬁcile
1039 4817 1320 4862 servantur.
1355 4806 1505 4872 Quod
1549 4807 1720 4861 oculus
1749 4807 1950 4877 corpori
1986 4849 1992 4854 .

361 4909 454 4963 est,
480 4898 534 4951 id
563 4898 734 4950 anima
763 4896 1267 4951 homini.-——lnterim
1292 4913 1418 4952 vero
1444 4898 1493 4952 id
1519 4899 1660 4968 quod
1694 4899 1811 4952 illos
1834 4913 1949 4952 ma-

361 4991 505 5044 xime
529 4988 798 5044 cohortari
839 4997 1064 5059 poterat,
1097 4989 1149 5043 in
1199 4989 1432 5043 medium
1473 4989 1707 5054 adducit,
1757 5005 1950 5058 nempe

362 5081 672 5135 thesaurum
698 5081 953 5135 intactum
978 5079 1197 5145 servari,
1225 5089 1278 5134 et
1305 5081 1549 5149 utrinque
1571 5080 1689 5134 illos
1709 5081 1950 5134 attrahit.

359 5171 477 5227 Non
504 5173 645 5227 enim
669 5171 798 5228 dicit
822 5181 1048 5237 tantum,
1071 5169 1127 5225 Si
1158 5171 1553 5242 eleemosynam
1607 5173 1912 5242 erogaveris
1932 5213 1947 5234 ,

360 5279 426 5319 ea
465 5273 726 5327 servatur,
784 5263 877 5318 sed
921 5262 1247 5317 contrarium
1296 5263 1692 5317 comminatur:
1732 5261 1787 5318 Si
1845 5279 1950 5316 non

363 5357 597 5422 dederis,
633 5357 770 5428 perit
797 5357 911 5412 tibi.
957 5358 1022 5411 Et
1069 5355 1188 5411 vide
1229 5353 1546 5411 inell'abilem
1593 5355 1948 5426 prudentiam.

364 5451 482 5506 Non
510 5450 679 5514 dixit,
710 5449 843 5506 Aliis
869 5450 956 5504 illa
986 5449 1224 5505 dimittes
1256 5467 1269 5501 :
1297 5451 1418 5518 quia
1446 5463 1590 5517 saepe
1618 5448 1746 5502 illud
1775 5448 1952 5504 homio

368 5548 526 5602 nibus
553 5561 716 5601 suave
751 5555 861 5611 est;
893 5555 1124 5600 attamen
1154 5544 1272 5598 illos
1298 5541 1515 5597 aliunde
1559 5551 1742 5608 terret,
1771 5553 1948 5598 osten-

365 5638 502 5694 dens
531 5636 744 5692 divitias
776 5652 842 5691 ne
873 5636 1012 5690 illius
1039 5634 1251 5705 quidem
1273 5676 1287 5698 ,
1321 5633 1410 5704 qui
1472 5634 1740 5704 poSsidct,
1792 5649 1909 5689 esse
1937 5671 1949 5698 ,

371 5730 495 5786 licet
544 5731 687 5786 enim
735 5729 971 5784 homines
1014 5728 1078 5782 iis
1131 5741 1234 5784 non
1269 5735 1531 5794 noceant,
1565 5734 1722 5782 erunt
1776 5735 1952 5781 tamsn

451 5856 465 5887 ³
494 5851 605 5899 Sav.
633 5848 753 5897 Ben.
778 5842 886 5893 add.
911 5854 1063 5892 rana).

1290 371 1360 426 ΙΝ
1401 368 1814 426 ΜΑΤἹἨΑίΕΜ
1854 365 2083 424 HOMIL.
2134 367 2246 423 XX.
2291 371 2358 424 al.
2406 370 2543 425 XXI.

3531 380 3638 434 290

2050 485 2269 541 omnino
2296 487 2386 557 qui
2405 499 2650 555 noceant,
2680 491 2819 545 tinea
2851 491 3054 546 scilicet
3080 503 3130 548 ct
3157 508 3355 564 mrugo.
3379 497 3639 564 Quamvts

2049 593 2190 632 enim
2213 580 2364 633 vltari
2389 581 2541 635 facile
2568 596 2726 651 posse
2775 585 3020 640 videatur
3047 587 3157 640 lucc
3191 589 3472 656 pernicies,
3501 599 3638 644 atta-

2051 683 2171 722 men
2192 670 2616 740 inexpugnabilis
2635 682 2737 738 est,
2763 689 2866 730 nec
2887 675 3131 745 impediri
3163 687 3354 746 potest;
3385 687 3441 734 ct
3467 695 3639 750 quan-

2051 761 2244 815 tumvis
2271 763 2472 832 cogites
2498 779 2602 818 non
2635 766 2837 835 poteris
2863 766 2964 822 hoc
2985 782 3172 823 arcere
3197 769 3468 824 damnum.
3498 771 3634 840 Quid

2049 850 2244 919 igitur?
2270 868 2530 910 anrmnne
2557 871 2586 908 a
2617 856 2758 912 tinea
2787 859 3179 928 corrumpitur?
3206 858 3259 915 Si
3285 875 3390 914 non
3419 875 3447 914 a
3472 863 3636 928 tinea,

2049 959 2078 996 a
2110 943 2313 999 furibus
2334 955 2478 1002 certe
2503 958 2824 1019 asportatur.
2847 950 2984 1018 Quid
3009 953 3182 1022 ergo?
3209 967 3276 1006 an
3303 967 3489 1008 omnes
3514 968 3639 1025 spo-

2048 1036 2161 1090 liati
2189 1051 2218 1090 a
2245 1036 2450 1094 furibus
2475 1041 2637 1094 sunt?
2661 1041 2716 1096 Si
2745 1057 2851 1096 non
2880 1057 3090 1109 omnes,
3137 1052 3190 1096 at
3222 1043 3454 1111 plurimi.
3486 1043 3636 1098 ideo.

2048 1141 2150 1197 que
2173 1127 2316 1183 aliud
2341 1129 2409 1184 de
2433 1145 2538 1201 quo
2559 1131 2667 1202 jam
2691 1132 2822 1199 dixi,
2849 1132 3050 1188 inducit
3072 1135 3410 1190 ratitu'inium
3426 1136 3634 1193 dicens.

2046 1217 2137 1272 22.
2175 1218 2274 1274 Ubi
2299 1221 2564 1278 thesaurus
2587 1224 2825 1292 hominis,
2845 1227 2913 1280 ibi
2940 1235 2987 1280 et
3002 1243 3089 1280 cor
3111 1228 3240 1297 ejus.
3262 1228 3479 1285 Etiamsi
3504 1231 3636 1286 nihil

2048 1308 2241 1366 borum
2271 1313 2500 1382 accidat,
2531 1315 2720 1386 inquit,
2742 1331 2846 1371 non
2872 1332 3055 1387 parum
3085 1320 3316 1390 accipies
3342 1337 3636 1376 nocumcn-

2051 1404 2110 1468 ti,
2139 1405 2182 1459 si
2216 1408 2444 1462 terrenis
2476 1407 2667 1463 affixus
2693 1411 2785 1474 sis,
2821 1421 2873 1464 et
2903 1426 2964 1466 ex
2990 1411 3156 1465 libero
3181 1427 3368 1469 servus
3394 1415 3634 1481 effectus,

2047 1503 2101 1548 et
2117 1495 2159 1548 si
2183 1509 2245 1549 ex
2269 1497 2572 1551 caelestibus
2595 1499 2830 1564 excidas,
2849 1500 3083 1570 nihilque
3095 1515 3158 1555 ex
3176 1503 3494 1560 sublimibus
3515 1521 3638 1574 pos-

2047 1584 2123 1639 sis
2168 1588 2423 1656 cogitare,
2454 1589 2552 1644 sed
2601 1591 2856 1660 pecunias
2892 1607 3123 1664 semper,
3155 1609 3364 1660 usuras,
3409 1596 3634 1668 fmnorn,

2050 1675 2222 1743 lucra,
2246 1682 2940 1749 cauponariasilliberales:
2983 1700 3089 1753 quo
3127 1686 3250 1754 quid
3284 1687 3638 1744 miserabilius

2063 1784 2492 1845 fuerittEtenim
2527 1783 2673 1840 omni
2705 1795 2863 1836 servo
2885 1779 3136 1835 miserior
3169 1780 3272 1832 erit
3294 1779 3418 1833 talis
3451 1779 3635 1842 homo,

2058 1878 2345 1949 pessimam
2359 1876 2461 1931 sibi
2486 1873 2820 1946 tyrannidem
2837 1885 3122 1926 arcessens
3138 1872 3176 1934 ’,
3208 1871 3460 1940 quodque
3482 1867 3640 1923 fune-

2057 1969 2195 2024 stius
2218 1976 2321 2026 est.
2352 1966 2586 2036 prodens
2621 1963 2859 2017 hominis
2883 1962 3218 2016 nobilitatem
3237 1969 3398 2030 atque
3419 1961 3638 2014 liberta-

2055 2068 2183 2113 tem.
2205 2055 2338 2110 Nam
2359 2064 2796 2124 quantacumque
2814 2053 2908 2106 tibi
2928 2051 3196 2114 dicantur,
3229 2050 3274 2104 si
3299 2063 3453 2104 mens
3472 2065 3636 2120 pecu-

2056 2149 2162 2204 niis
2188 2148 2341 2203 allixa
2364 2145 2546 2211 fuerit,
2564 2145 2700 2204 nihil
2719 2144 2812 2198 tibi
2837 2142 3180 2212 profuturum
3199 2141 3388 2196 audire
3404 2141 3634 2211 poti-ris;

2053 2242 2146 2300 sed
2160 2239 2619 2312 quemadmodum
2640 2237 2792 2292 canis
2811 2236 2862 2289 in
2889 2236 3101 2290 tumulo
3137 2235 3354 2304 ligatus,
3376 2233 3634 2302 pecunia-

2053 2351 2174 2391 rum
2194 2333 2478 2405 tyrannide
2495 2331 2712 2402 gravius
2733 2345 2894 2399 quam
2915 2337 3104 2384 catena
3129 2327 3381 2396 quapiam
3399 2325 3637 2379 constri-

2053 2436 2198 2491 ctus,
2221 2433 2408 2478 contra
2427 2422 2688 2476 adeuntes
2714 2430 2764 2474 te
2787 2434 2979 2473 omnes
2998 2417 3316 2479 ohlatrabis,
3353 2415 3634 2468 hocunmn

2050 2523 2312 2588 perpetuo
2329 2527 2467 2582 opus
2483 2526 2810 2580 exsequens,
2831 2519 2888 2563 ut
2904 2507 3145 2577 deposita
3164 2522 3454 2562 conserves
3475 2505 3630 2559 aliis:

2049 2622 2161 2678 quo
2178 2605 2306 2677 quid
2329 2618 2565 2672 unquam
2587 2601 2843 2655 miserius
2861 2599 3026 2654 fuerit
3047 2601 3070 2652 ?
3095 2600 3347 2652 Attamen
3372 2598 3499 2667 quia
3531 2597 3633 2652 hoc

2051 2698 2337 2755 sublimius
2353 2704 2490 2760 erat,
2513 2708 2674 2764 quam
2701 2701 2955 2762 atposset
2971 2691 3280 2745 auditorum
3301 2705 3452 2743 mens
3467 2689 3633 2743 attin-

2049 2803 2194 2860 gere;
2216 2801 2388 2855 neque
2403 2785 2525 2839 inde
2539 2791 2716 2838 ortum
2733 2783 2990 2836 damnum
3010 2796 3039 2834 a
3056 2780 3242 2834 multis
3256 2777 3412 2834 facile
3429 2786 3636 2848 poterat

2054 2880 2303 2950 intelligi,
2343 2893 2516 2946 neque
2533 2877 2746 2930 lucrum
2771 2890 2835 2928 ex
2863 2882 3179 2942 contemptu
3201 2879 3379 2925 ortum
3405 2869 3632 2939 percipi,

2049 2971 2143 3027 sed
2188 2969 2525 3041 philosophia
2549 2981 2686 3036 Opus
2706 2974 2824 3020 erat
2849 2972 2906 3017 ut
2944 2963 3045 3016 hoc
3085 2971 3378 3030 utrumque
3399 2959 3631 3030 perspiri

2049 3067 2269 3129 posset:
2293 3057 2391 3110 hoc
2409 3064 2529 3125 post
2550 3055 2636 3108 illa
2674 3053 3050 3108 manifestiora
3068 3053 3250 3121 posuit
3281 3051 3471 3105 dicens
3495 3069 3505 3103 :
3534 3048 3633 3104 Ubi

2046 3155 2123 3200 est
2153 3143 2334 3197 thesau
2345 3159 2430 3195 rus
2447 3141 2696 3206 hominis,
2714 3138 2787 3192 ibi
2801 3149 2877 3193 est
2891 3149 2937 3193 et
2953 3155 3045 3192 cor
3056 3137 3188 3206 ejus.
3209 3137 3342 3190 Illud
3357 3137 3517 3191 etiam
3535 3153 3632 3206 po-

2049 3256 2163 3302 Slea
2190 3246 2386 3300 clarius
2413 3245 2577 3300 efficit
2634 3260 2662 3296 a
2702 3243 3069 3314 spiritualihus
3098 3245 3163 3299 ad
3209 3246 3478 3300 sensibilia
3524 3260 3637 3299 scr-

2051 3355 2265 3394 monem
2291 3338 2574 3392 traducens
2618 3337 2701 3391 his
2745 3338 2923 3394 verbis
2957 3337 3083 3393 :22.
3134 3337 3366 3393 Lucerna
3414 3341 3639 3408 corporis

2051 3431 2125 3484 tui
2154 3440 2224 3484 est
2250 3431 2429 3484 oculus
2448 3441 2582 3482 tuus.
2610 3430 2762 3496 Quod
2789 3440 2966 3485 autem
2991 3431 3140 3497 dicit,
3175 3431 3478 3501 ltnjnsmodi
3507 3443 3590 3487 est
3620 3449 3634 3487 :

2050 3523 2127 3577 Ne
2157 3519 2396 3576 defodias
2446 3537 2634 3576 aurmn
2665 3521 2716 3574 in
2765 3530 2928 3587 terra,
2977 3537 3074 3576 nec
3101 3523 3374 3592 quidpiam
3423 3525 3634 3578 simile:

2050 3628 2172 3669 nam
2206 3616 2381 3681 tinem,
2399 3617 2620 3683 mrugini
2643 3623 2697 3668 et
2730 3613 2933 3668 furibus
2957 3614 3068 3669 btec
3085 3630 3397 3686 congregas.
3419 3615 3638 3670 Etiamsi

2051 3722 2178 3761 vero
2210 3705 2326 3761 hsce
2370 3705 2565 3760 damna
2595 3705 2880 3777 effugeris,
2938 3705 2987 3760 id
3037 3715 3212 3761 tamen
3257 3722 3362 3761 non
3394 3709 3636 3777 etiugies,

2051 3799 2192 3870 quod
2217 3814 2312 3854 cor
2343 3808 2489 3853 tuum
2523 3800 2573 3853 in
2617 3801 2927 3854 servitutem
2963 3801 3253 3872 redigatur,
3311 3810 3366 3856 et
3417 3804 3641 3858 terrenis

2053 3893 2300 3964 inligatur
2328 3911 2339 3945 :
2369 3892 2468 3949 Ubi
2495 3895 2627 3948 enim
2659 3896 2808 3964 fuerit
2830 3896 3094 3948 thesaurus
3111 3905 3248 3960 tuus,
3276 3895 3345 3948 ibi
3370 3897 3461 3948 erit
3489 3906 3532 3948 ct
3553 3911 3641 3947 cor

2053 3993 2214 4037 tuum.
2247 3984 2302 4039 Si
2331 4001 2491 4052 porro
2516 3985 2566 4038 in
2593 3985 2724 4038 etelo
2749 3985 3006 4053 deponas,
3041 4001 3144 4038 non
3180 3985 3321 4039 lnmc
3347 3985 3506 4040 modo
3535 3989 3642 4038 fru-

2053 4087 2195 4130 ctum
2221 4079 2474 4146 percipis,
2504 4077 2644 4147 quod
2671 4077 2883 4144 prtemia
2910 4093 3004 4146 pro
3025 4076 3107 4132 his
3133 4089 3314 4146 parata
3346 4093 3642 4148 consequa-

2055 4169 2148 4231 ris;
2172 4184 2354 4221 verum
2385 4169 2584 4233 hicjam
2609 4167 2912 4222 mercedem
2929 4168 3150 4237 accipis,
3184 4168 3324 4238 quod
3353 4169 3442 4223 illo
3471 4179 3642 4223 lt'ans-

2055 4257 2196 4312 latus
2241 4259 2337 4319 sis,
2376 4257 2518 4328 quod
2564 4258 2800 4313 melestia
2850 4259 3024 4330 sapias
3064 4270 3118 4314 et
3147 4258 3214 4315 de
3243 4260 3350 4315 illis
3381 4261 3642 4316 sollicitus

2054 4349 2130 4406 sis
2161 4372 2172 4406 :
2207 4351 2380 4420 palam
2415 4351 2554 4405 enim
2585 4361 2666 4405 est
2697 4361 2748 4405 te
2780 4350 2872 4406 illo
2900 4353 3137 4406 animum
3168 4352 3526 4420 transtulisse,
3552 4354 3640 4408 ubi

2055 4446 2363 4498 thesaurum
2381 4443 2694 4513 deposuisti.
2713 4443 2980 4500 Caeterum
3002 4447 3045 4501 si
3065 4447 3116 4500 in
3145 4455 3282 4501 terra
3307 4446 3640 4517 deposueris,

2054 4536 2321 4590 contraria
2349 4537 2668 4604 experieris.
2715 4537 2866 4605 Quod
2899 4538 2942 4591 si
2980 4537 3070 4592 tibi
3101 4538 3210 4606 jam
3240 4539 3380 4593 dicta
3417 4539 3642 4593 obscura

2054 4629 2181 4694 sint,
2214 4627 2336 4682 audi
2363 4631 2662 4700 sequentia.
2695 4629 2930 4684 Lucerna
2971 4631 3200 4700 corporis
3238 4631 3311 4684 tui
3353 4643 3423 4686 est
3444 4632 3639 4687 oculus.

2057 4723 2118 4777 Si
2144 4723 2301 4793 igitur
2328 4724 2505 4777 oculus
2526 4733 2642 4776 tuus
2675 4723 2891 4793 simplex
2916 4723 3088 4792 fuerit,
3118 4733 3276 4777 totum
3295 4740 3476 4794 corpus
3501 4735 3643 4778 tuum

2059 4815 2286 4869 lucidum
2311 4817 2436 4878 erit;
2467 4814 2558 4870 ‘20.
2587 4815 2632 4868 si
2661 4831 2772 4869 vero
2797 4815 2972 4870 oculus
2999 4825 3112 4868 tuus
3137 4818 3288 4886 fuerit
3311 4834 3540 4888 nequam,
3563 4828 3642 4871 to-

2058 4917 2163 4962 tum
2193 4925 2376 4978 corpus
2399 4920 2537 4961 tuum
2561 4909 2874 4961 tenebrosum
2897 4912 3008 4962 erit.
3041 4909 3101 4964 Si
3140 4925 3256 4979 ergo
3283 4910 3470 4976 lumen,
3511 4913 3643 4982 quod

2056 5000 2109 5054 in
2140 5010 2188 5054 te
2212 5009 2305 5065 est,
2333 4999 2546 5055 tenebrtc
2563 4998 2680 5062 sint,
2711 5001 2836 5069 ipsa:
2855 5000 3068 5054 tenebrat
3111 5012 3315 5072 quantas
3351 5003 3535 5058 erunt?
3563 5005 3642 5058 Ad

2057 5093 2226 5162 magis
2281 5092 2496 5146 sensilia
2544 5106 2847 5144 sermonem
2906 5091 3140 5148 deducit.
3192 5092 3323 5160 Quia
3379 5095 3522 5150 enim
3578 5094 3643 5148 de

2057 5193 2241 5239 mente
2279 5183 2388 5251 jam
2442 5183 2690 5252 loquutus
2737 5192 2880 5247 erat,
2922 5194 2978 5238 ut
3025 5185 3078 5238 in
3131 5187 3440 5240 servitutem
3486 5185 3642 5239 reda-

2057 5287 2141 5331 Cta
2171 5285 2225 5330 et
2253 5275 2480 5342 captiva,
2513 5275 2562 5327 id
2609 5274 2749 5345 quod
2794 5291 2824 5330 a
2865 5275 3043 5332 multis
3089 5293 3194 5332 non
3233 5276 3386 5332 facile
3439 5286 3641 5346 poterat

2058 5367 2305 5437 intelligi,
2335 5367 2400 5421 ad
2470 5378 2690 5422 externa
2735 5369 2998 5424 et‘ocnlis
3051 5370 3287 5439 subjecta
3339 5382 3642 5422 sermonem

2061 5460 2332 5525 transfert,
2363 5459 2499 5513 utah
2521 5459 2604 5514 his
2624 5459 2708 5514 illa
2729 5459 3024 5533 intelligere
3051 5469 3286 5532 possent.
3310 5458 3441 5515 Nam
3469 5460 3512 5512 si
3539 5473 3639 5512 non

2132 5754 2376 5830 *‘Yidesis
2395 5771 2504 5830 quae
2526 5757 2574 5808 in
2597 5761 2731 5830 hunc
2761 5763 2920 5813 locum
2945 5759 3166 5824 disputat
3193 5759 3480 5814 Friderieus
3503 5765 3642 5821 Field

2064 5818 2112 5866 in
2140 5818 2552 5872 Adnotationibus
2577 5821 2698 5874 suis.

3667 5620 3674 5647 l
