4050 6220
422 355 492 409 Ξῖ)
504 356 519 409 Ι

424 469 586 532 nosti,
619 467 939 541 inquit,quid
968 464 1243 521 sitmeutis
1256 463 1531 530 damnum,
1559 479 1588 516 a
1611 460 1886 532 corporeis
1908 458 2007 515 hoc

424 564 606 618 edisce
641 579 653 615 :
687 563 829 632 quod
860 560 1003 615 enim
1030 558 1220 613 oculus
1251 566 1334 612 est
1358 556 1593 626 corpori,
1625 555 1727 610 hoc
1752 569 1902 609 mens
1923 561 2009 607 est

423 656 636 709 animat.
673 650 1130 722 Quemadmodum
1171 649 1317 704 enim
1360 655 1648 718 numquam
1680 655 1832 717 optes
1873 660 2006 699 auro

422 747 620 808 ornari,
647 756 704 799 et
750 743 935 798 sericis
962 743 1109 797 indui
1148 741 1419 807 vestibus,
1446 739 1712 809 simulque
1742 738 2005 794 excaecari

420 837 613 898 oculis,
646 835 738 890 sed
769 834 958 889 horum
988 833 1408 889 incolumitatem
1457 832 1551 886 toti
1580 831 1882 901 huiusmodi
1910 846 2003 901 ap-

422 927 625 996 paratui
657 924 1085 995 anteponendam
1114 923 1432 979 existimes:
1468 937 1590 977 nam
1620 923 1666 976 si
1690 922 1859 977 visum
1891 937 2003 992 pcr-

414 1018 535 1084 das,
554 1018 679 1072 nihil
700 1018 789 1072 tibi
804 1018 1008 1088 reliqua
1025 1018 1128 1070 vita
1146 1014 1362 1085 prodest
1387 1015 1548 1087 (sicut
1562 1015 1700 1068 enim
1720 1017 2001 1069 exctrcatis

415 1114 603 1181 oculis,
618 1114 939 1183 reliquorum
968 1112 1078 1166 fere
1108 1110 1465 1165 membrorum
1486 1108 1995 1183 Operatioabscedit,

415 1208 673 1261 exstincta
706 1206 825 1260 luce
857 1220 870 1257 :
901 1205 978 1257 sic
1010 1213 1259 1273 corrupta
1293 1202 1459 1256 semel
1498 1211 1676 1256 tuente
1705 1201 1999 1256 innumeris

415 1300 521 1354 vita
550 1299 704 1353 malis
721 1296 1053 1368 replebitur):
1078 1295 1522 1367 quemadmodum
1548 1311 1678 1364 ergo
1701 1295 1751 1348 in
1774 1309 1998 1363 corpore

417 1391 519 1445 hoc
543 1406 817 1454 curamus,
842 1399 898 1443 ut
928 1389 1116 1444 oculus
1153 1388 1224 1443 sit
1269 1402 1460 1453 Sanus,
1494 1387 1571 1441 sic
1592 1386 1663 1441 de
1694 1386 1885 1440 mentis
1910 1400 1998 1440 sa-

413 1482 579 1537 nitate
620 1481 933 1537 curandum.
966 1481 1021 1535 Si
1068 1480 1203 1534 hanc
1241 1492 1568 1554 excmgcenius
1601 1493 1719 1547 qum
1753 1477 1871 1532 aliis
1912 1479 1995 1531 lu-

411 1587 527 1641 cem
558 1572 862 1627 ministrare
888 1571 1067 1637 debet,
1104 1571 1241 1625 unde
1263 1570 1371 1639 jam
1400 1571 1637 1639 aspicere
1666 1570 1995 1641 poterimus?

409 1666 557 1721 Sicut
582 1666 725 1721 enim
751 1667 839 1735 qui
866 1666 1068 1720 fontem
1101 1665 1306 1727 aufert,
1350 1663 1567 1718 ﬂuvium
1605 1666 1883 1719 cxsiccat:
1916 1663 1995 1718 sic

406 1762 499 1832 qui
530 1772 759 1816 mentem
790 1760 985 1825 obruit,
1018 1774 1207 1813 omnes
1232 1760 1349 1826 ejus
1378 1757 1427 1810 in
1461 1756 1558 1812 hac
1589 1759 1694 1811 vita
1718 1758 1990 1827 operatio-

407 1868 503 1908 nes
542 1854 866 1909 obscuravit.
902 1852 1026 1907 Ideo
1071 1852 1162 1914 ait,
1216 1850 1275 1905 Si
1318 1853 1506 1913 luiueu,
1539 1851 1672 1917 quod
1711 1852 1762 1902 in
1803 1861 1850 1902 te
1896 1856 1989 1914 est,

408 1945 622 1999 tenebrae
664 1946 783 2009 sint,
829 1946 955 2013 ipsa:
984 1943 1200 1997 tenebrw
1224 1943 1470 2012 quantm?
1498 1942 1627 1996 Nam
1650 1957 1768 1996 cuin
1796 1942 1992 2012 guber-

408 2046 564 2091 nator
593 2036 972 2105 submergitur,
1014 2043 1067 2087 et
1105 2034 1323 2088 lucerna
1368 2032 1743 2101 exstinguitur,
1792 2040 1847 2087 et
1880 2032 1990 2086 dux

400 2131 633 2199 capitur,
664 2144 781 2199 qua:
812 2143 935 2198 spes
965 2135 1146 2197 postea
1172 2125 1436 2180 subditis?

474 2223 527 2275 Δ.
567 2220 934 2292 Propugnalur
959 2219 1244 2272 divitiarum
1269 2218 1538 2288 cupiditas.
1572 2216 1683 2283 Quo
1716 2226 1864 2288 pacto
1903 2217 1987 2271 di-

400 2314 537 2367 vitiae
581 2318 799 2385 fructum
838 2313 1057 2383 pariant.
1084 2342 1144 2354 —
1180 2312 1519 2381 Quapropter
1561 2310 1739 2365 missis
1780 2310 1986 2365 insidiis

405 2421 501 2475 per
555 2407 764 2462 divitias
800 2404 1036 2470 structis,
1077 2405 1288 2477 pugnis,
1326 2403 1509 2458 litibus
1548 2404 1682 2475 (haec
1717 2402 1860 2457 enim
1897 2420 1985 2459 su-

404 2499 586 2565 perius
645 2496 1002 2550 subindicavit
1047 2496 1233 2549 dicens
1279 2512 1292 2548 :
1344 2494 1529 2547 Tradat
1575 2506 1622 2547 te
1671 2494 1988 2548 adversarius

400 2589 585 2661 judici,
614 2597 659 2643 et
677 2588 844 2660 judex
869 2588 1094 2641 ministro
1119 2586 1330 2660 [ΜαιιΙι.
1362 2589 1415 2641 5.
1447 2586 1587 2659 95]),
1619 2587 1702 2640 his
1739 2588 1987 2641 omnibus

400 2682 624 2737 stt-viora
650 2680 923 2751 proferens
943 2720 957 2745 ,
982 2681 1059 2735 sic
1082 2680 1296 2735 abducit
1320 2695 1349 2734 a
1370 2680 1510 2734 mala
1533 2680 1981 2749 concupiscentia.

400 2771 613 2827 Etenim
644 2772 803 2843 longe
839 2771 1078 2827 deterius
1112 2780 1195 2826 est
1231 2784 1462 2827 mentem
1497 2771 1619 2826 huic
1647 2773 1833 2827 morbo
1860 2772 1985 2828 sub-

394 2861 486 2933 jici
511 2904 525 2928 ,
555 2879 713 2933 quam
737 2864 787 2917 in
812 2878 1028 2918 carcere
1049 2862 1241 2931 degere
1266 2879 1281 2915 :
1307 2871 1362 2917 et
1383 2864 1607 2917 alterum
1639 2863 1852 2932 quidem
1878 2880 1983 2919 non

399 2968 615 3024 semper
645 2953 872 3019 accidit,
905 2954 1131 3007 alterum
1176 2968 1304 3007 vero
1336 2962 1419 3006 est
1445 2968 1659 3022 semper
1683 2970 1801 3007 cum
1826 2969 1985 3023 pecu-

397 3044 607 3122 uiarum
639 3045 934 3114 cupiditate
962 3045 1322 3115 conjunctum.
1348 3043 1706 3111 Quamobrem
1740 3045 1839 3100 hoc
1865 3055 1985 3116 post

398 3138 527 3192 illud
575 3139 759 3208 ponit,
792 3147 975 3208 utpote
1002 3137 1216 3208 gravius
1260 3147 1314 3192 et
1357 3137 1580 3190 omnino
1621 3139 1979 3208 subsequens.

396 3232 526 3287 Nam
571 3233 746 3295 Deus,
796 3231 985 3302 inquit,
1030 3240 1260 3286 mentem
1303 3230 1457 3284 nobis
1489 3230 1710 3296 indidit,
1741 3241 1797 3285 ut
1829 3232 1979 3302 igno-

395 3328 622 3381 rantiam
652 3326 1010 3395 dissipemus,
1060 3332 1113 3380 et
1156 3340 1333 3379 rerum
1368 3324 1626 3393 judicium
1664 3336 1864 3380 rectum
1897 3334 1979 3379 te-

397 3436 652 3485 neamus,
695 3428 853 3489 atque
884 3427 1067 3473 contra
1095 3418 1273 3473 omnia
1304 3419 1527 3474 molesta
1567 3419 1829 3490 noxiaque
1878 3419 1980 3475 hoc

394 3513 542 3580 quasi
570 3512 677 3565 telo
705 3521 758 3565 et
787 3512 985 3566 lumine
1015 3519 1258 3575 utentes,
1293 3512 1343 3565 in
1376 3520 1489 3565 tuto
1520 3528 1848 3566 maneamus.
1871 3512 1979 3566 Nos

394 3619 522 3657 vero
543 3603 742 3657 donum
775 3604 876 3659 hoc
905 3602 1181 3673 prodimus
1212 3602 1281 3657 ob
1309 3602 1551 3673 qumdam
1585 3618 1978 3672 supervacanea

394 3706 447 3749 et
481 3696 706 3750 inutilia.
749 3695 885 3763 Quid
928 3696 1069 3749 enim
1103 3711 1237 3764 opus
1267 3696 1531 3749 militibus
1568 3711 1701 3749 auro
1738 3696 1975 3761 onustis,

393 3788 606 3857 quando
638 3788 743 3841 dux
769 3788 1013 3857 captivus
1039 3795 1122 3841 est
1148 3787 1205 3837 ‘1’
1232 3787 1373 3855 quod
1404 3786 1610 3841 lucrum
1645 3804 1710 3841 ex
1749 3789 1979 3842 ornatis-

392 3882 527 3935 sinia
578 3882 695 3934 navi
720 3924 736 3947 ,
774 3880 987 3951 quando
1019 3880 1344 3951 gubernator
1366 3878 1676 3935 submersus
1703 3880 1824 3936 est?
1852 3880 1975 3951 quid

392 3977 510 4045 plus
550 3975 747 4029 habeas
790 3989 1018 4043 corpore
1062 3983 1209 4029 recte
1250 3974 1571 4038 constituto,
1604 3975 1648 4029 si
1689 3975 1834 4030 oculi
1871 3976 1980 4030 sint

389 4069 694 4124 excazcati?
736 4068 1198 4136 Quemadmodum
1254 4068 1414 4139 igitur
1456 4068 1759 4137 medicum,
1819 4085 1978 4141 quem

392 4161 527 4217 bene
570 4161 746 4217 valere
785 4169 1019 4232 oportet,
1064 4170 1120 4215 ut
1165 4161 1393 4215 aliorum
1439 4171 1595 4217 curet
1637 4162 1889 4231 morbos,
1932 4166 1976 4219 si

389 4259 511 4326 quis
540 4256 592 4310 in
618 4257 863 4310 morbum
883 4254 1153 4324 conjiciat,
1179 4263 1231 4308 et
1260 4255 1311 4308 in
1338 4263 1594 4325 argenteo
1617 4255 1756 4310 lecto
1782 4270 1974 4311 aureo—

390 4364 494 4418 que
523 4348 757 4403 thalamo
788 4348 971 4416 jacere
1005 4347 1221 4416 jubeat,
1268 4360 1489 4415 prorsus
1535 4348 1773 4401 inutilem
1820 4348 1977 4419 aegris

391 4440 605 4495 reddit:
639 4440 717 4494 sic
764 4441 808 4494 si
864 4450 1142 4510 postquam
1186 4450 1420 4494 mentem
1466 4442 1806 4511 corruperis,
1856 4458 1976 4513 qua:

392 4532 553 4587 animi
592 4531 795 4586 morbis
835 4530 1039 4586 mederi
1077 4532 1280 4601 possit,
1312 4532 1564 4586 thesauro
1593 4533 1831 4588 assidere
1857 4549 1975 4589 eam

390 4628 661 4681 curaveris
687 4668 701 4691 ,
733 4640 840 4679 non
879 4624 1040 4680 modo
1064 4624 1190 4679 nihil
1222 4626 1361 4678 illam
1390 4625 1584 4694 juvasti
1610 4666 1625 4689 ,
1659 4626 1753 4680 sed
1779 4626 1976 4681 damno

390 4716 614 4771 alfecisti
637 4759 650 4783 ,
699 4726 753 4771 et
797 4717 891 4770 toti
931 4717 1127 4771 animze
1158 4726 1261 4770 ture
1290 4716 1541 4771 nocuisti.
1566 4716 1813 4771 Vidistin‘
1842 4733 1978 4787 quo-

391 4808 551 4862 modo
580 4823 677 4877 per
698 4824 820 4878 quae
860 4808 1107 4864 homines
1132 4808 1197 4863 ad
1228 4809 1519 4880 nequitiam
1547 4810 1741 4879 ubique
1767 4810 1978 4880 cupidi-

391 4910 501 4955 tate
534 4899 799 4965 fcruntur,
830 4917 927 4969 per
954 4901 1071 4955 lure
1102 4901 1333 4957 maxime
1363 4902 1431 4957 ab
1459 4903 1547 4957 illa
1577 4901 1888 4967 abstrahat,
1922 4912 1978 4958 et

391 4995 456 5049 ad
490 4994 738 5047 virtutem
785 4993 1042 5047 reducat“!
1085 4993 1221 5060 Cur,
1270 4995 1457 5066 inquit,
1492 4995 1744 5066 pecunias
1779 5010 1979 5051 conen-

390 5087 592 5160 piscis?
640 5103 818 5143 nonne
866 5096 925 5141 ut
969 5087 1238 5154 voluptate
1283 5087 1596 5159 deliciisque
1645 5088 1871 5143 fruaris?
1920 5087 1975 5142 Id

388 5190 537 5237 certe
572 5180 662 5234 tibi
697 5195 799 5233 non
824 5180 947 5233 inde
977 5181 1287 5248 proveniet,
1328 5180 1420 5235 sed
1447 5182 1774 5235 contrarium
1806 5196 1975 5251 pror—

390 5290 502 5331 sus.
548 5272 1004 5342 Quemadmodum
1034 5273 1176 5327 enim
1213 5274 1384 5328 oculis
1423 5275 1623 5329 avulsis
1650 5274 1783 5329 nihil
1815 5290 1978 5330 suave

390 5383 550 5422 sensu
585 5365 926 5435 percipimus,
957 5364 1027 5419 ob
1052 5363 1355 5434 huiusmodi
1383 5365 1739 5420 calamitatem
1766 5383 1779 5418 :
1809 5366 1977 5420 multo

387 5458 560 5531 magis
587 5458 640 5512 in
666 5457 863 5512 mentis
889 5457 1169 5512 eversione
1198 5464 1253 5512 et
1280 5458 1519 5515 caecitate
1542 5459 1659 5515 hare
1690 5456 1970 5530 patiemur.

389 5550 502 5620 Qua
543 5551 611 5606 de
652 5566 812 5605 causa
843 5549 1051 5606 defodis
1082 5551 1134 5605 in
1169 5552 1408 5606 terram?
1458 5561 1515 5607 ut
1552 5560 1666 5607 tuto
1690 5554 1977 5609 servetur?

318 5683 334 5700 ι
396 5641 591 5696 Verum
634 5642 721 5697 hic
755 5644 913 5698 etiam
946 5643 1269 5697 contrarium
1315 5641 1553 5711 accidet,
1598 5644 1785 5716 inquit.
1832 5643 1977 5699 Sicut

458 5802 476 5835 ι
513 5800 625 5867 Atii,
649 5805 840 5870 quando
862 5804 968 5857 dua:
990 5806 1204 5872 captivus
1226 5806 1451 5858 trahitur.

1133 349 1189 405 S.
1230 346 1509 404 JOANNIS
1535 342 2011 401 CHRYSOSTOMI
2052 342 2371 401 AliCHlEP.
2415 348 2949 409 CONSTANTINOP.

3593 357 3704 416 ΞΜ

2117 477 2259 516 enim
2307 477 2431 519 eum
2469 466 2559 536 qui
2606 476 2823 539 propter
2852 485 3038 525 vanam
3084 470 3310 542 gloriam
3354 473 3581 545 jejunat,
3610 478 3702 533 dat

2113 555 2507 629 eleemosyuam
2529 599 2543 625 ,
2586 570 2642 615 et
2689 572 2955 631 precatur,
2978 563 3047 620 ab
3072 565 3138 621 iis
3163 565 3297 635 ipsis
3323 582 3442 638 quae
3465 571 3705 629 maxime

2109 651 2288 719 cupit,
2322 667 2352 706 a
2380 668 2515 708 vana
2551 654 2721 724 gloria
2766 659 2988 712 retraxit
3031 660 3178 728 (nam
3224 676 3341 729 cur,
3373 662 3581 733 inquit,
3630 678 3701 722 ita

2110 743 2347 810 precaris
2365 784 2381 810 ,
2406 752 2463 799 et
2483 744 2579 801 das
2605 747 3039 821 elemosynam?
3066 767 3243 807 annon
3265 754 3390 823 quia
3420 753 3701 813 hominum

2110 834 2332 904 gloriam
2372 836 2589 907 diligis?
2634 839 2742 893 noli
2786 854 2914 909 ergo
2951 841 3030 897 sic
3063 858 3255 910 orare,
3300 854 3351 899 et
3392 855 3519 902 tunc
3549 848 3697 904 illam

2107 928 2489 997 consequeris,
2531 929 2585 983 in
2628 930 2807 986 futuro
2850 948 3043 1002 nempe
3077 934 3234 1008 die):
3268 937 3347 993 sic
3371 949 3426 994 et
3453 942 3698 1009 pecniae

2106 1020 2377 1088 cupidum,
2409 1037 2505 1092 per
2528 1037 2589 1078 ea
2616 1024 2805 1095 quibus
2832 1028 3061 1082 maxime
3082 1029 3349 1098 studebat,
3382 1048 3479 1103 per
3502 1036 3695 1092 eadem

2106 1126 2158 1171 et
2190 1115 2352 1185 cepit.
2376 1116 2516 1183 Quid
2544 1116 2647 1180 vis,
2675 1115 2848 1184 inquit
2873 1134 2887 1169 :
2917 1126 2976 1171 ut
3001 1116 3243 1184 pecunia:
3272 1119 3366 1173 tibi
3399 1133 3696 1180 serventur

2105 1216 2159 1260 et
2194 1207 2467 1274 voluptate
2501 1206 2700 1261 fruaris
2727 1206 2783 1260 'i
2814 1205 2942 1261 Haec
2981 1208 3137 1261 ambo
3172 1208 3266 1263 tibi
3303 1212 3688 1280 copiosissime

2105 1299 2375 1367 praebebo,
2408 1300 2452 1354 si
2482 1300 2593 1353 illic
2625 1300 2867 1369 deponas
2895 1316 3108 1364 aurum,
3144 1302 3231 1355 ubi
3259 1302 3483 1371 jubeho.
3513 1308 3691 1373 Apen-

2104 1389 2209 1443 tius
2238 1402 2419 1444 autem
2451 1390 2504 1444 in
2536 1391 2889 1460 sequentibus
2920 1391 3173 1446 damnum
3205 1392 3332 1448 inde
3364 1398 3530 1450 tuenti
3562 1398 3686 1452 illa—

2102 1486 2213 1531 tum
2242 1479 2497 1545 ostendit,
2526 1493 2649 1532 eum
2679 1480 2959 1548 spinarum
2993 1482 3317 1537 mentionem
3350 1484 3508 1552 fecit;
3544 1487 3687 1541 inte-

2101 1569 2201 1623 rim
2228 1586 2356 1625 vero
2388 1572 2616 1641 idipsum
2650 1572 2738 1626 hic
2766 1587 2871 1626 non
2899 1573 3267 1642 perfunctorie
3292 1576 3681 1645 subindicavit,

2099 1677 2219 1714 cuni
2246 1664 2489 1718 ostendit
2517 1663 2927 1719 obtenebratum
2957 1680 3079 1721 esse
3105 1681 3230 1722 eum
3262 1669 3354 1737 qui
3384 1670 3531 1724 circa
3562 1672 3682 1726 haec

2098 1753 2321 1806 fureret.
2359 1755 2437 1809 Ac
2474 1755 2926 1824 quemadmodum
2968 1756 3003 1811 ii
3041 1757 3131 1826 qui
3174 1758 3227 1813 in
3266 1761 3508 1815 tenebris
3548 1773 3681 1819 sunt

2098 1844 2232 1898 nihil
2257 1844 2401 1898 clare
2427 1846 2624 1912 vident,
2650 1847 2745 1901 sed
2773 1847 2817 1901 si
2846 1846 3030 1903 funem
3055 1849 3305 1916 viderint,
3334 1861 3530 1922 putant
3555 1868 3683 1908 esse

2097 1945 2430 2005 serpentem,
2459 1938 2503 1991 si
2540 1949 2746 1993 montes
2779 1948 2833 1993 et
2867 1938 3052 2006 valles,
3085 1957 3284 2011 pavore
3315 1946 3631 2000 moriuntur
3659 1965 3677 2002 :

2097 2029 2176 2084 sic
2200 2037 2255 2083 et
2286 2029 2374 2084 isti
2404 2043 2525 2099 quis
2551 2030 2856 2086 videntibus
2883 2030 3238 2087 formidabilis
3271 2050 3376 2090 non
3407 2047 3555 2103 sunt,
3579 2055 3679 2094 su-

2095 2129 2279 2190 specta
2310 2120 2505 2175 habent
2533 2139 2547 2175 :
2574 2136 2696 2175 nam
2728 2132 3095 2190 paupertatem
3124 2134 3401 2193 metuunt;
3431 2127 3541 2181 iuno
3564 2146 3677 2184 non

2094 2219 2463 2280 paupertatem
2501 2219 2745 2275 tantum,
2780 2211 2874 2266 sed
2910 2211 2990 2267 vel
3027 2212 3143 2269 leve
3177 2215 3466 2284 quodpiam
3502 2219 3679 2272 detri-

2094 2311 2356 2358 mentum.
2386 2301 2593 2358 Etenim
2626 2303 2672 2357 si
2705 2302 2969 2358 modicum
3002 2304 3131 2374 quid
3162 2306 3468 2370 amiserint,
3500 2312 3676 2379 magis

2088 2396 2272 2466 lugent
2313 2411 2379 2451 ac
2423 2397 2734 2451 cruciantur
2769 2411 2933 2465 quam
2980 2398 3014 2453 ii
3061 2399 3150 2467 qui
3199 2402 3508 2457 necessario
3546 2404 3676 2458 cibo

2088 2497 2268 2557 egent.
2300 2486 2444 2541 Multi
2485 2496 2634 2543 certe
2665 2502 2732 2544 ex
2768 2488 3075 2556 hujusmodi
3108 2492 3388 2556 divitibus,
3422 2493 3529 2549 tale
3562 2510 3673 2550 non

2087 2578 2324 2635 ferentes
2352 2578 2727 2646 infortunium,
2753 2580 2817 2636 ad
2847 2581 3095 2651 laqueum
3124 2596 3501 2639 accurreruut.
3526 2585 3674 2640 Con-

2089 2672 2320 2727 tumeliaa
2344 2684 2523 2728 autem
2550 2682 2603 2727 et
2632 2673 2828 2727 damna
2855 2673 2929 2727 ita
2959 2673 3063 2730 illis
3088 2674 3452 2731 intolerabilia
3479 2678 3674 2734 viden-

2091 2772 2196 2827 tur,
2233 2772 2382 2819 utea
2418 2765 2484 2819 de
2516 2778 2682 2819 causa
2719 2764 2846 2819 item
2884 2764 3039 2819 inulti
3072 2781 3141 2821 ex
3180 2767 3281 2821 hac
3315 2768 3424 2823 vita
3456 2769 3669 2839 abrepti

2090 2854 2307 2910 fuerint.
2334 2856 2411 2912 Ad
2432 2857 2612 2911 omnia
2636 2858 2833 2927 quippe
2860 2858 3048 2914 molles
3070 2859 3271 2913 divitia:
3293 2861 3668 2928 reddiderunt,

2090 2957 2449 3019 prteterquam
2487 2951 2554 3005 ad
2595 2950 2804 3005 illarqu
2842 2951 3221 3007 ministerium.
3258 2950 3488 3019 Quando
3520 2957 3670 3012 enim

2090 3039 2194 3095 ilice
2229 3040 2372 3109 ipsos
2409 3051 2464 3094 ut
2496 3042 2596 3096 sibi
2633 3043 2870 3097 serviant
2902 3045 3253 3114 compellunt,
3293 3057 3422 3102 tunc
3455 3049 3528 3103 illi
3567 3066 3671 3104 au-

2087 3135 2272 3189 dacter
2306 3135 2545 3203 pericula
2589 3137 2777 3191 mortis
2814 3138 3045 3203 adeunt,
3070 3135 3302 3194 ‘verbera
3324 3181 3339 3206 ,
3374 3143 3668 3211 opprobria

2086 3239 2355 3295 onmeque
2388 3226 2694 3294 ignominia:
2726 3244 2915 3297 genus.
2945 3229 3097 3295 Quod
3124 3246 3257 3285 sane
3284 3244 3544 3288 extrema:
3574 3251 3671 3305 ge-

2086 3332 2187 3372 nus
2232 3327 2314 3372 est
2344 3319 2603 3385 miseriae,
2635 3320 2724 3373 ubi
2775 3321 3137 3391 philosophari
3180 3336 3478 3393 oporteret,
3528 3330 3668 3382 mol-

2085 3407 2316 3465 lissimos
2352 3425 2498 3477 esse;
2552 3412 2638 3466 ubi
2696 3423 2874 3466 autem
2911 3415 3025 3483 pios
3081 3424 3135 3469 et
3180 3420 3511 3473 verecundos
3541 3435 3667 3475 esse

2083 3518 2182 3572 par
2225 3514 2403 3568 esset,
2457 3505 2526 3558 ibi
2567 3505 3061 3573 impudentissimas
3096 3518 3153 3563 et
3209 3509 3534 3567 stetissimns
3566 3529 3668 3570 ex-

2083 3596 2277 3651 hiberi.
2316 3598 2524 3651 Etenim
2581 3600 2809 3667 idipsum
2864 3601 2970 3653 illis
3023 3603 3314 3670 contingit,
3367 3615 3425 3658 ut
3465 3608 3511 3661 si
3541 3609 3668 3675 quis

2081 3699 2205 3760 post
2236 3692 2373 3745 bona
2408 3693 2714 3747 indecenter
2758 3695 3040 3763 absumpta
3089 3695 3228 3750 male
3270 3697 3526 3765 patiatur.
3573 3701 3669 3757 ille

2082 3796 2336 3852 namque,
2390 3784 2627 3839 instante
2676 3796 2936 3855 tempore,
2960 3802 3067 3857 quo
3108 3794 3410 3845 necessaria
3450 3803 3534 3846 est
3567 3808 3669 3851 ex-

2079 3888 2276 3942 pensa,
2301 3892 2422 3930 cum
2467 3877 2599 3931 nihil
2646 3880 2815 3947 possit
2858 3878 2996 3934 ultra
3026 3882 3356 3950 impendere,
3409 3884 3669 3941 intolera-

2079 3962 2207 4019 bilia
2246 3967 2451 4034 patitur
2495 3966 2654 4031 mala,
2683 3982 2804 4023 cum
2844 3967 2955 4036 jain
2984 3972 3163 4026 omnia
3212 3972 3349 4028 male
3376 3974 3666 4046 absumpta

2082 4065 2300 4121 fuerint.

2154 4159 2207 4213 5.
2249 4159 2326 4214 Ac
2363 4159 2811 4231 quemadmodum
2846 4161 2896 4215 in
2927 4175 3085 4216 scena
3116 4161 3403 4219 histriones
3435 4165 3485 4217 in
3514 4165 3675 4220 malis

2080 4252 2397 4323 quibusdam
2428 4255 2629 4309 artibus
2661 4255 2934 4321 instructi,
2982 4256 3034 4309 in
3077 4256 3159 4309 his
3204 4257 3367 4310 multa
3405 4259 3672 4327 stupenda

2082 4360 2137 4405 et
2164 4347 2461 4415 periculosa
2503 4349 2803 4412 sustinent,
2835 4348 2885 4401 in
2924 4348 3044 4402 aliis
3084 4364 3213 4403 vero
3243 4350 3457 4406 utilibus
3484 4366 3674 4407 neces-

2082 4443 2345 4512 sariisque
2382 4441 2542 4497 rebus
2583 4455 2802 4511 prorsus
2832 4440 2994 4510 inepti
3039 4455 3101 4495 ac
3144 4440 3353 4496 ridiculi
3399 4452 3560 4497 sunt:
3591 4444 3675 4499 sic

2081 4546 2137 4591 et
2168 4536 2219 4591 hi
2248 4536 2316 4591 de
2341 4535 2536 4606 quibus
2577 4536 2802 4604 agimus.
2858 4534 3070 4588 Etenim
3118 4534 3407 4590 histriones
3454 4536 3528 4589 illi
3578 4540 3673 4607 qui

2083 4643 2179 4697 per
2218 4634 2425 4681 tensum
2476 4624 2654 4679 funem
2702 4626 3010 4692 ambulant,
3045 4636 3095 4680 et
3128 4636 3326 4681 tantam
3359 4627 3429 4681 ibi
3461 4628 3672 4683 fortitu-

2083 4720 2261 4773 dinem
2307 4717 2594 4781 exhibent;
2642 4718 2857 4786 quando
2904 4718 3175 4787 quidpiam
3230 4735 3293 4773 ex
3345 4723 3670 4776 necessariis

2082 4810 2245 4865 rebus
2276 4808 2550 4863 audaciam
2573 4808 2795 4878 requirit
2818 4824 2878 4863 ac
2902 4809 3265 4864 fortitudinem
3292 4826 3305 4863 ε
3337 4826 3405 4866 ne
3428 4814 3670 4882 cogitare

2083 4902 2299 4973 quidem
2363 4900 2559 4971 aliquid
2616 4908 2856 4970 possunt.
2915 4901 3006 4956 Sic
3060 4900 3285 4965 divites,
3343 4904 3433 4972 qui
3487 4906 3670 4959 omnia

2082 5005 2300 5068 propter
2338 4996 2594 5066 pecunias
2642 4993 2869 5059 audent,
2918 4994 2984 5048 ad
3041 4994 3520 5065 philosophandum
3573 5014 3671 5053 nec

2083 5108 2371 5164 magnum,
2421 5105 2521 5145 nec
2569 5105 2785 5161 parvum
2835 5088 3104 5159 quidpiam
3151 5090 3253 5159 pati
3300 5100 3541 5155 possunt.
3595 5094 3671 5147 Ae

2084 5187 2223 5241 sicut
2250 5184 2324 5238 illi
2354 5183 2606 5237 lubricam
2638 5191 2691 5237 et
2718 5181 3103 5237 infructuosam
3141 5199 3251 5236 rem
3292 5191 3561 5247 tractant,
3595 5184 3669 5238 sic

2083 5287 2139 5334 et
2168 5276 2220 5331 hi
2249 5276 2483 5347 pericula
2538 5262 2701 5330 multa
2753 5274 2978 5328 tolerant
3002 5284 3055 5329 et
3102 5274 3389 5344 prarcipitia
3435 5276 3665 5341 adeunt,

2084 5386 2202 5442 qua:
2227 5367 2407 5424 omnia
2438 5367 2608 5422 inutili
2633 5367 2736 5422 line
2756 5366 3102 5432 clauduntur;
3136 5381 3197 5420 ac
3219 5367 3412 5438 duplici
3445 5369 3673 5439 caligine

2088 5463 2447 5526 involvuntur,
2478 5470 2585 5513 tum
2619 5459 2757 5530 quod
2788 5474 2972 5513 eversa
3017 5468 3197 5513 mente
3232 5461 3493 5514 cxctecati
3528 5461 3671 5523 sint,

2085 5564 2196 5612 tum
2248 5553 2391 5625 quod
2435 5567 2499 5611 ex
2553 5553 2722 5607 fallaci
2772 5550 3188 5607 sollicitudinum
3240 5552 3383 5608 mole
3438 5553 3669 5607 tenebris

2138 5725 2153 5755 ¹
2182 5724 2299 5772 Haec
2321 5721 2548 5771 omnibus
2568 5720 2711 5770 codd.
2739 5718 3023 5769 concinuut.
3058 5715 3222 5779 Vulgo
3250 5732 3263 5767 :
3304 5715 3430 5777 Quid
3456 5714 3556 5777 vis,
3579 5714 3653 5779 in:

2074 5784 2195 5850 quit,
2220 5784 2447 5848 pecunias
2466 5781 2553 5835 tibi
2572 5780 2960 5836 servari?auuon
2979 5786 3029 5832 ut
3047 5774 3253 5843 deliciis,
3268 5774 3428 5847 gloria
3448 5785 3493 5831 et
3510 5774 3554 5832 r1
3576 5780 3608 5844 (ι
3622 5774 3653 5827 τ
