4050 6220
373 320 479 377 293

359 423 687 490 obruantur.
728 428 1054 500 Quapropter
1091 411 1158 479 ne
1215 419 1489 494 respicere
1531 417 1746 488 quidem
1797 413 1952 470 facile

379 533 624 597 possunt.
655 521 784 579 Nam
820 521 907 588 qui
954 519 1006 570 in
1051 513 1286 570 tenebris
1315 520 1400 567 est
1428 518 1667 573 tantum,
1695 504 1808 561 sole
1837 504 1955 557 illu-

379 627 661 681 eescente,
693 614 848 666 abiis
899 611 1186 672 liberatur;
1231 605 1323 676 qui
1365 617 1493 659 vero
1519 600 1691 657 oculis
1714 609 1952 652 excmca-

384 719 468 767 tits
507 722 618 773 est,
670 721 838 777 neque
883 706 999 760 sole
1044 705 1256 756 lucente
1293 699 1472 754 videt:
1506 695 1559 751 id
1601 694 1743 763 quod
1771 700 1824 746 et
1856 688 1956 758 ipsi

385 799 671 872 patiuntur.
699 797 882 866 Neque
903 795 1046 851 enim
1071 791 1196 846 Sole
1219 789 1436 860 iustitiae
1463 788 1481 818 ¹
1507 785 1741 854 fulgente
1767 779 1958 872 ethor-

386 870 529 945 tame
551 888 806 950 audiunt,
843 885 1039 940 divitiis
1075 881 1264 937 Oculos
1303 880 1540 951 ipsorum
1567 870 1954 930 claudentibus.

382 984 721 1049 Quapropter
767 976 1036 1045 duplicem
1086 972 1352 1026 sustinent
1401 967 1694 1024 cwcitatem
1722 981 1735 1016 :
1764 962 1956 1024 aliam,

379 1083 440 1125 ex
475 1071 699 1139 seipsis,
740 1068 924 1129 aliam,
954 1063 1096 1134 quod
1125 1062 1377 1131 Magistro
1403 1067 1502 1114 stto
1527 1073 1633 1112 non
1661 1052 1955 1110 attendant.

380 1161 738 1215 Attendamus
786 1158 966 1226 itaque
1015 1153 1297 1223 diligenter
1337 1150 1492 1205 dictis
1522 1149 1695 1211 illius,
1740 1154 1799 1198 ut
1837 1156 1962 1197 sero

381 1254 597 1308 tandem
642 1250 933 1306 videamus.
991 1248 1056 1301 Et
1107 1243 1376 1315 quomodo
1413 1241 1595 1297 videre
1635 1233 1962 1308 possumus?

382 1346 437 1400 Si
467 1345 642 1398 discas
669 1340 936 1412 quamodo
983 1339 1280 1393 extemCatus
1327 1335 1422 1388 sis.
1472 1329 1752 1401 Quomodo
1806 1328 1964 1397 igitur

385 1439 682 1492 exemimus
711 1435 806 1488 es?
852 1434 891 1486 Α
945 1431 1080 1486 mala
1119 1421 1570 1496 concupiscentia.
1621 1420 1772 1477 Sicut
1818 1419 1962 1474 enim

387 1528 651 1593 malignus
694 1523 884 1577 humor
912 1521 963 1575 in
997 1518 1249 1588 pupillam
1285 1515 1424 1570 oculi
1472 1501 1657 1583 puram
1700 1509 1964 1572 inﬂuens,

387 1621 463 1672 Sic
493 1618 838 1687 pecuniarum
884 1627 1034 1666 amor
1074 1610 1293 1663 densam
1337 1607 1531 1684 nubem
1573 1606 1626 1658 in
1672 1611 1851 1657 mente
1878 1609 1965 1654 tua

393 1708 540 1762 fecit.
579 1707 770 1759 Verum
806 1703 940 1756 hanc
968 1701 1163 1754 nubem
1193 1698 1454 1768 dissipare
1479 1704 1533 1750 ct
1560 1695 1862 1764 dirumpere
1887 1691 1966 1744 fa-

390 1799 491 1852 cile
506 1807 610 1861 est,-
629 1797 670 1850 si
692 1793 891 1849 Christi
917 1791 1174 1846 doctrina:
1199 1787 1407 1843 radium
1425 1786 1753 1863 excipiamus
1775 1799 1790 1850 ;
1811 1783 1856 1837 si
1875 1797 1963 1836 au-

391 1889 600 1942 diamus
628 1880 772 1939 illum
805 1885 1108 1938 monentem
1141 1895 1203 1934 ac
1228 1880 1490 1934 dicentem
1518 1895 1531 1930 :
1558 1876 1735 1931 Nolite
1765 1874 1970 1929 thesea;

393 1980 555 2032 t'izare
588 1978 721 2031 uobis
748 1977 1008 2028 thesauros
1033 1975 1262 2026 interra.
1303 1971 1369 2024 Et
1392 1969 1518 2040 quid
1562 1969 1689 2022 Inibi
1731 1966 1970 2037 proderit

393 2068 685 2122 doctrinam
711 2065 916 2129 audire,
943 2079 1064 2118 cum
1109 2077 1139 2115 a
1175 2061 1464 2131 cupiditate
1509 2059 1790 2114 detinear?
1827 2058 1969 2114 Sane

395 2158 608 2229 quidem
653 2156 900 2225 frequens
946 2154 1205 2208 doctrina:
1247 2151 1458 2206 auditus
1485 2138 1827 2220 cupiditatem
1854 2149 1968 2204 dis-

395 2244 603 2304 solvere
625 2247 834 2318 poterit.
861 2246 1010 2313 Quod
1052 2247 1094 2300 si
1141 2245 1386 2300 detentus
1428 2245 1768 2314 permaneas,
1796 2242 1969 2312 cogito

398 2330 511 2394 rent
544 2341 684 2394 illam
711 2347 815 2393 non
841 2339 962 2393 es’se
997 2335 1229 2405 amplius
1259 2333 1620 2405 cupiditatem.
1657 2335 1786 2400 Qua:
1826 2333 1970 2388 enim

395 2432 659 2501 cupiditas
737 2429 1038 2484 durissimae
1076 2428 1320 2482 servituti
1349 2441 1468 2482 esse
1498 2425 1801 2495 subjectum
1827 2467 1841 2490 ,
1889 2433 1973 2494 ty-

397 2517 602 2576 rannidi
632 2521 934 2589 subiacere,
967 2526 1024 2573 et
1068 2519 1300 2589 undique
1345 2518 1587 2587 alligari,
1639 2519 1690 2571 in
1737 2517 1972 2572 tenebris

397 2611 598 2667 versari
624 2621 680 2666 et
710 2611 935 2664 tumultu
985 2611 1196 2679 plenu'ut
1244 2620 1399 2674 esse,
1455 2608 1662 2663 labores
1708 2596 1847 2662 ferre
1891 2608 1972 2660 in-

398 2704 720 2765 fructuosos,
748 2701 868 2755 aliis
897 2701 1148 2770 pecunias
1165 2714 1402 2761 scrvare,
1431 2714 1572 2767 szepc
1599 2708 1774 2753 autem
1801 2698 1976 2751 inimi-

400 2797 524 2849 cis?
553 2794 670 2861 Qua
709 2807 836 2862 ergo
881 2792 994 2846 ba-c
1038 2790 1462 2860 concupiscentia
1493 2790 1648 2859 digna
1679 2790 1841 2844 sunt?
1871 2790 1978 2843 imo‘

400 2899 505 2955 qua
535 2899 640 2937 non
669 2882 787 2950 l'uga
815 2889 870 2936 et
891 2895 1050 2935 cursu
1094 2889 1217 2934 suttt
1258 2879 1646 2948 relinquenda?
1693 2879 1824 2946 Qua:
1851 2887 1978 2932 con-

396 2976 730 3050 cupiscentia
760 2974 1042 3029 thesauros
1068 2975 1207 3028 inter
1233 2975 1376 3028 fures
1407 2965 1735 3027 recondere?
1761 2972 1814 3027 Si
1835 2972 1976 3026 enim

403 3071 624 3124 omnino
685 3068 938 3137 pecunias
981 3065 1346 3135 concupiscis,
1398 3059 1608 3127 illaseo
1635 3064 1863 3118 transfer
1892 3064 1978 3117 ubi

406 3167 632 3230 jnissnut
681 3165 808 3212 tuta:
851 3165 907 3210 et
955 3156 1176 3225 integra:
1218 3169 1459 3209 manere.
1509 3152 1666 3209 Certe
1693 3170 1814 3223 qua:
1842 3170 1981 3208 nunc

405 3250 534 3306 facis
560 3265 664 3303 non
695 3257 817 3302 sunt
841 3236 1268 3316 Concupiscentis
1316 3245 1597 3313 pecunias,
1626 3245 1718 3299 sed
1751 3239 1976 3300 servitus

407 3347 512 3393 lem
538 3380 552 3399 ,
583 3339 776 3392 damna
798 3377 814 3398 .
861 3336 1106 3400 mulctas,
1149 3335 1498 3404 doloremque
1525 3345 1860 3405 perpetuum.
1901 3335 1980 3389 Tu

407 3446 555 3493 vero,
607 3431 651 3484 si
680 3430 798 3498 quis
826 3430 919 3483 tibi
969 3428 1127 3482 homo
1169 3429 1342 3482 locum
1373 3429 1424 3481 in
1457 3436 1594 3482 terra
1627 3428 1981 3483 inviolabilem

409 3521 741 3586 ostenderet,
770 3520 976 3574 etiamsi
1003 3526 1056 3574 te
1079 3521 1130 3573 in
1159 3519 1429 3574 desertum
1461 3520 1731 3585 eduCeret,
1764 3522 1982 3589 promit-

410 3597 528 3668 tens
580 3612 818 3681 pecuniis
865 3613 969 3665 tuis
1016 3597 1358 3667 securitatem
1406 3631 1419 3666 :
1473 3630 1575 3666 non
1619 3615 1982 3680 cunctareris,

410 3707 582 3775 neque
623 3719 934 3769 recusares,
981 3704 1074 3759 sed
1117 3694 1369 3773 pecunias
1414 3704 1482 3759 ibi
1523 3719 1645 3759 cum
1676 3707 1861 3761 liducia
1889 3707 1984 3762 de-

411 3807 636 3866 poneres
662 3813 675 3849 :
701 3794 812 3848 Deo
837 3804 1037 3859 autem,
1070 3810 1172 3848 non
1197 3794 1410 3848 homine
1432 3795 1481 3848 id
1510 3795 1598 3850 tibi
1624 3796 1982 3864 promittente,-

411 3903 509 3941 nec
539 3887 831 3949 desertum,
858 3886 951 3939 sed
982 3885 1172 3939 caelum
1204 3897 1563 3955 proponente,
1604 3888 1868 3941 cotttraria
1897 3901 1986 3942 ac-

409 3977 545 4048 cipis
572 3996 580 4026 :
607 3987 924 4046 quamquam
953 3959 1160 4029 etiamsi
1195 3975 1461 4031 tutissime
1481 3977 1696 4044 jaccant
1719 3972 1986 4044 repositae,

415 4073 471 4122 tu
497 4082 780 4138 numquam
810 4066 1167 4122 sollieitudine'
1187 4078 1380 4122 vacuus
1403 4081 1521 4122 esse
1547 4065 1740 4137 possis.
1770 4067 1990 4123 Etiamsi

418 4180 560 4216 ennu
587 4179 693 4218 non
722 4163 936 4232 perdas,
971 4177 1267 4230 numquam
1290 4159 1702 4214 asollicitudine
1724 4161 1984 4230 perdendi

422 4254 749 4308 libet-aberis.
768 4254 1065 4307 lllieautem
1082 4250 1215 4305 nihil
1228 4242 1566 4320 prersustale
1581 4250 1817 4319 patieris:
1833 4262 1996 4322 atque

421 4347 561 4411 quod
583 4356 660 4396 est
679 4345 874 4410 majus,
895 4359 1085 4398 aurum
1119 4341 1692 4404 nondcfodistanttnn,
1723 4343 1813 4397 sed
1834 4344 2002 4398 senti»

413 4423 531 4486 nas.
550 4415 786 4499 idipsinn
798 4435 942 4485 ean
960 4444 1042 4489 est
1057 4444 1110 4488 et
1126 4435 1414 4488 thesaurus
1429 4443 1478 4486 et
1495 4447 1702 4497 semen;
1720 4434 1829 4487 imo
1847 4445 1977 4496 utro

413 4533 520 4585 que
549 4519 734 4584 majus.
774 4517 968 4570 Semen
1005 4515 1200 4588 quippe
1247 4534 1353 4572 non
1401 4529 1580 4573 manet
1619 4535 1856 4587 semper,
1899 4523 1988 4576 ille

415 4621 542 4678 vero
575 4609 858 4660 thesaurus
907 4617 1086 4662 manet
1125 4618 1404 4678 perpetuo.
1449 4610 1676 4664 linrsnm
1708 4611 1987 4679 thesaurus

412 4690 499 4753 hic
531 4715 634 4752 non
675 4700 956 4767 germinat,
1001 4700 1091 4756 ille
1130 4716 1259 4755 vero
1306 4703 1635 4758 immortales
1663 4704 1754 4757 tibi
1783 4705 1986 4758 fructus

413 4789 572 4857 parit.
602 4789 752 4857 Quod
783 4790 828 4843 si
865 4801 1072 4860 tempus
1117 4792 1244 4846 mihi
1291 4786 1513 4861 objieias
1537 4836 1552 4857 .
1581 4806 1635 4856 et
1676 4796 1984 4851 dilationem

415 4882 650 4938 reditus:
687 4897 899 4951 possum
931 4899 1030 4953 ego
1057 4883 1152 4938 tibi
1184 4885 1554 4942 demonstrare
1593 4899 1792 4958 quanta
1821 4888 1985 4946 etiam

475 5003 491 5050 ί
527 5017 653 5078 Vox,
665 5015 888 5082 jttstilia’,
905 5020 1047 5070 deest
1072 5022 1120 5070 itt
1144 5013 1446 5084 quibuélam.

427 5143 757 5155 ——-———-

1399 289 1464 361 m
1503 295 1913 360 nummum
1972 293 2200 352 noutL.
2244 279 2361 352 xXi
2402 297 2472 352 al.
2517 273 2678 350 kxu.

3529 298 3635 353 ΞΜ

2061 410 2146 466 hic
2189 412 2459 488 accipias;
2489 407 2683 480 praeter
2723 412 2835 475 hate
2873 391 3050 483 autem
3087 427 3155 489 ex
3189 410 3322 486 ipsis
3368 414 3640 488 sarculati-

2060 504 2158 560 bus
2185 513 2237 560 te
2265 505 2541 558 confutare
2568 503 2804 567 tentabo,
2838 513 2890 558 et
2919 503 3204 560 ostendere
3229 514 3281 560 te
3306 504 3497 560 frustra
3527 504 3642 561 haec

2061 595 2313 663 objicere.
3377 661 3379 663 ι

2133 688 2187 740 6.
2229 686 2388 740 Multa
2416 687 2556 740 enim
2586 703 2634 739 in
2667 687 2916 755 prmsenti
2940 687 3043 754 vita
3077 701 3251 756 paras,
3274 673 3469 758 quibus
3487 677 3637 744 num-

2063 793 2219 848 quam
2247 779 2469 844 frueris;
2497 781 2618 834 etsi
2650 779 2769 848 quis
2800 789 2849 834 te
2883 780 2981 844 hac
3005 780 3071 835 de
3105 795 3163 835 re
3187 790 3394 852 arguat,
3423 784 3562 852 tilios
3591 795 3644 838 et

2065 879 2284 940 nepotes
2313 870 2608 940 proferens,
2642 870 2884 925 idoneam
2918 871 3007 925 tibi
3034 871 3230 927 videris
3257 861 3643 942 superﬂuarum

2065 961 2306 1016 laborum
2345 962 2767 1016 consolationem
2810 964 3093 1031 reperisse.
3120 963 3252 1017 Cum
3275 965 3435 1028 enim
3470 966 3524 1020 in
3548 948 3644 1020 ex-

2068 1065 2232 1109 treina
2264 1063 2542 1119 senectute
2569 1039 3166 1132 splendidasconstruis
3200 1056 3363 1132 aedes,
3392 1035 3510 1124 qua:
3535 1073 3646 1131 an-

2068 1143 2278 1217 tequam
2306 1139 2646 1216 perficiantur
2670 1161 2812 1214 szrpc
2844 1127 2896 1199 tu
2927 1131 3163 1203 decedis.
3185 1128 3473 1201 etarliores
3489 1127 3646 1213 seris,

2067 1256 2186 1309 qtae
2231 1250 2348 1309 post
2389 1239 2584 1293 multos
2625 1253 2793 1316 annos
2825 1239 3050 1292 fructum
3079 1220 3316 1312 allatura:
3344 1223 3646 1316 sitntteum

2072 1335 2122 1387 in
2173 1348 2302 1403 agro
2345 1331 2562 1386 arbores
2606 1313 2844 1400 plantas,
2891 1346 3010 1400 qua:
3041 1339 3160 1400 post
3192 1331 3354 1384 multa
3384 1313 3648 1386 annorum

2069 1424 2332 1481 curricula
2373 1424 2602 1478 fructum
2636 1425 2837 1486 ferent;
2868 1423 3211 1494 cutn‘praedia
3249 1424 3382 1478 emis
3409 1435 3462 1478 et
3493 1425 3637 1479 here-

2071 1515 2287 1578 ditates,
2317 1522 2542 1582 quorum
2573 1499 2865 1573 dominium
2901 1512 3065 1566 tnulto
3093 1523 3211 1582 post
3238 1499 3476 1583 tempore
3501 1515 3649 1566 habi-

2075 1606 2222 1676 turns
2267 1621 2348 1671 es,
2393 1606 2600 1675 aliaque
2651 1604 2811 1659 multa
2866 1617 3042 1673 paras,
3089 1619 3315 1674 quorum
3366 1621 3652 1674 numquam

2074 1697 2299 1752 frueris:
2325 1710 2392 1750 au
2439 1710 2534 1765 pro
2575 1704 2630 1774 te
2673 1696 2752 1749 vel
2785 1679 2882 1763 pro
2924 1693 3320 1763 successoribus
3365 1696 3476 1764 haec
3501 1696 3653 1762 agis?

2073 1790 2352 1855 Quomodo
2382 1791 2541 1858 igitur
2565 1801 2671 1842 non
2700 1799 2954 1849 exh-enm
2981 1786 3267 1861 dementia:
3297 1796 3401 1854 est,
3432 1786 3518 1840 hic
3549 1802 3654 1841 non

2072 1899 2213 1953 aegre
2235 1882 2374 1936 ferre
2403 1881 2656 1948 temporis
2679 1873 3008 1943 dilationem,
3037 1880 3135 1933 etsi
3165 1895 3259 1949 per
3280 1879 3424 1933 illam
3448 1879 3656 1934 dilatio-

2074 1991 2194 2029 nem
2215 1989 2244 2027 a
2270 1971 2516 2028 mercede
2544 1972 2779 2025 laborum
2805 1967 2901 2026 nos
2927 1970 3214 2040 privandos
3235 1985 3356 2038 esse
3372 1981 3655 2042 exspecte-

2074 2071 2223 2127 mus;
2255 2056 2375 2118 cum
2407 2063 2475 2118 de
2501 2063 2634 2118 Caelo
2665 2045 3068 2131 auténragitnr,
3101 2069 3320 2131 propter
3347 2061 3655 2136 dilationem

2077 2165 2310 2224 torpere,
2340 2171 2460 2215 cum
2490 2146 2666 2209 tamen
2693 2155 2778 2208 illa
2809 2153 2994 2208 dilatio
3031 2153 3200 2224 majus
3228 2137 3550 2223 tibilucrum
3577 2155 3656 2208 af-

2077 2245 2233 2312 ferat;
2265 2261 2364 2300 nec
2388 2244 2454 2299 ad
2482 2245 2620 2300 alios
2667 2245 2803 2298 bona
2849 2244 3196 2308 transmittat.
3242 2239 3338 2298 scd
3385 2244 3476 2317 tibi
3518 2244 3656 2298 dona

2078 2339 2334 2395 tradenda
2364 2336 2664 2393 custodiat?
2693 2335 2895 2390 Preter
2923 2335 3036 2404 haec
3061 2345 3240 2390 autem
3269 2351 3374 2390 non
3403 2337 3556 2412 longa
3578 2348 3657 2390 est

2079 2431 2182 2485 ista
2205 2429 2392 2484 dilatio
2416 2427 2522 2499 (α).
2551 2428 2682 2483 Nam
2714 2426 2780 2480 ad
2809 2428 2952 2482 iores
2977 2442 3063 2482 res
3092 2427 3220 2497 ipsa:
3247 2435 3372 2484 sunt
3392 2448 3405 2483 :
3429 2443 3528 2482 nec
3551 2429 3658 2482 sci-

2079 2525 2202 2578 mus
2227 2536 2349 2575 num
2382 2520 2516 2576 forte
2539 2520 2591 2574 in
2621 2520 2718 2573 hac
2744 2519 3084 2589 generatione
3100 2521 3276 2590 omnia
3303 2502 3481 2575 nostra
3501 2520 3660 2574 tinent

2083 2611 2322 2667 habitura
2350 2612 2475 2673 sint,
2522 2623 2576 2666 et
2615 2610 2731 2665 dies
2768 2610 2856 2666 ille
2881 2610 3187 2665 tretnendus
3217 2611 3286 2665 sit
3311 2598 3658 2675 adventuros,

2084 2703 2408 2767 horrendum
2437 2702 2590 2766 illud,
2617 2713 2670 2757 et
2698 2702 2893 2756 uellant
2924 2692 3268 2771 personarum
3296 2705 3658 2773 acceptionem

2085 2798 2285 2852 habens
2309 2795 2537 2850 triImnal
2560 2789 2900 2849 ostensurus.
2925 2793 3058 2855 Nam
3100 2795 3357 2866 pleraque
3380 2796 3530 2866 signa
3551 2795 3660 2866 jam

2085 2887 2315 2957 perfecta
2337 2896 2480 2950 sunt,
2506 2901 2568 2941 ac
2586 2885 2799 2941 demum
2817 2885 3150 2955 evangelium
3178 2901 3274 2956 per
3297 2893 3464 2950 totum
3480 2888 3664 2943 orbem

2087 2978 2428 3048 praedicatum
2451 2977 2575 3042 fuit,
2605 2992 2668 3031 ac
2694 2977 2852 3041 bello,
2883 2986 3040 3032 terra:
3061 2985 3240 3032 motus
3268 2987 3321 3032 et
3348 2976 3516 3056 fames
3538 2993 3662 3033 eve-

2086 3082 2299 3135 nerunt,
2326 3087 2426 3126 nec
2457 3077 2708 3140 magnum
2744 3069 2854 3138 jam
2885 3068 3224 3124 intervallum
3251 3078 3353 3124 est.
3382 3069 3487 3125 Sed
3517 3071 3665 3140 signa

2088 3179 2193 3217 non
2217 3161 2398 3217 vides?
2421 3162 2486 3216 Et
2507 3161 2609 3215 hoc
2639 3157 2812 3230 ipsum
2841 3173 3090 3230 magnum
3118 3149 3328 3230 signum
3351 3169 3448 3218 est.
3485 3161 3666 3232 Neque

2086 3257 2228 3312 enim
2260 3257 2347 3326 qui
2380 3254 2492 3310 Noe
2521 3254 2758 3322 tempore
2779 3263 2930 3308 erant
2961 3254 3216 3322 prooemia
3239 3253 3506 3325 generalis
3533 3254 3668 3310 inte-

2086 3349 2221 3401 ritus
2251 3346 2524 3408 videt-unt,
2556 3345 2648 3398 sed
2680 3345 2892 3398 interim
2924 3342 3188 3410 ludentes,
3210 3343 3454 3409 edentes,
3476 3361 3670 3400 uxores

2089 3427 2367 3503 dueentes,
2398 3420 2761 3503 consuetaque
2801 3429 2978 3488 munia
3007 3444 3248 3503 agentes,
3280 3435 3358 3490 sic
3383 3451 3414 3490 a
3442 3437 3668 3491 terribili

2093 3530 2179 3584 illa
2209 3521 2406 3582 u‘ltibne
2429 3519 2747 3596 tleprcltensi
2769 3535 2910 3578 sunt.
2935 3525 3295 3595 Similiterque
3319 3530 3370 3579 in
3399 3525 3667 3594 Sodomis,

2090 3620 2293 3675 deliciis
2338 3633 2553 3688 operam
2595 3616 2806 3675 dantes.
2853 3615 3093 3686 nihilque
3121 3630 3304 3681 eorum
3342 3632 3461 3687 qum
3490 3626 3668 3688 postea

2093 3710 2226 3764 facta
2253 3719 2378 3763 sunt
2405 3707 2756 3776 suspicantes.
2788 3704 2856 3786 ab
2886 3705 3139 3781 immissis
3167 3705 3478 3777 fulminibus
3517 3722 3666 3760 com-

2092 3801 2230 3856 busti
2256 3811 2398 3857 snot.
2429 3800 2561 3868 Quae
2589 3797 2767 3853 omnia
2806 3799 3126 3869 cogitantes,
3169 3799 3235 3854 ad
3285 3798 3667 3869 profectionem

2092 3893 2216 3950 hinc
2244 3887 2534 3963 parandam
2557 3902 2702 3946 nosc
2724 3900 3071 3944 .nvet‘tamus.
3092 3889 3321 3959 Etiamsi
3374 3888 3673 3963 connnttuis

2096 3981 2184 4034 ille
2212 3975 2690 4033 eonsummationis
2730 3989 2835 4027 non
2877 3974 3038 4028 instet
3065 3973 3672 4047 dies;uniuscujuSquc

2097 4071 2216 4125 finis
2242 4069 2294 4123 in
2321 4067 2497 4136 januis
2517 4074 2618 4129 est,
2651 4067 2764 4129 sive
2784 4060 2948 4119 senes
2976 4064 3089 4118 sive
3107 4052 3323 4136 juvenis
3355 4064 3454 4126 sit;
3503 4081 3674 4136 neque

2097 4172 2220 4216 tunc
2248 4161 2420 4214 oleum
2463 4153 2643 4214 emere
2671 4157 2870 4222 licebit,
2919 4138 3092 4225 neque
3117 4165 3359 4226 petentes
3391 4142 3675 4221 itltltelt‘nrt:

2093 4252 2325 4312 veniam,
2354 4251 2452 4304 etsi
2487 4247 2748 4302 Abraham
2781 4257 3048 4316 precetur,
3090 4245 3187 4302 etsi
3236 4234 3366 4308 Noe.
3407 4231 3507 4302 etsi
3551 4247 3678 4307 Job,

2093 4343 2192 4398 etsi
2227 4325 2428 4396 Daniel.
2481 4341 2659 4404 Donec
2707 4339 2864 4408 igitur
2911 4324 3122 4414 tempus
3151 4320 3426 4412 habemus,
3456 4325 3678 4392 multam

2097 4433 2249 4488 nobis
2277 4445 2523 4501 paremus
2550 4422 2818 4491 fiduciam.
2848 4430 3022 4483 oleum
3051 4428 3203 4501 nobis
3229 4429 3500 4507 copiosum
3529 4421 3679 4483 coin-

2095 4515 2363 4594 paremus,
2393 4522 2568 4577 omnia
2606 4520 2987 4594 transferamus
3014 4520 3063 4574 in
3086 4520 3298 4598 ett-lum,
3325 4528 3381 4572 ttt
3407 4521 3456 4574 in
3478 4537 3676 4590 oppor-

2097 4620 2224 4670 tuno
2246 4608 2508 4682 tempore,
2529 4623 2634 4680 quo
2652 4607 2882 4676 maxime
2907 4611 2988 4665 his
3006 4599 3246 4680 egemus,
3264 4612 3510 4666 omnibus
3538 4601 3680 4681 frua-

2096 4711 2234 4772 n'tur,
2261 4705 2432 4775 gratia
2462 4715 2513 4758 et
2546 4693 2871 4771 benignitate.
2902 4701 3106 4755 Domini
3139 4702 3306 4756 nostri
3350 4701 3475 4758 Jesu
3515 4685 3676 4759 Chri-

2095 4798 2182 4862 Sti,
2209 4799 2293 4854 cui
2324 4782 2494 4864 gloria
2519 4806 2574 4848 et
2599 4794 2878 4865 imperium
2907 4808 3048 4848 nunc
3072 4803 3125 4848 et
3154 4786 3390 4865 semper,
3416 4806 3470 4852 et
3496 4797 3548 4851 in
3571 4811 3675 4852 sae-

2093 4879 2210 4946 cula
2234 4871 2576 4943 seculorum.
2606 4887 2797 4939 Amen.

2160 5026 2232 5088 (η)
2264 5019 2539 5086 Suspicatttr
2563 5005 2930 5082 Chrysostomus'
2948 5010 3096 5067 liu‘em'
3115 5020 3276 5070 mundi
3301 5013 3581 5076 adventare.

3479 5148 3672 5159 -ο

1587 5199 1928 5290 HOMILIA
1965 5208 2144 5291 XXI.
2183 5221 2268 5288 al.
2315 5205 2524 5284 Xth.

417 5349 541 5414 CAP.
580 5349 632 5418 6.
665 5371 716 5416 v.‘
747 5362 837 5418 24.
872 5358 1036 5418 Nemo
1080 5371 1240 5433 potes:
1261 5349 1468 5420 duobus
1498 5361 1717 5422 dominis
1755 5372 1938 5424 servire
1969 5388 1986 5424 :

481 5461 568 5505 aut
598 5453 730 5507 enim
756 5469 910 5506 unum
944 5455 1060 5509 odio
1105 5454 1318 5522 habebit,
1349 5466 1395 5509 et
1419 5458 1630 5512 alterum
1659 5458 1861 5530 diliget;
1901 5473 1988 5516 aut

484 5561 641 5599 unum
671 5544 948 5606 sustinebit,
973 5551 1018 5600 et
1040 5547 1253 5600 alterum
1277 5556 1574 5602 contemnet.

485 5637 539 5691 1.
579 5637 781 5691 Serr'ire
807 5638 1030 5703 pecunia!
1056 5638 1330 5691 maximum
1357 5640 1544 5691 malum
1559 5655 1578 5702 ;
1608 5657 1718 5693 eam
1745 5642 1992 5712 negligere

412 5729 696 5782 niaxin’mm
729 5728 929 5783 b'onz‘tm'.
964 5729 1190 5786 Christus
1219 5731 1362 5784 utilia
1389 5740 1554 5802 parat,
1590 5731 1709 5786 dum
1739 5730 1991 5791 contraria

2097 5370 2244 5422 tollit.
2263 5396 2334 5407 —
2356 5364 2514 5420 Vides
2541 5374 2598 5418 ut
2628 5364 2874 5432 paulatim
2903 5379 2932 5418 a
2960 5339 3308 5434 prmsentibus
3336 5368 3494 5422 rebus
3513 5366 3681 5422 abdu-

2095 5470 2202 5526 cat,
2229 5473 2294 5513 ac
2321 5455 2562 5526 pluribus
2591 5455 2658 5510 de
2683 5465 2992 5525 contemptu
3031 5455 3332 5520 divitiarum
3374 5471 3677 5511 sermonem

2099 5553 2356 5615 instituat,
2404 5559 2461 5603 et
2503 5547 2836 5620 tyrannidem
2888 5548 3190 5617 cupiditatis
3227 5539 3688 5617 dejiciattNeque

2098 5643 2241 5698 enim
2269 5648 2552 5696 contentus
2583 5640 2664 5703 iis,
2697 5653 2816 5704 qua:
2843 5640 3087 5708 superius
3107 5637 3260 5703 dixit,
3284 5637 3491 5692 etiamsi
3515 5639 3677 5696 multa

2099 5749 2152 5793 et
2188 5738 2440 5809 praeclara
2472 5735 2558 5790 illa
2589 5735 2714 5803 sint,
2741 5734 2844 5792 alia
2870 5731 3050 5802 adjicit
3077 5731 3231 5802 plura‘
3255 5739 3311 5788 et
3339 5720 3672 5789 terribiliora.
