4050 6220
440 281 546 338 295

430 408 568 478 Quid
597 408 743 464 enim
769 406 832 463 iis
863 422 980 479 quae
1009 423 1151 462 nunc
1175 407 1425 461 dicuntur
1465 406 1773 467 terribilius.
1814 407 1859 462 si
1891 421 2018 478 pro-

401 545 406 549 .
430 509 550 568 pter
583 500 838 569 pecunias
863 516 893 554 a
918 498 1117 554 Christi
1139 499 1395 553 servitute
1418 497 1668 553 excidere
1688 497 2019 554 debeamus?

428 592 556 664 quid
606 591 1031 656 desiderabilius,
1064 589 1107 644 si
1139 590 1205 643 iis
1248 590 1568 659 contemptis
1614 590 1853 645 strictam
1892 606 2016 660 erga

412 699 551 738 eum
571 683 994 739 benevolentiam
1023 690 1079 735 et
1104 682 1379 736 caritatem
1406 679 1636 735 habituri
1653 679 1851 734 simus?
1868 681 2017 747 Quod

430 778 571 833 enim
590 792 803 846 semper
824 776 963 839 dico,
996 776 1097 829 hoc
1126 783 1181 829 et
1205 790 1345 829 nunc
1360 773 1554 836 dicam,
1574 774 1745 843 ipsum
1764 788 1859 842 per
1875 784 2019 828 utra-

429 883 531 937 que
561 867 855 922 auditorem
886 882 1078 921 acuere
1103 866 1167 920 ad
1198 864 1597 934 obsequendum
1620 862 1799 930 dictis,
1829 872 1885 918 et
1920 876 2020 933 per

400 960 576 1015 “utilia
597 968 652 1015 et
676 974 770 1027 per
792 959 981 1012 noxia:
1014 955 1464 1028 quemadmodum
1494 956 1726 1025 optimus
1754 955 2013 1022 medicus,

425 1064 481 1110 et
507 1054 755 1109 morbum
778 1068 842 1107 ex
868 1050 1206 1120 negligentia,
1240 1058 1292 1104 ct
1312 1048 1591 1102 sanitatem
1623 1062 1688 1102 ex
1715 1045 2013 1101 obedientia

426 1154 877 1202 commonstraus.
912 1142 1044 1195 Vide
1071 1142 1246 1211 igitur,
1273 1146 1527 1209 quantum
1555 1137 1641 1191 hic
1665 1137 1868 1192 lucrum
1891 1152 2013 1190 rur-

426 1252 519 1293 sus
545 1236 811 1297 ostendat,
844 1246 897 1288 et
928 1232 1195 1301 quomodo
1222 1228 1372 1284 utilia
1401 1236 1571 1298 paret,
1600 1228 1726 1282 dum
1748 1227 2011 1282 contraria

428 1328 585 1382 tollit.
620 1326 800 1393 Neque
825 1324 988 1387 enim,
1020 1320 1207 1390 inquit,
1222 1318 1418 1376 divitia:
1443 1319 1563 1375 ideo
1592 1327 1793 1373 tantum
1821 1326 2014 1373 nocent

426 1420 600 1484 vobis,
642 1418 784 1488 quod
814 1416 959 1470 fures
987 1422 1171 1469 contra
1202 1426 1291 1467 vos
1318 1411 1480 1465 armis
1508 1411 1792 1473 instruant,
1840 1423 2012 1479 neque

425 1511 567 1583 quod
599 1520 827 1564 mentem
868 1506 1084 1561 omnino
1126 1503 1359 1559 tenebris
1384 1502 1688 1566 oliundant;
1730 1501 1823 1556 sed
1851 1502 2009 1556 etiam

414 1598 566 1669 quod
597 1617 662 1656 ex
690 1600 943 1655 servitute
974 1598 1063 1652 Dei
1087 1612 1182 1652 vos
1199 1596 1449 1664 dejiciant
1470 1637 1485 1661 ,
1514 1594 1817 1649 inanimatis
1848 1608 2011 1663 pecn-

394 1694 529 1748 ‘-niis
554 1707 651 1746 vos
680 1691 919 1761 captivos
951 1689 1241 1751 tradentes,
1274 1696 1328 1740 et
1372 1687 1617 1755 utrinque
1647 1693 1926 1749 nocentes,
1956 1694 2011 1739 et

423 1785 564 1855 quod
589 1800 779 1839 servos
807 1782 1037 1837 efficiant
1068 1794 1253 1833 eorum
1283 1778 1468 1848 quibus
1501 1778 1761 1847 imperare
1787 1776 2008 1831 debere.

421 1894 560 1942 mus,
587 1888 641 1932 et
664 1877 805 1946 quod
839 1890 932 1930 vos
956 1890 985 1928 a
1012 1875 1267 1929 servitute
1295 1872 1387 1925 Dei
1415 1870 1686 1939 dejiciant,
1725 1870 1811 1924 cui
1841 1868 2009 1923 maxi-

421 1986 510 2025 me
548 1969 750 2023 servire
794 1980 1014 2021 necesse
1060 1964 1211 2019 vobis
1249 1970 1349 2017 est.
1379 1960 1835 2029 Quemadmodum
1862 1961 2004 2016 enim

420 2059 531 2114 illic
554 2060 713 2113 etiam
734 2056 931 2126 duplex
960 2068 1079 2109 esse
1105 2062 1484 2108 nocumentum
1505 2050 1756 2116 ostendit,
1776 2059 1839 2106 et
1865 2049 2005 2120 quod

420 2152 491 2207 ibi
518 2151 874 2221 deponantur,
907 2147 994 2203 ubi
1022 2161 1202 2215 aerugo
1247 2143 1502 2209 corrodit,
1532 2152 1588 2198 ct
1624 2143 1765 2212 quod
1795 2143 1865 2197 ibi
1896 2158 2001 2196 non

418 2244 775 2313 deponantur,
804 2240 891 2294 ubi
916 2247 1024 2293 tuta
1044 2236 1283 2292 custodia
1303 2252 1318 2292 :
1341 2235 1419 2290 sic
1457 2242 1513 2290 et
1554 2233 1655 2289 hoc
1681 2235 1796 2288 loco
1824 2232 2003 2303 dupli-

390 2351 537 2391 'cem
568 2348 760 2388 noxam
805 2330 1060 2394 ostendit,
1102 2338 1157 2384 et
1197 2327 1339 2397 quod
1381 2343 1411 2381 a
1454 2327 1563 2381 Deo
1584 2324 1920 2390 abstraham,
1950 2335 2005 2381 et

416 2424 559 2496 quod
603 2439 865 2478 mamonze
894 2421 1195 2491 subjiciant.
1238 2418 1343 2474 Sed
1385 2433 1491 2472 non
1530 2418 1707 2472 statim
1750 2417 1800 2472 id
1830 2416 2000 2487 ponit,

418 2516 513 2571 sed
543 2516 593 2570 id
624 2516 771 2585 prius
796 2529 859 2570 ex
886 2512 1259 2567 communibus
1290 2520 1441 2580 parat
1467 2508 1779 2575 ratiociniis,
1816 2508 1894 2563 sic
1914 2507 2001 2562 di-

418 2621 579 2663 cens:
606 2605 772 2660 Nemo
802 2614 963 2675 potest
1008 2602 1202 2656 duobus
1241 2601 1459 2653 dominis
1490 2599 1673 2652 servire
1696 2614 1715 2653 :
1739 2598 1876 2654 duos
1917 2599 2005 2654 hic:

417 2698 601 2753 dicens
629 2698 717 2767 qui
746 2695 1012 2751 contraria
1045 2692 1372 2763 prtecipiant.
1400 2690 1531 2745 Nam
1557 2691 1600 2745 si
1628 2690 1679 2745 id
1704 2705 1808 2745 non
1834 2699 1997 2758 esset,

416 2804 522 2843 non
551 2787 656 2841 duo
681 2786 878 2840 forent.
910 2784 1041 2838 Nam
1074 2782 1419 2837 Multitudinis
1449 2780 1755 2835 credentium
1780 2790 1887 2835 erat
1911 2795 2001 2835 cor

417 2896 572 2935 unum
601 2888 646 2933 et
672 2879 971 2933 animatum
1004 2874 1140 2944 (Act.
1173 2875 1227 2930 ι.
1269 2874 1360 2943 52)
1381 2892 1394 2927 :
1417 2874 1540 2928 licet
1563 2873 1705 2927 enim
1732 2881 1915 2929 essent
1944 2873 1997 2928 in

415 2970 566 3041 plura
582 2982 803 3039 corpora
820 2968 996 3032 divisi,
1014 2975 1247 3020 attamen
1262 2963 1813 3033 concordia‘plurimos
1832 2977 1994 3018 unum

411 3062 699 3117 el‘liciebat.
730 3059 930 3115 Deinde
951 3058 1039 3113 illa
1067 3056 1363 3122 enmulans,
1385 3056 1542 3110 dicit:
1565 3054 1680 3110 Non
1710 3056 1869 3109 modo
1888 3070 1993 3110 non

413 3156 628 3216 serviet,
672 3153 764 3208 sed
794 3154 952 3207 etiam
984 3149 1106 3205 odio
1138 3149 1351 3204 habebit
1396 3157 1449 3202 ει
1492 3146 1821 3203 aversabitur
1848 3164 1863 3201 :
1894 3148 1995 3201 Ant

394 3249 545 3302 enim
572 3263 725 3300 unum
755 3245 873 3298 odio
901 3243 1115 3305 habebit,
1151 3242 1339 3312 inquit,
1365 3250 1413 3293 et
1437 3240 1652 3294 alterum
1680 3237 1994 3309 diligenaul

394 3355 568 3392 unum
597 3337 879 3402 sustinebit,
903 3344 951 3389 et
976 3336 1187 3388 alterum
1214 3339 1511 3386 contemnet.
1546 3333 1621 3385 Ac
1650 3330 1857 3384 videtur
1876 3332 1992 3400 qui-

409 3430 529 3483 dem
562 3428 640 3481 bis
668 3427 891 3497 idipsum
922 3424 1150 3488 dixisse;
1183 3422 1274 3477 sed
1301 3438 1405 3476 non
1431 3422 1546 3475 sine
1586 3434 1743 3475 causa
1774 3421 1851 3475 sic
1877 3435 1988 3475 rem

407 3520 763 3583 coacinnavit,
793 3516 885 3571 sed
931 3524 985 3569 ιιι
1027 3513 1333 3569 ostenderet
1362 3511 1566 3566 facilem
1597 3525 1716 3566 esse
1743 3512 1991 3565 mutatio-

394 3627 526 3666 nem
558 3612 609 3665 in
638 3610 845 3665 melius.
868 3607 946 3662 Ne
972 3606 1177 3661 diceres
1202 3604 1366 3666 enim,
1404 3602 1578 3657 Semel
1606 3616 1792 3656 servus
1819 3600 1987 3655 factus

402 3717 542 3767 sum,
575 3701 874 3756 divitiarum
905 3696 1186 3768 tyrannide
1217 3708 1536 3764 oppressus:
1561 3691 1796 3746 ostendit
1828 3706 1985 3760 posse

402 3794 455 3847 in
481 3792 638 3846 aliam
666 3791 904 3844 converti
949 3797 1152 3856 partem
1191 3801 1205 3836 :
1233 3794 1285 3839 et
1313 3783 1448 3837 sicut
1477 3798 1542 3836 ex
1590 3783 1687 3835 ista
1727 3783 1778 3836 iu
1811 3782 1979 3843 illam,

399 3885 479 3940 sic
513 3899 581 3939 ex
614 3883 698 3937 illa
741 3882 794 3936 in
837 3882 991 3934 istam
1019 3878 1217 3933 venire.
1260 3875 1392 3931 Cum
1420 3889 1548 3944 ergo
1574 3874 1678 3929 hoc
1706 3873 1981 3929 indefinite

396 3976 637 4038 dixisset,
666 3989 773 4042 quo
789 3971 1014 4026 auditori
1036 3968 1302 4033 suaderet,
1321 3975 1380 4021 ut
1402 3980 1611 4035 acquum
1637 3978 1696 4019 se
1715 3963 1974 4018 dictorum

376 4066 620 4134 judicent
653 4074 883 4133 gereret,
926 4071 980 4117 et
1020 4077 1085 4116 ex
1129 4060 1239 4129 ipsa
1269 4073 1448 4113 rerum
1482 4064 1665 4111 natura
1712 4055 1973 4109 calculum

393 4160 576 4220 ferret,
610 4168 885 4226 postquam
905 4154 1052 4208 illum
1074 4151 1173 4207 sibi
1191 4150 1608 4206 consentientem
1631 4146 1831 4207 habuit.
1850 4155 1974 4201 tunc

378 4253 626 4320 seipsum
658 4250 887 4312 revelat;
928 4245 1199 4315 subjunxit
1239 4244 1416 4297 enim:
1449 4240 1570 4295 Non
1618 4240 1819 4307 potestis
1862 4238 1970 4292 Deo

386 4344 572 4397 servire
603 4352 648 4395 et
682 4353 955 4393 montonis.
1009 4337 1463 4391 Exhorresmmus
1506 4330 1797 4401 cogitantes
1842 4331 1966 4400 quid

383 4435 653 4491 Christian
684 4434 862 4487 dicere
882 4429 1172 4500 coegimus,
1206 4428 1275 4481 ita
1308 4434 1367 4481 ut
1391 4440 1511 4481 cum
1537 4424 1644 4479 Deo
1660 4438 1847 4477 aurum
1867 4437 1965 4492 po-

362 4537 555 4583 neret.
587 4524 737 4591 Quod
782 4524 827 4578 si
867 4520 995 4579 illud
1028 4518 1302 4582 horribile,
1346 4517 1502 4586 longe
1548 4514 1854 4569 horribilius
1881 4521 1965 4568 est

382 4620 484 4673 hoc
509 4619 680 4686 reipsa
711 4615 844 4680 fieri,
876 4623 929 4669 et
959 4613 1051 4668 Dei
1076 4610 1257 4666 timori
1292 4609 1406 4669 auri
1445 4605 1778 4678 tyrannidem
1806 4613 1960 4659 ante-

378 4712 523 4764 ferri.
555 4708 692 4777 Quid
719 4707 911 4777 igitur?
938 4720 1115 4759 annou
1160 4701 1300 4773 apud
1332 4707 1540 4754 veteres
1584 4696 1810 4767 idipsum
1844 4695 1957 4750 lleri

373 4803 579 4872 potuit?
610 4801 840 4854 Minime.
874 4796 1152 4866 Quomodo
1192 4809 1319 4865 ergo
1360 4789 1647 4852 Abraham,
1691 4789 1956 4859 quomodo

370 4896 470 4951 Job
503 4895 698 4947 virtute
732 4892 1007 4946 claruere?
1033 4889 1110 4945 Ne
1146 4890 1273 4943 mihi
1303 4886 1495 4943 divites
1542 4899 1828 4949 memores,
1860 4884 1951 4938 sed

350 4985 567 5039 'divitiis
596 4985 917 5037 servientes.
963 4982 1094 5036 Nam
1123 4981 1225 5036 Job
1253 4981 1402 5035 dives
1442 4979 1654 5047 quidem
1685 4986 1821 5041 erat,
1856 4979 1947 5030 sed

354 5092 473 5131 «non
492 5077 771 5132 serviebat
799 5089 1089 5139 mamonae;
1116 5074 1328 5129 divitias
1355 5070 1582 5126 habebat
1615 5078 1668 5123 et
1713 5070 1946 5131 tenebat,

360 5186 427 5224 ac
452 5168 721 5233 dominus,
742 5181 859 5222 non
886 5179 1071 5220 servus
1097 5174 1231 5220 erat.
1260 5164 1466 5218 Etenim
1492 5163 1627 5216 sicut
1652 5161 1943 5214 alienarum

364 5260 710 5329 pecuniarum
751 5256 1109 5328 dispensator,
1153 5256 1231 5310 sic
1270 5254 1357 5309 illa
1387 5252 1562 5307 omnia
1593 5248 1941 5322 possidebat:

355 5365 471 5405 non
498 5351 655 5403 modo
672 5351 849 5405 aliena
871 5365 974 5404 non
998 5350 1232 5421 rapiens,
1250 5350 1346 5406 sed
1364 5351 1528 5404 etiam
1551 5366 1645 5406 sua
1669 5352 1949 5421 egentibus

358 5440 621 5511 largiens.
638 5441 897 5513 Quodque
915 5440 1092 5511 majus
1109 5451 1346 5495 est:nec
1363 5442 1427 5494 de
1446 5442 1797 5510 praesentibus
1816 5457 1949 5513 gau-
2045 5443 2276 5498 eessario
2317 5439 2437 5494 cibo
2480 5436 2738 5491 sollicitos
2779 5446 2898 5487 esse
2942 5440 3116 5495 vetat,
3157 5429 3340 5484 dicens
3387 5447 3401 5484 :

1143 291 1198 348 S.
1238 288 1516 347 JOANNIS
1548 285 2029 347 CIIRYSOSTOMI
2068 289 2383 350 ARCHIEP.
2421 294 2952 356 CONSTANTINOP.

3603 304 3710 361 296

2128 407 2226 465 sed
2275 411 2499 480 captivis
2547 413 2870 482 quibuslibet
2912 415 3145 471 deterius
3191 416 3387 480 allecti.
3420 433 3706 486 mamonae,

2125 503 2275 569 quasi
2306 508 2533 573 tyranno
2553 503 2762 557 cuidam
2790 507 2983 558 acerbo
3006 506 3198 561 tributa
3234 507 3547 575 pendentes.
3574 509 3710 565 Nam

2123 593 2273 660 quasi
2301 606 2479 649 arcem
2502 593 2783 663 quamdam
2831 596 3064 665 ipsorum
3104 596 3342 651 animum
3369 612 3521 653 amor
3546 613 3708 669 pecu.

2122 684 2328 757 niarum
2359 684 2570 753 invasit,
2599 693 2655 742 et
2672 686 2919 740 mandata
2943 688 3088 741 omni
3110 687 3263 755 plena
3286 689 3561 759 iniquitate
3582 691 3710 745 inde

2120 773 2251 845 ipsis
2277 777 2437 831 mittit
2457 779 2692 847 quotidie
2714 796 2728 835 :
2752 793 3013 849 nemoque
3031 788 3115 834 est
3132 780 3221 850 qui
3242 781 3341 849 ipsi
3363 796 3466 835 non
3493 784 3708 839 obtem-

2120 874 2290 932 peret.
2324 866 2403 923 Ne
2438 869 2613 938 itaque
2637 870 2691 923 iu
2716 885 2912 925 vanum
2942 869 3348 941 philosopheris.
3377 871 3508 926 Nam
3533 870 3710 930 semel

2124 956 2262 1010 Deus
2282 960 2599 1014 sententiam
2630 961 2772 1026 tulit,
2803 961 3042 1031 dixitque
3069 976 3173 1015 non
3206 976 3364 1030 posse
3393 962 3530 1017 hanc
3556 973 3611 1017 et
3634 964 3704 1017 il-

2113 1046 2221 1101 lam
2243 1050 2549 1104 servitutem
2570 1066 2671 1104 una
2687 1066 3026 1106 concurrere.
3048 1046 3128 1107 Ne
3144 1050 3290 1105 dicas
3306 1067 3434 1121 ergo
3450 1060 3525 1115 tu,
3547 1063 3707 1120 posse

2117 1151 2457 1195 concurrere.
2486 1141 2616 1195 Cum
2636 1142 2777 1196 enim
2808 1142 2897 1196 ille
2923 1157 3130 1210 rapere,
3154 1141 3241 1197 hic
3258 1156 3381 1198 sese
3403 1144 3705 1212 exspoliare

2107 1225 2324 1296 'jubeat;
2348 1228 2433 1284 hic
2458 1241 2663 1286 castum
2690 1246 2829 1295 esse.
2856 1232 2948 1287 ille
2969 1231 3247 1300 fornicari;
3272 1233 3357 1289 hic
3378 1232 3631 1291 inebriari
3650 1249 3703 1290 et

2117 1332 2315 1373 mensae
2340 1319 2544 1376 deliciis
2573 1322 2696 1387 frui,
2730 1324 2819 1379 ille
2847 1334 3084 1378 ventrem
3128 1324 3423 1392 moderari;
3475 1327 3563 1382 hic
3601 1326 3704 1383 de-

2114 1410 2320 1479 spicere
2351 1414 2649 1481 prmsentia,
2694 1416 2783 1471 ille
2826 1416 2889 1470 iis
2916 1415 3147 1480 haerere;
3180 1416 3267 1473 ille
3292 1418 3404 1487 ipse
3429 1434 3700 1477 marmora

2115 1503 2297 1557 mirari
2341 1512 2396 1559 et
2443 1514 2660 1562 ornatos
2706 1507 2936 1579 parietes
2979 1518 3138 1579 atque
3164 1508 3462 1578 laquearia;
3495 1511 3580 1567 hic
3605 1512 3701 1567 illa

2112 1593 2390 1665 despicere
2411 1606 2465 1651 et
2488 1597 2878 1669 philosophiam
2920 1600 3096 1655 colere
3134 1618 3148 1653 :
3179 1600 3447 1669 quomodo
3476 1610 3703 1671 possunt

2114 1681 2229 1739 haec
2253 1687 2576 1742 convenire?

2181 1774 2234 1827 2.
2300 1775 2470 1843 Quare
2510 1778 2573 1831 de
2619 1793 2857 1832 montana
2905 1779 3050 1846 quasi
3094 1779 3158 1833 de
3207 1781 3410 1835 domino
3464 1784 3701 1853 loquatur

2112 1864 2361 1920 Christus.
2392 1865 2592 1921 Damna
2621 1885 2684 1922 ex
2719 1870 2908 1923 divitiis
2934 1882 3101 1939 parta.
3122 1901 3193 1911 -
3214 1872 3308 1927 llic
3335 1888 3494 1941 porro
3518 1876 3700 1932 domi-

2112 1971 2239 2010 num
2273 1973 2572 2013 mamonam
2616 1962 2842 2026 vocavit,
2885 1976 2989 2016 non
3033 1964 3173 2032 quod
3221 1975 3408 2020 natura
3448 1968 3565 2022 talis
3601 1970 3697 2032 sit,

2107 2047 2202 2100 Sed
2231 2048 2299 2101 ob
2329 2063 2513 2103 eorum
2553 2050 2641 2120 qui
2684 2065 2802 2106 sese
2846 2053 2920 2106 illi
2951 2053 3231 2122 subjccerc
3268 2057 3560 2112 miseriam.
3604 2058 3699 2115 Sic

2108 2140 2540 2195 etiam‘veutrem
2567 2142 2723 2195 deum
2772 2154 2949 2211 vocat,
2994 2159 3099 2198 non
3147 2160 3177 2198 a
3219 2146 3475 2217 dignitate
3518 2149 3697 2204 domi-

2109 2233 2307 2291 nantis,
2349 2233 2443 2287 sed
2485 2250 2513 2287 a
2554 2235 2897 2290 servientium
2942 2238 3187 2301 miseria;
3230 2239 3369 2309 quod
3396 2242 3544 2297 onmi
3569 2258 3697 2314 sup-

2108 2321 2264 2391 plicio
2292 2324 2443 2393 pejus
2469 2335 2570 2389 est,
2614 2337 2668 2380 et
2709 2337 2833 2381 ante
2873 2329 3189 2398 supplicium
3224 2339 3397 2400 potest
3421 2336 3695 2402 captivum

2106 2415 2311 2470 ulcisci.
2339 2416 2541 2483 Quibus
2566 2419 2709 2472 enim
2734 2418 2998 2473 damnatis
3023 2422 3333 2478 miseriores
3360 2440 3466 2479 non
3493 2424 3697 2485 fuerint

2106 2507 2162 2571 ii,
2205 2507 2292 2577 qui
2336 2506 2501 2562 Deum
2543 2507 2817 2563 dominum
2861 2509 3136 2576 habentes,
3176 2526 3206 2565 a
3248 2521 3359 2569 tam
3402 2529 3689 2573 mansueto

2104 2598 2198 2654 illa
2236 2614 2403 2669 regno
2440 2600 2507 2654 ad
2554 2601 2921 2671 gravissimam
2966 2619 3026 2658 se
3074 2606 3409 2676 tyrannidem
3458 2611 3690 2667 transfe-

2105 2698 2230 2744 runt
2251 2690 2552 2760 subigendi,
2589 2706 2709 2745 cum
2738 2701 2943 2749 tantum
2969 2692 3093 2748 hinc
3120 2693 3501 2752 detrimentum
3526 2700 3689 2757 etiam

2104 2779 2157 2835 in
2190 2788 2331 2834 terra
2371 2782 2673 2851 accipiant?
2694 2782 2828 2838 Nam
2860 2783 2983 2839 hinc
3007 2784 3257 2840 damnum
3287 2788 3496 2858 ingens.
3542 2791 3683 2858 lites,

2102 2871 2381 2936 molestize,
2413 2874 2855 2937 concertationes,
2886 2875 3116 2941 labores,
3145 2877 3337 2933 anima:
3366 2881 3603 2947 cacitas,
3631 2896 3686 2938 et

2100 2963 2240 3033 quod
2265 2965 2501 3018 omnium
2525 2966 2895 3034 gravissimum
2921 2975 3022 3031 est,
3052 2967 3138 3022 illa
3164 2984 3427 3026 mamonae
3453 2974 3687 3032 servitus

2099 3069 2130 3109 a
2182 3057 2428 3125 supernis
2483 3057 2637 3111 bonis
2690 3071 2788 3112 nos
2840 3057 3083 3128 dejicit‘.
3131 3059 3264 3115 Cum
3309 3061 3469 3132 igitur
3507 3080 3576 3120 ex
3617 3067 3685 3123 iis

2097 3147 2346 3201 omnibus
2383 3149 2700 3203 ostendisset
2750 3159 2945 3218 quanta
2990 3149 3190 3205 utilitas
3226 3167 3290 3207 ex
3337 3157 3682 3222 pecuniarum

2100 3249 2406 3307 contemptu
2435 3241 2740 3308 proveniret
2764 3250 2820 3295 et
2844 3242 2909 3295 ad
2937 3242 3105 3312 ipsam
3133 3245 3476 3314 pecuniarum
3500 3262 3680 3306 custo-

2094 3331 2256 3397 diam,
2290 3339 2346 3387 ει
2382 3333 2446 3385 ad
2492 3332 2683 3386 anima:
2723 3334 3068 3401 voluptatem,
3113 3344 3166 3389 ct
3205 3336 3273 3389 ad
3325 3336 3679 3409 philosophia:

2094 3427 2507 3493 possessionem,
2535 3426 2676 3479 et-ad
2704 3425 2916 3495 pietatis
2946 3425 3182 3488 tutelam,
3212 3426 3427 3482 demum
3461 3431 3672 3497 probat,

2094 3515 2257 3583 ipsam
2286 3530 2421 3580 rem,
2452 3515 2520 3570 de
2548 3531 2651 3583 qua
2684 3517 2955 3579 admonet,
3000 3530 3157 3586 posse
3197 3518 3331 3573 fieri.
3369 3519 3494 3574 ll:ec
3531 3525 3672 3576 enim

2091 3605 2225 3674 legis
2266 3605 2496 3660 ferenda:
2540 3607 2738 3675 Optima
2792 3608 2930 3660 ratio
2982 3615 3103 3672 est,
3160 3622 3265 3661 non
3313 3609 3473 3663 modo
3524 3613 3671 3668 utilia

2087 3699 2397 3768 przecipere,
2429 3698 2520 3752 sed
2549 3697 2707 3752 etiam
2737 3697 3008 3767 possibilia
3039 3697 3295 3763 reddere;
3340 3698 3567 3770 ideoque
3593 3705 3671 3759 sic

2088 3791 2301 3859 pergit:
2345 3788 2435 3841 εδ.
2480 3786 2653 3842 Nolite
2697 3788 2898 3841 solliciti
2941 3803 3047 3842 esse
3087 3789 3271 3841 animle
3308 3799 3502 3855 vestra,
3545 3793 3669 3859 quid

2083 3882 2413 3935 ntundttcetis.
2456 3881 2532 3936 Ne
2560 3882 2701 3936 enim
2747 3881 3004 3943 dicerent,
3032 3880 3168 3948 Quid
3208 3882 3375 3950 ergo?
3400 3883 3443 3935 si
3485 3885 3664 3938 omnia

2083 3973 2442 4044 projieiamus,
2476 3973 2740 4041 quomodo
2774 3972 2955 4026 vivere
2998 3970 3332 4040 poterimus?
3358 3972 3479 4027 huic
3514 3974 3666 4043 obje-

2078 4065 2239 4118 ctioui
2286 4074 2583 4133 opportune
2611 4062 2862 4119 occurrit.
2891 4059 3040 4117 Sicut
3063 4060 3203 4115 enim
3242 4061 3287 4116 si
3326 4076 3355 4115 a
3402 4064 3661 4132 principio

2076 4156 2317 4220 dixisset,
2360 4154 2536 4209 Nolite
2569 4155 2774 4209 solliciti
2815 4170 2941 4217 esse,
2986 4153 3245 4207 molestus
3283 4168 3467 4208 sermo
3514 4157 3660 4211 visus

2074 4261 2215 4305 esset
2244 4267 2258 4303 :
2289 4252 2367 4305 sic
2397 4258 2675 4319 postquam
2701 4244 2935 4301 ostendit
2956 4245 3244 4314 perniciem
3265 4258 3336 4298 ex
3360 4259 3543 4300 arnore
3562 4261 3657 4314 pe-

2070 4343 2243 4398 cunia).
2298 4351 2534 4410 partam,
2583 4346 2740 4407 captu
2793 4335 3005 4390 facilem
3057 4344 3241 4404 postea
3294 4333 3650 4390 hortationem

2070 4433 2304 4487 adhibet.
2339 4430 2567 4498 ideoque
2596 4442 2699 4481 non
2727 4425 2885 4480 modo
2914 4425 3064 4488 dixit,
3100 4422 3275 4478 Nolite
3299 4424 3505 4478 solliciti
3522 4441 3647 4490 esse,

2067 4525 2159 4581 sed
2186 4523 2361 4579 addita
2394 4536 2571 4581 causa.
2605 4520 2682 4575 sic
2708 4525 3031 4588 praeceptum
3075 4516 3283 4570 extulit.
3333 4515 3464 4569 Cum
3504 4518 3647 4571 enim

2063 4618 2305 4678 dixisset,
2342 4613 2461 4667 Non
2499 4611 2702 4680 potestis
2745 4608 2855 4661 Deo
2897 4607 3081 4661 servire
3125 4615 3173 4659 et
3216 4620 3480 4670 rnamenta,
3522 4604 3647 4660 sub-

2058 4708 2235 4779 junxit
2267 4724 2279 4758 :
2318 4703 2592 4771 Propterea
2621 4702 2733 4753 dico
2757 4698 2912 4760 vobis,
2944 4697 3095 4749 nolite
3118 4695 3322 4749 solliciti
3346 4711 3469 4748 esse.
3506 4693 3642 4748 Pro-

2060 4811 2250 4869 pterea,
2282 4795 2482 4866 quare?
2514 4793 2735 4859 Propter
2765 4791 2948 4859 ingens
2974 4787 3250 4841 damnum.
3278 4783 3459 4854 Neque
3499 4784 3640 4838 enim

2058 4897 2108 4948 in
2140 4889 2377 4961 pecuniis
2406 4893 2608 4938 tantum
2639 4895 2775 4936 noxa
2802 4888 2903 4940 est.
2947 4877 3040 4932 sed
3079 4877 3239 4931 etiam
3272 4876 3325 4930 in
3354 4877 3637 4946 praecipuis

2057 4987 2205 5054 plaga
2241 4978 2511 5049 infligitur,
2543 4974 2703 5029 etiam
2734 4988 2798 5025 ex
2824 4971 3011 5025 salutis
3044 4968 3352 5023 amissione.
3382 4967 3514 5022 Nam
3541 4983 3634 5022 vos

2050 5094 2077 5125 a
2128 5073 2236 5128 Deo
2273 5078 2535 5131 creatore,
2573 5074 2838 5128 curatore,
2883 5070 3120 5114 amatore
3162 5060 3438 5126 dejicinnt.
3503 5058 3631 5113 1³η)-

2053 5176 2220 5236 pterea
2245 5163 2358 5217 dico
2384 5161 2539 5224 vobis,
2585 5156 2759 5211 Nolite
2787 5153 2990 5210 solliciti
3030 5170 3155 5207 esse.
3188 5153 3448 5219 Quoaiam
3488 5153 3626 5206 cnim

2049 5257 2236 5327 ingens
2273 5259 2647 5308 nocumentum
2683 5244 2937 5309 ostendit,
2984 5252 3307 5314 praeceptum
3360 5243 3643 5319 extendit.\

2047 5350 2161 5406 Non
2188 5347 2347 5404 modo
2371 5345 2512 5401 enim
2536 5344 2673 5398 bona
2699 5340 2895 5410 ejicere
2918 5337 3090 5407 jubet,
3123 5335 3216 5392 sed
3258 5337 3419 5390 etiam
3445 5335 3515 5391 de
3542 5350 3623 5390 ne-

3387 5447 3401 5482 :
3452 5427 3623 5482 Nolite

316 5586 339 5604 ,
366 5533 547 5597 debat,
577 5545 634 5587 ut
665 5534 755 5593 ille
781 5533 1020 5589 declarat
1048 5533 1234 5587 dicens
1261 5550 1277 5587 :
1309 5531 1371 5587 Si
1404 5532 1614 5586 ltetatus
1644 5548 1782 5597 sum,
1808 5535 1948 5601 quod
2042 5534 2245 5588 solliciti
2268 5547 2375 5585 esse
2403 5529 2586 5583 anima:
2614 5536 2807 5589 vestra,
2833 5523 2955 5594 quid
2984 5520 3316 5576 manducetis.
3345 5518 3461 5574 Non
3482 5518 3617 5590 quod

365 5627 552 5679 multa
574 5626 704 5679 inihi
724 5635 899 5680 essent
926 5624 1125 5681 divitia:
1152 5621 1295 5693 (Job.
1321 5624 1411 5677 3|.
1433 5623 1558 5692 25);
1590 5623 1820 5694 ideoque
1845 5624 1951 5679 illis

369 5719 587 5774 amissis
612 5734 721 5774 non
751 5718 939 5777 doluit.
965 5720 1033 5772 At
1066 5733 1173 5774 non
1202 5720 1338 5775 tales
1369 5717 1528 5774 hodie
1556 5716 1750 5775 divites
1776 5723 1905 5773 sunt
1933 5732 1949 5770 :

2107 5639 2123 5668 ί
2148 5635 2236 5684 Ed.
2260 5634 2510 5692 Cantabr.,
2542 5632 2682 5695 cujus
2709 5631 2873 5695 Graeca
2898 5622 3246 5695 expressimus
3271 5636 3283 5669 :
3310 5627 3419 5690 etq:
3440 5633 3491 5695 ρ.
3516 5631 3613 5695 ge.

2047 5681 2618 5761 (quifseriitjnamonaaj
2663 5689 2846 5744 excidit
2881 5704 2912 5739 a
2953 5681 3175 5749 supernis
3211 5681 3455 5743 κωπίω
3475 5681 3616 5742 αλιι

2045 5755 2243 5811 servitio
2269 5755 2377 5809 Dei.
