4050 6220
343 269 450 324 297

347 380 523 436 anima
550 381 674 438 cibo
700 387 866 450 egeat,
892 376 1200 444 incorporea
1232 369 1372 422 enim
1394 375 1509 431 est;
1537 364 1630 421 sed
1649 361 1919 418 communi

350 470 601 542 loquendi
647 484 795 524 more
848 481 974 520 usus
1017 473 1119 518 est.
1178 459 1396 515 Etiamsi
1451 457 1591 511 enim
1640 454 1764 515 cibo
1813 467 1920 507 non

350 572 525 634 egeat,
554 577 656 618 non
680 568 848 630 potest
873 557 927 610 in
955 567 1180 622 corpore
1206 563 1444 612 manere,
1486 545 1587 600 nisi
1619 545 1791 616 ipsum
1819 559 1921 598 nu-

353 658 564 710 triatttr.
594 654 875 720 Postquam
896 647 998 702 hoc
1019 647 1170 708 dixit,
1201 658 1304 698 non
1332 640 1644 710 simpliciter
1669 638 1921 707 loquitur,

353 748 452 801 sed
477 747 558 799 hic
599 744 758 798 etiam
787 744 952 795 utitur
992 735 1315 798 ratiociniis;
1355 747 1578 803 quorum
1624 730 1725 785 alia
1761 745 1828 783 ex
1859 729 1923 781 iis

354 852 469 906 qua:
492 833 626 904 apud
657 848 753 886 nos
789 837 933 894 sunt,
963 829 1066 883 alia
1091 843 1154 882 ex
1182 825 1309 880 aliis.
1327 823 1584 891 exemplis
1620 827 1921 874 stununtur.

356 927 426 980 Ex
459 925 522 979 iis
555 939 672 994 quae
698 921 838 992 apud
865 936 966 976 nos
993 926 1116 973 sunt
1153 917 1230 972 sic
1265 916 1376 969 ait:
1403 912 1588 967 Nonne
1616 912 1786 964 anima
1809 909 1925 979 plus

348 1025 421 1069 est
457 1031 610 1084 quant
641 1030 775 1078 esca,
806 1021 854 1066 et
878 1026 1058 1079 corpus
1089 1008 1204 1078 plus
1231 1021 1382 1076 quant
1407 1001 1790 1058 vestimentum?
1821 999 1924 1068 Qui

352 1107 509 1176 igitur
538 1107 588 1160 id
615 1104 755 1172 quod
787 1102 958 1173 majus
983 1111 1064 1156 est
1089 1099 1254 1166 dedit,
1284 1096 1552 1168 quomodo
1579 1095 1721 1166 quod
1749 1094 1925 1148 minus

351 1207 436 1254 est
481 1213 586 1252 non
633 1195 822 1251 dabit?
857 1194 946 1264 qui
993 1206 1206 1248 carnem
1251 1205 1370 1260 qua:
1407 1189 1568 1242 alitur
1604 1184 1922 1250 cil‘ormavit,

351 1288 620 1360 quomodo
646 1287 746 1356 ipsi
784 1300 958 1341 escam
985 1300 1088 1338 non
1124 1279 1414 1351 praebebit?
1438 1269 1562 1332 Eleo
1591 1292 1695 1330 non
1723 1273 1928 1343 simpli-

352 1382 488 1437 citer
525 1379 660 1434 dixit
687 1398 702 1434 :
728 1375 903 1430 Nolite
937 1374 1140 1429 solliciti
1167 1388 1290 1436 esse,
1317 1369 1442 1440 quid
1476 1366 1807 1429 manducetis,
1838 1370 1929 1417 aut

354 1490 450 1544 quo
485 1469 803 1533 induamini;
841 1468 950 1525 sed-
977 1465 1154 1529 addit,
1185 1462 1418 1532 Corpori,
1446 1467 1520 1522 et,
1548 1457 1776 1520 Anima’;
1805 1454 1928 1522 quia

355 1579 419 1616 ex
442 1562 569 1631 ipsis
596 1568 715 1614 crat
733 1556 974 1625 exempla
1000 1563 1329 1620 sumpturus,
1362 1563 1456 1618 per
1477 1545 1927 1615 comparationem

357 1651 671 1723 procedens.
699 1647 804 1703 Sed
831 1645 1064 1705 animam
1102 1640 1315 1710 quidem
1344 1638 1510 1698 semel
1533 1636 1700 1700 dedit,
1731 1643 1785 1688 et
1813 1648 1930 1687 ma-

359 1740 558 1795 net'rlia
574 1746 630 1793 ut
643 1738 766 1793 data
783 1749 884 1803 est;
900 1752 1098 1806 corpus
1111 1752 1236 1790 vero
1255 1745 1483 1805 augetur
1496 1733 1761 1804 quotidie.
1778 1729 1932 1798 Quod

361 1840 651 1900 utrumque
664 1839 722 1883 ut
740 1828 991 1894 ostendit,
1010 1829 1222 1882 etillius
1237 1827 1720 1890 immortalitatem,
1739 1823 1933 1892 huiusn-

357 1921 678 1988 queiluxam
695 1928 942 1973 naturam
959 1914 1679 1985 declat-asininumsubjungit
1693 1933 1705 1968 :
1718 1914 1787 1966 ‘27
1801 1911 1931 1977 Quis

360 2016 518 2071 potest
542 2022 604 2059 ea:
627 2005 762 2059 vobis
797 2003 1016 2073 adjicere
1046 2011 1250 2055 statura:
1262 2013 1371 2052 sua:
1383 1997 1603 2051 cubitum
1629 2011 1784 2049 unum
1801 1994 1828 2047 ?
1855 1994 1934 2049 De

358 2099 532 2155 anima
560 2107 759 2162 tacens,
799 2111 917 2165 qua:
944 2093 1264 2153 incrementa
1302 2106 1408 2144 non
1437 2096 1672 2159 caperet,
1713 2087 1782 2142 de
1815 2101 1935 2142 cor-

359 2205 488 2260 pore
516 2197 718 2244 tantum
734 2186 990 2249 disseruit
1019 2202 1032 2239 :
1059 2200 1137 2246 ex,
1163 2197 1268 2252 quo
1297 2181 1424 2236 illttd
1452 2180 1706 2244 ostendit,
1743 2194 1959 2249 nempe.

355 2293 461 2335 non
484 2278 605 2334 cibo
626 2276 752 2332 illud
771 2274 1208 2346 augeri,,scd.l)ei
1230 2271 1576 2342 providentia.
1597 2270 1750 2339 Quod
1773 2270 1932 2331 etiam

355 2385 452 2440 per
469 2371 570 2424 alia
597 2370 791 2424 Paulus
815 2369 1186 2422 demonstrans
1208 2365 1450 2421 dicebat:
1475 2363 1641 2436 Igitur
1667 2380 1825 2434 neque
1848 2363 1936 2434 qui

355 2463 572 2531 plantat,
619 2475 776 2530 neque
815 2459 904 2528 qui
944 2459 1097 2529 rigat,
1139 2467 1211 2511 est
1256 2455 1468 2526 aliquid,
1513 2456 1600 2509 sed
1637 2455 1721 2524 qui
1768 2455 1935 2508 incre-

355 2565 577 2608 mentum
605 2553 714 2617 dat,
740 2551 876 2606 Deus
906 2550 984 2620 (l.
1021 2548 1139 2602 Cor.
1171 2548 1225 2603 '5.
1250 2549 1325 2617 7).
1354 2546 1438 2601 Ab
1465 2547 1530 2600 iis
1555 2545 1712 2615 igitur
1736 2561 1853 2614 qua:
1885 2550 1940 2604 in

357 2649 509 2705 nobis
535 2658 659 2702 sunt
680 2648 748 2700 ita
773 2645 1080 2703 cohortatus
1106 2650 1225 2696 est:
1253 2641 1320 2695 ab
1345 2640 1464 2694 aliis
1486 2652 1612 2696 vero
1638 2637 1933 2707 exemplis:

353 2740 444 2794 26.
497 2739 718 2808 Aspicite
759 2735 984 2794 volatilia
1026 2734 1172 2799 cteli,
1219 2729 1409 2802 inquit.
1442 2729 1517 2785 Ne
1545 2729 1664 2800 quis
1697 2728 1931 2795 diceret,

356 2832 485 2886 utile
534 2829 688 2884 nobis
725 2843 846 2884 esse
886 2827 936 2887 si
978 2825 1190 2881 solliciti
1223 2824 1410 2886 simus,
1441 2832 1496 2878 et
1527 2837 1560 2880 a
1593 2821 1782 2892 majori
1813 2831 1868 2876 et
1903 2836 1934 2874 a

358 2922 549 2983 minori
575 2920 721 2989 ipsos
745 2917 1097 2982 dehortatur;
1124 2930 1153 2969 a
1195 2913 1383 2984 majori
1413 2928 1626 2983 nempe,
1657 2913 1724 2968 ab
1757 2912 1933 2976 anima

356 3023 408 3066 et
451 3025 708 3080 corpore;
754 3025 795 3066 a.
825 3009 1039 3072 minori,
1066 3007 1134 3064 ab
1161 3007 1373 3067 avibus...
1403 3005 1459 3061 Si
1503 3007 1644 3064 enim
1676 3007 1834 3068 ctiam
1866 3006 1935 3061 de

357 3105 512 3174 lange
528 3101 870 3157 inferioribus
893 3110 1089 3155 tantam
1106 3099 1244 3170 gerit
1265 3114 1470 3160 curam,
1493 3097 1760 3168 quomodo
1785 3098 1933 3155 vobis

358 3216 462 3255 non
493 3200 726 3271 idipsum
747 3196 1051 3268 praestabit;
1081 3194 1269 3265 inquit.
1297 3195 1363 3248 Et
1391 3193 1507 3256 haec
1538 3193 1754 3263 quidem
1785 3193 1930 3258 illis;

357 3301 474 3348 erat
497 3294 692 3363 quippe
720 3291 871 3346 turba
907 3289 1123 3360 populi;
1157 3287 1370 3345 diabolo
1398 3295 1706 3342 autemnon
1732 3285 1810 3340 sic
1841 3299 1929 3340 re-

357 3384 589 3454 spondit,
618 3382 711 3437 sed
739 3380 1042 3453 quomodo?
1070 3378 1198 3434 Non,
1222 3380 1278 3436 in
1303 3379 1412 3434 solo
1439 3395 1568 3446 pane
1607 3379 1732 3432 vivet
1759 3378 1929 3443 homo,

355 3477 445 3529 sed
481 3476 533 3528 in
559 3474 696 3529 omni
725 3473 870 3527 verba
893 3471 1033 3542 quod
1057 3470 1280 3553 procedit
1308 3470 1378 3525 de.
1399 3485 1487 3528 ore
1510 3468 1607 3529 Dei
1635 3467 1849 3541 (Matth,
1875 3471 1929 3526 4.

357 3568 433 3636 4).
467 3566 563 3622 llic
587 3575 764 3620 autem
789 3564 1020 3620 volatilia
1043 3572 1322 3628 memorat,
1345 3563 1439 3618 sed
1467 3563 1626 3618 modo
1649 3563 1716 3618 ad
1741 3563 1934 3618 cohor-

359 3658 576 3714 tandum
607 3657 829 3726 optimo,
871 3656 960 3726 qui
1002 3657 1054 3708 in
1099 3655 1459 3709 admonitione
1505 3655 1788 3710 maximam
1827 3656 1932 3709 vim

359 3751 566 3804 habeat.
601 3747 706 3804 Sed
733 3747 786 3802 in
814 3755 1018 3802 tantum
1045 3745 1362 3814 insipientia:
1400 3745 1612 3815 quidam
1653 3745 1802 3815 impii
1838 3761 1934 3802 ve-

359 3849 565 3905 nerant,
616 3849 673 3895 nt
711 3839 1012 3906 exemplum
1057 3835 1530 3906 reprehenderent.
1573 3835 1754 3906 Neque
1791 3836 1934 3892 enim

357 3931 610 4000 oportuit,
636 3928 962 3999 inquiebant,
984 3943 1106 3980 eum
1121 3927 1210 3995 qui
1240 3925 1536 3983 voluntates
1559 3929 1836 3993 excitaret,
1867 3943 1932 3983 ex

360 4021 677 4077 naturalium
707 4035 881 4075 rerum
925 4018 1193 4088 exemplis.
1222 4015 1274 4072 id
1301 4031 1478 4087 agere,
1504 4017 1700 4088 quippe
1733 4033 1856 4088 qua
1881 4018 1933 4073 id

360 4115 590 4170 habeant
610 4129 678 4168 ex
703 4122 914 4166 natura.

429 4208 483 4262 ὅ.
522 4205 658 4273 Quid
689 4205 848 4275 igitur
872 4201 939 4257 ad
964 4201 1079 4256 haec
1099 4201 1379 4256 dicamus?
1403 4200 1624 4256 Etiamsi
1665 4200 1717 4256 id
1743 4216 1807 4257 ex
1836 4217 1933 4256 na-

360 4309 474 4356 tura
499 4298 776 4364 insitillis,
804 4309 964 4366 posse
993 4294 1046 4349 id
1069 4294 1229 4350 etiam
1259 4292 1414 4348 nobis
1451 4308 1517 4347 ex
1549 4292 1726 4348 studio
1751 4293 1935 4350 volun-

359 4394 482 4448 tatis
518 4390 794 4446 arcedere.
847 4387 965 4443 Non
1011 4387 1152 4442 enim
1201 4384 1354 4452 dixit,
1383 4383 1652 4455 RcSpicite
1695 4386 1934 4441 volatilia

359 4484 628 4555 quomodo
651 4482 850 4547 volent,
897 4479 1038 4550 quod
1072 4495 1177 4534 non
1208 4486 1387 4548 potest
1424 4477 1607 4546 homo,
1651 4477 1746 4533 sed
1791 4477 1933 4549 quod

357 4577 476 4631 sine
503 4572 862 4629 sollicitudine
885 4571 1129 4625 alantur:
1157 4569 1297 4639 qttod
1335 4568 1490 4624 nobis
1528 4569 1688 4626 etiatn
1716 4569 1860 4634 licet,
1888 4569 1934 4624 si

360 4668 623 4723 volumus.
652 4664 819 4734 quue
860 4661 1274 4732 comprobarunt
1309 4660 1344 4714 ii
1385 4660 1473 4730 qtti
1502 4659 1555 4713 id
1580 4675 1744 4729 opere
1781 4660 1933 4714 exhi-

361 4763 608 4816 buerunt.
639 4757 974 4824 Quapropter
1002 4767 1212 4806 summe
1237 4750 1547 4804 admiranda
1589 4759 1674 4805 est
1700 4750 1932 4821 Legisla-

361 4850 491 4908 toris
518 4845 818 4918 prudentia,
849 4843 938 4913 qui
965 4856 1086 4897 cum
1115 4856 1180 4896 ex
1212 4839 1518 4899 hominibus
1544 4841 1784 4910 proferre
1813 4857 1936 4910 pos-
1971 4885 1977 4890 .

357 4949 441 4998 set
459 4937 785 5007 exemplum,
815 4933 939 4988 etin
966 4931 1198 4985 medium
1226 4928 1492 4985 adducere
1521 4929 1748 4995 lleliam,
1790 4930 1935 5000 Moy-

358 5048 496 5098 setn,
555 5029 840 5092 Joannem,
884 5025 1124 5092 aliosque
1163 5021 1368 5076 similes
1409 5021 1500 5089 qui
1534 5021 1603 5078 de
1655 5022 1775 5078 cibo
1825 5037 1936 5078 non

358 5122 573 5180 solliciti
603 5121 851 5183 fuerant;
892 5126 951 5172 ut
979 5116 1098 5170 illos
1142 5114 1311 5184 magis
1354 5114 1756 5184 perstringeret,
1797 5116 1934 5172 irra-

361 5214 632 5272 tionabilia
669 5210 919 5268 animalia
960 5209 1292 5264 memoravit.
1333 5206 1391 5262 Si
1433 5207 1573 5262 enim
1605 5207 1779 5278 justos
1816 5210 1938 5265 illos

359 5308 660 5378 allcgasset,
687 5299 1200 5372 dicerepotuisseut,
1223 5297 1466 5353 Nondum
1494 5299 1559 5352 ad
1586 5298 1798 5355 illorum
1824 5301 1937 5355 vir-

363 5408 529 5454 tutem
560 5395 886 5468 pertigimus.
935 5392 1088 5449 Nunc
1133 5397 1309 5445 autem
1359 5405 1477 5444 cum
1523 5390 1644 5445 illos
1672 5393 1853 5458 tacuit,
1885 5404 1936 5448 et

361 5491 594 5545 volatilia
620 5488 736 5542 cadi
762 5485 984 5549 induxit,
1015 5497 1228 5536 omnem
1256 5481 1362 5535 illis
1400 5483 1732 5536 occasionem
1764 5487 1935 5538 succi-

359 5584 458 5645 dit,
500 5582 597 5635 hac
629 5581 680 5634 in
724 5595 781 5634 re
808 5587 1039 5632 veterem
1087 5574 1254 5641 legem
1299 5572 1551 5627 imitatus.
1597 5572 1727 5627 Nam
1777 5575 1938 5629 Vetus

360 5672 764 5739 Testamentum
789 5665 855 5720 ad
884 5681 1034 5734 apem
1078 5667 1255 5734 mittit,
1290 5664 1353 5720 ad
1371 5663 1668 5730 formicam,
1715 5666 1777 5721 ad
1820 5677 1931 5724 tur-

1329 254 1392 309 lN
1430 245 1830 308 MATTllA‘IUM
1871 244 2094 303 HOMIL.
2137 244 2279 301 XXl.
2318 243 2597 302 al..XXll.
2689 304 2692 306 γ

3500 246 3604 304 ἓο8

2029 365 2224 424 torem,
2255 357 2320 413 ad
2350 356 2710 414 hirundinem.
2751 357 2860 416 Nec
2887 372 3120 428 panvum-
3153 358 3255 416 hoc
3286 369 3368 415 est
3407 361 3606 418 homini

2027 450 2247 506 honoris
2273 459 2664 520 argumentum,
2689 450 2903 520 quando
2927 466 3046 521 quae
3071 452 3158 509 illa
3193 468 3259 508 ex
3296 460 3482 508 natura
3510 454 3606 512 htt-

2030 543 2176 609 beut,
2223 558 2320 598 nos
2362 557 2646 613 possumus
2685 557 2749 596 ex
2782 542 3070 597 voluntatis
3097 543 3320 599 arbitrio
3348 544 3605 604 nancisci.

2029 635 2086 690 8.
2111 637 2270 705 Igitur
2288 634 2499 690 illorum
2525 650 2642 703 qum
2672 642 2891 703 propter
2910 648 3008 689 nos
3034 643 3209 688 creata
3239 645 3381 700 sunt,
3409 645 3610 693 talltum

2031 728 2164 796 gerit
2195 726 2605 796 providentiam,
2633 735 2832 795 quanto
2863 726 3031 794 magis
3057 728 3332 780 nostrum?
3351 728 3398 782 si
3425 742 3613 784 servi»

2031 833 2170 883 rum,
2197 828 2397 888 quanto
2421 819 2590 888 magis
2621 817 2913 872 berorum?
2938 816 3060 872 Ideo
3079 817 3329 873 dicebat:
3360 819 3616 890 Respicite

2030 909 2256 963 volatilia
2281 924 2302 963 :
2326 923 2427 964 nec
2453 907 2676 976 addidit,
2707 907 2851 977 quod
2881 922 2986 965 non
3012 918 3380 977 cauponentur
3403 910 3484 964 vel
3515 926 3614 974 ne-

2029 999 2339 1069 gotientur:
2375 1000 2488 1054 haec
2526 999 2722 1068 quippe
2759 998 3048 1053 admodum
3094 999 3375 1069 reprobata
3418 1011 3613 1067 erant;

2031 1093 2125 1148 sed
2159 1093 2299 1162 quod
2327 1108 2431 1146 non
2459 1102 2660 1158 serant,
2693 1107 2865 1162 neque
2892 1101 3112 1147 metant.
3141 1093 3278 1160 Quid
3310 1093 3507 1164 igitur?
3536 1096 3619 1150 iu-

2032 1183 2205 1252 quies,
2218 1198 2394 1237 annon
2415 1181 2699 1238 serendum
2720 1182 2821 1237 erit
2837 1182 2988 1236 ‘lNon
3008 1182 3162 1248 dixit,
3179 1200 3282 1248 nou
3303 1199 3423 1239 esse
3437 1200 3616 1240 seren-

2033 1276 2180 1338 dum,
2195 1275 2288 1330 sed
2307 1290 2411 1330 non
2429 1275 2710 1329 sollicitum
2724 1289 2842 1330 esse
2858 1284 3106 1342 Oporterc
3124 1292 3137 1329 :
3154 1291 3326 1345 neque
3335 1275 3488 1341 dixit,
3508 1292 3613 1332 non

2036 1367 2382 1436 operandam,
2400 1366 2614 1421 sednon
2633 1365 3027 1434 pusillanimum
3040 1380 3180 1430 esse,
3199 1381 3370 1435 neque
3385 1381 3506 1422 sese
3517 1368 3619 1428 sub

2038 1458 2398 1513 licitudinibns
2417 1473 2706 1512 macerare.
2719 1456 2851 1511 Nam
2866 1458 3114 1511 alimenta
3131 1473 3344 1514 sumere
3357 1460 3614 1528 praecipit,

2037 1549 2130 1604 sed
2155 1550 2354 1618 absque
2394 1548 2766 1603 sollicitudine.
2812 1547 2963 1602 llunc
2991 1563 3150 1616 porro
3185 1563 3487 1604 sermonem
3505 1550 3617 1623 jant

2039 1642 2308 1712 praemittit
2349 1642 2533 1702 David,
2565 1642 2643 1698 sic
2676 1641 3006 1711 aanigmatice
3049 1641 3271 1710 loquens
3303 1660 3316 1696 :
3345 1642 3523 1710 Aperi:
3553 1654 3634 1697 λιιι
3663 1690 3669 1697 ,

2037 1750 2241 1788 manum
2292 1743 2429 1786 tuam
2457 1774 2471 1796 ,
2526 1744 2570 1787 et
2613 1733 2793 1803 imples
2850 1748 3004 1788 omne,
3044 1734 3236 1788 animal
3281 1733 3622 1792 benedictione

2042 1823 2212 1895 (Psai.
2250 1825 2370 1877 141.
2410 1823 2536 1894 l6):
2568 1832 2623 1878 ct
2663 1837 2867 1885 rursus,
2922 1823 3023 1887 Qui
3061 1824 3147 1878 dat
3170 1826 3620 1894 jumenlisxscaut

2038 1915 2284 1984 ipsorum,
2303 1924 2351 1968 et
2367 1914 2519 1984 pullis
2539 1931 2799 1970 corvorum
2817 1915 3161 1972 invocantibus
3172 1933 3286 1970 eum
3302 1917 3474 1988 (Psal.
3494 1918 3617 1974 146.

2040 2007 2118 2079 9).
2163 2007 2230 2064 Et
2254 2007 2471 2076 quinam
2500 2016 2646 2074 sunt,
2691 2007 2917 2077 inquies,
2969 2009 3059 2078 qui
3103 2010 3466 2064 nonisolliciti
3502 2012 3644 2066 lue»

2038 2100 2204 2160 runt?-
2225 2100 2560 2155 Non-audisti
2597 2110 2726 2171 quot
2753 2100 2894 2161 viros
2918 2100 3268 2170 protulerim?
3296 2116 3471 2156 annon
3497 2118 3618 2158 cum
3666 2145 3675 2165 .

2039 2191 2144 2245 illis
2163 2190 2272 2261 jam
2302 2191 2610 2247 memoratis
2655 2190 2848 2245 vidisti.
2873 2190 3377 2248 Jacobum.nudum
3415 2207 3622 2263 ex..pa-

2042 2294 2190 2339 terna
2220 2285 2380 2339 domo
2410 2284 2740 2354 profectum?
2767 2298 2872 2338 non
2895 2283 3196 2339 audiseum
3218 2294 3626 2353 precantemac
3665 2322 3675 2328 -

2039 2376 2304 2430 dicentem
2335 2394 2349 2428 :
2377 2375 2439 2430 Si
2462 2375 2658 2428 dederit
2683 2374 2805 2427 mihi
2834 2374 2972 2429 Deus
3002 2390 3182 2442 panem
3211 2375 3280 2428 ad
3309 2375 3622 2430 manducan-

2040 2467 2182 2528 dum,
2227 2476 2274 2520 et
2314 2467 2798 2534 vestimentumquo
2843 2465 3044 2532 operiar
3072 2463 3226 2534 (Gen.
3273 2464 3382 2520 28;
3406 2466 3538 2536 ‘20)?
3565 2467 3667 2523 ld.

2039 2556 2179 2625 quod
2212 2572 2316 2610 non
2345 2555 2581 2621 solliciti,
2625 2555 2720 2610 sed
2760 2572 2789 2610 a
2827 2556 2935 2611 Deo
2964 2564 3129 2611 totum
3155 2557 3446 2627 quaerentis
3484 2567 3621 2613 erat.

2042 2646 2156 2704 Hoc
2196 2656 2251 2700 et
2292 2646 2542 2716 apostoli.
2578 2644 2789 2702 fortiter.
2833 2655 3075 2715 egerunt,
3120 2647 3370 2712 omnibus
3424 2648 3626 2709 relicUs

2041 2740 2172 2795 nihil
2203 2739 2416 2798 solliciti
2450 2756 2464 2793 :
2492 2739 2570 2794 sic
2610 2739 2697 2794 illa
2726 2739 2962 2809 quinque
3001 2737 3186 2803 millia,
3215 2738 3310 2802 sic
3335 2739 3434 2796 tria
3460 2739 3626 2796 millia

2043 2832 2316 2890 hominum
2344 2830 2441 2904 (a).
2470 2830 2526 2886 Si
2556 2845 2684 2887 vero
2709 2830 2791 2889 his
2813 2829 3030 2893 auditis,
3057 2830 3427 2886 nonsustines
3447 2830 3626 2888 adhuc

2042 2923 2156 2979 haec
2183 2923 2317 2979 dura
2337 2924 2545 2978 vincula
2575 2923 2802 2987 solvere,
2832 2923 3044 2992 cognita
3069 2923 3261 2977 saltem
3288 2938 3433 2979 curae
3460 2924 3623 2981 inuti-

2041 3014 2210 3081 litate,
2241 3014 2392 3068 solve
2430 3011 2841 3071 sollicitudinem
2877 3029 2890 3067 :
2920 3012 3012 3066 27.
3045 3012 3170 3079 Quis
3195 3014 3328 3067 enim
3365 3031 3429 3068 ex
3465 3015 3639 3084 vobis,

2041 3106 2230 3175 inquit,
2282 3106 2491 3159 sollicite
2522 3106 2752 3176 cagitaus
2799 3112 2957 3174 potest
3002 3104 3224 3171 adiicere
3267 3107 3337 3160 ad
3378 3118 3641 3164 staturam.

2038 3213 2183 3256 suam
2210 3195 2426 3256 cubitum
2450 3212 2604 3250 unum
2619 3195 2645 3248 ?
2669 3194 2804 3250 Vide
2829 3195 3097 3265 quomodo
3113 3211 3179 3252 ex
3202 3212 3269 3252 eo
3287 3200 3428 3268 quod
3452 3201 3625 3256 mani-

2041 3288 2272 3354 festum,
2331 3287 2383 3341 id
2435 3287 2574 3356 quod
2623 3287 2890 3342 occultum
2946 3297 3064 3342 erat
3105 3288 3311 3344 clarum
3365 3291 3622 3349 ell'eeerit.

2040 3377 2497 3444 Quemadmodum
2539 3378 2680 3432 enim
2720 3378 2952 3448 corpori,
2993 3379 3185 3450 inquit,
3237 3397 3306 3441 ne
3340 3382 3624 3444 minimum

2039 3469 2252 3538 quidem
2302 3476 2520 3523 statura:
2565 3467 2798 3538 adjicere
2835 3469 3075 3539 cogitans
3115 3472 3364 3540 poteris:
3393 3475 3499 3537 sic~
3524 3492 3655 3543 nec~

2039 3564 2288 3619 alimenta
2339 3577 2694 3633 congregare,
2754 3563 2975 3622 etiamsi
3012 3573 3064 3619 te
3118 3579 3279 3636 posse
3309 3568 3643 3627 existimem.

2040 3657 2175 3713 Hinc
2216 3667 2392 3712 autem
2425 3656 2638 3726 planum
2683 3665 2785 3721 est,
2836 3671 2941 3710 non
2981 3671 3164 3712 curam
3221 3667 3479 3723 nostram,
3527 3662 3648 3717 sed

2042 3749 2136 3804 Dei
2175 3748 2563 3819 providentiam
2593 3747 2647 3802 in
2675 3747 2741 3802 iis
2763 3747 2922 3803 etiam
2948 3762 3066 3818 quae
3088 3763 3250 3818 opera
3291 3759 3470 3806 nostra
3507 3752 3625 3807 iieri

2041 3853 2308 3911 putamus,
2336 3849 2502 3894 totum
2534 3838 2792 3910 perlicere
2819 3855 2833 3892 :
2866 3839 2934 3893 ita
2965 3848 3022 3894 ut
3046 3839 3090 3894 si
3117 3855 3215 3894 nos
3243 3841 3334 3896 ille
3356 3843 3624 3912 relinque-

2039 3941 2142 3996 ret,
2176 3946 2274 3986 nec
2298 3945 2450 3997 cura,
2481 3945 2581 3984 nec
2624 3928 2949 3996 sollicitudo,
2990 3943 3090 3984 nec
3114 3929 3286 3996 labor,
3335 3947 3435 3986 nec
3476 3931 3622 3986 aliud
3667 3987 3670 3989 λ

2039 4024 2308 4094 quidpiam
2347 4022 2522 4077 simile
2551 4035 2922 4077 successurum
2952 4029 3116 4086 esset,
3157 4021 3250 4076 sed
3292 4023 3470 4077 omnia
3502 4038 3626 4094 pes-

2039 4127 2155 4168 sum
2186 4113 2414 4167 abirent.
2439 4159 2444 4164 .

2109 4203 2164 4258 4.
2205 4201 2472 4270 Prwcepta
2501 4200 2595 4256 Dei
2617 4201 2816 4271 impleri
2843 4210 3074 4271 possunt.
3096 4230 3167 4242 —
3197 4200 3280 4259 Ne
3304 4205 3494 4275 itaque.
3521 4221 3641 4277 pth.

2042 4302 2216 4347 tetnus
2244 4302 2506 4362 prmcepta
2538 4291 2743 4362 impleri
2782 4307 2886 4347 non
2916 4306 3108 4362 posse:
3133 4293 3283 4349 multi
3310 4295 3453 4350 enim
3483 4313 3625 4354 nunc

2041 4385 2374 4450 etiamsunt,
2402 4383 2490 4453 qui
2518 4383 2606 4437 illa
2628 4393 2944 4455 sequuntur.
2977 4383 3036 4440 Si
3063 4393 3118 4440 tu
3137 4385 3256 4441 hoc.
3278 4386 3620 4456 ignoras,ni-

2043 4474 2114 4530 hil
2145 4475 2359 4541 mirmn,
2405 4473 2670 4544 siquidem
2701 4474 2881 4531 Helias
2909 4490 2968 4532 se
3008 4475 3202 4532 solum,
3222 4491 3346 4533 esse
3365 4479 3622 4547 putabat;

2038 4566 2132 4622 sed
2157 4565 2358 4622 audivit
2377 4584 2390 4619 :
2413 4565 2613 4636 Reliqui
2635 4567 2757 4620 mihi
2771 4576 2958 4637 septem
2973 4567 3136 4622 millia
3149 4569 3372 4623 uirorum
3396 4571 3472 4636 (ὅ.
3492 4570 3622 4643 Reg,
3641 4620 3643 4623 ,

2043 4658 2130 4713 19.
2157 4657 2268 4730 18).
2316 4656 2470 4712 Unde
2495 4659 2711 4727 planum
2740 4667 2843 4723 est,
2872 4658 3031 4714 etiam
3063 4674 3204 4713 nunc
3226 4673 3348 4715 esse
3369 4661 3621 4731 quiapp-

2038 4751 2281 4804 stolicam
2327 4749 2524 4804 ducant
2575 4749 2759 4816 vitam,
2806 4748 3255 4818 quemadmodum
3298 4759 3353 4811 et
3382 4761 3510 4808 tunc
3543 4760 3665 4814 ter.

2041 4842 2187 4896 mille
2210 4851 2264 4897 et
2291 4842 2570 4912 quinquies
2598 4841 3030 4897 millehomines.
3064 4841 3629 4908 Si.autem,nou.cre-

2041 4933 2236 4999 dimus,
2280 4947 2385 4987 non
2433 4932 2557 5003 quia
2595 4931 2790 4990 desunt
2828 4934 2919 5003 qui
2964 4943 3113 4990 recte
3150 4934 3355 5002 vivant,
3379 4935 3475 5007 sed
3502 4937 3628 5007 quia

2045 5025 2202 5096 longe
2225 5024 2430 5080 abillis
2456 5024 2731 5092 absumus,
2760 5025 2833 5080 ita
2858 5025 3034 5081 allecti
3062 5041 3268 5085 sumus.
3296 5027 3448 5082 Sicut
3472 5027 3518 5083 is
3537 5026 3632 5097 qui

2043 5118 2222 5175 ebrius
2254 5128 2357 5183 est,
2400 5133 2524 5173 non.
2547 5117 2705 5174 facile
2729 5119 2920 5181 credat
2961 5133 3082 5176 esse
3113 5119 3385 5177 hominem
3431 5120 3522 5190 qui
3561 5134 3632 5175 ne

2043 5227 2233 5284 aquam
2263 5212 2474 5283 quidem
2497 5212 2779 5283 degustet;
2809 5214 3149 5271 etiamsithoc
3177 5224 3362 5271 nostro
3390 5225 3632 5283 tempore

2044 5303 2197 5358 multi
2243 5303 2626 5358 monachorum
2667 5304 2920 5373 ῖιιῖοήηις
2965 5315 3022 5361 et
3057 5307 3152 5376 qui
3179 5321 3302 5362 cum
3338 5304 3631 5360 innumeris

2045 5396 2152 5450 coit
2183 5395 2523 5460 mulieribus,
2545 5412 2651 5451 non
2679 5397 2870 5453 credet
2910 5397 3065 5454 facile
3111 5411 3230 5453 esse
3273 5395 3630 5466 virginitatem

2109 5552 2201 5618 (ιι)Δ
2216 5553 2304 5603 Illa
2315 5556 2531 5618 quinque
2552 5554 2702 5604 millia
2725 5560 2778 5605 et
2800 5556 2892 5605 tria
2914 5554 3060 5618 millia
3083 5551 3431 5618 hotniuum,dc
3451 5552 3632 5614 quibus

2047 5613 2170 5728 itlttil'a
2191 5613 2416 5726 l‘qquit'ur,
2442 5613 2772 5671 t‘nemorantur
2794 5617 2887 5667 sub
2919 5615 3106 5665 initium
3147 5613 3259 5664 libri
3291 5613 3638 5678 Αωυυωυο.

2047 5691 2072 5727 s
2094 5692 2194 5727 c.or
2229 5691 2291 5728 tn.
