4050 6220
490 307 597 385 ⁸89

482 439 709 492 servare
730 439 745 489 ;
765 436 871 480 nec
893 423 984 497 qui
1012 422 1184 485 aliena
1214 422 1372 497 rapit,
1402 420 1589 491 credet
1612 434 1734 475 esse
1769 420 2071 490 quempiam

488 516 585 581 qui
609 530 708 572 sua
735 513 890 570 facile
917 513 1203 583 largiatur:
1230 514 1307 576 sic
1333 528 1506 582 neque
1546 512 1581 573 ii
1625 514 1714 581 qui
1754 527 1813 566 se
1836 510 2074 595 quotidie

492 601 639 666 mille
652 601 1101 659 sollicitudinibus
1124 611 1415 663 macerant,
1446 600 1601 656 facile
1624 601 1763 655 hanc
1784 600 2075 669 suscipient

494 691 812 771 doctrinam.
844 693 995 760 Quod
1026 703 1202 747 autem
1235 694 1385 747 multi
1412 694 1517 747 sint
1543 694 1635 761 qui
1672 693 1738 746 ad
1769 693 1908 747 hanc
1954 707 2075 762 per-

489 780 772 859 fectionem
803 782 1137 847 devenerint,
1170 784 1236 835 ab
1265 784 1370 840 illis
1398 785 1526 853 ipsis
1555 784 1925 859 demonstrare
1952 799 2073 853 pos-

487 857 692 940 sumus,
719 875 809 943 qui
835 885 991 931 aetate
1020 885 1200 929 nostra
1232 875 1369 930 hanc
1397 886 1518 935 sunt
1548 857 1931 943 philosophiam
1952 889 2072 942 pro:

484 966 634 1035 fessi.
674 965 778 1023 Sed
808 967 959 1020 vobis
986 967 1196 1023 interim
1227 968 1354 1023 satis
1383 967 1482 1031 erit
1510 967 1553 1021 si
1582 966 1797 1022 discatis
1819 981 1922 1027 non
1948 982 2067 1020 avav

486 1057 623 1129 ﬁtia:
645 1057 875 1122 studere,
908 1058 1206 1126 bonan'uquc
1234 1072 1353 1124 esse
1376 1057 1799 1127 eleemosyuam;
1831 1056 1874 1111 si
1899 1055 2072 1111 disea-

487 1151 558 1225 lis
596 1163 663 1212 οι
704 1149 860 1203 bonis
890 1149 1086 1209 nostris
1125 1146 1451 1217 erogandum
1499 1161 1638 1209 esse.
1683 1147 1808 1207 llmc
1852 1146 1992 1200 enim
2024 1147 2068 1211 si

483 1239 819 1315 epequaris,
864 1238 1076 1303 dilecte,
1121 1238 1227 1301 cito
1270 1237 1336 1300 ad
1380 1239 1464 1291 illa
1503 1238 1804 1311 pervenias.
1850 1236 2066 1299 Interim

485 1344 618 1404 ego
641 1328 964 1399 superﬂuam
1009 1329 1153 1383 illam
1195 1343 1442 1397 pompam
1481 1329 1829 1397 deponamus,
1861 1327 2068 1383 medio-

483 1421 676 1481 critate
699 1419 934 1494 contenti
962 1420 1149 1482 simus,
1181 1428 1235 1473 et
1261 1418 1531 1472 discamus
1570 1434 1632 1472 ex
1672 1418 1829 1486 justis
1871 1416 2068 1476 labori-

488 1512 588 1585 bus
624 1512 826 1575 omnia,
859 1526 977 1580 qtae
1006 1510 1235 1575 habituri
1281 1525 1485 1585 sumus,
1539 1507 1859 1581 acquireuda
1906 1524 2066 1583 esse:

483 1604 912 1677 quandoquidem
943 1606 1129 1659 beatus
1155 1604 1407 1665 Joannes.
1433 1620 1551 1658 cum
1573 1619 1666 1658 eos
1685 1605 1773 1675 qui
1798 1604 1850 1663 in
1872 1603 2069 1657 telonio

483 1678 742 1754 sedebant
765 1707 820 1751 et
841 1696 1037 1765 milites
1076 1696 1464 1766 alloquebatur,
1502 1696 1604 1752 illis
1634 1694 2069 1772 utcouteutisttis

483 1789 764 1869 stipendiis
784 1797 961 1843 essent
982 1788 1318 1858 pracipiebat
1338 1786 1484 1860 (Luc.
1504 1787 1583 1855 ὅ).
1611 1786 1831 1841 Volebat
1854 1785 2067 1855 quidem

484 1878 605 1951 illos
628 1879 697 1935 ad
722 1880 978 1949 majorem
1004 1879 1159 1931 aliam
1191 1877 1576 1948 philosophiam
1617 1878 1881 1933 deducere
1904 1895 1918 1942 ;
1946 1879 2067 1948 quia

484 1983 613 2037 vero
640 1970 873 2024 nondum
896 1969 961 2022 ad
988 1968 1037 2022 id
1060 1978 1212 2022 erant
1239 1968 1436 2029 idonei,
1470 1969 1673 2022 minora
1702 1968 1848 2042 dicit,
1877 1970 1996 2038 quia
2023 1970 2068 2025 si

484 2059 796 2133 sublimiora
814 2059 1173 2127 disseruisset,
1194 2076 1297 2127 non
1320 2058 1422 2129 illis
1438 2058 1812 2124 attendisscnt,
1832 2068 1885 2124 et
1902 2077 1965 2114 ex
1986 2060 2069 2116 his

460 2188 461 2191 η
486 2150 781 2221 minoribus
796 2149 1137 2208 excidissent.
1164 2149 1365 2213 Idcirco
1390 2150 1548 2213 etiam
1573 2165 1671 2215 nos
1694 2152 1744 2204 in
1773 2150 1917 2205 hisce
1934 2152 2069 2206 infe-

484 2240 716 2306 rioribus
732 2257 825 2295 vos
842 2255 1176 2297 exercemus.
1198 2240 1517 2311 lnterimque
1545 2242 1742 2311 scimus
1759 2241 2066 2310 facultatum

484 2332 917 2403 deponeudarum
951 2346 1086 2388 onus
1121 2332 1308 2400 fortius
1346 2347 1487 2404 esse,
1509 2347 1668 2405 quam
1710 2343 1767 2387 ut
1808 2347 1905 2388 vos
1930 2332 2070 2405 ferre

487 2425 730 2493 possitis;
750 2433 809 2479 et
829 2434 1082 2495 quantum
1105 2423 1262 2489 distat
1282 2423 1471 2493 cazlum
1494 2438 1524 2477 a
1550 2433 1709 2489 terra,
1738 2432 1941 2494 tantum
1974 2440 2069 2485 vos

491 2536 657 2564 καφ-τ

1185 309 1226 366 8
1278 306 1555 363 ΙΟΑΝΝΒ
1588 304 2057 364 CHRYSOSTOMI
2094 302 2406 361 ARCIIIEP.
2445 301 2973 360 CONSTANTINOP.

3655 304 3762 359 300

2182 416 2381 471 distare
2407 415 2475 470 ab
2500 415 2584 470 illa
2610 414 2965 486 philosophia.
2989 414 3172 486 Itaque
3197 413 3382 470 ultima
3405 413 3593 470 saltem
3621 431 3764 487 με·

2177 516 2334 577 cepta
2371 520 2674 575 servemus;
2712 521 2883 585 neque
2919 507 3061 588 epim
3102 507 3217 563 hinc
3265 521 3426 577 parva
3464 506 3766 581 consolatio

2170 609 2261 655 est
2283 616 2297 652 :
2317 598 2527 654 etiamsi
2546 596 2686 668 apud
2701 597 2915 656 Graecos
2935 597 3150 667 quidam
3175 598 3325 664 illud,
3344 599 3485 669 quod
3501 599 3762 667 diximus,

2175 691 2453 761 exsequuti
2484 699 2632 755 sunt,
2662 688 2946 759 onmiaque
2979 690 3331 759 reliquerunt,
3362 690 3485 746 licet
3525 706 3633 746 non
3663 706 3757 757 eo,

2175 796 2282 851 quo
2324 797 2420 861 par
2461 790 2596 847 erat,
2644 780 2937 850 proposito.
2980 782 3227 835 Attamen
3272 790 3353 835 sat
3382 781 3542 838 nobis
3569 784 3678 839 erit
3712 783 3767 841 si

2174 873 2573 943 elecmosynam
2621 871 2765 945 large
2796 872 3060 951 spargalis
3091 888 3105 925 :
3136 871 3243 939 cito
3279 872 3422 940 enim
3462 883 3647 947 postea
3688 875 3766 951 ad

2176 966 2265 1020 illa
2296 966 2694 1035 perveniemus,
2723 965 2766 1018 si
2797 965 2866 1019 ita
2893 964 3270 1033 procedamus.
3293 965 3385 1020 Sin
3412 981 3481 1022 ne
3510 966 3616 1023 hoc
3639 969 3767 1037 qui-

2173 1056 2294 1109 dem
2346 1056 2620 1119 faciamus,
2669 1070 2771 1123 qua
2818 1055 3017 1109 erimus
3062 1056 3213 1110 venia
3262 1056 3435 1127 digni,
3490 1059 3577 1127 qui
3618 1058 3765 1127 jussi

2173 1158 2388 1209 sanctos
2432 1149 2631 1205 veteris
2677 1148 2808 1219 legis
2845 1163 3128 1218 superare,
3178 1148 3379 1206 Graecis
3423 1150 3763 1221 philosophis

2153 1244 2408 1311 opinor-es
2436 1242 2751 1308 videamur?
2778 1240 2915 1310 Quid
2941 1239 3255 1319 digerimus,
3284 1242 3329 1311 si
3354 1256 3477 1296 eum
3500 1244 3677 1315 angeli
3703 1252 3762 1309 et

2177 1334 2265 1388 lilii
2296 1334 2387 1388 Dci
2415 1348 2535 1387 esse
2564 1322 2876 1395 d’ebeamus,
2907 1345 2978 1387 ne
3008 1331 3252 1387 homines
3279 1331 3497 1402 quidem
3528 1347 3649 1388 esse
3674 1334 3759 1388 ri-

2172 1424 2431 1495 deamur?
2466 1422 2596 1493 Nam
2625 1437 2812 1501 rapere
2841 1430 2897 1497 et
2921 1421 3095 1499 aliena
3119 1432 3375 1492 expetere
3404 1439 3511 1494 non
3553 1422 3621 1476 ad
3659 1425 3758 1476 ho-

2171 1516 2372 1570 mimnn
2414 1513 2897 1578 mansuetudinem,
2930 1512 3027 1579 sed
3069 1513 3136 1568 ad
3177 1513 3407 1579 ferarum
3452 1515 3761 1569 immanita-

2172 1614 2276 1660 tem
2305 1605 2567 1675 pertinet;
2603 1605 2708 1658 imo
2737 1603 2863 1658 feris
2888 1603 3182 1659 deteriores
3209 1613 3336 1659 sunt
3356 1606 3446 1675 qui
3476 1605 3648 1665 aliena
3678 1607 3762 1660 in-

2175 1697 2395 1751 vadunt.
2425 1695 2575 1751 Feris
2605 1709 2833 1764 namque
2859 1693 2911 1748 id
2936 1710 2966 1749 a
2994 1704 3180 1750 natura
3216 1696 3441 1751 inditum
3478 1707 3566 1751 est
3593 1714 3610 1751 :
3659 1712 3758 1764 nos

2171 1800 2347 1842 autem
2379 1787 2467 1857 qui
2496 1786 2702 1843 ratione
2723 1786 2895 1863 ornati
2920 1800 3124 1848 sumus,
3147 1795 3202 1840 et
3222 1794 3417 1858 pneter
3437 1798 3684 1841 naturam
3706 1788 3759 1841 in

2172 1879 2556 1949 ignobilitatem
2586 1877 2906 1943 delabimur,
2936 1892 3038 1946 qua
3078 1876 3316 1931 fruemur
3340 1879 3495 1938 venia
3517 1878 3541 1931 ‘l
3565 1877 3760 1938 Consi-

2170 1971 2424 2035 derautes
2452 1971 2608 2039 igitur
2640 1968 2922 2038 proposita:
2962 1967 3118 2022 nobis
3153 1967 3507 2037 philosophiae
3533 1983 3757 2022 mensu-

2170 2077 2293 2123 ras,
2327 2061 2519 2123 saltem
2546 2059 2614 2137 ad
2647 2058 2819 2123 media
2870 2058 3263 2132 perveniamus,
3312 2068 3367 2112 ut
3405 2068 3461 2113 et
3503 2073 3533 2111 a
3578 2057 3759 2114 futuro

2169 2152 2429 2223 supplicio
2452 2152 2763 2217 liberemur,
2791 2159 2845 2206 et
2879 2152 3145 2221 progressi
3187 2152 3256 2212 ad
3292 2166 3463 2220 Ipsum
3494 2152 3759 2211 bonorum

2169 2245 2379 2300 culmen
2401 2242 2753 2298 ascendamus
2780 2261 2792 2296 :
2818 2257 2936 2312 quae
2959 2242 3137 2297 omnia
3158 2243 3359 2297 utinam
3383 2227 3759 2312 assequamur,

2171 2336 2341 2412 gratia
2370 2343 2425 2388 et
2454 2333 2779 2403 benignitate
2820 2333 3029 2395 Domini
3068 2334 3234 2412 ucstri
3265 2333 3391 2395 Jesu
3418 2333 3642 2401 Christi,
3670 2337 3761 2401 cui

2159 2404 2341 2499 gloria,
2371 2434 2425 2479 et
2450 2424 2728 2495 imperium
2756 2424 2807 2476 in
2839 2423 3033 2495 saecula
3061 2404 3401 2478 saeculorum.
3428 2426 3623 2482 Amen.

1609 2587 1954 2649 HOMILIA
1997 2590 2208 2675 xxtt.
2241 2590 2328 2651 al.
2380 2588 2621 2649 xxut.

452 2716 614 2775 Car.
666 2716 719 2769 6.
752 2730 803 2767 v.
832 2713 923 2773 28.
981 2712 1301 2784 Caizsiderate
1339 2712 1447 2772 lilia
1481 2714 1590 2784 agri
1624 2755 1637 2779 ,
1670 2715 1920 2783 quomodo
1972 2731 2070 2777 cre-

546 2815 740 2869 scunt;
778 2821 879 2857 non
908 2804 1136 2857 laborant
1168 2845 1182 2870 ,
1213 2820 1368 2873 neque
1408 2789 1543 2857 nent.
1576 2803 1702 2857 Dico
1728 2814 1893 2857 autem
1932 2806 2070 2866 vobis

553 2897 793 2973 quoniam
818 2911 908 2971 nrt:
933 2894 1176 2947 Salomon
1202 2894 1255 2947 in
1283 2894 1420 2948 omni
1444 2894 1607 2965 gloria
1632 2878 1723 2949 sua
1743 2895 1942 2957 uestitus
1962 2906 2067 2949 erat

560 2990 689 3055 sicut
713 3003 868 3057 unum
889 3003 952 3039 ex
976 2987 1101 3057 istis.

556 3081 608 3135 1.
638 3077 741 3147 Cjar
773 3078 1003 3153 Christus
1052 3076 1229 3129 nmluit
1257 3075 1419 3146 lilium
1472 3076 1525 3128 in
1565 3074 1849 3153 ementplum
1880 3075 2065 3143 aﬂ‘erre

486 3188 636 3241 quam
658 3170 920 3241 animalia.
948 3168 1023 3225 De
1047 3170 1173 3222 luxu
1192 3169 1401 3221 vestium
1422 3167 1677 3236 superbire
1694 3185 1846 3237 quam
1861 3186 2064 3224 vanum.

450 3282 455 3287 ο
478 3243 846 3329 Creaturarum
870 3259 1193 3329 pulchritudo
1218 3258 1517 3329 sapientia»:
1563 3257 1660 3312 Dei
1702 3260 1968 3330 prcedicat.
1993 3291 2067 3303 —

484 3349 772 3418 Postquam
811 3347 879 3402 de
917 3347 1225 3424 necessario
1253 3346 1373 3401 cibo
1402 3348 1573 3415 dixit,
1613 3357 1668 3404 et
1693 3351 1933 3406 ostendit
1958 3367 2063 3415 non

483 3448 735 3510 oportere
759 3438 825 3494 de
851 3438 940 3493 illo
960 3438 1215 3509 sollicitos
1242 3452 1379 3509 esse,
1408 3438 1475 3494 ad
1502 3440 1699 3511 leviora
1728 3442 1934 3496 transit.
1956 3441 2064 3511 Ne-

482 3545 587 3597 que
613 3529 755 3593 enim
783 3530 852 3591 ita
883 3530 1180 3584 necessaria
1206 3530 1369 3584 vestis
1383 3538 1485 3594 est,
1516 3541 1573 3584 ut
1598 3531 1931 3607 alimentum.
1960 3533 2066 3589 Cur

483 3620 662 3691 itaque
691 3621 777 3684 hic
805 3635 909 3686 non
932 3620 1120 3678 eodem
1152 3621 1316 3677 utitur
1334 3621 1580 3691 exemplo
1611 3624 1884 3679 volucrum
1918 3665 1932 3689 ,
1964 3640 2063 3683 ne-

482 3726 588 3781 que
614 3709 768 3767 affert
794 3711 948 3765 nobis
978 3726 1239 3779 pavonem
1270 3751 1285 3774 ,
1315 3721 1408 3772 aut
1430 3726 1657 3781 cycnum
1692 3752 1708 3782 ,
1740 3722 1831 3767 aut
1858 3729 2011 3768 ovem
2039 3715 2064 3769 2

484 3801 615 3856 Nam
661 3801 885 3870 plurima
942 3799 1063 3856 hinc
1112 3800 1359 3870 exempla
1405 3802 1631 3867 mutuari
1679 3802 1885 3858 lit-cbat.
1930 3804 2061 3871 Quia

484 3896 732 3965 utrinque
752 3896 826 3963 rei
854 3893 1269 3972 magnitudinem
1303 3895 1411 3955 vult
1437 3896 1721 3975 ostendere
1744 3938 1757 3961 ,
1792 3906 1899 3955 tum
1925 3913 1954 3949 a
1987 3897 2065 3950 vi-

481 3986 629 4041 litate
657 3999 839 4040 eorum
869 3999 988 4055 qua:
1019 3993 1164 4038 tanto
1193 3987 1385 4039 decore
1410 3983 1630 4054 fulgent,
1661 3995 1769 4039 tum
1799 3986 1868 4047 ab
1889 3987 2065 4056 execl:

476 4075 644 4143 'lentla
675 4082 896 4145 ornatus
927 4074 1049 4129 liliis
1077 4075 1279 4131 tributi.
1314 4074 1438 4145 Ideo
1482 4085 1759 4146 postquam
1797 4075 1937 4145 hanc
1960 4077 2059 4135 de-

485 4166 825 4239 geriptiouem
854 4164 1212 4243 concinnavit,
1234 4151 1338 4220 non
1360 4166 1586 4236 amplius
1609 4166 1718 4237 lilia
1743 4176 1900 4235 vocat
1923 4151 2059 4239 ipsa.

476 4257 576 4335 sed
601 4250 700 4324 '50.
736 4255 949 4322 Ρωηῃηι
1160 4255 1344 4332 Neque
1388 4256 1490 4325 hoc
1531 4257 1745 4337 nomine
1780 4268 2062 4317 contentus

478 4357 585 4415 est,
612 4346 706 4401 sed
733 4346 888 4406 aliam
911 4336 1092 4420 adjicit
1108 4346 1383 4409 vilitatem,
1405 4346 1606 4410 dicens,
1630 4348 1781 4415 Quod
1803 4350 1953 4425 hodie
1965 4360 2058 4417 est.

480 4437 665 4517 aeque
691 4435 858 4515 addit,
888 4435 1019 4501 Cras
1046 4451 1150 4499 non
1172 4444 1270 4499 est.
1298 4436 1392 4505 sed
1416 4439 1557 4507 quod
1578 4437 1734 4517 longe
1762 4439 1916 4496 vilius
1948 4480 1964 4505 ,
1991 4424 2062 4521 In

478 4514 731 4609 clibanutn
753 4514 993 4609 mittitur.
1020 4527 1201 4598 Neque
1222 4528 1535 4609 simpliciter
1551 4514 1705 4595 dixit,
1730 4531 1917 4609 Υθξιίι2
1942 4514 2057 4601 sed,

484 4623 577 4692 sic
592 4608 749 4687 vestit.
781 4606 942 4691 Vides
962 4619 1159 4693 ubique
1184 4618 1380 4687 multos
1406 4606 1472 4672 ad
1498 4618 1751 4699 ulteriora
1774 4629 1829 4685 et
1854 4606 2056 4692 majora

442 4740 447 4747 ι
484 4726 796 4785 progressus
824 4712 847 4764 τ’
875 4710 929 4787 id
961 4725 1119 4782 porro
1145 4709 1256 4780 agit
1290 4718 1352 4780 ut
1374 4710 1497 4776 illos
1516 4696 1841 4783 perstringat
1871 4731 1884 4767 :
1915 4712 2060 4788 ideo—

482 4794 590 4871 que
618 4802 909 4872 subjunsit,
938 4796 1142 4870 Quanto
1168 4802 1331 4872 magis
1358 4817 1443 4855 uos
1474 4803 1499 4861 2
1544 4800 1677 4868 Illud
1707 4804 1901 4883 quippe
1946 4820 2055 4859 ma-

481 4896 639 4973 gnam
660 4893 954 4968 emphasim
983 4894 1237 4969 continet.
1254 4894 1405 4973 Nam,
1423 4894 1538 4959 γω,
1556 4896 1687 4949 nihil
1714 4894 1854 4951 aliud
1876 4897 2058 4951 subin-

482 4987 656 5056 dicat,
688 5004 849 5057 quam
877 4990 1051 5057 ipsum
1077 5006 1245 5060 genus
1271 4991 1567 5046 humanum
1596 5008 1793 5063 magno
1823 4995 2063 5066 honore,

485 5092 675 5157 niagua
711 5093 840 5139 cura
876 5079 1153 5157 dignatum
1190 5081 1359 5136 fuisse
1393 5099 1406 5135 :
1443 5097 1508 5137 ac
1538 5083 1584 5137 si
1621 5083 1829 5139 diceret
1867 5101 1883 5139 :
1921 5072 2059 5152 Vos,

480 5155 680 5243 quibus
710 5155 960 5225 animam.
978 5157 1155 5251 dedit,
1184 5173 1381 5253 quibus
1411 5189 1609 5244 corpus
1638 5174 1968 5244 cll‘ormavit,
1997 5158 2063 5233 ad

480 5252 708 5340 quorum
742 5277 899 5316 usqu
930 5252 1164 5340 visibilia
1197 5252 1376 5347 omnia
1412 5268 1645 5347 creavit,
1680 5278 1898 5337 propter
1926 5285 2065 5343 quos

480 5355 773 5426 prophetas
808 5354 956 5425 inrisit
988 5365 1045 5427 et
1080 5355 1250 5432 legem
1282 5339 1458 5425 dedit,
1484 5339 1887 5441 itiut‘ltiteraque
1924 5339 2063 5441 liena

426 5475 433 5489 .
478 5436 741 5516 contulit;
764 5461 987 5518 propter
1009 5464 1146 5518 quos
1170 5432 1984 5531 unigenitumFil‘itnn'lradidit,
2009 5433 2064 5510 et

480 5541 647 5615 millia
678 5533 774 5611 per
802 5542 975 5611 ipsum
1006 5557 1229 5598 munera
1262 5542 1483 5613 largitus
1509 5554 1592 5600 est
1615 5545 1653 5599 ¹.
1687 5524 1759 5599 Εί
1780 5525 2060 5617 postquam

544 5681 559 5710 ι
583 5679 679 5748 llic
711 5679 952 5727 articulos
994 5680 1214 5748 phrasis,
1253 5686 1299 5729 et
1330 5678 1589 5730 millia.....
1632 5680 1839 5745 largitus
1875 5687 1946 5731 cst
2010 5683 2059 5731 in

482 5740 674 5791 ductus
708 5749 895 5801 tantum
927 5745 1066 5793 codd.
1105 5740 1311 5805 legitur.

2175 2714 2289 2786 lucc
2318 2714 2461 2781 clare
2491 2715 2834 2779 ostenderat,
2880 2724 3003 2785 tunc
3043 2715 3161 2770 illos
3218 2716 3492 2793 increpat,
3525 2717 3709 2773 dicens
3740 2737 3757 2774 :

2177 2807 2396 2861 Modica.-
2419 2808 2556 2877 ﬁdei.
2584 2808 2728 2863 Talis
2757 2808 2953 2878 quippe
2978 2818 3060 2862 est
3080 2809 3168 2878 qui
3199 2809 3420 2864 consilia
3451 2824 3547 2865 sua
3578 2810 3755 2869 oﬂ'ert:

2175 2907 2451 2977 postquam
2474 2914 2585 2954 rem
2612 2900 2753 2961 clare
2770 2900 3169 2963 demonstravit,
3185 2915 3289 2955 non
3307 2900 3467 2955 modo
3488 2900 3756 2970 hortatur,

2172 2989 2266 3057 sed
2291 2991 2450 3044 etiam
2478 2990 2680 3060 pungit,
2710 3000 2766 3045 ut
2792 2991 2958 3060 magis
2998 2991 3063 3046 ad
3096 2992 3387 3061 parendum
3418 2992 3575 3049 dictis
3600 2995 3758 3051 exci-

2172 3089 2266 3137 tet.
2302 3081 2398 3137 l'lis
2423 3092 2600 3136 autem
2632 3098 2728 3138 nos
2757 3082 2913 3137 docet
2939 3097 3044 3144 non
3071 3084 3233 3137 modo
3252 3095 3309 3138 ut
3336 3100 3405 3139 ne
3430 3085 3644 3140 solliciti
3672 3089 3756 3143 si-

2171 3188 2308 3237 mus,
2331 3173 2422 3228 sed
2452 3182 2507 3227 nt
2534 3188 2600 3228 ne
2625 3172 2976 3235 admiratione
3018 3175 3291 3243 capiamur
3318 3190 3437 3229 cum
3467 3176 3754 3246 magnifica

2174 3262 2487 3317 vestimenta
2527 3263 2905 3331 conspicimus.
2948 3262 3077 3319 Nam
3107 3263 3192 3323 hic
3218 3264 3379 3324 decor
3403 3263 3593 3320 ﬂorum
3624 3276 3709 3321 est
3736 3309 3753 3333 ,

2176 3352 2565 3426 herbarumque
2588 3352 2923 3422 pulchritudo
2950 3369 2965 3418 ;
2995 3355 3101 3407 imo
3137 3356 3421 3423 pretiosius
3449 3356 3647 3411 frenum
3669 3368 3757 3413 est

2173 3447 2275 3500 hoc
2304 3446 2641 3500 vestimento.
2661 3444 2797 3512 Quid
2832 3446 2992 3517 igitur
3018 3462 3263 3517 magnum
3292 3449 3437 3519 sapis
3465 3449 3533 3502 de
3562 3465 3621 3504 re
3644 3491 3661 3516 ,
3693 3450 3752 3518 in

2168 3549 2271 3605 qua
2298 3537 2364 3610 ab
2394 3534 2557 3589 herba
2605 3535 2762 3604 longe
2796 3537 3114 3605 superaris?
3146 3538 3209 3592 Et
3249 3539 3368 3593 vide
3410 3541 3680 3610 quomodo
3720 3555 3754 3612 ξ

2172 3627 2428 3697 principio
2460 3636 2780 3697 ppu-cptum
2831 3629 2947 3683 leve
2988 3628 3247 3699 facileque
3289 3645 3408 3685 esse
3452 3632 3751 3705 ostendat,

2168 3717 2294 3771 dum
2328 3718 2447 3797 illos
2476 3733 2686 3798 rursum
2724 3733 2754 3773 a
2778 3720 3061 3795 contrariis
3104 3729 3158 3776 et
3185 3721 3253 3775 ab
3282 3720 3349 3780 iis
3371 3736 3490 3790 quae
3517 3723 3755 3781 maxime

2174 3809 2382 3875 timent,
2406 3809 2638 3865 deducit.
2668 3810 2798 3864 Cum
2821 3810 2963 3865 enim
2991 3811 3246 3878 dixisset,
3287 3812 3612 3867 Considerate
3638 3814 3754 3880 lilia

2168 3901 2279 3972 agri
2307 3941 2323 3971 ,
2362 3900 2637 3969 subjunxit
2667 3919 2679 3954 :
2716 3900 2835 3954 Non
2867 3902 3119 3958 laborant.
3151 3902 3334 3973 itaque
3365 3918 3460 3958 nos
3483 3918 3513 3956 a
3545 3904 3750 3959 labori-

2168 3990 2267 4045 bus
2285 3992 2498 4061 eripere
2534 3992 2755 4072 volens,
2785 3992 2900 4057 lucc
2944 3993 3215 4065 praecepil.
3257 3993 3372 4055 Non
3412 4009 3543 4064 ergo
3595 3995 3753 4059 labor

2167 4080 2266 4165 llas
2284 4096 2371 4149 res
2395 4098 2499 4159 non
2526 4097 2716 4160 curare
2740 4125 2757 4151 ,
2782 4083 2877 4144 sed
2906 4099 3093 4149 curate
3115 4094 3172 4141 et
3197 4083 3482 4142 sollicitum
3504 4101 3649 4143 esse.
3671 4090 3755 4167 Ac

2166 4160 2612 4255 quemadmodum
2636 4188 2756 4251 cum
2775 4172 2930 4255 dixit,
2954 4173 3077 4241 Non
3103 4185 3296 4242 munt,
3310 4190 3419 4232 non

2164 4263 2396 4341 sustulit,
2422 4262 2518 4328 sed
2544 4278 2728 4339 curam
2755 4263 2971 4329 nimiam
3002 4281 3019 4319 :
3046 4265 3123 4322 sic
3142 4280 3268 4343 cum
3310 4267 3420 4333 ait,
3452 4265 3576 4323 Non
3605 4268 3750 4324 tabo-

2158 4366 2300 4431 rant,
2318 4372 2477 4432 neque
2498 4365 2638 4419 nant,
2655 4371 2762 4432 non
2785 4370 2920 4427 opus
2937 4357 3172 4433 sustulit,
3192 4358 3289 4414 sed
3309 4358 3745 4437 sollicitudinem.

2164 4446 2219 4507 Si
2247 4457 2426 4527 autem
2451 4445 2710 4520 Salomon
2739 4447 2949 4521 illorum
2978 4449 3173 4522 decore
3199 4461 3481 4521 superatus
3501 4462 3586 4508 est
3606 4493 3627 4516 ,
3649 4468 3745 4511 ne-

2165 4553 2272 4610 que
2295 4538 2461 4618 semel
2490 4547 2583 4617 aut
2622 4537 2706 4605 bis
2732 4580 2747 4605 ,
2799 4539 2893 4593 sed
2928 4555 3024 4610 per
3056 4549 3223 4608 totum
3254 4543 3402 4610 regni
3426 4543 3507 4597 sui
3533 4554 3746 4614 tempus

2165 4622 2364 4707 (neque
2388 4630 2530 4699 enim
2558 4638 2731 4700 potest
2755 4631 2874 4706 quis
2895 4632 3073 4707 dicere
3102 4635 3272 4701 ipsum
3304 4648 3445 4689 nunc
3471 4634 3569 4698 sic,
3603 4650 3748 4693 nunc

2162 4719 2269 4774 alio
2290 4718 2464 4798 “modo
2499 4720 2737 4775 indutum
2766 4720 2930 4790 fuisse
2960 4739 2974 4785 ;
3004 4721 3099 4777 sed
3138 4738 3313 4793 neque
3341 4739 3449 4780 uno
3475 4725 3564 4781 die
3596 4736 3744 4795 tanto

2163 4811 2357 4867 decore
2385 4812 2527 4879 fulsit
2560 4831 2573 4867 :
2604 4812 2655 4867 id
2677 4814 2816 4867 enim
2851 4814 3103 4887 indicavit
3125 4816 3307 4872 dicens
3330 4859 3347 4882 ,
3367 4815 3433 4872 In
3458 4828 3559 4872 toto
3587 4835 3742 4889 regna

2161 4888 2302 4978 suo),
2333 4891 2503 4979 neque
2531 4889 2619 4981 uni
2646 4911 2848 4985 tantum
2873 4904 2987 4985 llori
3012 4906 3195 4981 cessit,
3222 4906 3446 4961 alterum
3468 4923 3597 4962 vero
3626 4888 3736 4962 imi-

2163 5002 2304 5048 tatus
2323 5004 2425 5059 est,
2458 4994 2550 5049 sed
2578 4980 2824 5065 omnibus
2843 4980 2997 5050 simul
3028 4997 3188 5051 cessit
3212 4997 3557 5068 (quapmpter
3583 4999 3734 5065 dixit,

2163 5083 2308 5139 Sicut
2335 5100 2489 5136 unum
2516 5101 2579 5139 ea:
2618 5086 2725 5138 istis
2752 5102 2770 5138 :
2797 5096 3049 5163 quantum
3098 5088 3238 5163 enim
3274 5090 3436 5142 distat
3482 5092 3683 5143 veritas
3707 5107 3734 5141 a

2160 5174 2456 5241 mendacio,
2486 5184 2683 5250 tantum
2704 5186 2787 5230 est
2811 5177 2948 5250 inter
2971 5160 3280 5243 vestimenta
3313 5178 3401 5237 illa
3438 5188 3491 5232 et
3518 5179 3619 5233 hos
3643 5179 3737 5232 llo-

2162 5280 2249 5320 res
2275 5249 2628 5335 intervallum)
2655 5284 2667 5320 :
2690 5267 2733 5342 si
2759 5281 2887 5337 ergo
2912 5267 3003 5345 ille
3022 5282 3082 5327 se
3106 5268 3301 5345 victum
3328 5269 3607 5324 confessus
3630 5278 3732 5335 est,

2161 5356 2398 5412 omnium
2434 5357 2522 5423 qui
2553 5372 2803 5427 umquam
2828 5342 2977 5412 fuere
3002 5373 3187 5431 regum
3221 5342 3686 5429 splendidissimus
3713 5398 3731 5423 ,

2160 5448 2495 5519 quandonam
2523 5455 2577 5515 tu
2594 5448 2806 5502 vincere
2830 5434 3028 5517 poteris
3051 5489 3066 5511 ,
3095 5457 3188 5505 aut
3214 5436 3280 5504 ad
3314 5449 3460 5503 illum
3485 5450 3732 5505 decorem

2168 5537 2249 5590 vel
2275 5537 2536 5593 tantillum
2566 5534 2869 5595 accedere?
2900 5540 3033 5595 [line
3067 5525 3163 5594 nos
3204 5541 3431 5595 instituit
3457 5553 3513 5594 ut
3542 5558 3609 5596 ne
3641 5542 3729 5595 hu-

2158 5628 2388 5697 jusmodi
2432 5636 2681 5689 decorem
2721 5645 2967 5700 umquam
2996 5631 3313 5691 ambiamus.
3349 5632 3482 5687 Vide
3524 5625 3728 5702 ergo”:

2160 5734 2282 5774 nent
2306 5717 2461 5788 ejus:
2492 5728 2614 5792 post
2631 5720 2925 5788 victoriam,
2952 5721 3002 5774 in
3026 5721 3294 5799 clibanutn
3314 5722 3561 5777 mittitur.
3581 5718 3726 5789 Quod
