4050 6220
312 332 414 390 501

316 455 362 508 si
386 465 512 522 erga
537 449 722 506 isthacc
747 452 801 502 et
827 444 893 500 ad
920 441 1116 499 nullius
1139 439 1394 494 momenti
1423 450 1575 490 usum
1614 435 1756 488 Deus
1783 442 1898 487 tan-

319 555 429 599 tam
456 543 675 599 exhibet
698 536 1081 611 providentiam
1099 576 1115 601 ,
1146 529 1416 602 quomodo
1447 537 1499 584 te
1528 527 1758 597 negliget
1783 540 1897 578 om-

319 638 466 690 nium
511 633 744 688 maxime
772 627 1132 683 necessarium
1161 620 1401 677 animal?
1426 618 1601 686 Quare
1637 631 1765 685 ergo
1789 624 1894 669 tam

322 726 542 796 pulchra
571 721 690 779 fecit
715 721 800 775 illa
827 719 848 773 ?
873 718 942 774 Ut
966 730 1118 772 suam
1142 712 1450 770 ostenderet
1474 707 1810 778 sapientiam,
1842 714 1898 760 et

324 824 429 878 vim
455 817 703 888 potentia:
729 827 840 867 sua:
869 853 884 878 ,
913 825 1019 881 quo
1044 807 1276 876 undique
1301 805 1417 874 ejus
1441 803 1660 872 gloriam
1690 799 1896 854 edisca-

323 926 459 968 mus.
486 907 668 977 Neque
698 906 840 961 enim
869 901 991 956 (Σιειὶ
1037 906 1238 955 tantum
1275 904 1511 950 enarrant
1557 890 1772 964 gloriam
1799 889 1898 942 Dei

322 1007 341 1075 (
370 1002 514 1056 Psal.
548 998 642 1054 18.
671 997 765 1068 2),
812 993 906 1049 sed
959 993 1122 1052 etiam
1167 999 1307 1043 terra
1339 1008 1352 1043 :
1381 986 1539 1056 idque
1593 983 1894 1053 signiﬁcans

317 1074 478 1149 David
506 1090 753 1145 dicebat:
785 1083 1013 1139 Laudate
1042 1080 1336 1143 Dominum,
1369 1077 1508 1147 ligna
1533 1074 1814 1144 fructifera,
1846 1080 1893 1124 et

313 1200 484 1242 omnes
508 1177 686 1250 θεάν-ἱ(
717 1176 862 1231 Psal.
891 1173 1015 1230 148.
1045 1173 1079 1228 9
1108 1173 1147 1241 ).
1176 1169 1292 1228 Alia
1315 1168 1455 1223 enim
1502 1181 1595 1236 per
1623 1165 1849 1221 fructum
1872 1201 1890 1226 ,

313 1278 415 1330 alia
436 1290 534 1345 per
554 1267 992 1341 magnitudinem,
1015 1263 1116 1317 alia
1139 1276 1234 1332 per
1263 1256 1705 1330 pulchritudinem
1732 1251 1893 1307 Crea-

315 1368 416 1421 tori
442 1344 654 1418 laudem
680 1358 948 1417 emittunt.
975 1353 1175 1419 Magum
1209 1364 1421 1423 quoque
1460 1346 1588 1401 illud
1616 1344 1890 1414 sapientiae

315 1467 394 1516 est
419 1464 473 1510 et
501 1450 779 1524 potestatis
803 1449 1031 1518 signum,
1062 1458 1182 1504 cum
1209 1441 1369 1497 etiam
1396 1455 1458 1494 ea
1487 1455 1607 1508 quae
1637 1434 1890 1494 vilissima

316 1559 438 1606 sunt
467 1546 618 1619 (quid
645 1545 788 1600 enim
812 1542 969 1596 vilius
999 1537 1090 1592 illo
1107 1535 1248 1606 quod
1273 1532 1429 1588 hodie
1453 1543 1556 1595 est,
1589 1543 1709 1584 cras
1729 1527 1892 1586 mini-

317 1645 447 1703 me?
474 1643 492 1712 )
521 1651 665 1696 tanta
688 1639 909 1706 decorat
953 1629 1360 1702 pulchritudine.
1411 1625 1468 1679 Si
1514 1624 1674 1695 igitur
1709 1621 1852 1676 {ceno
1875 1659 1891 1685 ,

317 1733 457 1806 quod
474 1711 686 1786 nullius
722 1739 854 1796 usus
881 1732 1005 1786 est,
1063 1720 1115 1774 id
1161 1716 1389 1781 dederit,
1421 1713 1568 1785 (quid
1597 1712 1740 1767 enim
1779 1711 1894 1780 pul-

319 1803 564 1880 chritudo
583 1820 699 1890 ejus
726 1817 793 1870 ad
816 1815 950 1887 ignis
973 1812 1284 1867 alimentum
1305 1806 1516 1864 confert
1546 1806 1598 1874 ?)
1622 1803 1892 1874 quomodo

319 1916 436 1982 tibi,
454 1913 543 1984 qui
572 1926 706 1980 opus
735 1908 921 1972 habes,
946 1919 1050 1958 non
1071 1901 1261 1956 dabit?
1287 1898 1341 1954 Si
1368 1897 1510 1968 quod
1538 1896 1776 1951 omnium
1808 1895 1887 1948 vi-

315 2004 579 2082 lissimum
606 2009 689 2057 est
712 1997 1045 2053 abundanter
1069 1990 1311 2054 ornavit,
1357 1998 1410 2043 et
1436 1987 1537 2062 hoc
1564 2000 1669 2041 non
1697 1984 1763 2039 ad
1785 1983 1887 2038 ali-

318 2076 474 2168 quem
514 2107 664 2149 usum
685 2133 701 2159 ,
727 2089 822 2146 sed
844 2087 912 2143 ad
937 2081 1380 2155 magniﬁcentiam
1411 2121 1426 2149 ,
1454 2077 1623 2138 multo
1648 2076 1815 2145 magis
1838 2083 1890 2134 te

319 2165 554 2251 omnium
581 2182 1025 2257 pretiosissimum
1055 2177 1110 2248 in
1135 2174 1200 2229 iis
1232 2213 1250 2240 ,
1279 2188 1395 2243 quas
1435 2170 1500 2224 ad
1543 2183 1697 2233 usum
1728 2165 1891 2238 perti-

319 2291 468 2349 nent,
499 2253 802 2337 honorabit,
1794 2253 1799 2260 ·
1825 2281 1828 2284 ί

383 2376 440 2430 2.
472 2371 733 2442 Quoniam
766 2368 927 2438 igitur
960 2363 1178 2419 multam
1208 2357 1438 2414 ostendit
1473 2354 1567 2410 Dei
1602 2351 1890 2424 providen-

317 2468 464 2530 tiam,
492 2473 546 2519 et
570 2464 846 2529 increpare
891 2457 1008 2511 illos
1035 2461 1216 2524 postea
1248 2447 1568 2520 oportebat,
1597 2444 1685 2499 hic
1709 2451 1886 2497 tamen

314 2559 533 2620 lenitate
554 2556 719 2609 utitur
740 2593 754 2620 ,
788 2566 892 2606 non
921 2545 1343 2608 incredulitatem
1369 2583 1384 2607 ,
1415 2540 1508 2596 sed
1538 2538 1797 2594 modicam
1822 2535 1887 2589 ﬁ-

311 2653 432 2710 dem
453 2649 556 2704 illis
584 2650 870 2716 impulans.
905 2643 966 2698 Si
991 2641 1122 2695 enim
1151 2639 1338 2709 frenum
1363 2635 1473 2706 agri
1496 2674 1510 2696 ,
1539 2631 1724 2701 inquit,
1755 2628 1889 2684 Deus

311 2746 383 2809 sic
416 2742 580 2804 vestit,
619 2739 778 2795 multa
808 2736 964 2806 magis
1016 2749 1123 2796 uas,
1167 2729 1374 2783 mediae
1421 2725 1557 2794 ﬁdei.
1584 2721 1744 2791 Atqui
1773 2719 1886 2775 haec

312 2836 484 2896 omnia
515 2836 628 2902 ipse
648 2838 914 2899 operatur;
938 2841 1057 2882 nam
1084 2821 1266 2878 Omnia
1291 2835 1378 2888 per
1401 2819 1567 2886 ipsum
1591 2819 1724 2884 facta
1749 2821 1886 2883 sunt,

313 2938 356 2990 et
383 2927 491 2980 sine
516 2901 627 2993 ipso
653 2926 843 2992 factum
863 2926 934 2972 est
955 2915 1082 2970 nihil
1101 2912 1282 2981 (Joan.
1313 2910 1362 2966 l.
1393 2909 1449 2973 5)
1468 2914 1724 2966 :attamen
1755 2901 1887 2955 nihil

312 2991 620 3090 usquam—de
635 2991 693 3069 se
703 3013 1103 3068 commemorat.
1124 3000 1426 3058 Sufﬁciebat
1441 2999 1580 3053 enim
1594 2993 1807 3049 interim
1820 2991 1887 3045 ad

311 3082 777 3166 demonstrandam
800 3098 1167 3155 auctoritatem
1198 3107 1345 3147 suam
1371 3131 1386 3156 ,
1415 3087 1556 3158 quod
1578 3085 1788 3140 diceret
1817 3082 1885 3136 ad

311 3199 520 3271 singula
554 3203 817 3266 princepta
845 3209 858 3244 :
888 3187 1111 3243 Audistis
1149 3183 1265 3253 quia
1293 3182 1479 3234 dictum
1515 3186 1586 3230 est
1627 3173 1887 3244 antiquis:

311 3262 425 3364 ego.
439 3262 602 3344 autent
630 3287 742 3340 dico
770 3283 906 3338 vobis
950 3278 1163 3350 (Matth.
1203 3277 1256 3331 5.
1285 3275 1375 3327 2i.
1400 3271 1489 3326 22.
1520 3268 1652 3339 sqq.)
1694 3266 1770 3321 Ne
1785 3262 1887 3364 ita:-

312 3355 413 3454 que
437 3380 646 3437 mireris
665 3391 787 3438 cum
815 3375 867 3430 in
891 3369 1250 3438 sequentibus
1266 3383 1388 3426 sese
1409 3365 1764 3427 occultat,aut
1787 3355 1888 3412 hn-

314 3449 440 3530 tuilc
463 3475 735 3548 quidpiam
763 3471 830 3524 de
855 3483 914 3525 se
939 3464 1195 3533 loquitur.
1230 3457 1402 3514 Unum
1433 3455 1631 3524 quippe
1671 3449 1887 3505 interim

309 3571 552 3636 Curabat,
585 3576 642 3620 nt
660 3569 910 3631 acceptus
935 3566 989 3613 et
1008 3551 1292 3626 probabilis
1317 3549 1423 3609 illis
1447 3559 1626 3610 sermo
1645 3551 1809 3608 esset,
1824 3555 1888 3607 ac

314 3680 413 3736 per
439 3661 619 3716 omnia
645 3653 970 3715 ostenderet,
1003 3666 1060 3702 se
1087 3662 1191 3701 non
1220 3657 1340 3706 esse
1363 3642 1470 3696 Deo
1499 3637 1886 3704 adversarium,

311 3723 408 3812 sed
443 3768 565 3808 cum
613 3751 771 3805 Patre
805 3741 1228 3801 consentientem
1274 3743 1331 3789 et
1366 3729 1709 3788 concordem.
1736 3723 1887 3792 Quod

311 3847 472 3902 etiam
523 3843 608 3896 hic
652 3840 796 3894 facit.
826 3836 952 3891 Post
978 3839 1055 3886 tot
1082 3830 1223 3884 enim
1267 3837 1547 3882 sermones
1583 3820 1891 3888 frequenter

313 3939 460 3993 illum
490 3936 541 3989 in
565 3931 797 3987 medium
822 3923 1060 3986 adducit,
1087 3918 1354 3974 admirans
1381 3916 1497 3984 ejus
1521 3910 1835 3981 sapientiam
1866 3949 1883 3972 ,

315 4025 707 4100 providentiam
729 4024 781 4074 in
809 4016 1055 4075 omnibus
1081 4054 1095 4077 ,
1121 4012 1172 4065 in
1193 4007 1483 4077 majoribus
1510 4013 1565 4059 et
1591 4004 1641 4056 iu
1665 4001 1887 4055 minori-.-

315 4095 433 4177 bus.
463 4119 593 4174 Nam
615 4131 735 4171 cum
757 4113 825 4167 de
849 4106 1182 4176 Jerosolyma
1211 4101 1445 4162 diceret,
1487 4095 1755 4150 civitatem
1780 4105 1894 4143 ma-

313 4213 402 4283 gni
424 4209 744 4281 regisipsam
774 4199 976 4256 vocavit
1009 4214 1024 4251 :
1055 4205 1252 4250 etcum
1278 4189 1465 4245 czelum
1501 4196 1888 4240 commemora-

315 4270 398 4358 ;et
420 4344 435 4369 ,
476 4270 666 4356 solium
716 4295 805 4349 Dei
833 4287 1120 4360 appellavit
1147 4303 1160 4337 :
1193 4289 1393 4338 etcum
1423 4277 1490 4332 de
1515 4273 1698 4330 mundi
1725 4270 1893 4325 adrni-

316 4394 631 4451 nistrationc
651 4386 810 4443 verba
840 4385 1054 4442 faceret,
1082 4376 1180 4446 ipsi
1203 4385 1413 4428 rursum
1444 4366 1619 4422 omnia
1639 4361 1893 4419 adscribit

315 4489 499 4543 dicens
522 4501 535 4538 :
562 4482 662 4550 Qui
684 4479 838 4535 solem
857 4490 1004 4531 suum
1023 4469 1143 4525 oriri
1166 4466 1284 4539 facit
1304 4478 1454 4532 super
1473 4460 1633 4524 malos
1651 4468 1698 4512 et
1713 4457 1889 4521 bonos,

317 4594 360 4640 et
405 4582 535 4654 pluit
575 4594 724 4649 super
741 4576 912 4646 justas
934 4579 981 4626 et
1019 4569 1233 4639 injustas
1261 4562 1280 4634 (
1311 4558 1449 4618 Ibid.
1480 4573 1530 4611 υ.
1559 4555 1628 4610 45
1661 4553 1702 4624 ).
1739 4551 1807 4605 Εῑ
1835 4550 1890 4603 in

316 4648 558 4732 oratione
586 4670 664 4725 sic
687 4667 866 4722 dicere
901 4659 1084 4717 docuit
1111 4675 1123 4711 :
1161 4655 1293 4722 Quia
1318 4653 1425 4723 ejus
1461 4655 1534 4704 est
1562 4659 1772 4715 regnum
1799 4681 1814 4706 ,
1845 4648 1891 4694 et

317 4764 558 4838 potentia,
575 4768 622 4814 et
643 4757 825 4829 gloria.
846 4753 944 4809 llic
957 4763 1165 4821 quoque
1185 4746 1253 4801 de
1273 4744 1412 4799 illius
1437 4735 1764 4811 providentia
1785 4732 1896 4833 dis-

315 4823 500 4914 serens
518 4895 533 4918 ,
556 4861 612 4908 et
635 4847 923 4905 ostendens
942 4844 1114 4912 ipsum
1131 4839 1214 4893 vel
1235 4838 1288 4890 iu
1314 4833 1488 4904 parvis
1508 4830 1764 4899 optimum
1781 4823 1894 4892 Opi-

315 4953 472 5006 liecm
491 4961 632 5010 esse,
649 4944 744 5008 ait,
769 4940 984 4995 Faenum
1006 4934 1114 5006 agri
1137 4931 1298 4986 vestit.
1315 4931 1388 4982 Ac
1407 4939 1663 4995 nusquam
1688 4931 1893 4990 patrem

315 5057 470 5098 suum
485 5044 658 5100 vocat,
673 5035 765 5090 sed
779 5032 993 5087 illormn
1010 5046 1023 5082 :
1047 5035 1103 5080 ut
1117 5034 1172 5079 et
1187 5025 1287 5077 hoc
1312 5020 1514 5075 honore
1538 5031 1666 5086 pcru
1691 5021 1892 5079 averet,

312 5142 365 5187 et
403 5145 527 5186 cum
568 5134 774 5198 patrem
813 5135 966 5176 suum
1008 5125 1189 5187 postea
1217 5113 1454 5173 diceret,
1503 5122 1608 5161 non
1653 5104 1895 5172 indigna-

314 5232 519 5278 rentur.
542 5219 600 5274 Si
628 5231 757 5272 vero
783 5213 852 5269 de
879 5210 1068 5265 vilibus
1089 5217 1140 5260 et
1161 5201 1473 5260 necessariis
1484 5198 1766 5254 sollicitum
1779 5209 1898 5248 esse

317 5329 422 5368 non
448 5318 710 5382 oporteat,
725 5320 825 5377 qua
842 5299 1182 5358 excusatione
1197 5295 1337 5364 digni
1355 5301 1477 5348 sunt
1498 5290 1587 5359 qui
1607 5287 1676 5344 de
1696 5285 1898 5355 magni-

317 5404 432 5462 ﬁcis
459 5376 642 5459 curam
678 5376 906 5452 habent?
935 5393 1042 5447 imo
1066 5391 1237 5460 potius
1259 5401 1360 5456 qua
1389 5380 1730 5438 excusatione
1753 5376 1898 5447 digni

316 5473 464 5566 sunt,
493 5495 582 5567 qui
607 5506 712 5546 non
750 5486 1039 5547 dormiunt,
1061 5491 1120 5537 ut
1138 5481 1307 5535 aliena
1347 5477 1484 5532 bona
1504 5474 1712 5545 rapiant
1746 5471 1770 5523 ?
1807 5470 1896 5525 51.

321 5563 491 5641 Noliie
506 5563 624 5656 ergo
647 5582 847 5638 solliciti
863 5596 989 5646 esse,
1007 5577 1225 5630 dicentes
1248 5587 1266 5625 :
1287 5569 1424 5637 Quid
1450 5563 1861 5619 manducabimus
1879 5601 1894 5626 ,

309 5678 538 5746 autquid
559 5677 801 5741 bibemus,
824 5683 908 5728 aut
929 5688 1025 5740 quo
1047 5665 1364 5737 aperientur?
1381 5662 1464 5716 5‘2.
1499 5659 1620 5713 Ilu’c
1642 5658 1771 5710 enim
1792 5671 1897 5707 om-

308 5773 397 5827 nia
419 5771 593 5824 mundi
614 5779 778 5836 gentes
810 5765 1077 5832 inquirunt.
1105 5748 1559 5822 Viden‘quomodo
1579 5761 1766 5803 rursus
1781 5749 1896 5804 illos

1293 320 1359 376 IN
1397 316 1801 376 MATTIIEU.“
1843 316 2054 373 HOMIL
2089 315 2258 372 XXII.
2302 316 2374 370 al.
2413 315 2601 372 XXIII.

3475 318 3582 376 302

2005 441 2060 488 et
2084 432 2251 502 magis
2278 431 2629 503 inerepaverit
2652 476 2667 495 ,
2716 409 2771 489 et
2795 435 3140 494 deelaravcrit
3161 481 3176 506 ,
3210 454 3267 495 se
3288 440 3418 496 nihil
3443 457 3571 496 oue-

2003 539 2183 578 rosum
2208 524 2289 578 vel
2313 526 2505 579 durum
2537 527 2858 595 prtecepisse
2886 529 2908 581 ?
2931 527 3078 583 Sicut
3103 531 3262 600 igitur
3285 547 3403 586 cum
3433 532 3567 588 dico

2001 625 2119 680 ret,
2143 615 2206 671 Si
2240 616 2450 686 diligitis
2488 617 2752 687 diligentes
2802 633 2906 683 vos,
2937 620 3064 674 nihil
3108 638 3345 693 magnum
3369 625 3565 694 facitis,

2001 727 2120 763 nam
2147 720 2192 763 et
2209 711 2394 764 ethnici
2419 711 2512 765 hoc
2532 715 2728 782 faciunt
2752 712 2963 785 (Matth.
2993 715 3042 770 5.
3066 717 3158 771 46.
3184 718 3299 787 L7),
3319 719 3385 774 ab
3399 719 3575 776 ethni-

1997 816 2183 855 corum
2209 803 2720 857 commemoratione
2749 805 2892 870 ipsos
2921 805 2986 860 ad
3024 807 3245 862 meliora
3286 811 3534 866 excitavit
3558 832 3573 867 :

1996 895 2072 945 sie
2116 901 2170 946 et
2199 908 2340 947 nunc
2381 894 2498 948 illos
2543 895 2592 947 in
2645 894 2876 949 medium
2923 897 3178 964 adducit,
3212 902 3575 971 perstringens

1997 998 2089 1038 eos
2109 1026 2124 1049 ,
2158 994 2208 1038 et
2237 984 2523 1038 ostendens
2546 1025 2561 1048 ,
2611 999 2669 1039 se
2699 988 3056 1042 necessarium
3085 1004 3116 1044 a
3143 991 3296 1045 nobis
3337 991 3576 1049 debitum

1996 1075 2225 1144 exigere.
2257 1075 2312 1129 Si
2335 1077 2474 1129 enim
2504 1076 2620 1145 plus
2645 1091 2803 1146 quam
2831 1078 3035 1133 scribas
3063 1089 3118 1134 et
3151 1080 3447 1138 Pharisaeos
3484 1099 3578 1138 ex-

1999 1168 2178 1222 hibere
2203 1177 2489 1238 oporteat,
2536 1184 2636 1237 qua
2671 1184 2826 1238 pceua
2871 1171 3012 1240 digni
3058 1172 3258 1226 erimus
3289 1214 3304 1237 ,
3332 1176 3420 1244 qui
3469 1192 3576 1231 non

1996 1260 2156 1314 modo
2186 1260 2308 1314 illos
2335 1277 2439 1313 non
2471 1276 2804 1329 superamus,
2835 1263 2926 1316 sed
2951 1273 3002 1316 et
3031 1263 3081 1317 in
3104 1265 3434 1320 ethnicorum
3461 1269 3578 1322 vili-

1995 1357 2103 1405 tate
2131 1366 2426 1413 manemus,
2450 1359 2505 1405 et
2531 1352 2738 1406 illorum
2757 1355 3238 1421 pusillmnimitatem
3270 1359 3577 1415 imitamur?

1993 1438 2101 1495 Nec
2135 1441 2265 1495 satis
2295 1442 2477 1497 habuit
2504 1444 2812 1513 increpasse
2835 1487 2852 1511 ,
2897 1446 2990 1500 sed
3019 1463 3139 1502 eum
3172 1451 3574 1518 perstrinxissct

1996 1531 2135 1598 illos,
2153 1532 2436 1587 excitasset
2449 1547 2512 1587 ac
2541 1533 2741 1602 pudore
2769 1534 3033 1592 ali‘eeisset
3059 1552 3180 1593 eum
3208 1541 3566 1618 vehementia,

1995 1621 2211 1677 aliunde
2251 1623 2373 1677 illos
2401 1624 2709 1678 consolatur
2731 1625 2917 1680 dicens
2947 1645 2964 1682 :
2991 1627 3100 1681 Scit
3126 1629 3257 1681 enim
3304 1629 3457 1686 Pater
3485 1649 3570 1685 ve-

1995 1724 2095 1770 ster
2121 1718 2367 1784 celestis,
2394 1718 2513 1784 quia
2560 1719 2638 1772 his
2684 1719 2914 1772 omnibus
2940 1720 3192 1791 indigetis.
3242 1721 3355 1776 Non
3386 1723 3519 1777 dixit
3549 1769 3565 1787 ,

1994 1807 2106 1862 Scit
2128 1807 2287 1871 Deus,
2316 1808 2431 1871 sed,
2457 1808 2567 1863 Scit
2596 1807 2773 1874 Pater,
2807 1820 2861 1863 ut
2885 1810 3004 1864 illos
3033 1811 3098 1864 ad
3133 1813 3386 1879 majorem
3416 1829 3566 1883 spem

1993 1897 2181 1968 erigat.
2204 1897 2258 1953 Si
2280 1899 2422 1953 enim
2451 1909 2603 1968 pater
2626 1911 2709 1954 est
2737 1940 2754 1975 η
2784 1909 2839 1973 et
2865 1910 3014 1970 pater
3045 1903 3166 1958 talis
3193 1945 3209 1968 ,
3243 1922 3346 1959 non
3375 1909 3574 1975 poterit

1993 1988 2273 2059 despicere
2303 1989 2440 2045 ﬁlios
2461 1990 2513 2046 in
2547 1992 2804 2046 extremis
2829 1993 2984 2047 malis
3010 2004 3286 2050 versantes
3315 2015 3328 2049 :
3360 1999 3575 2067 quando

1994 2094 2062 2139 ne
2103 2080 2363 2136 homines
2387 2081 2601 2151 quidem
2643 2091 2820 2152 patres
2861 2083 2962 2147 hoc
2991 2086 3284 2154 patiuntur.
3313 2089 3574 2159 Aliudquo

1994 2182 2174 2240 postea
2204 2172 2408 2227 inducit
2437 2173 2794 2255 ratiocinium.
2823 2174 3099 2242 Quodnam
3130 2177 3256 2232 illud
3287 2178 3310 2232 2
3339 2179 3470 2244 Quia
3494 2182 3572 2238 his

1994 2262 2224 2315 omnibus
2261 2263 2515 2333 indigetis.
2549 2263 2661 2318 Hoc
2703 2273 2881 2318 autem
2913 2266 3027 2320 vult
3071 2267 3390 2336 signiﬁcare.
3433 2269 3570 2336 Num

1992 2353 2258 2423 superﬂua
2280 2363 2405 2408 sunt
2431 2354 2543 2408 haec
2573 2395 2588 2418 ,
2623 2363 2679 2408 ut
2702 2355 3000 2424 deSpiciat?
3026 2357 3186 2426 Atqui
3210 2373 3276 2412 ne
3301 2359 3352 2412 in
3379 2373 3570 2429 super-

1993 2443 2113 2497 lluis
2142 2445 2353 2513 quidem
2381 2445 2641 2514 despexit,
2672 2457 2728 2499 ut
2760 2447 2811 2501 in
2835 2447 3008 2502 lauto:
3035 2463 3174 2513 nuiic
3199 2457 3445 2504 autemet
3477 2467 3569 2508 nes

1993 2536 2225 2590 cessaria
2257 2543 2401 2590 sunt.
2435 2536 2614 2607 Itaque
2639 2537 2779 2607 quod
2811 2550 2962 2607 putas
2988 2553 3202 2592 causam
3227 2555 3347 2594 esse
3374 2540 3568 2600 εοιιίοἰτ

1994 2625 2212 2690 tudinis,
2240 2626 2290 2680 id
2313 2627 2432 2686 dico
2457 2628 2703 2682 idoneum
2729 2643 2848 2690 esse
2871 2630 2935 2682 ad
2964 2629 3277 2699 abigendam
3318 2631 3408 2684 tibi
3435 2632 3569 2696 hanc

1991 2717 2419 2773 Sollicitudinem.
2449 2719 2598 2785 Quod
2619 2721 2662 2774 si
2688 2720 2853 2786 dicas,
2878 2719 3002 2774 Ideo
3031 2736 3116 2775 me
3143 2721 3423 2776 sollicitum
3450 2702 3571 2779 esse

1991 2819 2220 2879 oportet,
2250 2812 2371 2880 quia
2400 2812 2699 2866 necessaria
2724 2821 2882 2866 sunt:
2907 2826 3006 2882 ego
3029 2822 3214 2866 contra
3247 2813 3566 2882 respondeo:

1993 2900 2113 2955 ideo
2142 2916 2208 2954 ne
2235 2901 2495 2963 sollicitus
2520 2903 2615 2968 sis,
2643 2903 2766 2972 quia
2811 2903 3111 2957 necessaria
3141 2912 3285 2957 sunt.
3319 2903 3376 2959 Si
3422 2905 3566 2958 enim

1989 2993 2257 3062 superﬂua
2301 3004 2479 3050 essent
2498 3037 2512 3061 ,
2547 3010 2719 3064 neque
2745 2995 2824 3049 sic
2844 2994 3232 3064 desperandum
3264 3005 3442 3062 esset,
3472 2997 3565 3050 sed

1989 3083 2360 3138 conﬁdendum
2389 3100 2451 3139 ea
2484 3085 2576 3140 tibi
2601 3085 2925 3154 suppeditari
2957 3100 3112 3153 posse
3136 3103 3148 3138 :
3172 3101 3294 3154 quia
3323 3101 3449 3139 vero
3480 3102 3568 3138 ue-

1987 3176 2219 3230 cessaria
2251 3187 2394 3239 smn,
2421 3192 2523 3234 non
2567 3175 2705 3228 ultra
2725 3171 2998 3241 ambigere
3022 3179 3255 3241 oportet.
3273 3169 3409 3235 Quis
3427 3168 3575 3222 extim

1989 3278 2145 3341 pater
2159 3267 2393 3338 negligat
2415 3263 2508 3319 ﬁlii
2566 3261 2682 3314 suis
2708 3259 3008 3316 neceSSaria
3033 3258 3270 3327 prmhere
3295 3258 3319 3310 ἓ
3343 3256 3570 3325 Ideoque

1990 3357 2208 3411 omnino
2231 3356 2369 3409 Deus
2390 3354 2440 3409 id
2472 3353 2696 3408 daturus
2715 3362 2817 3407 est.
2842 3351 2974 3406 Nam
3004 3351 3116 3420 ipse
3137 3359 3340 3406 natura:
3361 3359 3572 3404 creator

1991 3461 2092 3508 εει.
2111 3457 2164 3502 et
2181 3447 2303 3516 quid
2332 3446 2430 3516 ipsi
2460 3445 2818 3500 necessarium
2840 3445 2910 3500 sit
2932 3453 3180 3498 accurate
3203 3443 3371 3497 novit.
3390 3442 3571 3511 Neque

1990 3540 2130 3593 enim
2157 3538 2338 3594 dicere
2364 3538 2539 3607 possis
2570 3579 2584 3601 ,
2615 3538 2789 3606 ipsum
2829 3535 3046 3604 quidem
3087 3549 3207 3589 esse
3234 3544 3435 3604 patrem
3469 3576 3484 3599 ,
3517 3543 3572 3589 et

1992 3630 2291 3686 necessaria
2337 3644 2457 3684 esse
2487 3644 2548 3684 ea
2593 3643 2712 3698 quae
2760 3627 3109 3697 requiruntur
3138 3667 3154 3692 ,
3194 3625 3286 3680 sed
3330 3626 3572 3695 ignorare

1993 3737 2112 3778 cum
2132 3721 2371 3791 nosipsis
2390 3735 2627 3791 egemus.
2650 3717 2780 3774 Nam
2811 3719 2898 3788 qui
2927 3727 3172 3772 naturam
3203 3718 3372 3786 ipsam
3401 3716 3570 3779 novit,

1992 3825 2046 3869 ct
2065 3824 2274 3871 creator
2299 3814 2414 3884 ejus
2443 3822 2544 3878 est,
2575 3812 2826 3881 illamque
2851 3810 2952 3865 hoc
2975 3809 3132 3864 modo
3156 3809 3400 3863 formavit
3427 3849 3443 3873 ,
3477 3823 3571 3862 ne-

1993 3908 2299 3962 cessitatem
2327 3905 2464 3975 ejus,
2495 3913 2554 3959 ut
2582 3903 2754 3973 palam
2778 3912 2884 3967 est,
2910 3902 3100 3959 melius
3129 3901 3278 3955 novit
3299 3915 3459 3969 quam
3489 3909 3566 3961 tu,

1993 3997 2083 4068 qui
2115 3998 2166 4051 in
2197 3997 2513 4052 necessitate
2531 3995 2852 4048 constitutus
2867 4007 2943 4046 es.
2965 3990 3098 4044 Nam
3124 3990 3222 4056 ipsi
3253 3989 3329 4042 sic
3358 3989 3573 4057 placuit,

1996 4097 2052 4141 nt
2094 4088 2146 4141 in
2187 4085 2490 4155 hujusmodi
2517 4084 2838 4138 necessitate
2861 4095 3031 4136 esses.
3057 4081 3170 4133 Non
3206 4095 3335 4148 ergo
3357 4088 3574 4132 eontra-

1997 4182 2105 4236 rius
2129 4182 2232 4235 erit
2257 4181 2320 4234 iis
2349 4195 2468 4249 qua:
2501 4177 2707 4242 voluit,
2739 4177 2809 4230 ita
2838 4183 2898 4230 ut
2926 4183 2978 4230 te
3003 4175 3056 4228 iu
3089 4175 3410 4227 neceSsitate
3440 4187 3576 4226 con-

1995 4273 2201 4335 stitnat,
2235 4280 2335 4325 eta
2369 4269 2684 4325 necessariis
2706 4267 2897 4336 privet.

2067 4367 2124 4420 5.
2174 4364 2414 4418 Anxietas
2439 4361 2567 4416 nihil
2592 4361 2814 4431 prodest.
2862 4357 3204 4413 Providentia:
3233 4355 3346 4418 Dei,
3377 4355 3577 4410 Christo

1996 4467 2240 4523 monente,
2284 4455 2560 4525 fidentium.
2593 4452 2686 4508 Dei
2711 4453 2903 4506 auxilio
2929 4455 3058 4505 bona
3093 4450 3290 4519 agimus
3319 4447 3576 4499 enimio.“

1997 4549 2074 4604 Ne
2114 4551 2290 4619 itaque
2331 4545 2540 4602 solliciti
2571 4545 2768 4606 simus;
2799 4558 2970 4612 neque
3017 4541 3159 4594 enim
3191 4538 3317 4608 quid
3354 4537 3580 4606 amplius

1997 4657 2426 4713 consequemur,
2473 4655 2632 4708 quam
2683 4636 2824 4708 quod
2874 4650 2974 4689 nos
3010 4634 3152 4688 euris
3193 4630 3579 4686 distendamus.

1998 4736 2131 4792 Cum
2183 4737 2326 4790 enim
2379 4732 2532 4788 nobis
2571 4734 2683 4785 sive
2722 4728 2985 4794 sollicitis,
3018 4727 3129 4779 sive
3169 4739 3273 4778 non
3315 4721 3580 4783 sollicitis,

2000 4831 2107 4884 imo
2141 4828 2311 4898 potius
2342 4841 2444 4880 non
2477 4821 2716 4878 sollicitis
2738 4859 2754 4886 ,
2792 4819 2842 4873 id
2871 4824 3105 4887 przcstet,
3151 4814 3274 4884 quid
3319 4812 3412 4866 tibi
3450 4828 3580 4866 am-

2002 4921 2138 4991 plius
2172 4935 2237 4972 ex
2273 4915 2626 4972 sollicitudine
2654 4910 2910 4970 manebit,
2933 4923 3090 4978 quam
3139 4907 3279 4976 quod
3327 4919 3511 4974 pmnas
3552 4919 3580 4956 a

2003 5013 2172 5079 teipse
2190 5006 2484 5078 superﬂuas
2498 5001 2768 5072 exegeris?
2788 5000 2968 5068 Neque
2988 4997 3128 5053 enim
3155 4998 3273 5066 quis
3292 4996 3358 5050 ad
3381 4996 3582 5048 lautum

2000 5103 2299 5159 com-ivium
2344 5112 2690 5160 accessurus,
2739 5094 2805 5148 de
2845 5092 2979 5146 cibis
3027 5105 3278 5158 umquam
3318 5087 3580 5143 sollicitus

2001 5196 2122 5255 erit;
2153 5208 2324 5261 neque
2346 5191 2390 5244 is
2413 5189 2502 5258 qui
2533 5188 2598 5242 ad
2633 5188 2827 5241 fontem
2858 5183 3082 5246 accedit,
3114 5182 3180 5236 de
3205 5190 3329 5250 potu
3357 5181 3458 5234 erit
3487 5193 3590 5231 an-

2003 5287 2142 5341 xius.
2173 5284 2249 5339 Ne
2279 5285 2454 5352 itaque
2492 5296 2608 5345 nos,
2637 5280 2829 5349 quibus
2855 5277 3153 5332 afﬂuentior
3203 5273 3356 5328 adest
3404 5281 3580 5324 rerum

2005 5380 2156 5447 copia
2179 5417 2194 5440 ,
2241 5391 2400 5445 quam
2428 5375 2478 5428 in
2507 5374 2652 5428 mille
2688 5371 2922 5426 fontibus
2959 5379 3010 5424 et
3039 5366 3302 5423 conviviis
3324 5403 3340 5428 ,
3391 5376 3584 5430 nempe

2016 5472 2110 5527 Dei
2142 5467 2668 5541 providentia,quasi
2695 5480 2962 5536 pauperes
2990 5461 3364 5533 pusillanimes
3384 5454 3580 5509 simus.

2009 5565 2145 5620 Cum
2179 5559 2506 5632 supradictis
2541 5560 2682 5612 enim
2705 5558 2851 5612 aliud
2899 5557 2951 5608 in
2978 5553 3187 5609 cunctis
3205 5547 3366 5602 rebus
3386 5545 3584 5599 ﬁdendi

2006 5657 2384 5720 argumentum
2403 5645 2856 5718 sttggcril.,dict.-ns
2873 5660 2886 5696 :
2903 5643 2990 5695 55.
3013 5636 3246 5703 Quterite
3261 5648 3472 5702 regnum
3489 5646 3585 5684 rte-

2004 5735 2196 5801 lot'um,
2223 5749 2267 5794 et
2286 5739 2393 5794 hwc
2405 5738 2584 5804 omnia
2601 5736 2913 5806 adjiciantur
2931 5728 3090 5784 vobis.
3123 5725 3418 5796 Postquam
3437 5712 3585 5787 enim
