4050 6220
490 336 596 403 3b?)

490 446 724 509 animum
752 459 780 497 a
804 442 952 498 curis
977 439 1195 504 levavit,
1226 445 1354 492 tunc
1374 434 1721 489 caelosetiam
1743 442 2067 483 commemo-

489 538 645 592 ravit.
677 537 831 591 Venit
855 535 1049 605 quippe
1086 539 1264 586 vetera
1293 528 1587 588 soluturus,
1618 534 1672 580 et
1698 523 1765 577 ad
1794 522 2070 576 meliorem

491 640 771 691 vomiturus
800 626 1043 696 patriattt.
1069 623 1361 691 Pr0pterea
1390 617 1519 673 nihil
1543 632 1649 671 non
1676 616 1784 686 agit
1809 656 1824 678 ,
1868 623 1926 669 ut
1971 627 2083 671 nos.

488 736 519 777 a
544 719 950 788 supervacaneis
977 725 1029 771 et
1059 730 1088 769 a
1119 722 1451 770 terrenarum
1494 724 1673 766 rerum
1708 706 1898 761 aﬁ‘ectu
1942 705 2070 761 libe—

490 822 591 873 ret.
628 811 829 866 Idcirco
853 808 1100 863 ethnicos
1139 803 1452 861 memoravit
1481 843 1496 867 ,
1536 799 1759 867 cumiait
1792 807 1980 869 gentes
2008 813 2069 852 ea

490 903 776 970 inquirere,
808 913 1030 968 quarum
1051 895 1225 950 omnis
1244 894 1395 957 labor
1418 902 1473 946 et
1495 891 1726 952 studium
1756 889 1894 943 circa
1939 904 2070 956 pra!-

488 1003 696 1047 sentcm
742 992 903 1044 vitam
946 997 1210 1052 versatur,
1252 985 1443 1056 quibus
1486 984 1628 1038 nulla
1661 981 1955 1039 futurorum
1986 978 2069 1035 vel

489 1086 740 1150 caelorum
770 1084 926 1137 ratio.
962 1081 1127 1135 Vobis
1152 1089 1328 1135 autem
1358 1094 1460 1131 non
1486 1076 1601 1131 lucc
1629 1084 1753 1137 sunt
1783 1074 2065 1143 prmcipua,

489 1179 580 1232 scd
609 1179 707 1231 alia
741 1178 782 1229 ί.
814 1175 996 1246 Neque
1025 1174 1167 1229 enim
1197 1173 1316 1226 idco
1341 1171 1505 1224 creati
1532 1183 1714 1223 sumus
1741 1177 1799 1225 ut
1824 1164 2071 1220 comeda-

490 1287 631 1337 mus,
655 1269 896 1324 bibamus
911 1267 1214 1322 etvestibus
1240 1265 1563 1333 operiamur;
1584 1260 1675 1315 sed
1699 1270 1749 1319 ut
1771 1260 2073 1328 placeamus

492 1362 622 1423 Deo,
653 1370 707 1413 et
732 1359 908 1413 futura
953 1372 1349 1427 consequamur
1398 1354 1555 1408 bona.
1587 1351 1735 1406 Sicut
1774 1350 1932 1420 igitur
1955 1348 2072 1407 lucc

491 1450 850 1519 perfunctorie
890 1448 1165 1509 curanda,
1221 1447 1293 1499 ita
1330 1453 1383 1499 et
1433 1441 1792 1512 perfunctorie
1840 1438 2069 1508 petenda

490 1552 633 1598 sunt.
665 1542 893 1611 Ideoque
924 1540 1136 1596 diccbat
1162 1557 1177 1593 :
1205 1538 1427 1604 Quaerite
1468 1550 1678 1605 regnum
1700 1533 1939 1587 citatorum
1966 1572 1981 1598 ,
2024 1541 2073 1584 et

491 1631 597 1684 hare
616 1632 785 1685 omnia
809 1630 1111 1700 adﬁcientur
1129 1626 1293 1694 uoltis.
1316 1623 1927 1695 Non,dixit,,Dabuntur,
1950 1620 2081 1689 sed,

489 1717 839 1791 Adjicientur,
856 1726 913 1771 ut
926 1715 1125 1779 discas,
1146 1717 1342 1771 horum
1363 1732 1485 1786 quq:
1503 1717 1555 1770 in
1598 1715 1851 1786 praesenti
1866 1717 2066 1770 dantur

490 1809 623 1879 nihil
639 1824 759 1864 esse
771 1809 996 1862 omnino
1009 1823 1264 1881 magnum
1283 1808 1328 1862 si
1341 1823 1464 1862 cum
1480 1808 1848 1877 magnitudine
1865 1807 2069 1862 fututo-

491 1914 612 1954 rum
630 1908 1034 1967 comparentur.
1056 1898 1181 1951 ldeo
1200 1914 1305 1952 non
1322 1900 1410 1952 illa
1423 1909 1623 1967 petere,
1648 1899 1745 1953 sed
1761 1899 1865 1952 alia
1880 1907 2067 1967 postu-

493 1991 604 2051 lare
628 1990 805 2060 jubet,
835 1998 889 2043 et
902 1989 1174 2043 conlidere
1209 1989 1323 2043 haec
1357 1989 1629 2057 prioribus
1659 2005 1782 2045 esse
1802 1989 2064 2054 addenda.

493 2080 688 2148 Quaere
703 2080 864 2149 igitur
876 2080 1085 2146 futura,
1104 2088 1157 2133 et
1173 2080 1461 2148 praesentia
1477 2081 1715 2149 accipies
1738 2095 2067 2151 ,nequazras

494 2172 751 2235 visibilia,
773 2181 827 2226 et
849 2185 1074 2239 prorsus
1103 2171 1192 2224 illa
1226 2172 1603 2240 consequeris.
1632 2170 1766 2225 Nam
1786 2173 2067 2241 indignum

508 2278 564 2322 te
581 2278 668 2322 est
692 2267 981 2322 Dominum
1002 2268 1152 2321 adire
1184 2284 1281 2336 pro
1298 2269 1458 2323 rebus
1490 2269 1824 2339 hujusmodi.
1860 2269 2069 2322 Etenim

497 2361 589 2429 qui
608 2374 770 2414 omne
784 2360 1050 2421 studium,
1070 2374 1285 2413 omnem
1302 2374 1485 2413 curam
1507 2361 1766 2415 adhibere
1787 2360 1953 2414 debes
1971 2374 2068 2428 pro

498 2448 860 2503 iueﬂ‘abilibus
882 2450 987 2503 illis
1009 2450 1427 2518 bonis,teipsum
1445 2451 1895 2515 dedecoras,dum
1917 2451 1967 2503 in
1980 2466 2073 2508 ω-

500 2539 724 2608 piditale
752 2538 1020 2592 fluxarum
1055 2556 1231 2593 rerum
1264 2541 1411 2592 illaut
1449 2541 1738 2608 impendis.
1770 2540 1881 2594 Cur
1918 2556 2070 2605 ergo,

506 2632 925 2701 inquies,jus.~it
960 2648 1151 2700 panem
1179 2633 1397 2698 petere?
1423 2632 1524 2683 Sed
1544 2633 1768 2689 addidit.
1789 2632 2072 2696 Quotidia-

493 2737 635 2782 imm,
662 2728 717 2773 et
745 2719 845 2773 hoc
874 2734 1083 2776 rursum
1111 2720 1284 2792 addit,
1321 2719 1483 2774 llodic
1512 2719 1658 2790 (Luc.
1693 2722 1777 2774 ll.
1808 2722 1897 2789 3):
1930 2721 2070 2790 quod

493 2812 665 2883 ipsum
693 2814 776 2867 hic
791 2814 948 2867 etiam
966 2813 1231 2869 observat.
1254 2814 1367 2868 Non
1387 2815 1529 2869 enim
1557 2814 1727 2868 solum
1744 2814 1897 2881 dixit,
1929 2815 2074 2869 Noli—

496 2917 547 2957 te
573 2903 783 2957 solliciti
819 2918 974 2968 esse;
1008 2904 1100 2958 scd
1122 2946 1136 2970 ,
1167 2905 1257 2959 54.
1305 2903 1481 2958 Nolite
1504 2903 1708 2959 solliciti
1734 2920 1839 2957 esse
1872 2904 1925 2956 in
1954 2920 2071 2957 cra-

491 2994 679 3047 stinum
711 3010 728 3046 :
757 2994 915 3049 simul
945 2994 1096 3047 nobis
1136 2994 1432 3047 libertatem
1477 2993 1703 3057 donans,
1739 3002 1792 3048 et
1841 2994 2072 3048 animam

494 3093 730 3139 nostram
758 3085 918 3140 rebus
956 3085 1125 3153 magis
1150 3085 1465 3140 necessariis
1497 3085 1765 3139 addicens.
1819 3086 1953 3145 Nam
1986 3087 2072 3141 illa

495 3182 677 3242 petere
705 3174 825 3229 ideo
845 3174 1022 3243 jussit,
1045 3190 1150 3229 non
1175 3174 1315 3243 quod
1344 3175 1483 3230 Deus
1498 3174 1771 3229 admonitu
1788 3175 2068 3247 indigeret,

494 3265 587 3318 sed
617 3272 673 3319 ut
700 3264 986 3329 discamus,
1011 3280 1109 3319 nos
1135 3264 1249 3332 ejus
1277 3264 1475 3319 auxilio
1504 3265 1640 3320 bona
1670 3282 1829 3336 agere
1854 3268 2030 3320 omnia
2055 3308 2071 3334 ,

496 3363 549 3408 et
580 3362 636 3408 ut
663 3353 978 3409 assiduitate
1002 3355 1213 3424 petendi
1254 3370 1351 3410 nos
1378 3356 1425 3411 ei
1458 3356 1744 3412 familiares
1764 3357 2070 3413 reddamus.

498 3445 681 3501 Viden’
708 3445 974 3516 quomodo
1017 3460 1113 3516 per
1143 3446 1258 3502 haec
1280 3446 1542 3515 suadeat,
1595 3447 1891 3519 doceatque
1930 3450 2075 3518 ipsos

496 3538 779 3605 pncsentia
807 3552 1020 3607 quoque
1050 3547 1361 3607 accepturos
1382 3539 1542 3593 esse?
1570 3538 1668 3606 Qui
1694 3539 1835 3594 enim
1868 3540 2071 3610 majora

498 3629 733 3696 pnebct,
780 3630 949 3684 multo
972 3630 1140 3699 magis
1166 3630 1367 3683 tninora
1394 3629 1701 3697 dabitaNon
1733 3632 1851 3689 ideo
1889 3632 2030 3687 enim
2055 3672 2073 3699 ,

498 3723 701 3792 inquit,
733 3723 962 3794 prmcepi
994 3737 1063 3781 ne
1106 3721 1317 3776 solliciti
1343 3722 1495 3786 sitis,
1535 3722 1617 3777 vel
1648 3737 1715 3783 ne
1762 3724 1952 3792 petatis
1973 3765 1990 3789 ,
2018 3732 2076 3779 ut

497 3813 678 3868 miseri
724 3813 842 3866 suis
868 3822 925 3868 et
953 3811 1079 3876 nudi
1108 3811 1390 3867 ambuletis
1413 3852 1431 3878 ,
1480 3810 1575 3866 sed
1618 3821 1677 3866 ut
1724 3811 1837 3869 haec
1865 3829 2076 3887 quoque

497 3902 832 3965 abundanter
854 3911 1141 3974 suppetant
1163 3921 1177 3955 :
1202 3902 1253 3958 id
1273 3901 1414 3972 quod
1440 3911 1585 3965 certe
1609 3904 1838 3959 maxime
1859 3905 1980 3959 illos
1998 3915 2079 3960 at-

498 3995 712 4053 trahere
742 4004 968 4065 poterat.
999 3994 1147 4050 Sicut
1176 4009 1305 4064 ergo
1331 3993 1383 4049 in
1409 3994 1749 4067 eleemosyna
1772 3997 2033 4068 eroganda
2058 4038 2087 4069 ,_

497 4099 689 4143 vetans
705 4101 826 4143 sese
858 4086 1163 4153 hominibus
1187 4095 1500 4152 ostentare,
1531 4086 1632 4140 hac
1658 4086 1866 4147 ratione
1903 4087 2076 4146 maxi-

497 4193 586 4234 me
606 4177 863 4233 suadebat
882 4177 988 4232 illis
1011 4217 1029 4241 ,
1067 4176 1182 4232 lucc
1206 4177 1307 4237 sibi
1338 4192 1460 4239 cum
1493 4176 1683 4245 majori
1702 4178 1854 4245 copia
1884 4185 1939 4233 et
1961 4193 2085 4233 ma-

499 4269 799 4339 gniﬁcentia
818 4267 1087 4322 reddenda
1109 4282 1227 4323 esse
1253 4270 1401 4336 (nam
1430 4268 1521 4331 ait,
1552 4269 1710 4323 Pater
1737 4279 1869 4336 tuus,
1896 4271 1983 4338 qui
2004 4270 2079 4324 ri,

501 4361 583 4413 det
607 4361 659 4413 in
683 4358 974 4412 abscondito
1000 4398 1017 4423 ,
1045 4359 1218 4411 reddet
1243 4361 1331 4412 tibi
1351 4361 1403 4412 in
1434 4362 1723 4431 manifesto)
1758 4379 1771 4414 :
1803 4362 1878 4417 sic
1899 4372 1954 4417 et
1980 4361 2081 4417 hoc

504 4452 625 4504 loco
683 4449 999 4503 abstrahens
1046 4464 1140 4504 eos
1187 4466 1217 4504 a
1274 4452 1651 4520 perquisitionc
1702 4457 2075 4523 praesentium,

504 4544 635 4599 illud
665 4542 895 4598 maxime
925 4541 1131 4605 suadet,
1168 4540 1281 4595 h'JBC
1310 4557 1412 4596 non
1440 4546 1802 4611 quaerentibus
1821 4560 1940 4599 cum
1971 4563 2084 4601 ma-

501 4637 620 4709 jore
659 4633 980 4691 abundantia
1029 4634 1281 4703 promitti.
1316 4633 1473 4699 ldeo.
1522 4635 1734 4705 inquit,
1784 4639 1946 4704 jubeo
1977 4654 2080 4692 non

506 4741 768 4798 quaerere,
801 4740 906 4781 non
942 4740 1010 4780 ne
1041 4726 1271 4792 accipias
1297 4767 1311 4792 ,
1361 4724 1455 4778 sed
1499 4736 1552 4779 ut
1587 4726 1922 4783 abundanter
1947 4732 2085 4783 acci-

508 4822 664 4889 pias;
733 4830 791 4875 ut
838 4820 1070 4888 accipias
1136 4818 1296 4873 modo
1354 4819 1445 4873 tibi
1519 4820 1839 4887 competenti
1873 4861 1888 4882 ,
1963 4837 2083 4877 cum

507 4912 734 4976 utilitate
784 4913 1093 4982 congruenti
1128 4928 1237 4967 :ne
1279 4912 1538 4966 sollicitus
1588 4920 1643 4965 et
1680 4911 1933 4966 discissus
1988 4916 2085 4967 ha-

507 5019 693 5068 rumce
712 5020 891 5061 rerum
918 5006 1080 5069 curis,
1109 5014 1163 5059 et
1189 5006 1252 5059 iis
1278 5005 1406 5075 ipsis
1432 5005 1592 5059 rebus
1628 5013 1681 5058 et
1725 5005 2087 5073 spiritualibus

511 5108 562 5153 te
588 5097 857 5166 indignum
879 5097 1191 5161 constituas;
1219 5112 1284 5151 nc
1311 5096 1631 5166 superﬂuant
1650 5098 1868 5166 patiaris
1889 5113 2088 5151 aerum-

512 5204 631 5243 nam
661 5228 678 5254 ,
722 5196 777 5243 et
801 5202 829 5240 a
860 5202 918 5242 re
946 5193 1213 5257 proposita
1251 5188 1486 5242 excidas.
1536 5186 1710 5241 Nolite
1737 5204 1855 5257 ergo
1890 5189 2090 5241 solliciti

508 5295 614 5338 esse
638 5279 689 5332 in
723 5271 1014 5331 crastinum.
1046 5277 1239 5346 Suﬂicit
1267 5278 1400 5330 enim
1440 5278 1539 5330 diei
1565 5277 1759 5331 malitia
1784 5279 1892 5347 ejus
1933 5276 2087 5347 (Gen.

511 5371 566 5425 5.
602 5369 714 5439 l9),
740 5368 793 5423 id
823 5376 943 5431 est,
995 5366 1207 5421 miseria
1250 5375 1409 5436 atque
1429 5367 1701 5422 contritio.
1745 5367 1858 5422 Non
1895 5367 2092 5423 suflicit

513 5463 606 5517 tibi
636 5463 688 5517 in
716 5460 913 5517 sudore
936 5459 1115 5513 vultus
1142 5458 1216 5512 ttti
1241 5458 1526 5515 comedere
1554 5474 1743 5529 panem
1775 5460 1967 5513 tuum?
1996 5475 2091 5514 cur

511 5554 669 5608 aliam
698 5552 887 5623 adjicis
915 5567 986 5607 ex
1013 5550 1372 5606 sollicitudine
1398 5550 1703 5624 miseriam,
1729 5550 1819 5625 qui
1847 5565 1877 5605 a
1899 5549 2094 5622 priori-

512 5642 615 5705 bus
633 5659 694 5700 es
715 5643 983 5700 laboribus
1009 5641 1316 5698 liberandus
1331 5643 1357 5697 ἲ

569 5777 586 5806 ⁸
623 5777 713 5828 liae
737 5789 900 5840 voces,
922 5775 1010 5830 sed
1024 5776 1142 5840 alia,
1163 5776 1341 5837 desunt
1363 5778 1411 5839 in
1434 5776 1603 5836 Morel.

1160 326 1218 382 s.
1255 322 1532 382 JOANNIS
1555 312 2031 376 CHRYSOSTOMI
2071 274 2382 367 Αιιαιιιει).
2422 312 2965 379 CONSTANTINOP.

3651 327 3752 384 3M

2251 428 2305 482 4.
2337 428 2538 483 Malitia
2558 432 2828 502 aliquando
2855 450 2945 501 pro
2976 448 3203 489 mutua
3245 439 3509 506 accipitur.
3554 472 3614 481 —-
3639 444 3755 509 Ma-

2178 516 2548 581 litiatnautem
2575 520 2661 581 hic
2683 532 2835 585 vorat
2877 539 2985 591 non
3009 525 3424 594 improbitatem,
3455 532 3611 596 absit,
3657 537 3758 589 sed

2176 610 2465 673 miseriam,
2514 611 2770 685 Iabqrem,
2811 629 3073 670 arrumnas
3098 633 3112 679 ;
3143 617 3281 673 sicut
3308 630 3362 673 et
3390 622 3516 676 alibi
3544 622 3618 675 ait
3648 644 3661 675 :
3693 628 3759 679 Si

2176 710 2247 755 est
2272 701 2466 755 malitia
2490 703 2546 756 in
2572 704 2786 766 civitate,
2807 721 2956 773 quam
2982 704 3231 761 Domina:
3255 726 3355 763 non
3381 712 3553 780 fecerit
3575 714 3758 785 (Amos

2175 793 2228 853 ὅ.
2260 794 2355 864 6):
2381 810 2486 848 non
2506 795 2726 864 rapinas
2758 798 3036 867 signiﬁcat,
3070 818 3174 856 non
3205 806 3478 859 avaritiam
3508 810 3548 873 ⁸,
3579 826 3760 881 neque

2176 887 2444 955 quidpiam
2476 889 2669 955 simile,
2698 890 2791 944 sed
2837 891 3016 961 plagas
3059 894 3314 951 divinitus
3361 899 3645 957 immissas.
3678 908 3760 959 Ac

2176 980 2568 1052 rursutn,_Ego,
2602 983 2787 1053 inquit,
2816 987 3005 1054 faciens
3051 1004 3242 1057 pacem,
3290 1000 3537 1048 ctrreans
3562 998 3761 1050 malum

2180 1069 2328 1140 (Isai.
2352 1074 2440 1127 45.
2471 1074 2544 1141 7}.
2594 1074 2778 1145 Neque
2800 1078 2943 1132 enim
2975 1077 3060 1132 hic
3085 1081 3337 1136 malitiam
3365 1082 3514 1149 dicit,
3548 1087 3643 1141 sed
3671 1087 3759 1142 fa~

2177 1182 2315 1220 mem
2346 1208 2361 1231 ,
2410 1168 2739 1236 pestilentias
2764 1211 2778 1233 ,
2819 1185 2937 1239 quae
2976 1172 3115 1225 mala
3156 1188 3276 1229 esse
3321 1175 3699 1234 existimantur
3724 1196 3757 1233 a

2176 1259 2352 1328 vulgo.
2382 1259 2494 1313 Mos
2520 1260 2716 1330 quippe
2738 1270 2822 1316 est
2842 1301 2856 1323 ,
2889 1270 2944 1315 ut
2974 1263 3125 1319 multi
3148 1279 3215 1327 ea,
3240 1279 3361 1322 esse
3379 1265 3559 1322 dicant
3589 1271 3751 1325 mala.

2172 1349 2263 1407 Sic
2281 1353 2422 1419 enim
2445 1352 2516 1417 illi
2542 1357 2776 1422 quinque
2801 1353 2948 1408 Satra
2958 1354 3160 1423 piarum
3176 1356 3558 1415 sacerdoteset
3580 1370 3757 1424 vates,

2175 1458 2298 1500 cum
2327 1458 2516 1499 vaccas
2553 1459 2691 1505 arca
2712 1444 2924 1515 junctas
2968 1446 3085 1500 sine
3115 1448 3291 1502 vitulis
3318 1465 3426 1518 quo
3448 1452 3647 1507 vellent
3676 1454 3758 1508 ire

2178 1538 2551 1608 permiserunt,
2582 1538 2836 1591 divinitus
2867 1539 3132 1593 immissas
3178 1540 3357 1609 plagas
3402 1541 3753 1600 illusionem-

2175 1642 2397 1698 remque
2422 1644 2485 1682 ac
2512 1628 2751 1683 dolorem
2785 1627 2908 1683 inde
2935 1639 3140 1697 partum
3169 1630 3424 1685 malitiam
3465 1635 3752 1692 vocabant.
3778 1698 3783 1701 Α

2176 1722 2407 1794 ldipsum
2436 1723 2613 1793 itaque
2642 1721 2906 1792 signiﬁcat
2930 1721 3115 1776 dicens
3145 1740 3158 1776 :
3183 1723 3378 1792 Sufficit
3407 1724 3506 1778 diei
3556 1728 3756 1781 malitia

2174 1831 2289 1870 sua.
2340 1814 2479 1868 Nihil
2503 1815 2643 1880 enim
2671 1814 2890 1883 perinde
2915 1815 3146 1868 animum
3174 1816 3404 1879 cruciat,
3435 1827 3757 1885 atquecum

2175 1902 2578 1969 etsollicitudt).
2612 1903 2699 1958 Sic
2729 1914 2783 1957 et
2812 1904 3003 1958 Paulus
3028 1904 3094 1958 ad
3124 1904 3475 1973 virginitatem
3508 1906 3755 1973 hortans,

2176 1996 2458 2053 consilium
2492 1996 2560 2049 ita
2585 1996 2844 2049 elierebat
2872 2013 2883 2047 :
2931 1995 3053 2049 Volo
3077 2009 3241 2049 autem
3266 2012 3350 2050 vos
3370 1999 3478 2051 sine
3504 1998 3759 2052 sollicitu-

2176 2091 2292 2145 dine
2329 2090 2476 2161 esse(
2506 2091 2554 2144 l.
2581 2089 2700 2144 Cor.
2732 2091 2785 2145 7.
2815 2090 2925 2157 '52).
2955 2090 3085 2144 Cum
3116 2104 3272 2159 porro
3300 2092 3428 2144 dicit
3456 2092 3598 2146 diem
3632 2108 3759 2146 cra-

2177 2184 2369 2241 stinam
2396 2184 2498 2239 sibi
2529 2185 2808 2239 sollicitam
2835 2185 2970 2251 fore,
3006 2201 3108 2242 non
3141 2185 3191 2241 id
3219 2186 3310 2247 ait,
3336 2188 3476 2257 quod
3500 2188 3621 2242 dies
3644 2191 3761 2257 ipsa

2176 2275 2244 2329 de
2263 2290 2321 2330 se
2345 2276 2569 2330 sollicita
2594 2278 2681 2341 sit,
2710 2275 2802 2330 sed
2833 2276 2953 2345 quia
2974 2276 3039 2329 ad
3068 2278 3363 2346 imperitam
3394 2279 3601 2346 plebem
3632 2295 3756 2333 ser-

2177 2382 2266 2422 mo
2301 2376 2437 2432 erat,
2480 2383 2600 2420 cum
2652 2368 2810 2422 vellet
2857 2368 2971 2422 haec
3021 2384 3141 2423 cum
3182 2370 3421 2439 emphasi
3474 2370 3759 2440 proferre.

2178 2470 2385 2527 tempus
2423 2475 2661 2529 persona:
2690 2475 2838 2518 more
2869 2470 3231 2530 repraesentat,
3262 2462 3553 2517 secundum
3587 2465 3760 2531 pluri-

2176 2567 2388 2606 morum
2416 2567 2616 2607 morem
2646 2554 2788 2622 ipsos
2815 2554 3107 2622 alloquens.
3140 2553 3204 2607 Et
3230 2554 3313 2607 hic
3340 2555 3551 2623 quidem
3580 2558 3762 2609 consi-

2176 2645 2303 2700 linm
2352 2645 2573 2718 profert,
2623 2660 2935 2716 progressus
2976 2656 3152 2705 autem
3210 2645 3434 2715 idipsum
3482 2656 3541 2700 ut
3587 2648 3787 2715 legent,

2177 2739 2360 2796 statuit
2385 2739 2566 2794 dicens
2596 2756 2607 2790 :
2644 2737 2816 2791 Nolite
2843 2738 3099 2807 possidere
3136 2754 3337 2799 aurum,
3381 2756 3538 2803 neque
3576 2757 3761 2809 urget»

2178 2840 2304 2899 tum,
2336 2847 2491 2899 neque
2513 2846 2687 2899 peram
2708 2830 2758 2881 in
2780 2829 2858 2883 via
2887 2827 3099 2897 (Matth.
3132 2828 3213 2884 l0.
3243 2828 3295 2884 9.
3334 2829 3439 2898 10).
3470 2830 3763 2898 Postquam

2176 2922 2318 2977 enim
2342 2916 2454 2972 hazc
2471 2918 2591 2988 ipsa
2608 2916 2861 2987 operibus
2881 2920 3211 2985 exhibuerat,
3242 2929 3366 2975 tunc
3394 2920 3611 2976 demum
3635 2937 3762 2974 vcr-

2177 3012 2259 3067 bis
2285 3012 2455 3083 legem
2484 3013 2669 3068 statuit
2704 3013 3013 3078 ﬁrmiorem,
3044 3011 3185 3068 unde
3212 3022 3267 3067 et
3293 3027 3472 3068 sermo
3506 3022 3763 3081 acceptus

2176 3115 2229 3163 et
2244 3104 2615 3172 comprobatus
2635 3113 2767 3168 erat,
2792 3104 2954 3171 ipsius
2973 3118 3164 3171 nempe
3180 3104 3428 3173 operibus
3443 3104 3553 3172 jam
3578 3105 3764 3158 ﬁrma-

2179 3205 2280 3247 ttts.
2309 3194 2529 3249 Ubinam
2551 3196 2705 3263 igitur
2724 3194 2971 3264 operibus
2990 3196 3402 3249 denmnstwvit?
3421 3197 3557 3250 Audi
3585 3198 3763 3264 ipsum

2177 3289 2440 3343 dicentem
2473 3307 2487 3341 :
2515 3287 2680 3342 Filius
2704 3288 2918 3342 hominis
2945 3302 3046 3340 non
3072 3288 3215 3340 habet
3245 3290 3327 3341 ubi
3364 3300 3515 3357 caput
3554 3290 3766 3343 reclinet

2180 3381 2391 3455 (Matth.
2420 3383 2472 3435 8.
2501 3381 2616 3451 20).
2658 3381 2839 3450 Neque
2875 3381 3187 3442 boetanten
3218 3383 3416 3436 dixisse
3451 3392 3785 3454 contentus”

2179 3474 2232 3528 in
2258 3472 2530 3539 discipulis
2574 3473 2684 3533 suis
2725 3472 2909 3526 horum
2952 3474 3252 3542 exemplum
3281 3473 3603 3541 suppeditat,
3636 3490 3761 3527 cum

2181 3564 2325 3635 ipsos
2353 3564 2417 3616 ad
2447 3565 2582 3616 hanc
2607 3563 2828 3617 formam
2860 3562 3084 3632 redegit,
3113 3573 3177 3618 et
3199 3564 3342 3616 nullo
3368 3578 3526 3633 egere
3557 3565 3761 3632 permi-

2178 3658 2267 3712 sit.
2304 3656 2573 3724 Perpende
2599 3665 2773 3710 autem
2814 3656 2927 3724 ejus
2962 3655 3370 3723 providentiam,
3398 3672 3516 3726 quzc
3542 3673 3792 3717 munem,

2182 3748 2346 3817 patris
2374 3747 2607 3817 cujusvis
2635 3747 2880 3802 allectum
2915 3756 3147 3814 superat.
3198 3747 3308 3801 l-loc
3342 3748 3522 3817 jubeo,
3566 3749 3791 3820 inquitL

2181 3836 2571 3903 nonaliamob
2590 3852 2829 3902 causam,
2861 3853 3019 3906 quam
3051 3846 3108 3890 ut
3130 3853 3225 3892 vos
3249 3839 3315 3892 ab
3334 3838 3479 3893 omni
3506 3854 3769 3907 εειῃειινιιη

2180 3944 2279 3985 cua
2303 3928 2657 3984 sollicitudine
2680 3928 2976 3997 expediam.
3003 3928 3133 3983 Nam
3154 3931 3197 3983 si
3228 3929 3383 3984 hodie
3408 3931 3668 3986 sollicitus
3687 3933 3769 3986 sis
3792 3988 3797 3991 μ

2182 4022 2250 4081 de
2291 4023 2543 4085 crastino,
2574 4036 2692 4077 cras
2731 4036 2939 4076 rursum
2979 4022 3234 4081 sollicitus
3266 4023 3389 4080 eris.
3424 4022 3562 4095 Quid
3604 4039 3666 4077 ea
3710 4025 3766 4077 in

2185 4131 2244 4183 re
2269 4112 2755 4185 supervacaneum?
2778 4111 2884 4165 Cur
2908 4113 3050 4182 cogis
3070 4112 3212 4167 diem
3235 4113 3441 4182 majori,
3467 4098 3625 4180 quam
3651 4115 3793 4181 ipse.

2186 4188 2406 4261 sortitus
2431 4205 2520 4269 sit,
2564 4204 2775 4263 miseria
2813 4202 3003 4273 afﬂigi;
3034 4212 3087 4257 et
3115 4218 3234 4257 cum
3275 4204 3501 4272 propriis
3543 4203 3643 4258 sibi
3688 4204 3769 4263 la:

2187 4300 2403 4354 boribus
2426 4298 2585 4353 etiam
2615 4297 2886 4367 sequentis
2925 4295 3031 4351 diei
3077 4312 3212 4357 onus
3254 4296 3498 4364 imponis,
3544 4304 3600 4349 et
3640 4294 3789 4363 hoc,»

2186 4405 2303 4447 cum
2335 4404 2428 4459 per.
2454 4386 2868 4445 additamentum
2901 4384 3197 4453 hujusmodi
3223 4385 3496 4452 sequentis
3520 4383 3625 4438 diei
3652 4400 3773 4437 sar-

2186 4484 2359 4537 cinam
2407 4496 2511 4534 non
2564 4480 2793 4544 minuas,
2852 4478 2946 4532 sed
2995 4477 3203 4532 labores
3254 4486 3455 4531 tantum
3496 4476 3773 4530 laboribus

2188 4574 2463 4645 adjicias'.
2494 4572 2562 4628 Ut
2587 4571 2728 4626 enim
2752 4571 2893 4636 ,illos
2924 4569 3088 4639 magis
3116 4572 3516 4638 perstringeret,
3559 4576 3802 4635 tempus,

2192 4669 2362 4736 ipsum
2389 4666 2539 4735 quasi
2564 4663 2851 4717 animalum
2873 4670 2927 4715 et
2951 4660 3133 4714 laesum
3160 4659 3385 4723 induxit,
3412 4668 3600 4712 contra
3627 4659 3785 4726 ipson.

2189 4760 2424 4815 clamans
2453 4757 2521 4811 ob
2549 4752 2871 4825 superfluam
2901 4752 3215 4808 molestiam.
3257 4751 3387 4804 Nam
3431 4749 3571 4805 diem
3613 4763 3772 4811 acet»

2192 4850 2335 4918 pisti,
2364 4857 2421 4902 ut
2447 4862 2566 4917 qua:
2593 4845 2660 4900 ad
2690 4845 2860 4914 ipsum
2889 4845 3151 4913 pertinent
3175 4858 3351 4897 cures.
3372 4842 3480 4895 Cur
3502 4841 3797 4911 sequentis-

2191 4940 2294 4994 diei
2324 4954 2484 4993 curas
2511 4937 2611 5007 ipsi
2637 4935 2857 5006 adjicis‘!
2884 4951 3059 4988 annon
3088 4934 3357 4989 sufﬁciens
3393 4934 3492 5003 ipsi
3528 4940 3779 4989 estortus

2193 5031 2492 5088 sollicitudo
2530 5030 2652 5087 sui?
2689 5044 2786 5083 cur
2822 5043 2963 5097 ergo
2995 5026 3067 5080 illi
3118 5026 3289 5094 majus
3328 5024 3559 5093 imponis
3600 5022 3779 5078 onus?

2193 5124 2324 5179 Cum
2365 5132 2541 5177 autem
2569 5121 2866 5191 Legislator
2892 5122 2958 5174 sit
2989 5120 3035 5173 is
3059 5119 3149 5188 qui
3180 5119 3260 5173 sic
3297 5118 3551 5187 loquitur,
3578 5128 3637 5171 ct
3666 5117 3781 5184 ipse

2195 5215 2263 5269 de
2305 5214 2457 5269 nobis
2476 5212 2809 5282 judicaturus
2838 5214 2926 5275 sit,
2973 5208 3144 5279 cogita
3189 5224 3347 5278 quam
3392 5207 3585 5267 bonam
3626 5207 3784 5268 nobis

2196 5321 2346 5377 spem
2374 5314 2650 5375 proponat,
2674 5317 2799 5359 cum,
2821 5302 2934 5371 ipse
2959 5302 3290 5363 testilicetur,
3318 5299 3457 5354 hanc
3476 5300 3638 5353 vitam
3662 5314 3782 5351 esse

2199 5400 2447 5455 miseram
2475 5405 2533 5452 et
2572 5395 2911 5455 laboriosam,
2946 5393 3106 5455 itaut
3134 5394 3291 5449 unius
3332 5390 3437 5449 diei
3475 5388 3785 5444 sollicitudo

2198 5490 2427 5547 sufﬁciat
2447 5488 2513 5543 ad
2532 5487 2875 5545 afﬁietionem
2895 5484 3378 5553 contritionemqne
3403 5491 3663 5537 nostram.
3684 5483 3783 5539 Λιτ

2268 5709 2283 5740 ι
2313 5705 2425 5763 Alii,
2450 5718 2541 5754 non
2565 5703 2759 5762 rapinas
2781 5700 3017 5764 signi/teat
3042 5712 3197 5764 neque
3214 5696 3533 5764 principatus.

2267 5770 2289 5803 ³
2320 5761 2532 5827 Quidam,
2549 5767 2634 5819 sed
2660 5761 2851 5827 insuper
2874 5761 3150 5824 cupiditatis
3172 5761 3383 5817 luborem
3404 5763 3626 5827 Nam
