4050 6220
293 315 401 380 sos

291 448 470 492 tamen
492 447 616 489 cum
641 438 720 485 tot
743 425 997 496 tantaque
1020 423 1162 479 dicta
1187 423 1313 486 sint,
1337 427 1443 477 nos
1468 422 1535 476 de
1554 421 1638 474 bis
1664 420 1872 474 solliciti

291 539 504 591 sumus,
534 519 762 579 caelestia
789 525 964 571 autem
987 529 1092 568 non
1113 527 1384 579 curamus,
1413 513 1505 566 sed
1532 511 1772 565 ordinem
1797 511 1879 563 in-

290 609 585 678 vertimus,
642 611 888 678 utrinque
931 614 1116 662 contra
1159 619 1318 674 supra
1370 603 1512 658 dicta
1562 611 1875 672 pugnantes.

295 707 570 778 Perpende
595 716 819 772 namque
858 719 873 756 :
914 699 1044 754 dicit
1071 698 1158 752 ille
1187 714 1201 750 :
1248 695 1325 751 Ne
1351 695 1570 750 omnino
1599 693 1876 762 pnesentia

298 800 578 872 quaeratis;
612 810 707 849 nos
730 803 906 850 autem
938 791 1024 845 illa
1066 787 1281 843 assidue
1308 786 1614 857 quaerimus.
1647 785 1879 852 Quaerite

299 892 549 952 ca-Iestia,
589 887 790 957 inquit;
835 898 933 938 nos
974 889 1150 936 autent
1193 895 1260 933 ne
1291 893 1453 948 parvo
1480 877 1692 947 quidem
1733 877 1879 930 horae

302 983 450 1035 unius
474 979 645 1048 spatio
673 978 759 1030 illa
789 975 1114 1044 qua-rimus;
1151 970 1245 1025 sed
1274 980 1523 1040 quantam
1563 969 1630 1024 de
1659 969 1881 1024 sarcula-

299 1073 450 1126 ribus
469 1069 881 1125 sollicitudinem
912 1064 1244 1127 exhibemus,
1277 1071 1474 1116 tantam
1508 1063 1559 1116 in
1591 1061 1876 1131 Spirituali-

296 1165 395 1219 bus
435 1162 806 1232 negligentiam
836 1156 1187 1222 ostendimus,
1219 1155 1328 1209 imo
1367 1153 1536 1209 multo
1573 1154 1829 1223 majorem
1860 1171 1875 1207 :

295 1255 389 1309 sed
419 1268 525 1308 non
554 1266 766 1320 semper
795 1250 907 1305 haec
935 1247 1088 1303 nobis
1130 1260 1386 1316 prospere
1414 1244 1739 1316 precedent;
1783 1256 1878 1298 ne-

295 1364 400 1414 que
426 1359 640 1414 semper
668 1344 736 1397 ita
767 1349 989 1412 possunt
1015 1339 1253 1396 evenire.
1296 1338 1439 1393 Ecce
1462 1338 1649 1392 decem
1693 1337 1881 1392 diebus

297 1435 706 1498 contemnimus,
739 1448 862 1487 ecce
891 1429 1095 1501 viginti,
1125 1444 1250 1485 ecce
1277 1435 1510 1484 centum.
1553 1428 1746 1481 Annon
1789 1440 1883 1479 ne-

298 1545 450 1585 ccsse
477 1542 695 1598 prorsus
723 1535 805 1581 est
832 1527 1002 1588 obire,
1045 1533 1099 1578 et
1129 1524 1180 1577 in
1204 1523 1492 1592 iudicantis
1515 1535 1706 1576 manus
1745 1521 1882 1574 inci-

298 1620 464 1674 dere?
488 1618 594 1674 Sed
622 1617 804 1672 dilatio
827 1614 1243 1669 consolationem
1270 1611 1446 1666 affert.
1474 1613 1539 1666 Et
1558 1626 1678 1680 qua:
1701 1624 1886 1666 consoa

301 1711 448 1774 latio,
468 1724 602 1764 cum
632 1706 869 1777 quotidie
908 1710 1250 1773 cvspectatur
1276 1703 1594 1772 supplicium
1627 1711 1682 1758 et
1721 1702 1885 1756 ultio?

299 1801 354 1855 Si
384 1800 517 1853 velis
545 1798 686 1852 enim
706 1813 769 1850 es
794 1797 893 1849 hac
919 1794 1172 1848 dilatione
1199 1792 1618 1847 consolationem
1648 1792 1882 1862 aliquam

301 1891 562 1959 accipere,
593 1889 774 1957 accipe
815 1901 956 1950 eam,
1002 1899 1120 1954 qua:
1159 1883 1484 1952 paenitentiae
1531 1883 1736 1936 fructus
1779 1892 1880 1947 est,

301 1975 746 2036 emondatione’m.
777 1977 908 2032 Nam
952 1976 996 2029 si
1040 1991 1105 2030 ex
1137 1989 1204 2029 eo
1233 1974 1370 2044 quod
1411 1974 1542 2029 ultio
1585 1973 1879 2034 diﬁ‘eratur,

303 2073 530 2142 aliquam
576 2069 788 2139 prodire
837 2076 992 2136 putas
1031 2065 1469 2130 consolationem,
1502 2064 1670 2118 multo
1714 2064 1884 2133 majus

306 2167 506 2219 lucrum
537 2171 619 2218 est
663 2177 765 2216 non
807 2161 1043 2215 incidere
1081 2159 1134 2212 in
1175 2158 1455 2212 ultionem.
1499 2157 1719 2212 Utamur
1756 2172 1884 2225 ergo

305 2258 402 2310 hac
431 2255 704 2319 dilatione,
749 2261 806 2306 ut
843 2252 1062 2306 omnino
1087 2249 1156 2304 ab
1186 2249 1581 2304 imminentibus
1612 2249 1782 2318 pinnis
1821 2248 1886 2301 li-

305 2349 571 2402 beremur.
615 2345 691 2398 Ex
724 2344 788 2398 iis
813 2343 953 2398 enim
994 2357 1112 2412 qua:
1153 2349 1412 2410 pne-cepta
1455 2348 1578 2393 sunt
1620 2338 1752 2392 nihil
1799 2338 1884 2393 vel

301 2453 585 2494 onerosum
617 2437 698 2490 vel
727 2435 1011 2490 molestum
1042 2443 1152 2495 est;
1181 2431 1274 2486 sed
1305 2431 1482 2485 omnia
1513 2431 1582 2484 ita
1623 2430 1802 2498 pervia
1831 2438 1886 2483 et

302 2530 497 2595 facilia,
539 2529 664 2581 utsi
695 2535 992 2596 promptam
1028 2524 1199 2578 solum
1227 2523 1551 2576 voluntatem
1577 2520 1881 2585 aﬁ'eramus,

301 2622 478 2675 omnia
522 2619 794 2674 valeamus
843 2615 1132 2684 perﬁcere,
1179 2613 1388 2668 etiamsi
1438 2612 1668 2666 millibus
1719 2611 1886 2665 simus

304 2709 538 2781 peccatis
560 2706 798 2763 obnoxii.
827 2705 1097 2759 Manasses
1123 2703 1264 2758 enim
1295 2700 1620 2758 exsecranda
1655 2701 1886 2756 facinora

303 2814 487 2865 ausus,
545 2798 635 2868 qui
687 2796 942 2850 adversus
991 2802 1172 2847 sancta
1223 2806 1410 2846 manus
1458 2789 1789 2856 extenderat,
1835 2799 1891 2846 et

305 2890 726 2946 abotninationes
753 2887 804 2940 in
832 2884 1090 2955 templum
1121 2883 1420 2948 induxerat,
1445 2882 1787 2953 etcdibusque
1808 2898 1890 2936 ur-

310 2982 426 3038 bem
456 2981 774 3051 repleverat,
821 2977 1092 3045 multaque
1131 2975 1478 3056 aliafccerat
1523 2989 1642 3044 qua:
1680 2973 1887 3029 veniam

309 3088 412 3131 non
443 3072 782 3129 merebantur
826 3070 900 3143 (ἱ.
946 3067 1073 3139 Reg.
1120 3068 1215 3138 21)
1248 3088 1261 3122 :
1293 3076 1526 3122 attamen
1572 3075 1692 3136 post
1731 3068 1886 3122 talem

307 3177 614 3236 tantamque
664 3163 1034 3233 iniquitatem,
1087 3160 1265 3214 omnia
1317 3160 1403 3215 illa
1455 3160 1656 3214 scelera
1700 3159 1883 3216 abluit.

305 3256 585 3326 Quomodo
609 3262 660 3308 et
681 3270 780 3324 qua
811 3251 1054 3308 ratione?
1081 3251 1181 3306 Per
1213 3251 1575 3320 paenitentiam
1601 3266 1663 3306 ac
1690 3251 1886 3306 bonum

305 3350 655 3418 preposltunt.

383 3441 435 3495 5.
464 3439 580 3492 Non
601 3446 670 3491 est
702 3445 956 3504 peccatum
975 3433 1109 3503 quod
1127 3433 1426 3502 pwttitentite
1443 3449 1542 3486 non
1563 3433 1729 3488 cedat.
1752 3431 1890 3487 Deus

311 3549 411 3584 non
455 3530 630 3583 invitos
670 3527 848 3581 salvat.
881 3524 1145 3590 Quomodo
1181 3535 1326 3576 orare
1353 3524 1619 3577 debeamus
1649 3534 1703 3577 ut
1729 3541 1888 3578 exau-

315 3627 536 3679 dimnur.
565 3621 846 3676 Assiduitas
871 3628 1109 3688 quantum
1138 3617 1340 3672 bonum.
1367 3647 1438 3656 ο-
1465 3615 1578 3670 Non
1615 3625 1696 3671 est
1726 3617 1890 3680 enim,

318 3734 422 3769 non
449 3723 529 3768 est
552 3721 696 3768 certe
730 3716 1021 3780 peccatum.
1057 3708 1198 3778 quod
1242 3719 1343 3761 nun
1369 3707 1523 3762 cedat
1546 3708 1594 3761 vi
1631 3709 1894 3776 pmnilen-

317 3802 434 3870 tina;
464 3805 570 3858 into
596 3797 769 3872 potius
794 3802 976 3870 gratia:
996 3799 1213 3854 Christi.
1246 3798 1374 3852 Nam
1405 3799 1448 3851 si
1479 3798 1637 3853 modo
1665 3813 1893 3854 conver-

320 3906 508 3959 tamur,
540 3895 626 3948 ille
657 3893 810 3946 nobis
844 3891 995 3946 adest
1027 3890 1316 3960 epitulator
1350 3904 1362 3943 :
1392 3905 1455 3944 ac
1483 3891 1525 3943 si
1559 3890 1686 3943 velis
1726 3891 1896 3946 bonus

317 4001 455 4047 esse,
488 3999 644 4040 nemo
668 3983 918 4052 impedit;
951 3981 1057 4035 imo
1090 3983 1264 4050 potius
1303 3981 1499 4050 estqui
1528 3981 1787 4052 impedire
1806 3997 1897 4036 co-

319 4087 476 4134 netur
494 4076 756 4140 diabolus,
787 4088 957 4142 neque
982 4081 1176 4142 potest,
1206 4080 1257 4126 te
1283 4072 1481 4141 optima
1509 4071 1757 4141 eligentc,
1787 4073 1894 4127 sic-

320 4185 424 4240 que
455 4171 618 4225 Deum
638 4167 703 4221 ad
726 4164 1074 4236 patrocinium
1099 4163 1417 4218 attrahente.
1447 4164 1538 4218 Sin
1562 4172 1616 4217 tu
1639 4164 1892 4229 nolueris,

321 4264 415 4318 sed
457 4260 729 4326 resilieris,
773 4255 1040 4328 quomodo
1081 4253 1174 4310 tibi
1226 4254 1672 4324 patrocinabitur?
1718 4255 1899 4325 Neque

322 4358 466 4411 enim
497 4354 545 4406 vi
575 4365 662 4406 aut
691 4350 1025 4414 necessitate,
1056 4346 1150 4402 sed
1180 4346 1430 4400 libentem
1459 4355 1508 4400 te
1535 4345 1646 4400 vult
1674 4347 1898 4401 salutem

323 4445 596 4516 consequi.
629 4443 756 4497 Nam
799 4441 844 4496 si
880 4451 932 4495 ιιι
959 4455 1171 4494 servum
1204 4438 1427 4492 haberes
1473 4447 1523 4491 te
1552 4435 1675 4492 odio
1705 4437 1903 4492 haben-

326 4549 430 4591 tem
462 4547 515 4591 et
553 4541 904 4595 aversantetn,
951 4543 1198 4600 smpeqne
1243 4527 1576 4582 recedentem
1606 4540 1669 4581 ac
1698 4525 1904 4596 fugien-

327 4639 455 4692 tem.
486 4629 658 4682 nolles
701 4635 847 4680 certe
888 4624 1138 4689 retinere,
1168 4620 1269 4676 etsi
1299 4621 1414 4688 ejus
1445 4619 1740 4697 ministerio
1769 4635 1902 4689 opus

325 4722 551 4776 haberes
582 4738 595 4774 :
625 4717 792 4772 tttttlto
834 4715 999 4784 magis
1040 4714 1198 4774 Dens,
1231 4712 1316 4781 qui
1350 4710 1452 4765 ιισιί
1499 4709 1567 4765 ob
1607 4725 1757 4765 suam
1800 4711 1902 4763 ali-

325 4830 481 4884 quam
509 4811 901 4872 necessitatem,
925 4806 1017 4862 sed
1045 4806 1114 4860 ob
1135 4806 1354 4860 salutem
1387 4813 1526 4858 tuam
1554 4805 1728 4858 omnia
1757 4803 1900 4869 facit,

327 4904 491 4960 nnllct
515 4915 566 4958 te
604 4903 650 4956 vi
696 4902 944 4956 retinere.
973 4897 1103 4952 Cum
1133 4907 1314 4950 contra
1344 4895 1389 4948 si
1419 4901 1741 4948 voittntatem
1785 4905 1902 4949 tan.

327 5005 438 5051 tum
468 4995 740 5056 exhibeas,
771 5005 1055 5059 numquam
1086 4997 1134 5042 te
1158 4987 1244 5040 ille
1267 4987 1496 5050 deseret,
1522 4987 1906 5055 quantumlibet

327 5087 571 5141 diabolus
595 5085 874 5139 adversum
903 5081 1116 5134 nitatur.
1150 5077 1327 5146 Itaque
1355 5092 1450 5130 nos
1473 5091 1628 5130 causa
1656 5078 1906 5146 perniciei

327 5187 524 5234 nostra:
552 5191 754 5232 sumus.
784 5174 965 5241 Neque
1003 5169 1143 5225 enim
1183 5168 1249 5221 ad
1289 5167 1433 5220 illum
1461 5168 1780 5232 accedimus,
1815 5185 1906 5225 ne-

328 5286 432 5340 que
460 5267 728 5337 supplices
758 5265 985 5327 adimus,
1017 5275 1186 5330 neque
1233 5257 1478 5328 rogamus
1513 5267 1569 5314 ut
1599 5276 1695 5331 par
1720 5271 1862 5317 esset
1892 5281 1906 5319 :

333 5365 424 5422 sed
467 5361 675 5416 etiamsi
707 5355 1043 5417 accedamus,
1085 5351 1190 5424 hoc.
1234 5351 1304 5406 ita
1351 5350 1572 5404 facimus
1611 5353 1759 5423 quasi
1801 5369 1906 5407 non

333 5453 686 5530 impetraturi,
732 5465 830 5504 nec
866 5464 986 5503 cum
1019 5445 1123 5500 ﬁde
1168 5445 1504 5512 congruenti,
1552 5456 1723 5514 neque
1758 5447 1905 5515 quasi

331 5553 648 5620 exigentes;
692 5543 783 5597 sed
825 5541 1112 5596 oscitantes
1162 5551 1224 5591 ac
1265 5544 1536 5604 torpentes
1576 5536 1752 5588 omnia
1782 5535 1909 5590 faci-

338 5662 471 5701 mus.
506 5643 660 5713 Atqui
693 5640 832 5695 Dens
869 5637 978 5692 vult
1009 5650 1104 5690 nos
1129 5634 1274 5705 quasi
1303 5632 1576 5702 exigentes
1607 5629 1830 5702 precari,
1857 5638 1910 5682 et

335 5747 460 5792 tunc
490 5732 681 5803 gratias
709 5722 798 5786 tibi
824 5740 1047 5807 magnas
1073 5724 1250 5780 habet.
1281 5723 1376 5777 llic
1403 5725 1598 5793 quippe
1630 5723 1774 5775 solus
1810 5719 1904 5774 dc-

1313 305 1380 365 lN
1419 305 1829 364 MATTIIEUM
1869 304 2094 361 IIOMIL.
2139 307 2302 364 XXII.
2344 310 2414 364 at.
2460 310 2644 366 XXIII.

3450 311 3554 368 306

1981 422 2136 488 hitur,
2167 426 2381 495 quando
2407 427 2682 497 etigimtts,
2723 427 2918 498 gratias
2939 427 3118 497 habet,
3145 430 3200 484 ει
3223 437 3288 484 ea
3305 436 3424 500 qua:
3451 440 3555 484 nan

1979 525 2164 571 mutuo
2189 517 2433 572 dedimus
2462 518 2654 573 reddit.
2689 518 2754 574 Et
2783 520 2827 572 Si
2863 520 3017 576 valde
3058 521 3344 576 instantem
3366 521 3557 576 viderit

1980 623 2101 661 cum
2126 611 2216 677 qui
2249 610 2432 679 exigit,
2465 611 2624 665 etiam
2651 624 2734 676 ea,
2781 625 2900 680 qua:
2946 628 3049 666 non
3077 615 3284 681 accepit
3321 627 3351 666 a
3383 613 3555 678 nobis,

1982 699 2180 759 solvit;
2211 701 2255 752 si
2283 713 2412 754 vero
2453 701 2690 769 segnius,
2736 701 2826 755 ille
2862 700 3040 756 differt
3063 743 3076 763 ,
3111 715 3215 756 non
3260 703 3400 771 quod
3430 702 3559 758 dare

1982 791 2134 856 nolit,
2178 790 2272 845 sed
2318 792 2440 861 quia
2489 793 2714 848 libenter
2748 794 2892 848 videt
2923 809 3020 849 nos
3062 795 3130 849 ab
3167 797 3282 866 ipso
3323 798 3554 867 exigere.

1981 881 2210 951 Ichque
2231 883 2322 936 tibi
2345 885 2644 954 exemplum
2676 887 2853 940 attulit
2881 887 3037 940 amici
3065 887 3206 941 illius
3229 897 3384 942 noctu
3410 890 3562 942 accc.

1981 975 2177 1040 dentis,
2219 984 2274 1029 et
2319 990 2512 1044 panem
2561 977 2806 1046 petentis,
2858 988 3063 1033 necnon
3107 979 3301 1048 iudicis
3338 980 3426 1048 qui
3465 983 3562 1034 nec

1985 1065 2151 1120 Deum
2187 1067 2424 1128 timebat,
2458 1074 2556 1122 nec
2600 1068 2846 1122 homines
2885 1070 3246 1124 rcverebatur.
3288 1069 3470 1139 Neque
3508 1071 3561 1124 in

1981 1159 2241 1227 exemplis
2273 1159 2527 1222 substitit,
2553 1159 2645 1214 sed
2675 1161 2724 1215 id
2757 1161 2868 1228 ipse
2894 1168 3107 1231 qunqt‘te
3133 1163 3382 1230 Operibus
3409 1161 3558 1214 exltiv

1984 1247 2117 1314 buit,
2149 1253 2362 1321 quando
2391 1254 2718 1309 thnissam
2748 1256 2892 1309 illam
2935 1255 3212 1311 mulierem
3245 1265 3437 1326 magno
3464 1254 3562 1308 lto-

1984 1353 2224 1398 noratam
2251 1344 2392 1398 dono
2417 1346 2638 1400 remisit.
2670 1347 2722 1399 In
2756 1345 2854 1400 hac
2877 1361 3006 1400 vero
3047 1346 3298 1412 ostendit,
3325 1361 3383 1401 se
3403 1347 3561 1400 etiam

1987 1436 2097 1502 illa,
2127 1453 2244 1504 qua:
2274 1452 2380 1490 non
2407 1445 2698 1506 congruere
2724 1438 2988 1500 videntur,
3036 1439 3297 1492 instanter
3340 1437 3564 1506 petenti-

1987 1527 2087 1583 bus
2113 1530 2309 1600 largiri.
2340 1529 2461 1584 Non
2490 1540 2580 1593 est,
2614 1531 2819 1600 inquit,
2869 1531 3054 1584 bonum
3094 1530 3271 1585 tollere
3296 1539 3474 1600 panem
3501 1531 3564 1598 ﬁ.

1987 1621 2190 1686 liorum,
2222 1631 2267 1674 et
2293 1622 2540 1691 projiCere
2562 1623 2768 1674 canibus
2813 1620 3023 1691 (Matth.
3059 1623 3144 1676 15.
3175 1623 3288 1689 26).
3319 1624 3563 1675 Attamen

1987 1710 2134 1766 dedit
2159 1712 2280 1780 quia
2314 1712 2398 1767 illa
2441 1711 2786 1768 vehementer
2825 1713 3055 1780 petebat.
3095 1713 3195 1767 Per
3232 1713 3443 1766 .Ittdaeos
3467 1727 3565 1766 au—

1988 1810 2096 1858 tem
2133 1803 2479 1873 significavit,
2527 1819 2585 1857 se
2613 1803 2893 1857 desidiosis
2938 1821 3003 1858 ne
3044 1805 3129 1858 illa
3156 1805 3369 1874 qitidetn
3413 1803 3563 1867 dare,

1986 1909 2105 1965 qua:
2143 1895 2208 1948 ad
2251 1895 2393 1964 ipsos
2430 1896 2781 1966 pertinebant.
2832 1895 3012 1964 Itaque
3063 1896 3135 1949 illi
3182 1895 3312 1950 nihil
3342 1909 3565 1964 accepe-

1984 1993 2127 2048 runt,
2159 1985 2251 2040 sed
2289 1987 2448 2042 etiam
2475 2001 2568 2040 sua
2601 1987 2962 2056 perdideram.
3002 1987 3068 2041 Et
3107 1987 3156 2039 hi
3185 1987 3422 2056 quidem,
3442 1987 3566 2056 quia

1988 2089 2094 2130 non
2137 2077 2402 2145 petierunt
2433 2078 2474 2143 ',
2519 2088 2587 2131 ne
2613 2092 2704 2131 sua
2746 2078 2957 2146 quidem
2995 2093 3291 2147 accepere:
3325 2079 3407 2132 illa
3439 2093 3568 2133 vero

1987 2167 2110 2237 quia
2141 2169 2486 2223 vehementer
2511 2169 2718 2233 insﬁtit,
2746 2170 2915 2224 aliena
2941 2171 3113 2240 potuit
3141 2169 3241 2224 sibi
3273 2169 3565 2235 vindicare,-

1986 2269 2040 2314 et
2065 2272 2184 2330 qua:
2215 2261 2442 2315 ﬁliorum
2463 2273 2614 2315 erant
2632 2262 2851 2315 catellus
2869 2262 3090 2329 accepit.
3112 2260 3339 2315 Tantum
3369 2261 3565 2314 bunum

1987 2361 2070 2407 est
2095 2352 2395 2406 assiduitas.
2431 2351 2542 2408 Etsi
2583 2355 2725 2407 enim
2751 2353 2897 2408 canis
2939 2352 3124 2417 fueris,
3170 2353 3213 2407 si
3264 2352 3569 2423 frequenter

1990 2445 2174 2510 instes,
2218 2444 2327 2498 ﬁlio
2357 2444 2527 2499 desidi
2570 2447 2912 2514 anteponet-is
2941 2463 2954 2499 :
2987 2455 3104 2514 qua:
3134 2444 3276 2500 enim
3307 2459 3410 2499 non
3441 2451 3568 2514 pcr-

1989 2533 2114 2589 fecit
2164 2534 2417 2602 amicitia,
2466 2533 2520 2589 id
2567 2534 2790 2605 perfecit
2839 2535 3122 2590 assiduitas
3169 2535 3442 2606 precandi.
3493 2535 3569 2589 Ne

1991 2625 2136 2680 dicas
2171 2624 2349 2696 igitur,
2399 2623 2649 2681 Inimicus
2687 2625 2816 2681 mihi
2863 2636 2942 2682 est
2968 2626 3127 2692 Dens,
3179 2642 3276 2680 nec
3324 2626 3570 2680 exaudiet

1991 2730 2098 2773 me.
2131 2718 2250 2775 Cito
2289 2718 2382 2774 tibi
2412 2717 2773 2788 respondebit,
2817 2718 2860 2773 si
2892 2719 3193 2789 frequenter
3228 2718 3372 2773 illum
3407 2720 3570 2773 inter-

1995 2810 2159 2880 pelles
2201 2817 2255 2866 et
2282 2824 2508 2881 urgeas;
2541 2817 2594 2865 et
2622 2811 2667 2865 si
2706 2824 2811 2865 non
2852 2809 2920 2864 ob
2963 2809 3268 2872 amicitiam,
3317 2797 3466 2863 certe
3501 2810 3571 2862 ob

1991 2903 2357 2959 assiduitatem
2387 2921 2402 2959 :
2431 2919 2494 2959 ac
2523 2919 2695 2974 neque
2717 2903 3012 2970 inimicitia,
3045 2916 3221 2970 neque
3255 2901 3570 2968 importuni-

1993 3006 2094 3063 tas,
2124 3012 2297 3068 neque
2317 2996 2456 3051 aliud
2483 2996 2754 3066 quidpiam
2798 2996 3174 3067 impedimento
3201 3009 3322 3050 esse
3355 2993 3567 3063 poterit.

1991 3089 2070 3144 Ne
2097 3089 2266 3155 dicas,
2304 3088 2419 3144 Non
2464 3103 2580 3143 sum
2615 3087 2838 3159 dignus,
2886 3088 3004 3143 ideo
3044 3103 3148 3141 non
3188 3100 3374 3156 precor
3405 3102 3419 3143 :
3450 3100 3570 3138 nam

1995 3181 2114 3238 talis
2142 3190 2257 3236 erat
2278 3179 2707 3252 Syrophtenissa.
2748 3166 2825 3236 Ne
2853 3181 3020 3245 dicas,
3050 3179 3271 3234 Multum
3317 3178 3528 3249 peccavi
3552 3215 3570 3240 ,

1995 3289 2094 3328 nec
2125 3287 2337 3343 possum
2383 3273 2572 3327 iratum
2617 3287 2806 3342 rogare
2858 3290 2870 3326 :
2920 3286 3024 3325 non
3081 3271 3221 3326 enim
3264 3267 3574 3340 dignitatem

1997 3367 2136 3421 Deus
2172 3375 2396 3436 spectat,
2430 3366 2525 3420 sed
2561 3367 2908 3421 voluntatem.
2939 3365 3069 3420 Nam
3101 3365 3144 3420 si
3186 3363 3474 3435 principem
3513 3363 3576 3416 il-

1997 3458 2104 3511 lum
2129 3458 2218 3528 qui
2248 3472 2346 3514 nec
2374 3457 2538 3512 Deum
2565 3457 2802 3521 timebat,
2826 3471 2925 3511 nec
2946 3456 3186 3510 homines
3213 3455 3574 3517 reverebatttr.

1999 3550 2150 3604 vidua
2176 3547 2377 3603 inﬂexit
2397 3567 2409 3603 :
2429 3549 2594 3603 multo
2609 3548 2775 3618 magis
2791 3549 2987 3603 bonum
3002 3546 3103 3601 sibi
3121 3546 3349 3601 attrabet
3366 3547 3574 3602 assidua

1997 3643 2333 3715 supplicatio.
2358 3642 2433 3697 Ita
2464 3639 2748 3696 utetiatnsi
2767 3655 2870 3694 non
2903 3637 3108 3693 amicus
3123 3637 3221 3706 sis,
3241 3639 3447 3694 etiamsi
3473 3652 3579 3690 non

1997 3736 2176 3794 debita
2195 3735 2396 3806 exigas,
2421 3733 2626 3790 etiamsi
2641 3740 2859 3804 paterna
2882 3730 3018 3786 bona
3040 3728 3416 3799 absumpseris,
3443 3727 3579 3781 mul-

2001 3837 2160 3900 toque
2191 3837 2428 3897 tempore
2474 3825 2669 3881 absens
2719 3823 2898 3886 fueris,
2948 3823 3153 3878 etiamsi
3191 3820 3421 3890 degener
3465 3833 3578 3872 om-a

1999 3923 2252 3991 niumque
2275 3929 2610 3992 postremus,
2645 3918 2852 3972 etiamsi
2888 3917 3083 3970 iratum
3113 3915 3579 3984 indignantemque

2001 4012 2288 4067 convenias
2313 4027 2328 4076 ;
2360 4010 2413 4062 in
2443 4010 2678 4062 animum
2717 4006 2935 4059 inducas
2963 4013 3160 4058 tantum
3191 4003 3393 4071 precari
3420 4010 3579 4072 atque

2002 4103 2068 4156 ad
2098 4103 2246 4156 illum
2273 4100 2467 4162 redire,
2507 4106 2562 4152 et
2585 4097 2763 4151 omnia
2803 4096 3054 4164 accipies,
3081 4105 3241 4164 atque
3269 4097 3400 4148 iram
3430 4094 3583 4148 dam-

2004 4195 2377 4261 nationemqne
2402 4190 2578 4243 statin't
2603 4188 2924 4256 exstingues.
2945 4187 3100 4256 Atqui
3125 4201 3330 4254 precor,
3351 4185 3579 4255 inquies,

2005 4293 2058 4339 et
2089 4283 2220 4337 nihil
2248 4281 2485 4351 proﬁcio.
2517 4278 2622 4334 Sed
2667 4293 2771 4332 non
2820 4278 3051 4346 precaris
3091 4287 3148 4330 ιιι
3195 4276 3297 4341 illi,
3340 4287 3395 4330 ut
3422 4278 3580 4347 Syro-

2005 4375 2298 4445 pbmnissa,
2329 4372 2471 4437 dico,
2505 4379 2558 4424 nt
2581 4372 2782 4425 amicus
2821 4370 3132 4439 intempesta
3161 4379 3313 4425 nocte
3339 4370 3580 4436 veniens,

2007 4479 2059 4522 ιιι
2094 4467 2247 4520 vidua
2287 4483 2402 4536 qua:
2444 4465 2748 4535 frequenter
2782 4463 3013 4533 judicetn
3063 4464 3301 4533 urgebat,
3348 4476 3401 4518 ut
3446 4463 3584 4519 ﬁlius

2005 4560 2094 4631 qui
2129 4568 2345 4628 paterna
2374 4557 2507 4613 bona
2525 4558 2913 4625 absumpserat.
2938 4555 3070 4612 Nam
3085 4557 3127 4609 si
3154 4557 3229 4610 sic
3254 4571 3455 4617 orares,
3479 4556 3585 4608 cito

2009 4653 2341 4722 itnpett-ares.
2374 4650 2581 4704 Etenim
2621 4650 2828 4704 etiamsi
2855 4648 3174 4702 contumelia
3217 4647 3437 4702 allectus
3466 4647 3534 4700 sit
3567 4663 3583 4709 ;

2007 4752 2061 4796 at
2089 4752 2236 4812 pater
2269 4751 2391 4796 est:
2423 4741 2629 4795 etiamsi
2669 4740 2836 4794 iratus
2869 4750 2971 4804 est,
3017 4747 3072 4792 at
3119 4739 3255 4791 ﬁlios
3293 4749 3472 4792 amat:
3501 4747 3586 4791 at-

2008 4851 2113 4907 que
2156 4851 2319 4889 unum
2351 4843 2553 4889 tantum
2583 4834 2803 4903 quierit,
2848 4847 2952 4885 non
2991 4830 3058 4886 de
3097 4831 3433 4886 cnntumeliis
3472 4845 3586 4898 ιεω-

2010 4943 2108 4982 nas
2124 4928 2356 4996 exigere,
2385 4925 2478 4980 sed
2498 4933 2548 4978 te
2563 4937 2879 4979 conversum
2910 4933 2961 4976 et
2986 4922 3367 4992 supplicantem
3385 4922 3586 4977 videre.

2081 5019 2134 5072 6.
2173 5015 2405 5073 Charitas
2436 5015 2530 5069 Dei
2571 5031 2689 5085 erga
2718 5030 2830 5067 nos.
2873 5013 2952 5066 Ad
2981 5014 3148 5082 ipsum
3171 5013 3459 5067 accedentes
3488 5013 3588 5066 im-

2014 5108 2215 5179 portuni
2243 5121 2514 5176 numquam
2533 5115 2668 5158 sunt.
2700 5134 2770 5144 —
2797 5105 3002 5159 Utinam
3033 5119 3128 5159 nos
3161 5103 3230 5157 ita
3259 5104 3588 5166 ardercmus,

2013 5212 2070 5259 ut
2094 5203 2297 5257 viscera
2325 5200 2412 5254 illa
2439 5199 2502 5252 ad
2533 5199 2868 5252 dilectionem
2896 5212 3022 5268 erga
3053 5212 3149 5250 nos
3176 5195 3588 5251 inflammantur.

2014 5293 2114 5349 Sed
2137 5292 2272 5362 ignis
2293 5290 2381 5345 ille
2405 5291 2735 5343 occasionem
2757 5289 2930 5342 solum
2955 5289 3205 5357 requirit:
3227 5298 3281 5342 et
3304 5288 3346 5340 si
3374 5300 3590 5356 parvam

2014 5385 2090 5440 illi
2115 5383 2394 5439 scintillam
2429 5381 2700 5451 prmbeas,
2733 5381 2995 5449 ingentem
3039 5379 3414 5434 beneﬁciorum
3442 5375 3591 5430 ﬁam-

2015 5493 2156 5532 ntam
2182 5475 2449 5531 accendis.
2481 5473 2662 5542 Neque
2687 5473 2830 5527 enint
2861 5472 3000 5543 quod
3029 5468 3346 5526 contumelia
3373 5467 3593 5522 allectus

2014 5571 2104 5630 sit,
2141 5567 2442 5637 indignatur
2466 5606 2480 5628 ,
2511 5565 2602 5619 sed
2631 5565 2753 5634 quia
2799 5574 2851 5618 tn
2877 5561 3292 5616 contumeliosus
3335 5573 3392 5611 es
3418 5596 3433 5623 ,
3457 5567 3510 5610 et
3537 5567 3592 5610 ut

2083 5727 2101 5757 '
2133 5722 2296 5782 suit,
2315 5721 2426 5786 quia
2447 5721 2736 5786 negligenter
2760 5719 3008 5782 petierunt.
