4050 6220
464 287 580 351 507

471 406 654 464 ebrius
677 404 827 461 furis.
848 403 904 461 Si
925 403 1064 460 enim
1084 415 1181 456 nos
1206 401 1330 455 mali
1350 410 1473 455 cum
1496 398 1685 465 simus,
1708 399 1752 453 si
1772 404 2054 454 Contume-

475 495 596 553 liosi
623 497 729 552 sint
758 496 870 557 lilii,
899 507 993 563 pro
1018 492 1123 547 illis
1152 490 1397 546 dolemus
1429 506 1443 543 :
1471 497 1672 559 quanto
1696 489 1865 559 magis
1892 488 2055 551 Deus,

400 570 405 587 ²
478 590 567 660 qui
601 589 788 656 injuria
817 585 954 640 allici
976 584 1178 653 nequit,
1209 590 1304 652 pro
1338 582 1510 660 teipse
1543 576 1931 636 contumelioso
1968 579 2056 633 ln-

477 679 765 751 dignatur?
794 678 850 732 Si
881 692 999 743 nos,
1029 675 1117 746 qui
1146 678 1332 730 natura
1361 668 1631 745 diligimus
1657 691 1672 727 :
1695 674 1861 729 inulto
1889 670 2056 743 magis

479 773 586 837 ille,
619 770 701 842 qui
738 770 871 824 ultra
902 778 1144 822 naturam
1173 766 1364 836 diligit.
1392 765 1547 831 Nam,
1577 764 1687 819 Etsi
1713 756 2053 828 obliviscatur,

474 863 662 932 inquit,
697 862 876 914 mulier
920 862 1173 931 infantum
1217 859 1345 912 uteri
1380 859 1480 921 sui,
1508 856 1597 911 sed
1623 873 1714 928 ego
1748 873 1849 911 non
1874 855 2053 909 oblivi~

473 970 585 1006 scar
608 954 699 1016 tui,
734 953 854 1005 dicit
875 952 1123 1006 Dominus
1155 950 1303 1020 (Isai.
1337 951 1426 1004 49.
1459 949 1571 1019 15).
1591 950 1922 1004 Accedamus
1954 948 2053 1018 igi-

477 1055 561 1099 tur
582 1044 645 1097 ad
677 1060 800 1098 eum
826 1054 877 1097 et
902 1044 1141 1098 dicamus
1168 1060 1179 1093 :
1214 1041 1419 1106 Etiam,
1444 1039 1701 1103 Domine;
1732 1056 1848 1092 nam
1880 1048 1924 1092 et
1969 1055 2052 1091 ca-

476 1137 581 1190 telli
615 1137 766 1190 edunt
790 1136 852 1188 de
880 1136 1051 1198 miris,
1083 1142 1195 1203 qua:
1221 1129 1404 1186 cadunt
1430 1134 1492 1185 de
1523 1149 1694 1185 mensa
1737 1131 2053 1185 dominorum

472 1247 678 1284 suorum
708 1229 913 1299 (Matth.
941 1229 1025 1283 15.
1054 1225 1169 1298 27).
1199 1226 1527 1281 Accedamus
1556 1226 1730 1294 itaque
1757 1232 2053 1293 opportune

474 1334 529 1379 et
550 1325 850 1393 importune
873 1340 888 1386 ;
914 1323 1019 1375 itno
1036 1335 1161 1374 vero
1190 1334 1471 1386 numquam
1492 1319 1770 1386 possumus
1798 1316 2056 1386 importu-

474 1425 545 1471 ne
595 1414 847 1470 accedere
880 1430 894 1466 :
926 1411 1284 1483 impurlunum
1319 1411 1515 1480 quippe
1561 1417 1643 1463 est
1688 1422 1792 1462 non
1841 1405 2053 1462 aSSidtie

471 1507 639 1564 adire.
680 1506 811 1562 Nam
855 1520 975 1561 eum
1001 1546 1017 1568 ,
1042 1504 1132 1575 qui
1164 1502 1291 1559 dare
1331 1502 1527 1573 gestit,
1563 1506 1920 1570 opportunum
1968 1502 2053 1555 est

471 1606 684 1671 semper
705 1598 912 1670 rogare.
944 1592 1402 1665 Quemadmbdum
1432 1592 1573 1648 enim
1599 1593 1863 1662 re‘spirare
1891 1593 2049 1647 utimi-

470 1686 631 1764 qustu
665 1690 1026 1761 importunam
1055 1687 1173 1755 est,
1204 1687 1281 1742 sit:
1306 1696 1363 1742 et
1391 1681 1573 1755 petere
1600 1684 1885 1755 numquam
1909 1724 1925 1749 ,
1955 1676 2052 1740 Sed

470 1800 577 1841 non
601 1782 783 1856 petere
809 1792 891 1839 est
927 1776 1310 1852 Importunum.
1354 1766 1567 1833 Etenim
1598 1777 1734 1831 sicut
1754 1776 1854 1833 hac
1877 1775 2050 1845 respi-

469 1878 676 1935 ratione
701 1890 834 1945 opns
857 1874 1113 1929 habemus
1132 1915 1146 1938 ,
1175 1874 1252 1927 Sic
1272 1880 1326 1927 et
1345 1871 1462 1938 ejus
1486 1868 1684 1924 auxilio
1711 1880 1728 1923 ε
1758 1883 1822 1923 ac
1850 1868 1896 1923 si
1920 1868 2052 1922 velis

467 1980 608 2031 mus,
639 1967 791 2022 facile
821 1967 991 2034 ipsum
1018 1963 1082 2017 ad
1104 1970 1201 2017 nos
1217 1960 1565 2015 attrallemus.
1594 1959 1658 2013 Et
1681 1958 1781 2013 hoc
1810 1954 2051 2012 indicatis

472 2060 749 2131 propheta,
778 2058 1158 2125 declaransque
1188 2055 1355 2109 Deum
1382 2052 1447 2106 ad
1470 2051 1729 2107 beneﬁcia
1752 2049 2049 2119 praestanda

471 2166 685 2220 semper
712 2159 975 2219 paratum,
1009 2146 1215 2202 dicebat
1250 2163 1263 2197 :
1296 2143 1439 2199 Sicut
1483 2140 1764 2196 diluculum
1814 2151 2048 2212 paratum

469 2243 773 2295 inveniemus
812 2256 926 2293 eum
980 2238 1133 2306 (Osee
1161 2237 1214 2292 6.
1254 2237 1332 2303 3).
1375 2235 1592 2301 Quoties
1628 2234 1768 2288 enim
1814 2232 1879 2286 ad
1923 2248 2045 2286 eum

470 2331 884 2393 accesserimus,
920 2336 1098 2382 nostra
1126 2334 1520 2395 eXSpectantem
1550 2322 1865 2377 videbimus.
1895 2322 2047 2389 Quod

468 2423 512 2477 si
542 2422 753 2475 nihilex
775 2422 890 2490 ejus
910 2420 1104 2473 virtute
1124 2434 1220 2472 ceu
1243 2417 1362 2471 fons
1378 2415 1700 2471 scaturiente
1717 2413 2044 2478 hauriamus,

471 2525 647 2568 nostra
674 2515 828 2582 culpa
858 2522 940 2569 est
965 2512 1201 2565 omnino.
1234 2510 1345 2565 Hec
1373 2511 1514 2565 enim
1547 2506 1760 2564 Iudaeos
1796 2508 2047 2563 incusans

467 2603 676 2658 dicebat
705 2620 717 2655 :
748 2598 1100 2656 Misericordia
1139 2610 1307 2654 autem
1350 2616 1462 2652 mea
1497 2607 1550 2652 ut
1596 2597 1749 2652 nubes
1776 2598 2044 2664 matutina,

466 2694 513 2745 et
536 2694 661 2747 sicut
688 2709 769 2746 ros
789 2708 933 2745 mane
959 2691 1291 2760 pertransiens
1326 2678 1484 2760 (Ibid.
1514 2704 1562 2743 v.
1590 2688 1667 2757 4).
1694 2683 1847 2755 Quod
1864 2696 2042 2741 autem

1186 287 1242 344 S.
1280 282 1557 342 JOANNIS
1592 279 2064 339 CHRYSOSTOMI
2102 279 2418 339 ARCIIIEP.
2458 273 2989 340 CONSTANTINOP.

3637 281 3740 338 308

2163 397 2322 462 dicit,
2355 398 2657 469 hujusmodi
2694 410 2780 456 est
2806 418 2819 455 :
2844 401 2954 471 Ego
3000 398 3214 470 quidem
3266 413 3385 469 quin
3430 413 3549 454 mea
3592 411 3745 456 erant

2161 490 2338 545 omnia
2366 490 2625 560 praestiti;
2657 507 2752 546 vos
2777 508 2905 548 vero
2926 532 2943 558 ,
2969 491 3419 563 quemadmodum
3444 491 3525 549 sol
3550 493 3745 549 ardens

2160 582 2543 657 superveniens
2568 596 2624 643 et
2649 587 2844 643 nubem
2874 588 2929 643 δι
2955 602 3131 642 rorem
3162 585 3383 656 diSsipat
3409 597 3464 640 et
3486 585 3743 653 accubat,

2162 679 2241 733 sic
2267 679 2338 733 ob
2362 674 2581 734 multam
2608 676 2897 750 nequitiam
2921 666 3243 734 inetiabilem
3287 672 3582 746 rephniitls
3613 678 3747 733 libe-

2160 770 2442 825 ralitatem.
2473 769 2529 826 id
2552 770 2693 841 quod
2732 772 2906 825 tamen
2941 766 3285 841 providentiae
3307 774 3410 825 est.
3457 761 3592 825 Nam
3620 762 3743 824 cum

2160 862 2406 933 indignos
2429 863 2575 919 videt
2595 878 2695 919 nos
2716 864 2806 934 qui
2835 863 2988 918 bonis
3017 861 3333 927 efficiamur,
3363 861 3621 917 beneﬁcia
3651 857 3743 917 rc-

2162 955 2314 1019 tinet,
2347 969 2415 1008 ne
2468 969 2567 1009 nos
2612 954 2825 1009 desides
2862 952 3076 1010 efﬁciat.
3107 952 3165 1012 Si
3204 964 3384 1007 autem
3423 953 3507 1012 vel
3554 967 3744 1022 parum

2161 1055 2551 1114 convertamur,
2583 1056 2783 1102 tantum
2833 1047 3077 1101 videlicet
3118 1055 3374 1115 quantum
3418 1059 3552 1113 opus
3578 1051 3744 1098 estut

2161 1152 2540 1207 cognoscamus
2561 1154 2659 1193 nos
2678 1147 2945 1208 peceasse,
2970 1138 3086 1207 plus
3112 1152 3269 1206 quam
3300 1136 3471 1190 l'ontes
3496 1136 3742 1202 scaturit,

2163 1228 2281 1295 plus
2302 1244 2459 1296 quam
2483 1216 2699 1298 pelagus
2727 1227 2921 1282 difﬂuit
2950 1245 2962 1281 :
2994 1234 3049 1282 et
3073 1234 3271 1293 quanto
3299 1221 3496 1294 majora
3515 1239 3742 1294 accepe-

2160 1314 2255 1383 ris,
2286 1326 2433 1373 tanto
2460 1319 2629 1390 magis
2666 1318 2861 1389 gaudet
2888 1336 2904 1373 :
2935 1318 3166 1387 hincque
3192 1315 3259 1371 ad
3290 1312 3438 1386 plura
3477 1314 3651 1370 danda
3682 1329 3743 1371 se

2159 1417 2456 1480 comparat.
2476 1390 2609 1467 Nam
2643 1409 2859 1466 divitias
2892 1408 3017 1465 sitas
3055 1405 3292 1464 nosti-am
3317 1402 3466 1479 putat
3499 1421 3624 1464 esse
3648 1398 3739 1462 ss.

2160 1482 2446 1581 lutem,_pei
2485 1502 2652 1573 ipsam
2694 1500 2854 1558 dandi
2882 1498 3183 1581 petentibus
3225 1497 3522 1572 largitatem
3554 1498 3741 1572 :quod

2159 1593 2321 1649 etiam
2349 1572 2549 1649 l’atilus
2575 1594 2656 1648 sic
2671 1572 3017 1672 declarabat:
3049 1572 3204 1646 Diues
3225 1595 3279 1645 tn
3295 1606 3488 1653 omnes.
3512 1600 3563 1645 et
3589 1585 3742 1659 ιιιρᾶ

2159 1681 2332 1738 odim
2356 1684 2442 1753 qui
2469 1680 2702 1738 invocant
2739 1679 2885 1737 illum
2935 1673 3110 1753 (Rom.
3140 1681 3228 1737 1οε
3263 1679 3373 1751 13).
3418 1680 3550 1736 Cum
3596 1680 3739 1742 enim

2159 1790 2267 1830 non
2294 1775 2547 1846 petimus,
2575 1783 2700 1829 tunc
2726 1769 3005 1838 iras'cittir;
3032 1782 3154 1827 cum
3185 1787 3290 1826 non
3337 1759 3588 1840 petimus,
3617 1776 3741 1826 tunc

2155 1875 2454 1921 aversatur.
2486 1865 2611 1920 ideo
2636 1880 2837 1935 pauper
2870 1864 2990 1930 fuit,
3021 1873 3077 1920 ut
3107 1879 3206 1919 nos
3234 1864 3432 1919 diVites
3459 1877 3737 1929 essemus;

2161 1956 2278 2010 ideo
2309 1954 2394 2010 illa
2420 1957 2598 2012 o‘mnia
2629 1956 2866 2026 pertulit,
2897 1966 2952 2011 ut
2975 1964 3074 2012 tios
3101 1954 3169 2010 ad
3192 1950 3475 2025 petendum
3499 1960 3736 2010 vocaret.

2158 2044 2235 2101 Ne
2265 2046 2442 2115 itaque
2469 2040 2813 2116 desperemus
2834 2061 2849 2099 :
2874 2046 2966 2101 Sed
3008 2040 3104 2100 has
3128 2046 3438 2101 occasiones
3463 2055 3517 2100 et
3543 2045 3738 2099 bonam

2157 2146 2308 2205 spem
2344 2136 2597 2193 habentes
2620 2179 2635 2203 ,
2659 2138 2866 2192 etiamsi
2899 2152 2992 2207 per
3018 2137 3256 2206 singulos
3279 2136 3394 2191 dies
3420 2141 3737 2206 peccamus,

2159 2225 2474 2281 accedamus
2502 2238 2771 2297 rogantes,
2800 2228 3163 2292 obsecrantes,
3185 2235 3519 2296 peccatorum
3542 2225 3739 2279 remis-

2159 2320 2364 2375 sionem
2394 2328 2651 2389 petentes.
2680 2320 2770 2375 Sic
2794 2321 2934 2373 enim
2964 2328 3016 2373 et
3034 2319 3099 2373 ad
3125 2318 3448 2388 peccandum
3474 2318 3739 2372 tardiores

2157 2410 2478 2477 etliciemur,
2510 2422 2565 2467 et
2594 2411 2866 2466 diabolum
2915 2410 3276 2481 depellemus,
3317 2425 3380 2464 ac
3409 2404 3501 2464 Dei
3529 2410 3740 2463 miseri-

2158 2500 2392 2555 cordiam
2425 2501 2846 2572 provocabimus,
2872 2502 3151 2570 futuraque
3165 2514 3553 2569 consequemur
3574 2500 3733 2563 bona,

2157 2594 2324 2662 gratia
2350 2604 2403 2649 et
2432 2594 2752 2664 benignitate
2787 2593 2996 2648 Demini
3023 2593 3189 2646 nostri
3226 2591 3353 2646 Iesu
3381 2589 3617 2655 Christi,
3648 2591 3737 2646 cui

2156 2686 2327 2755 gloria
2357 2696 2412 2743 et
2442 2688 2721 2759 imperium
2745 2689 2795 2743 in
2824 2688 3018 2745 saecula
3048 2687 3386 2743 saeCulorum.
3414 2688 3609 2743 Arnen.

1572 2885 1919 2950 HOMILIA
1961 2880 2204 2948 XXIII.
2247 2886 2333 2950 al.
2379 2888 2615 2951 XXIV.

609 3018 734 3070 (ἷΛρ.
776 3013 830 3068 7.
869 3029 918 3067 v.
952 3015 1001 3066 1.
1034 3008 1206 3065 Nolite
1222 3012 1474 3080 judicare,
1504 3026 1567 3063 ne
1588 3009 1897 3077 iudicemini.

537 3109 587 3161 1.
610 3107 781 3172 Illius,
805 3104 979 3159 Nolite
1004 3103 1261 3174 judicare,
1284 3101 1669 3168 explanatio.—
1688 3098 1821 3167 Quid
1849 3088 2047 3168 igitur?

465 3216 568 3251 non
604 3204 817 3265 oportet
853 3197 1134 3263 peccantes
1154 3192 1445 3245 accusare?
1467 3190 1596 3243 Nam
1623 3198 1677 3244 et
1702 3189 1896 3245 Paulus
1944 3188 2046 3244 hoc

466 3291 636 3357 ipsum
673 3288 797 3341 dicit
822 3305 836 3347 ;
865 3288 970 3339 imo
1004 3296 1055 3340 et
1081 3284 1323 3339 Chri~tits
1352 3298 1446 3352 per
1470 3282 1711 3345 Paulltm.
1732 3283 1815 3337 his
1831 3281 2042 3337 verbis:

462 3378 559 3439 Tu,
575 3379 695 3449 quid
712 3380 909 3444 indicas
924 3382 1130 3450 fratrem
1154 3384 1290 3430 (vitm
1307 3377 1332 3430 .’
1346 3386 1393 3430 et
1412 3368 1610 3446 ιιι,ἱῙηὶά
1624 3377 1817 3447 spernis
1837 3377 2046 3445 fratrem

462 3482 603 3523 tuum
639 3468 811 3537 (Ilum.
859 3470 945 3522 H.
976 3466 1105 3535 10)?
1134 3467 1216 3525 Et.
1252 3466 1347 3532 Tu,
1371 3467 1480 3537 quis
1496 3484 1566 3533 es,
1596 3469 1681 3538 Qui
1698 3466 1903 3537 judicas
1918 3469 2046 3522 alie-

462 3576 587 3614 num
617 3577 808 3614 servum
840 3559 997 3632 (Ibid.
1023 3576 1068 3613 v.
1100 3560 1153 3631 4)
1172 3560 1196 3613 ?
1217 3560 1281 3613 Et
1308 3560 1495 3613 iterum
1521 3576 1534 3611 :
1571 3559 1746 3613 Nolite
1771 3568 1889 3612 ante
1925 3569 2046 3612 tem-

465 3665 556 3721 pus
590 3653 843 3721 judicare,
887 3651 1214 3720 quoadusque
1246 3651 1409 3704 veniat
1447 3650 1692 3704 Dominus
1736 3651 1813 3721 (i.
1841 3649 1958 3704 Cor.
1988 3651 2042 3705 ι.

461 3744 539 3809 5).
574 3743 680 3797 Cur
704 3750 881 3797 autem
916 3741 1037 3794 alibi
1066 3741 1195 3794 dicit
1221 3759 1233 3791 :
1256 3742 1440 3810 Argue,
1467 3740 1688 3805 obsecra,
1710 3741 1916 3811 increpa
1948 3740 2041 3811 (Β.

460 3832 595 3888 Tim.
617 3835 671 3888 4.
694 3833 791 3903 2)?
816 3840 870 3886 et
889 3831 1033 3894 alibi,
1063 3830 1335 3886 Peccantes
1360 3847 1528 3887 coram
1550 3832 1778 3885 omnibus
1798 3832 2012 3902 argue“
2029 3870 2042 3885 .

465 3923 595 3979 Tim.
626 3924 679 3980 5.
710 3922 806 3993 20)
828 3923 852 3976 ?
875 3932 929 3977 et
956 3922 1204 3978 Christus
1230 3923 1391 3977 Petro
1422 3939 1436 3976 :
1477 3920 1649 3987 Vade,
1679 3924 1877 3993 corripe
1900 3924 2046 3977 illum

461 4018 591 4071 inter
615 4026 662 4070 te
687 4026 735 4070 et
768 4016 933 4087 ipsum
961 4016 1124 4069 solum
1156 4016 1243 4069 :si
1288 4032 1389 4069 non
1420 4015 1657 4079 audierit,
1700 4018 1859 4070 alium
1886 4028 2045 4071 tecum

460 4107 702 4177 adjunge;
718 4108 761 4159 si
780 4120 893 4160 vero
911 4122 1065 4178 neque
1076 4107 1146 4159 sic
1159 4105 1627 4167 cesserit,Ecclesia:
1641 4108 1817 4161 nuntia
1831 4109 2041 4181 (Matth.

462 4196 547 4251 18.
566 4196 783 4267 15-17γῖ
800 4204 854 4250 et
871 4205 974 4249 tam
994 4197 1187 4249 multos
1203 4197 1477 4251 constituit
1491 4198 1951 4268 increpantesmec
1968 4216 2047 4255 so-

463 4288 573 4343 lum
605 4288 959 4356 increpantes,
991 4287 1082 4340 sed
1111 4288 1267 4341 etiam
1299 4289 1616 4355 punientes?
1644 4289 1776 4345 Nam
1807 4307 1927 4346 cum
1956 4293 2046 4361 qui

470 4381 670 4435 nullum
706 4380 895 4433 horum
925 4379 1178 4445 audisset,
1202 4380 1360 4449 jussit
1388 4381 1568 4436 haberi
1599 4385 1748 4453 quasi
1775 4384 2046 4440 ethnicutn

461 4482 516 4528 et
561 4472 914 4542 publicanum.
969 4469 1078 4526 Cur
1131 4479 1305 4525 autem
1351 4473 1455 4527 illis
1500 4474 1677 4530 claves
1704 4476 2046 4535 dedit‘lNan't

462 4568 504 4618 si
539 4563 824 4634 judicatnri
853 4578 957 4617 non
972 4572 1115 4630 sunt,
1135 4564 1332 4618 nullam
1360 4563 1631 4620 habebunt
1652 4570 2044 4638 auctoritatem,

466 4665 520 4708 et
563 4656 755 4709 frustra
802 4655 995 4725 ligandi
1047 4663 1205 4724 atque
1227 4655 1470 4710 solvendi
1492 4658 1861 4713 auctoritatem
1888 4674 2043 4716 acce-

465 4757 677 4815 perunt.
724 4746 791 4800 Et
828 4748 1059 4817 aliOquin
1081 4787 1096 4811 ,
1131 4747 1175 4801 si
1209 4747 1312 4801 hoc
1338 4746 1596 4811 obtineat,
1627 4750 1804 4802 omnia
1833 4764 2045 4819 pessum

467 4840 636 4903 ilntul,
661 4848 713 4892 et
737 4840 787 4891 in
821 4840 1081 4905 ccclesiis,
1114 4849 1169 4894 et
1193 4839 1249 4894 in
1273 4841 1594 4906 civitatibus,
1621 4842 1748 4895 etin
1775 4840 2045 4897 domibns.

465 4931 595 4984 Nam
648 4932 894 4984 doniinus
938 4948 1149 4987 servum
1197 4941 1252 4989 ct
1294 4934 1505 4989 domina
1557 4935 1800 4990 ancillam
1832 4979 1846 4999 ,
1900 4947 2051 5005 pater

467 5022 654 5086 lilium,
683 5023 884 5074 amicus
913 5024 1140 5076 amicum
1169 5024 1267 5078 nisi
1289 5025 1665 5094 judicaverint,
1693 5027 1925 5097 nequitia
1954 5043 2050 5080 an-

462 5114 688 5183 gebilur.
715 5112 782 5166 Et
826 5113 948 5181 quid
994 5114 1134 5178 dico,
1164 5116 1366 5169 amicus
1413 5118 1681 5171 anticum?
1708 5116 1956 5172 Inimicos
2003 5117 2047 5171 si

463 5223 568 5261 nun
598 5206 915 5276 judicetnus,
950 5222 1232 5275 numquam
1268 5210 1559 5277 poterimus
1598 5210 1901 5265 inimicitias
1934 5211 2047 5265 sol-

465 5313 609 5360 vere,
641 5297 735 5353 sed
763 5312 853 5352 sus
893 5297 1065 5367 deque
1103 5299 1281 5352 omnia
1312 5311 1603 5356 vertentur.
1645 5302 1783 5368 Quid
1812 5317 1942 5372 ergo
1979 5302 2049 5356 sit

465 5390 565 5444 hoc
605 5388 746 5459 quod
786 5389 979 5443 dicitur
1004 5389 1288 5459 diligenter
1316 5392 1655 5447 attendamus
1679 5435 1692 5457 ,
1723 5408 1788 5448 ne
1815 5392 2049 5448 remedia

462 5481 650 5536 salutis
669 5481 881 5551 etleges
909 5481 1053 5551 pacis
1075 5488 1217 5550 putet
1245 5481 1504 5551 quispiam
1524 5498 1642 5539 esse
1663 5484 1807 5555 leges
1827 5484 2051 5539 subver-

465 5571 630 5627 sionis
654 5582 712 5627 et
735 5572 1080 5627 confusionis.
1110 5570 1241 5627 Nam
1272 5571 1337 5626 iis
1364 5572 1451 5642 qui
1481 5572 1826 5644 intelligentia
1848 5573 2047 5639 valent,

458 5659 523 5717 in
552 5665 895 5737 sequentibus
924 5663 1154 5722 maxime
1174 5663 1397 5736 hujusce
1422 5664 1556 5737 legis
1583 5666 1834 5722 virtutem
1864 5672 2050 5729 dated.-

2154 3006 2233 3062 dit
2258 3008 2442 3064 dicens
2470 3028 2483 3061 :
2510 3006 2647 3079 Quid
2684 3008 2821 3066 vides
2861 3010 3108 3081 festucam
3142 3004 3196 3065 in
3239 2994 3595 3081 o'culoTratris
3636 3009 3734 3076 tui,

2152 3099 2341 3153 trabem
2358 3110 2522 3155 autem
2543 3105 2655 3171 q’ua:
2671 3114 2743 3157 est
2760 3103 2812 3156 in
2832 3100 2976 3156 oculo
2992 3112 3075 3156 tuo
3091 3117 3191 3155 non
3206 3104 3495 3157 consideras
3517 3102 3731 3172 (Matth;

2154 3190 2205 3243 7.
2238 3188 2313 3262 5).
2350 3190 2501 3258 Quod
2545 3196 2587 3246 si
2616 3192 2796 3248 multis
2828 3193 3119 3249 tardiorum
3146 3193 3163 3223 ¹
3191 3192 3392 3247 dictum
3417 3193 3596 3247 adhuc
3638 3194 3736 3246 oh;

2149 3282 2358 3336 scurins
2372 3298 2491 3339 esse
2505 3282 2765 3347 videatur,
2787 3299 2941 3339 rema
2964 3283 3224 3355 principio
3251 3285 3460 3339 solvere
3494 3285 3732 3340 tentabo.

2153 3371 2248 3428 Hic
2271 3384 2436 3440 certe,
2466 3384 2522 3430 ut
2544 3376 2670 3430 mihi
2698 3376 2909 3448 quidem
2935 3377 3174 3441 videtur,
3206 3392 3309 3431 non
3336 3377 3514 3431 omnia
3545 3392 3739 3446 pecca-

2150 3474 2199 3519 ta
2223 3466 2375 3536 jubet
2405 3483 2509 3523 non
2531 3467 2805 3538 judicare,
2840 3484 3012 3539 neque
3040 3470 3257 3523 omnino
3285 3480 3427 3524 vetat
3449 3469 3575 3525 illud
3606 3477 3736 3539 age;

2150 3573 2229 3622 re,
2263 3559 2356 3612 sed
2384 3558 2504 3612 illos
2529 3560 2745 3629 respicit
2775 3556 2867 3632 qui
2892 3562 3185 3618 innumeris
3213 3563 3389 3617 onusti
3414 3561 3575 3624 vitiis,
3613 3564 3735 3617 aliis

2149 3649 2219 3704 ob
2244 3650 2374 3703 levia
2411 3666 2633 3722 qumque
2657 3652 2929 3708 insultant.
2966 3652 3186 3709 Videtur
3204 3664 3379 3709 autem
3405 3654 3491 3709 hic
3517 3653 3735 3709 Judros

2148 3742 2504 3813 Subindicare,
2533 3746 2621 3816 qui
2644 3748 2766 3801 cum
2792 3738 2970 3801 acerbi
3000 3756 3181 3803 essent
3207 3744 3275 3801 de
3299 3746 3459 3802 rebus
3495 3748 3735 3802 minimis

2149 3836 2451 3907 nulliusque
2478 3840 2730 3893 momenti
2760 3838 2988 3909 proximi
3018 3839 3099 3894 sui
3146 3846 3515 3905 accusatores,
3540 3852 3733 3909 magna

2149 3926 2223 3981 illi
2262 3928 2377 3983 sine
2410 3928 2520 3983 ullo
2545 3944 2705 3983 sensu
2733 3929 2953 3983 crimina
2977 3926 3327 3984 admittebant
3357 3947 3371 3983 ς
3404 3929 3545 4000 quod
3566 3933 3733 3985 etiani

2151 4019 2200 4073 in
2227 4020 2329 4075 ﬁne
2356 4021 2681 4091 exprobrans
2708 4022 2813 4076 illis
2842 4021 3053 4077 dicebat
3084 4041 3096 4076 :
3129 4021 3361 4093 Alligatis
3382 4038 3536 4075 onera
3554 4022 3737 4091 gravia

2151 4120 2195 4164 et
2215 4112 2554 4181 importabilia
2581 4126 2599 4166 :
2630 4128 2714 4168 vos
2737 4122 2906 4167 autem
2935 4131 3036 4167 non
3061 4115 3205 4167 vultis
3243 4132 3301 4167 ea
3340 4113 3497 4185 digito
3538 4129 3738 4166 morere

2151 4203 2231 4272 (Μ
2237 4205 2363 4258 attlt.
2387 4205 2476 4259 25.
2504 4205 2562 4277 4)
2586 4223 2600 4271 ;
2644 4216 2717 4271 et,
2740 4205 3016 4260 Decimatis
3043 4208 3296 4260 ment/tam
3322 4216 3366 4260 et
3396 4207 3655 4271 anethum,
3686 4204 3738 4259 et

2150 4297 2481 4365 dereliquistis
2509 4315 2567 4351 ea
2582 4294 2693 4367 and:
2712 4298 2947 4369 graviora
2969 4308 3086 4371 sunt
3111 4298 3254 4368 legis,
3269 4297 3521 4369 judicium
3538 4338 3552 4362 ,
3582 4298 3741 4350 iniu;

2149 4390 2419 4443 ricordiam
2449 4401 2496 4443 et
2524 4389 2677 4458 [idem
2702 4388 2859 4460 (Ibid.
2892 4406 2939 4444 v.
2969 4372 3081 4461 ‘23).
3104 4375 3316 4444 ludatis
3340 4389 3501 4459 igitur
3523 4389 3739 4443 videtur

2150 4479 2202 4535 in
2233 4481 2411 4535 animo
2436 4478 2655 4548 habere,
2675 4481 2785 4553 jam
2814 4490 2939 4537 ante
2982 4481 3104 4536 illos
3131 4480 3429 4550 reprimens
3470 4481 3539 4535 ob
3578 4496 3639 4535 ea
3663 4479 3737 4535 de

2150 4574 2340 4645 quibus
2363 4573 2652 4644 discipulos
2679 4574 2975 4629 accusaturi
3001 4580 3170 4629 erant.
3194 4574 3305 4628 Etsi
3327 4574 3469 4628 enim
3494 4573 3571 4628 illi
3599 4558 3739 4628 nihil

2153 4667 2256 4722 tale
2275 4675 2627 4736 peccaverant
2647 4707 2664 4731 ,
2692 4666 2932 4737 quaedam
2960 4675 3141 4721 tamen
3171 4667 3298 4736 ipsis
3325 4675 3541 4735 peccata
3584 4667 3738 4721 vide-

2153 4761 2345 4816 bantur
2364 4772 2505 4826 esse,
2538 4768 2614 4828 ut,
2640 4760 2915 4816 sabbatum
2940 4776 3043 4816 non
3070 4762 3360 4816 observare
3378 4800 3394 4824 .
3427 4758 3590 4815 iiiotis
3619 4772 3739 4814 ma-

2153 4854 2307 4908 nibus
2356 4852 2696 4919 manducare,
2728 4868 2847 4908 cum
2890 4852 3184 4923 publicanis
3215 4853 3561 4917 reCumb’ere;
3589 4841 3738 4922 quod

2150 4952 2203 4996 et
2232 4943 2354 4996 alibi
2385 4942 2459 4996 ait
2487 4958 2498 4992 :
2535 4942 2840 4997 Excolantes
2870 4940 3105 5006 culicem,
3129 4953 3176 4997 et
3202 4942 3530 5020 deglutienles
3576 4951 3741 4997 cante-

2152 5034 2256 5087 lum
2284 5033 2444 5105 (Ibid.
2476 5052 2523 5089 v.
2553 5035 2671 5106 24).
2697 5035 2957 5092 Caeterum
2983 5050 3323 5091 communem
3360 5035 3430 5090 de
3454 5026 3539 5090 his
3563 5035 3740 5104 legem

2151 5126 2445 5180 constituit.
2475 5124 2771 5182 Corinthiis
2798 5134 2925 5181 vero
2952 5125 3192 5181 scﬂbens
3221 5124 3438 5192 Paulus,
3469 5142 3577 5181 non
3602 5125 3740 5179 siut-

2150 5221 2361 5295 pliciter
2430 5214 2681 5291 prohibet
2751 5215 3038 5287 judicare,
3125 5211 3220 5274 sed
3290 5230 3386 5273 eos
3445 5219 3535 5288 qui
3592 5217 3731 5288 ipsis

2149 5326 2418 5385 praeerant
2464 5311 2705 5380 judicare
2740 5319 2904 5375 vetat,
2952 5322 3008 5364 et
3064 5309 3117 5365 in
3163 5324 3331 5365 causa
3386 5324 3494 5363 non
3557 5320 3734 5362 uiant-

2150 5405 2325 5469 festa,
2388 5417 2485 5458 nec
2556 5400 2873 5471 simpliciter
2953 5411 3098 5456 vetat
3175 5410 3465 5471 peccantes
3538 5408 3731 5455 amen-

2150 5494 2299 5550 dare.
2352 5492 2535 5563 Neque
2580 5500 2710 5547 tunc
2774 5498 2963 5547 omnes
3013 5492 3130 5547 sine
3176 5492 3497 5547 discrimine
3552 5492 3732 5546 inere-

2155 5582 2350 5654 pabat;
2378 5581 2473 5636 sed
2501 5576 2792 5650 discipulos
2830 5581 2917 5650 qui
2949 5580 3228 5648 magistros
3271 5576 3557 5649 arguerent
3584 5591 3739 5631 coer-

2224 5674 2243 5705 ί
2278 5664 2406 5732 Vox,-
2427 5666 2715 5731 tardiorun't,
2738 5670 2881 5720 deest
2904 5670 2951 5718 in
2972 5667 3258 5734 quibusdam
3272 5673 3389 5719 Isi.
