4050 6220
411 258 514 312 309

405 374 578 425 ἀπασι
621 368 742 422 τότε
793 367 1044 439 ἐπετίμα,
1101 367 1234 420 ἀλλά
1270 365 1538 437 μαθηταῖς
1573 365 1701 435 περὶ
1741 364 2075 418 διδασκάλων

401 459 560 510 τοῦτο
610 456 855 510 ποιοῦσιν
917 456 1254 526 ἐπέπληττε,
1297 455 1394 507 καὶ
1439 457 1551 516 τοῖς
1617 452 1827 524 μυρίων
1891 453 2075 507 κακῶν

405 546 728 611 ὑπευθύνοις
793 543 952 609 οὖσι,
1017 546 1143 608 τοὺς
1187 545 1230 576 ⁸⁸
1295 544 1620 607 ἀνευθύνους
1673 542 2072 598 διαϐάλλουσιν.

405 639 583 707 Ὅπερ
630 630 724 688 οὖν
780 635 872 688 καὶ
909 635 939 685 ὁ
996 631 1230 704 Χριστὸς
1268 631 1504 685 ἐνταῦθα
1546 631 1797 702 ᾐνίξατο·
1833 630 1926 684 καὶ
1978 631 2076 701 οὑχ

402 724 588 787 ἁπλῶς
637 722 887 795 ᾐνίξατο,
931 720 1068 774 ἀλλά
1117 720 1212 773 καὶ
1251 721 1418 772 πολὺν
1455 718 1725 788 ἐπέστησε
1756 718 1848 770 τὸν
1875 718 2072 786 φόϐον.

393 811 497 864 καὶ
547 810 646 881 τὴν
697 808 918 862 κόλασιν
968 808 1361 878 ἀπαραίτητον.
1417 806 1521 858 Ἐν
1575 798 1621 872 ᾧ
1675 805 1788 875 γὰρ
1839 805 2073 874 κρᾴιιιτι

396 900 666 968 κρίνετε,
721 899 890 967 φησι,
936 896 1316 964 κριθήσεσθε.
1358 894 1434 947 Οὐ
1493 895 1603 964 γάρ
1647 894 1853 948 ἐκεῖνον
1902 912 2072 948 κατα-

397 985 635 1050 δικάζεις
659 1025 675 1049 ,
719 986 903 1055 φησιν,
955 983 1092 1036 ἀλλὰ
1141 982 1356 1045 σαυτὸν,
1391 983 1486 1036 καὶ
1512 982 1739 1051 φοϐερόν
1783 999 1862 1034 σοι
1901 985 2072 1046 ποιεῖς

399 1072 460 1124 τὸ
508 1072 854 1144 δικαστήριον
883 1112 898 1135 ,
961 1072 1056 1124 καὶ
1105 1069 1351 1141 ἀκριϐεῖς
1397 1069 1497 1132 τὰς
1559 1069 1806 1132 εὐθύνας.
1864 1071 2073 1141 Ὥσπερ

399 1156 492 1213 οὖν
543 1162 601 1213 ἐν
643 1163 709 1230 τῇ
759 1159 870 1212 τῶν
914 1159 1324 1230 ἁμαρτημάτων
1373 1157 1566 1227 ἀφέσει
1622 1159 1751 1228 παρ’
1806 1158 1964 1228 ἡμῶν
2015 1159 2071 1211 αί

399 1249 597 1318 ἀρχαὶ,
641 1246 786 1300 οὕτω
837 1246 930 1299 καὶ
979 1248 1036 1299 ἐν
1089 1246 1260 1316 ταύτῃ
1303 1247 1370 1316 τῇ
1414 1245 1592 1315 κρίσει
1635 1246 1767 1315 παρ’
1813 1244 1970 1316 ήμῶν
2003 1245 2071 1298 τὰ

401 1336 576 1407 μέτρα
629 1335 728 1405 τῆς
800 1334 1097 1404 καταδίκης
1149 1334 1375 1386 τίθεται.
1439 1333 1574 1386 Οὐδὲ
1631 1334 1740 1402 γάρ
1796 1332 2072 1398 ὀνειδίζειν

384 1421 516 1483 δεῖ,
585 1421 705 1474 ούδέ
762 1420 1156 1491 ἐπεμϐαίνειν,
1217 1418 1352 1474 ἀλλά
1401 1419 1707 1472 νουθετεῖν·
1770 1420 1830 1472 ού
1895 1437 2065 1490 κακη-

399 1511 662 1580 γορεῖν⁶¹,
691 1509 826 1564 ἀλλά
879 1510 1264 1581 συμϐουλεύειν
1283 1529 1298 1545 ο
1330 1509 1451 1563 ούδέ
1483 1510 1622 1581 μετά
1651 1510 1910 1575 ἀπονοίας
1946 1511 2068 1564 ἐπι-ι

386 1598 677 1661 τίθεσθαι,
730 1598 867 1652 ἀλλά
909 1600 1047 1670 μετά
1096 1598 1476 1670 φιλοστοργίας
1523 1598 1790 1669 διορθοῦν.
1832 1599 1906 1652 Ub
1957 1598 2065 1671 γάρ

397 1687 621 1758 ἐκεῖςιον,
654 1686 789 1740 ἀλλά
815 1686 1010 1740 σαυτὸν
1036 1688 1236 1758 ἐσχάτῃ
1273 1686 1580 1756 παραδίδως
1608 1686 1654 1719 ⁸³
1681 1688 1921 1758 τιμωρίᾳ
1941 1727 1955 1749 ,
1989 1687 2066 1757 μὴ

395 1773 704 1844 φειδόμενος
732 1774 918 1840 αὐτοῦ,
957 1775 1120 1844 ἡνίκα
1147 1775 1210 1828 ἂν
1238 1774 1404 1846 δεήσῃ
1437 1775 1770 1845 ψηφίζεσθαι
1802 1774 1930 1844 περὶ
1957 1774 2066 1826 τῶν

385 1861 947 1932 ’πεπλημμελημένων
974 1861 1142 1932 αύτῷ.

465 1947 530 2016 β’.
580 1949 740 2019 Ὁρᾷς
774 1949 893 2014 πῶς
923 1943 1085 2004 αὗται
1113 1951 1166 2002 αἱ
1214 1950 1307 2004 δύο
1341 1952 1551 2004 ἐντολαὶ
1598 1952 1692 2004 καὶ
1746 1950 1943 2019 κοῦφαι
1974 1951 2066 2004 καὶ

397 2035 648 2104 μεγάλων
687 2035 858 2090 αἴτιαι
909 2034 1130 2106 ἀγαθῶν
1161 2036 1272 2101 τοῖς
1321 2038 1663 2108 πειθομένοις
1686 2080 1700 2103 ,
1735 2036 1925 2106 ὥσπερ
1973 2034 2066 2092 οὗν

391 2124 706 2177 κχὶκακῶν
740 2127 850 2189 τοῖς
893 2126 966 2197 μὴ
1006 2126 1400 2197 προσέχουσινς
1433 2128 1500 2180 Ὅ
1531 2144 1589 2181 τε
1640 2125 1750 2197 γὰρ
1778 2127 1959 2196 ἀφιεὶς
1985 2128 2066 2199 τῷ

393 2212 636 2283 πλησίον,
673 2214 864 2266 ἑαυτὸν
895 2215 1000 2284 πρὸ
1027 2215 1235 2268 ἐκείνου
1267 2213 1377 2268 τῶν
1404 2215 1765 2285 ἐγκλημάτων
1810 2215 2062 2285 ἀπήλλα-

395 2301 501 2364 ξεν,
527 2301 680 2354 οὐδὲν
705 2302 897 2372 καμών
923 2319 935 2332 ·
970 2303 999 2354 ὅ
1019 2320 1076 2355 τε
1110 2302 1248 2373 μετά
1274 2303 1486 2372 φειδοῦς
1516 2304 1609 2356 καὶ
1639 2301 1967 2373 συγγνώμης
1997 2303 2065 2356 τὰ

390 2387 904 2460 πεπλημμελημένα
935 2390 1141 2460 ἐτέροις
1186 2389 1446 2455 ἐξετάσας
1468 2430 1482 2454 ,
1524 2391 1698 2444 πολὺν
1755 2391 1930 2462 ἐαυτῷ
1961 2391 2062 2461 τῆς

393 2474 724 2547 συγγνώμης
763 2478 854 2530 τὸν
893 2476 1084 2548 ἔρανον
1125 2477 1234 2530 ἀπὸ
1263 2477 1363 2547 τῆς
1392 2478 1574 2548 ψήφου
1602 2478 1963 2547 προαπέθετο.
1997 2479 2063 2532 Τί

385 2557 523 2627 o-3v;
558 2561 624 2617 ἂν
653 2565 922 2636 πορνεύῃ,
964 2565 1118 2635 φησὶ,
1156 2564 1230 2634 μὴ
1261 2565 1398 2617 εἴπω
1429 2566 1510 2618 ὃτι
1550 2565 1720 2618 κακὸν
1749 2567 1783 2637 ἡ
1819 2566 2062 2637 πορνεία,

393 2651 529 2720 μηδέ
555 2650 936 2722 διορθώσωμαι
965 2652 1009 2683 ⁸⁸
1033 2651 1123 2705 τὸν
1150 2651 1569 2720 ἀσελγαίνοντα;
1602 2652 1903 2724 Διόρθωσον
1941 2653 2060 2724 μὲν,

388 2738 524 2792 ἀλλά
563 2739 638 2811 μὴ
677 2739 752 2802 ώς
786 2739 1071 2811 πολέμιος,
1107 2739 1242 2812 μηδὲ
1275 2740 1352 2804 ώς
1385 2741 1575 2813 ἐχθρὸς
1601 2741 1848 2794 ἀπαιτῶν
1877 2742 2060 2812 δίκην,

385 2825 504 2879 ἀλλ’
528 2825 603 2890 ώς
637 2827 819 2897 ἰατρὸς
855 2827 1122 2899 φάρμακα
1143 2828 1590 2893 κατασκευάζων.
1621 2828 1756 2881 Ούδέ
1785 2829 1892 2900 γάρ
1918 2824 2061 2895 είπε,

392 2915 469 2984 μὴ
505 2914 712 2986 παύσῃς
753 2917 1165 2986 ἁμαρτάνοντα,
1203 2916 1370 2981 ἀλλὰ,
1421 2918 1494 2986 μή
1523 2916 1750 2989 κρίνῃς·
1789 2917 2059 2980 τουτέστι,

385 3001 469 3072 μὴ
499 3001 689 3071 πικρὸς
716 3001 866 3070 γίνου
904 3001 1184 3072 δικαστής.
1220 3003 1427 3066 Ἀλλως
1470 3004 1526 3056 δὲ
1563 3003 1684 3056 οὐδέ
1709 3003 1754 3034 ⁸⁸
1788 3005 1916 3074 περὶ
1954 3005 2062 3058 τῶν

391 3087 644 3158 μεγάλων
673 3089 766 3140 καὶ
799 3088 1282 3159 ἀπηγορευμένων,
1316 3090 1449 3158 ὅπερ
1479 3087 1646 3158 ἔφθην
1683 3089 1884 3153 εἰπὼν,
1923 3090 2061 3143 ἀλλά

391 3176 519 3245 περὶ
557 3176 666 3228 τῶν
711 3177 830 3228 ούδέ
870 3176 1170 3229 δοκούντων
1212 3172 1352 3229 εἶναι
1385 3177 1872 3247 πλημμελημάτων
1902 3177 2061 3231 τοῦτο

389 3262 623 3332 εἴρηται.
653 3263 744 3315 Διὸ
770 3264 865 3316 καὶ
895 3263 1076 3330 ἐλεγε-
1121 3264 1181 3317 Τί
1217 3263 1474 3329 ,Βλέπεις
1521 3263 1587 3316 τὸ
1621 3263 1850 3332 κάρφος
1891 3262 1958 3316 τὸ
1992 3264 2062 3316 ἐν

389 3347 470 3413 τῷ
500 3348 785 3418 ὀφθαλμῷ
812 3349 918 3403 τοῦ
956 3349 1228 3419 ἀδελφοῦ
1271 3368 1421 3415 σου;
1456 3351 1568 3404 Καὶ
1608 3350 1911 3422 γάρπολλοὶ
1926 3358 2020 3415 νῦν
2035 3356 2079 3390 ⁸⁸

390 3438 549 3490 τοῦτο
595 3437 837 3489 ποιοῦσι·
899 3437 1004 3490 κᾶν
1061 3439 1210 3490 ἴδωσι
1271 3439 1503 3508 μοναχὸν
1537 3439 1794 3510 περιττὸν
1848 3441 2063 3510 ἱμάτιον

391 3526 610 3594 έχοντα,
635 3525 729 3578 τὸν
757 3525 919 3596 νάμον
957 3524 1107 3596 αύτῴ
1160 3520 1557 3596 ’προϐάλλονται
1598 3526 1689 3579 τὸν
1721 3526 2060 3592 δεσποτικὸν,

391 3613 544 3666 αὐτοὶ
575 3613 744 3684 μυρία
775 3612 1107 3686 ἁρπάζοντες
1132 3615 1227 3666 καὶ
1264 3613 1384 3666 καθ’
1412 3612 1561 3686 [286]
1591 3613 1827 3685 ἑκάστην
1845 3615 2063 3669 πλεονεο

390 3703 647 3766 κτοῦντες
699 3703 798 3773 τὴν
847 3703 1060 3774 ἡμέραν
1092 3721 1107 3734 ·
1141 3705 1246 3756 κᾶν
1271 3703 1420 3757 ίδωσι
1444 3703 1832 3775 δαψιλεστέρας
1857 3705 2061 3775 τροφῆς

391 3795 751 3858 ἀπολαύοντα,
769 3794 956 3866 πικροὶ
972 3795 1211 3864 γίνονται
1228 3795 1520 3864 κατήγοροι
1536 3794 1658 3846 καθ’
1680 3793 1892 3866 ἡμέραν
1910 3794 2061 3847 αὐτοὶ

394 3882 682 3952 μεθύοντες
714 3882 807 3934 καὶ
834 3880 1244 3951 κραιπαλῶντες
1265 3922 1278 3943 ,
1303 3881 1403 3933 οῦκ
1433 3880 1636 3944 εἰδότες
1664 3881 1745 3933 ὅτι
1771 3880 1912 3950 μετά
1949 3880 2059 3932 τῶν

387 3969 605 4023 οἰκείων
654 3969 1068 4039 ἁμαρτημάτων
1121 3969 1303 4037 μεῖζον
1352 3969 1564 4030 ἑαυτοῖς
1633 3965 1883 4019 ἐντεῦθεν
1937 3979 2061 4019 συν-

388 4057 579 4124 άγουσι
600 4057 660 4109 τὸ
689 4056 929 4127 πῦρ,καὶ
963 4057 1141 4126 πάσης
1181 4057 1403 4119 ἑαυτοὺς
1428 4055 1824 4125 ἀποστεροῦσιν
1858 4053 2052 4107 ἀπολο·

387 4143 513 4212 γίας
541 4145 608 4198 ".
636 4145 758 4196 Ὀτι
799 4144 898 4215 μὲν
928 4142 1035 4214 γάρ
1082 4144 1164 4195 δεῖ
1190 4144 1326 4213 μετά
1356 4142 1640 4211 ἀκριϐείας
1667 4141 1939 4207 ἐξετάζειν
1990 4143 2055 4195 τά

389 4232 458 4285 σά
483 4273 500 4296 ,
553 4234 618 4286 σὺ
666 4232 882 4304 πρῶτος
928 4233 1090 4301 νόμον
1120 4232 1351 4301 ἔθηκας,
1381 4231 1522 4283 οὕτω
1551 4233 1663 4294 τοῖς
1703 4230 1796 4283 τοῦ
1828 4230 2055 4301 πλησίον

385 4319 632 4383 δικάσας.
665 4319 756 4388 Μὴ
805 4318 981 4371 τοίνυν
1018 4318 1155 4388 βαρῦ
1201 4318 1385 4386 νόμιζε
1440 4314 1611 4379 εἶναι,
1647 4320 1696 4370 εἰ
1756 4319 1849 4371 καὶ
1894 4319 2054 4382 αὐτὸς

390 4407 602 4478 μέλλεις
629 4405 880 4470 τοιαύτας
915 4407 1136 4474 ὑπέχειν
1175 4404 1424 4466 εὐθύνας.
1471 4406 1796 4472 ’Υποκριτὰ,
1837 4405 2055 4459 ἔκϐαλε

386 4494 621 4562 πρῶτον
656 4494 771 4563 τὴν
814 4493 998 4547 δοκὸν
1023 4492 1091 4544 ἐκ
1127 4491 1232 4545 τοῦ
1268 4491 1576 4560 ὀφθαλμοῦ
1611 4506 1748 4546 σου.
1790 4492 2052 4545 Ἐνταῦθα

387 4583 480 4652 τὴν
521 4582 688 4653 ὀργὴν
737 4579 1071 4645 ἐνδείξασθαι
1118 4579 1363 4648 βούλεται
1403 4579 1499 4648 τήν
1539 4578 1739 4646 πολλὴν
1764 4618 1777 4642 ,
1826 4579 1892 4649 ἢν
1941 4578 2050 4648 ἔχει

386 4671 521 4739 πρὸς
549 4670 676 4733 τοὺς
712 4669 780 4723 τά
817 4667 1043 4723 τοιαῦτα
1090 4665 1395 4730 ποιοῦντας.
1427 4667 1535 4719 Καὶ
1573 4667 1682 4736 γὰρ
1708 4668 1953 4736 ὅπουπερ
1985 4666 2050 4720 ἂν

387 4756 616 4828 βουληθῇ
644 4756 810 4821 δεῖξαι
842 4757 901 4809 τὸ
948 4755 1250 4826 ἁμάρτημα
1285 4753 1425 4823 μέγα
1453 4752 1542 4817 ὃν,
1591 4753 1684 4804 καὶ
1727 4752 1926 4822 πολλὴν
1953 4751 2049 4822 τὴν

383 4843 469 4895 ἐπ’
510 4843 657 4912 αύτῷ
716 4843 931 4895 κόλασιν
971 4844 1062 4895 καὶ
1111 4841 1279 4914 ὀργὴν
1312 4881 1324 4903 ,
1377 4841 1485 4894 ἀπὸ
1545 4837 1755 4909 ῦϐρεως
1799 4839 2046 4908 ἄρχεται.

383 4932 595 5001 ’Ὠσπερ
629 4927 722 4982 οὖν
769 4930 862 4983 καὶ
907 4931 1040 5001 πρὸς
1092 4931 1299 4984 ἐκεῖνον
1345 4929 1433 4982 τὸν
1479 4928 1547 4982 τὰ
1585 4928 1778 4982 ἐκατδν
1819 4928 2046 4998 δηνάρια

380 5017 713 5072 ἀπαιτοῦντα
742 5017 1063 5085 ἀγανακτῶν
1110 5017 1286 5085 ἐλεγε-
1325 5017 1560 5084 Πονηρὲ
1596 5015 1806 5078 δοῦλε,
1842 5014 2047 5070 πᾶσαν

379 5107 494 5172 τὴν
521 5105 775 5174 ὀφειλὴν
812 5105 1054 5169 ἐκείνην
1088 5103 1292 5172 ἀφῆκά
1327 5119 1425 5157 σοι
1451 5121 1464 5134 ·
1496 5103 1638 5157 οὕτω
1669 5104 1761 5156 καὶ
1789 5103 2041 5168 ἐνταῦθα,

388 5191 712 5260 ’1⁵ποκριτὰ.
756 5191 832 5245 Οὐ
856 5191 965 5262 γάρ
1001 5191 1318 5262 κηδεμονίας
1347 5193 1380 5261 ἡ
1409 5192 1630 5262 τοιαύτη
1659 5191 1838 5260 ψῆφος
1863 5234 1876 5254 ,
1911 5191 2045 5246 ἀλλά

379 5279 790 5351 μισανθρωπίας
828 5279 982 5331 ἐστί·
1017 5280 1108 5330 καὶ
1141 5282 1478 5348 προσωπεῖον
1512 5280 1610 5348 μὲν
1637 5277 2043 5349 φιλανθρωπίας

1166 254 1222 307 S.
1264 249 1547 307 JOANNIS
1584 247 2071 304 CIIIKYSOSTOMI
2109 249 2438 308 ARCIIIEP.-
2466 252 3012 312 CONSTANTINOP.

3748 258 3849 314 510

2174 367 2494 422 διδασκάλου
2516 368 2667 434 τάξιν
2689 371 2970 440 ἁρπάζων,
2990 370 3110 424 οὐδὲ
3139 369 3388 441 μαθητὴς
3409 367 3555 435 ἄξιος
3577 368 3654 423 ὢν
3675 367 3821 427 εἶναι
3835 388 3851 405 ο

2175 454 2264 508 διά
2291 454 2450 508 τοῦτο
2477 456 2524 488 ⁸⁸
2547 457 2847 527 ὑποκριτὴν
2875 459 3038 511 αὐτὸν
3067 458 3350 512 ἐκάλεσεν.
3391 458 3448 511 Ὀ
3489 459 3596 530 γὰρ
3645 459 3706 512 ἐν
3745 463 3852 524 τοῖς

2177 541 2380 613 ἐτέρων
2399 541 2573 606 οὕτως
2606 543 2683 596 ὢν
2713 543 2939 614 πικρὸς,
2979 544 3055 606 ώς
3084 545 3179 598 καὶ
3207 545 3276 598 τὰ
3309 545 3484 615 μικρά
3527 545 3657 598 ίδεῖν
3677 585 3693 609 ,
3739 547 3849 610 πιῖις

2175 632 2234 682 ἐν
2260 631 2375 694 τοῖς
2409 631 2523 694 σοῖς
2543 629 2688 684 οὕτω
2712 631 2940 700 γέγονας
2975 631 3219 702 ῥᾴθυμος
3242 670 3257 691 ,
3297 631 3369 696 ὡς
3412 633 3504 686 καὶ
3530 633 3598 686 τὰ
3641 635 3845 704 μεγάλα

2174 717 2548 789 παραδραμεῖν
2585 734 2598 783 ;
2633 719 2893 772 Ἔκϐαλε
2943 716 3179 785 πρῶτον
3233 720 3348 786 τὴν
3395 718 3580 773 δοκὸν
3615 721 3686 774 ἐκ
3749 722 3846 774 τοῦ

2172 805 2484 874 ὀφθαλμοῦ
2511 821 2647 860 σου.
2685 807 2850 876 Ὁρᾷς
2874 847 2890 871 ,
2925 807 3007 859 ὅτι
3035 807 3095 858 οὐ
3119 806 3314 859 κωλύει
3346 807 3405 860 τὸ
3437 807 3647 878 κρίνειν
3667 851 3683 874 ,
3718 809 3849 864 ἀλλὰ

2174 895 2381 949 κελεύει
2412 895 2694 950 ἐκϐάλλειν
2719 897 2764 929 ⁰⁹
2793 893 3008 966 πρῶτον
3029 894 3127 965 τὴν
3155 895 3312 948 δοκὸν
3338 897 3404 948 ἐκ
3428 896 3522 950 τοῦ
3542 897 3849 969 ὀφθαλμοῦ,

2174 983 2265 1036 καὶ
2302 983 2421 1036 τότε
2450 982 2520 1036 τά
2552 982 2660 1036 τῶν
2708 982 2885 1037 ἄλλων
2933 981 3220 1052 διορθοῦν;
3257 984 3370 1038 Καὶ
3417 984 3523 1054 γὰρ
3554 985 3624 1038 τά
3654 986 3849 1039 ἐαυτοῦ

2169 1074 2253 1133 τις
2283 1070 2482 1140 μᾶλλον
2507 1066 2669 1134 οἶδεν,
2709 1071 2744 1141 ἢ
2773 1070 2842 1126 τά
2871 1069 3075 1142 ἐτέρων
3103 1087 3116 1100 ·
3149 1076 3244 1124 καὶ
3277 1071 3346 1124 τά
3385 1072 3607 1140 μείζονα
3651 1072 3852 1143 μᾶλλον

2169 1159 2272 1229 ὁρᾷ
2296 1199 2310 1222 ,
2353 1158 2486 1228 ἥτά
2518 1158 2758 1212 ἐλάττω·
2803 1157 2898 1212 καὶ
2945 1157 3134 1211 ἐαυτὸν
3186 1158 3388 1228 μᾶλλον
3438 1159 3620 1228 φιλεῖ,
3680 1160 3713 1228 ἢ
3763 1160 3850 1212 τὸν

2171 1245 2420 1314 πλησίον.
2461 1245 2622 1298 Ὥστε
2682 1247 2731 1298 εί
2786 1245 3088 1317 κηδόμενος
3144 1249 3318 1310 ποιεῖς
3349 1286 3364 1310 ,
3429 1246 3630 1300 σαυτοῦ
3684 1247 3849 1316 κήδου

2171 1333 2432 1404 πρότερον
2456 1373 2470 1397 ,
2505 1331 2633 1386 ἔνθα
2691 1333 2786 1386 καὶ
2831 1333 3164 1405 σαφέστερον
3194 1336 3287 1388 καὶ
3343 1335 3526 1405 μεῖξον
3561 1334 3624 1388 τὸ
3671 1336 3848 1405 ἀμάρ-

2168 1435 2339 1490 τημα.
2370 1420 2432 1472 Et
2469 1418 2527 1472 δέ
2568 1419 2765 1474 σαυτοῦ
2815 1422 3180 1491 καταφρονεῖς
3204 1460 3220 1484 ,
3251 1419 3477 1490 εὔδηλον
3502 1422 3585 1474 ὅτι
3627 1422 3726 1475 καὶ
3764 1422 3847 1474 τδν

2169 1505 2396 1575 ἀδελφὸν
2429 1507 2475 1537 ⁷⁸
2527 1507 2588 1558 οὐ
2621 1505 2917 1576 κηδόμενος
2967 1507 3210 1577 κρίνεις,
3247 1507 3384 1561 ἀλλά
3418 1507 3594 1577 μισῶν
3635 1509 3737 1561 καὶ
3762 1509 3846 1560 ἐκ·

2169 1595 2486 1667 πομπεῦσαι
2517 1594 2858 1666 βουλόμενος.
2897 1596 2960 1649 Εί
3010 1596 3118 1668 γάρ
3151 1597 3247 1650 καλ⁸
3298 1596 3407 1649 δέοι
3456 1595 3648 1650 τοῦτον
3677 1597 3844 1666 κρίνε-

2171 1683 2315 1748 σθαι,
2349 1683 2500 1754 παρά
2527 1681 2622 1735 τοῦ
2666 1682 2832 1753 μηδὲν
2856 1682 3100 1736 τοιοῦτον
3132 1684 3569 1755 ἁμαρτάνοντος,
3600 1684 3666 1736 ού
3702 1683 3838 1754 παρὰ

2169 1770 2283 1826 σοῦ.
2320 1770 2535 1842 Ἐπειδὴ
2565 1771 2675 1841 γὰρ
2707 1771 2920 1841 μεγάλα
2944 1771 3040 1824 καὶ
3064 1770 3246 1842 ὑψηλά
3275 1770 3592 1840 φιλοσοφίας
3625 1771 3834 1836 ἐνέθηκε

2165 1858 2442 1928 δόγματα,
2472 1858 2560 1911 ῖνα
2593 1859 2666 1928 μή
2703 1875 2787 1920 τις
2835 1857 2965 1930 λέγῃ
2987 1899 3001 1922 ,
3044 1859 3128 1912 ὅτι
3159 1859 3228 1912 τὰ
3261 1857 3486 1912 τοιαῦτα
3535 1857 3834 1927 φιλοσοφεῖν

2166 1946 2343 2015 λόγοις
2371 1945 2590 2000 εῠκολον
2616 1989 2631 2012 ,
2666 1946 2835 2010 δεῖξαι
2876 1947 3199 2018 βουλόμενος
3236 1947 3336 2018 τήν
3366 1946 3690 2018 παρρησίαν
3711 1985 3728 2009 ,
3754 1946 3835 1999 καὶ

2165 2035 2226 2087 τὸ
2257 2034 2446 2104 μηδενὶ
2482 2034 2588 2086 τῶν
2625 2035 2928 2105 είρημένων
2951 2033 3254 2088 ὑπεύθυνον
3279 2030 3421 2088 εἶναι
3447 2075 3462 2098 ,
3491 2034 3634 2088 ἀλλά
3670 2035 3838 2087 πάντα

2167 2121 2575 2192 κατορθωκέναι
2599 2163 2614 2188 ,
2655 2121 2863 2192 ταύτην
2897 2116 3020 2174 εἷπε
3068 2121 3170 2193 τήν
3217 2121 3554 2192 παραϐολήν.
3581 2123 3694 2175 Καὶ
3734 2122 3837 2188 γὰρ

2165 2209 2260 2262 καὶ
2284 2209 2445 2272 αὐτὸς
2473 2210 2663 2280 ἔμελλε
2707 2210 2912 2282 κρίνειν
2938 2209 3075 2280 μετὰ
3104 2208 3295 2274 ταῦτα,
3315 2209 3461 2263 Οὐαί
3489 2208 3842 2278 ﬁniumqu-

2159 2296 2367 2365 ματεῖς
2397 2297 2496 2351 καὶ
2544 2297 2847 2366 Φαρισαῖοι
2881 2297 3213 2366 ὑποκριταί,
3244 2296 3416 2366 λέγων
3442 2313 3456 2326 ·
3507 2296 3626 2350 ἀλλ’
3652 2297 3758 2350 οὐκ
3783 2293 3844 2366 ἦν

2165 2389 2464 2451 ὑπεύθυνος
2489 2390 2601 2452 τοῖς
2640 2388 2950 2459 είρημένοις
2971 2405 2983 2418 ·
3013 2387 3134 2442 οὔτε
3175 2386 3284 2458 γάρ
3317 2386 3530 2459 κάρφος
3566 2385 3844 2453 ἐξέϐαλεν,

2163 2475 2288 2530 οὔτε
2315 2477 2469 2529 δοκὸν
2493 2472 2636 2547 εἶχεν
2663 2478 2754 2530 ἐπὶ
2778 2477 2888 2531 τῶν
2915 2477 3200 2548 ὀμμάτων,
3231 2475 3366 2528 ἀλλά
3394 2477 3614 2530 πάντων
3640 2477 3846 2529 τούτων

2164 2564 2240 2617 ὢν
2273 2563 2544 2634 καθαρὸς,
2575 2563 2718 2618 οὕτω
2749 2564 2816 2617 τὰ
2852 2565 3072 2618 πάντων
3100 2564 3331 2636 διώρθου
3367 2563 3844 2635 πλημμελήματα.

2165 2651 2298 2704 Οὐδὲ
2326 2650 2435 2724 γὰρ
2478 2651 2580 2716 δεῖ,
2616 2651 2771 2722 φησὶ,
2805 2653 3009 2724 κρίνειν
3040 2652 3292 2723 ἐτέρους,
3326 2652 3454 2706 ὅταν
3489 2669 3574 2715 τις
3608 2652 3721 2706 τῶν
3755 2655 3848 2706 αὑ-

2164 2737 2271 2791 τῶν
2305 2737 2605 2802 ὑπεύθυνος
2734 2738 2842 2791 Καὶ
2875 2739 2928 2791 τί
2955 2738 3256 2809 θαυμάζεις
3284 2777 3299 2802 ,
3344 2740 3391 2790 εί
3421 2737 3511 2791 τὸν
3539 2739 3707 2810 νόμον
3733 2739 3849 2792 τοῦ-

2163 2841 2254 2876 τον
2287 2825 2450 2888 αὐτὸς
2502 2823 2698 2896 ἔθηκεν
2718 2865 2734 2891 ,
2763 2825 2896 2879 ὅπου
2927 2841 2990 2893 γε
3019 2825 3113 2878 καὶ
3157 2825 3184 2876 ὁ
3212 2825 3419 2896 λῃστὴς
3448 2825 3615 2878 αὑτὸν
3654 2825 3848 2893 ἐγίνω-

2166 2929 2295 2965 σκεν
2341 2913 2435 2965 ἐπὶ
2463 2913 2558 2966 τοῦ
2593 2912 2826 2986 σταυροῦ
2847 2953 2862 2975 ,
2919 2911 3070 2985 [287]
3103 2911 3181 2982 τῷ
3212 2913 3384 2983 ἐτέρῳ
3414 2912 3585 2984 λῃστῇ
3620 2913 3802 2981 λέγων
3828 2929 3844 2946 ·

2158 2998 2311 3053 Οὐδὲ
2353 2999 2509 3069 φοϐῇ
2563 3000 2643 3055 σὺ
2680 3000 2786 3054 τὸν
2817 3000 2985 3064 Θεὸν,
3031 2999 3121 3054 ὅτι
3158 3001 3228 3054 ἐν
3276 2998 3356 3065 τῷ
3392 3000 3554 3066 αὐτῷ
3609 3004 3847 3072 κρίματι

2163 3088 2350 3158 ἐσμεν
2369 3089 2448 3153 ⁷¹;
2475 3088 2542 3141 τά
2572 3088 2710 3142 αύτά
2738 3088 2816 3158 τῷ
2835 3088 3054 3161 Χριστῷ
3069 3092 3310 3160 νοήματα
3333 3089 3524 3157 λέγων.
3550 3090 3626 3142 Σὺ
3661 3089 3719 3142 δὲ
3752 3090 3844 3160 τήν

2167 3177 2264 3246 μὲν
2301 3176 2498 3230 σαυτοῦ
2549 3178 2702 3230 δοκὸν
2743 3179 2801 3230 οὑ
2841 3177 2999 3249 μόνον
3047 3178 3149 3230 οὐκ
3174 3177 3485 3241 ,ἐκϐάλλεις
3511 3218 3526 3242 ,
3574 3178 3695 3231 ἀλλ’
3727 3179 3846 3231 οὐδὲ

2163 3266 2295 3336 ὁρᾷς
2317 3281 2331 3296 ·
2361 3265 2422 3318 τὸ
2472 3265 2527 3319 δὲ
2561 3266 2748 3337 ἐτέρου
2799 3265 3011 3336 κάρφος
3041 3266 3102 3318 ού
3161 3251 3318 3336 μόνον
3355 3268 3488 3338 ὁρᾷς
3511 3307 3526 3331 ,
3567 3267 3708 3320 ἀλλά
3759 3271 3848 3320 καὶ

2167 3352 2403 3423 κρίνεις,
2433 3353 2526 3408 καὶ
2551 3352 2835 3406 ἐκϐάλλειν
2871 3355 3169 3422 ἐπιχειρεῖς
3189 3369 3202 3382 ·
3235 3352 3424 3424 ὥσπερ
3453 3353 3508 3407 εί
3537 3371 3625 3417 τις
3670 3355 3850 3425 ὑδέρῳ

2165 3439 2521 3510 συνεχόμενος
2583 3439 2803 3510 χαλεπῷ
2831 3479 2846 3503 ,
2904 3441 2936 3511 ἢ
2989 3442 3081 3494 καὶ
3108 3443 3154 3472 ⁷⁸
3201 3442 3373 3512 ἑτέρῳ
3421 3441 3530 3494 τινὶ
3569 3443 3846 3512 νοσήματι

2163 3525 2368 3596 ἀνιάτῳ
2387 3565 2400 3590 ,
2433 3525 2623 3579 τούτου
2667 3527 2764 3596 μέν
2791 3528 3018 3598 ἀμελοίη
3047 3569 3062 3590 ,
3101 3529 3357 3599 ἐγκαλοίη
3383 3529 3440 3581 δέ
3473 3528 3649 3599 ἑτέρῳ
3672 3529 3725 3560 ⁷³
3753 3547 3849 3598 φυ-

2165 3613 2404 3683 σήματος
2431 3613 2722 3683 ἀμελοῦντι
2754 3614 2972 3686 μικροῦ.
3008 3608 3163 3670 Είδέ
3195 3617 3363 3670 κακὸν
3405 3616 3466 3668 τὸ
3508 3617 3584 3689 μὴ
3613 3617 3755 3688 δρᾷν
3779 3616 3849 3669 τά

2163 3700 2358 3753 ἐαυτοῦ
2398 3702 2772 3772 ἁμαρτήματα
2796 3745 2811 3768 ,
2859 3703 3079 3756 διπλοῦν
3133 3705 3227 3757 καὶ
3268 3704 3531 3775 τριπλοῦν
3573 3706 3752 3760 κακὸν
3788 3706 3849 3759 τὸ

2163 3789 2499 3860 καὶέτέροις
2546 3792 2593 3822 ’⁸
2648 3791 2923 3856 δικάζειν,
2976 3792 3174 3855 αὐτοὺς
3221 3793 3544 3864 ἀναλγήτως
3589 3795 3686 3846 ἐπὶ
3736 3795 3848 3848 τῶν

2161 3876 2456 3947 ὀφθαλμῶν
2493 3879 2890 3950 περιφέροντας
2918 3881 3015 3944 τὰς
3045 3879 3253 3944 δοκούς.
3283 3881 3392 3935 Καὶ
3421 3882 3530 3951 γὰρ
3564 3881 3734 3936 δοκοῦ
3762 3883 3846 3952 βαι

2165 3961 2388 4033 ρύτερον
2417 3965 2682 4036 ἁμαρτία.

2233 4060 2302 4120 γ’.
2345 4051 2411 4108 "O
2435 4054 2613 4107 τοίνυν
2641 4054 2892 4107 ἐκέλευσε
2918 4055 3008 4108 διὰ
3034 4055 3143 4109 τῶν
3170 4056 3494 4128 εἰρημένων,
3516 4058 3680 4113 τοῦτό
3702 4064 3845 4126 ἐστι,

2159 4141 2252 4195 τὸν
2277 4141 2572 4195 ὑπεύθυνον
2591 4143 2719 4195 ὅντα
2743 4143 2955 4214 μυρίοις
2981 4147 3169 4208 κακοῖς
3193 4145 3266 4216 μὴ
3294 4147 3491 4218 πικρὸν
3513 4143 3651 4201 εἶναι
3686 4152 3849 4206 δικασ-

2159 4229 2289 4298 στὴν
2342 4229 2451 4283 τῶν
2485 4231 2692 4301 ἑτέροις
2747 4231 3271 4303 πλημμελουμένων,
3313 4235 3408 4287 καὶ
3439 4235 3682 4305 μάλιστα
3712 4241 3848 4293 ὅταν

2159 4315 2332 4386 μικρὰ
2357 4312 2614 4392 ταῦτα·
2639 4318 2700 4370 ού
2723 4319 2784 4371 τὸ
2809 4318 3078 4389 ἐλέγχειν,
3107 4320 3228 4373 οὐδὲ
3251 4319 3313 4373 τὺ
3337 4321 3584 4392 διορθοῦν
3603 4325 3849 4398 ἀνατρέ-

2156 4419 2292 4467 πων,
2315 4403 2450 4459 ἀλλά
2479 4405 2539 4457 τὸ
2567 4404 2676 4458 τῶν
2708 4406 2922 4459 οἰκείων
2971 4407 3194 4477 ἀμελεῖν
3218 4407 3465 4471 κωλύων,
3519 4411 3611 4464 καὶ
3637 4413 3704 4465 τὸ
3727 4419 3847 4477 τοῖς

2153 4489 2453 4561 ἀλλοτρίοις
2483 4491 2818 4546 ἐνάλλεσθαι.
2854 4494 2967 4547 ’Καὶ
3005 4494 3113 4565 γὰρ
3140 4496 3218 4558 είς
3251 4495 3496 4568 μεγάλην
3534 4500 3849 4556 ἐπιδιδόναι

2153 4578 2350 4630 κακίαν
2369 4578 2543 4631 ἐποίει
2579 4577 2758 4642 τοῦτο,
2787 4579 2980 4650 διπλῆν
3011 4583 3276 4653 πονηρίαν
3302 4583 3519 4652 είσάγον
3542 4586 3609 4639 ⁷⁸.
3645 4587 3711 4640 '0
3730 4591 3847 4661 γάρ

2153 4665 2459 4736 μελετήσας
2488 4666 2713 4736 ἀμελεῖν
2743 4668 2840 4737 μέν
2864 4667 2973 4722 τῶν
3001 4669 3194 4724 ἐαυτοῦ
3222 4671 3473 4740 μεγάλων
3501 4673 3697 4736 ὄντων,
3719 4677 3845 4743 ἐξε-

2150 4752 2334 4817 τάζειν
2355 4753 2413 4806 δέ
2459 4752 2525 4807 τὰ
2556 4753 2759 4824 ἐτέρων
2780 4755 2994 4826 πικρῶς
3019 4759 3190 4830 μικρὰ
3225 4758 3353 4812 ὄντα
3377 4761 3472 4814 καὶ
3507 4761 3734 4833 εὐτελῆ,
3761 4765 3846 4817 δι-

2151 4841 2256 4911 πλῇ
2290 4840 2652 4911 διεφθείρετο·
2680 4842 2758 4912 τῷ
2781 4859 2840 4895 τε
2863 4843 2973 4898 τῶν
2994 4846 3212 4900 οἰκείων
3240 4853 3620 4920 καταφρονεῖν,
3659 4853 3743 4922 τῷ
3776 4869 3840 4905 τε

2149 4927 2348 4998 ἔχθρας
2387 4928 2481 4983 καὶ
2503 4929 2799 5000 ἀπεχθείας
2826 4931 2964 5002 πρὸς
2997 4933 3242 4998 ἅπαντας
3289 4935 3644 5007 ἀναδέχεσθαι
3669 4979 3686 4999 .
3740 4943 3841 4992 καὶ

2148 5017 2227 5077 είς
2259 5014 2493 5085 ἐσχάτην
2525 5015 2787 5087 ὠμότητα
2833 5018 2930 5071 καὶ
2973 5019 3036 5073 τὸ
3061 5021 3387 5092 ἀσυμωθές
3414 5023 3538 5076 καθ’
3583 5025 3838 5097 ἑκάστην

2146 5100 2460 5169 ἀλείφεσθαι
2484 5103 2583 5172 τήν
2611 5103 2845 5174 ἡμέραν.
2879 5105 3046 5160 Ταῦτ’
3090 5103 3184 5162 οὖν
3214 5108 3431 5164 ᾶπαντα
3479 5111 3692 5165 ἀνελὼν
3741 5115 3838 5167 διὰ

2147 5190 2244 5258 τῆς
2277 5189 2449 5260 καλῆς
2478 5189 2680 5260 ταύτης
2723 5191 3042 5264 νομοθεσίας
3071 5235 3086 5258 ,
3127 5197 3374 5268 ἐπήγαγε
3418 5197 3582 5252 πάλιν
3631 5200 3835 5270 ἕτερον

2146 5277 2532 5348 παράγγελμα,
2588 5279 2760 5347 λέγων
2785 5299 2798 5311 ·
2835 5280 2935 5350 Μὴ
2992 5281 3144 5338 δῶτε
3177 5286 3248 5338 τὰ
3293 5285 3431 5354 ἅγια
3471 5285 3597 5352 τοῖς
3637 5290 3792 5341 κυσὶ
3819 5331 3835 5352 ,

376 5363 758 5435 προϐάλλεται,
795 5363 955 5434 ἔργον
981 5363 1038 5416 δέ
1073 5362 1306 5432 ἐσχάτης
1329 5364 1590 5430 πονηρίας
1623 5363 1837 5433 πληροῖ,
1864 5363 2039 5432 ὀνείδη
2139 5365 2295 5433 μηδὲ
2303 5362 2522 5432 ﬂights
2545 5367 2684 5433 τοὺς
2701 5370 3068 5440 μαργαρίτας
3090 5371 3137 5403 ’⁸
3157 5374 3498 5441 ἔμπροσθεν
3532 5372 3655 5426 τῶν
3694 5377 3835 5444 χοί-

374 5452 598 5524 περιττὰ
616 5452 710 5508 καὶ
730 5451 1052 5523 ἐγκλήματα
1067 5449 1523 5522 προστριϐόμενος
1546 5455 1656 5514 τοῖς
1680 5451 1928 5520 πλησίον,
1946 5453 2040 5504 καὶ
2138 5470 2282 5521 ρων.
2313 5453 2573 5521 Καίτοιγε
2605 5454 2829 5524 προῖὼν,
2867 5457 3030 5528 φησὶν
3063 5459 3131 5525 ιν,
3167 5461 3452 5513 ἐκέλευσεν
3479 5477 3492 5489 ·
3535 5462 3605 5513 Ὃ
3639 5464 3835 5528 ἡκού-

446 5583 1032 5660 ⁸³ςτοζιςζμκαιτοὺςίτᾼη
1093 5583 1137 5660 εξ
1164 5584 1484 5660 κατηγορεῖν
1502 5583 1646 5660 B_.‘I_).
1672 5582 1799 5660 F.‘p_

372 5652 419 5725 ff
445 5655 590 5725 ούδεὶ
619 5652 681 5710 όύ
710 5655 1044 5725 Δ.ι¹ιι›.-υῦδέ
1070 5654 1180 5725 γάρ

1809 5625 1818 5693 7
1843 5599 1910 5706 $1
1922 5583 2061 5706 °°-5‘i

2174 5583 2229 5636 F.
2307 5585 2352 5616 "
2373 5584 2712 5654 παραδώσεις
2738 5587 2871 5642 Edd.
2950 5589 2995 5621 “
3021 5590 3110 5646 Sic
3147 5589 3210 5644 Ε.
3238 5591 3396 5662 vulgo
3428 5592 3829 5664 διορθώσομαι.

2191 5654 2302 5706 γὰο
2332 5654 2426 5706 καὶ
2452 5656 2634 5706 πολλοὶ
2657 5657 2748 5706 νῦν
2770 5658 2834 5706 C-
2869 5659 2930 5706 Ι).
2958 5659 3014 5706 Ε-
3046 5663 3152 5706 Καὶ
3174 5663 3282 5706 γὰο
3307 5663 3399 5706 καὶ
3423 5663 3518 5706 νῦν
3543 5664 3727 5706 muria
3769 5669 3801 5706 Α

1213 5654 1343 5724 περὶ.
1372 5652 1502 5724 (ou).
1532 5652 1810 5724 άλλωςδέ)
1847 5652 1910 5706 F.
1988 5652 2033 5684 “
2051 5653 2158 5724 Καὶ

2232 5654 2302 5732 όιρ
2319 5654 2440 5732 καὶ
2452 5656 2634 5732 πολλοί
2645 5657 2748 5732 Δνῦν
3045 5663 3152 5715 Καὶ
3172 5663 3282 5732 γὰρ
3307 5654 3399 5714 καὶ
3423 5654 3524 5716 νῦν
3543 5654 3734 5732 πολλᾷ
3760 5669 3830 5719 Α.

374 5722 417 5751 ⁸⁷
447 5723 543 5789 τῆς
562 5720 856 5792 ἀπολογίας
879 5723 1014 5780 Edd.
1085 5720 1255 5778 “kal
1274 5720 1362 5775 διὰ
1385 5720 1544 5775 τοῦτο
1564 5722 1624 5776 C.
1657 5723 1738 5776 διὸ
1781 5720 1875 5776 καὶ
1915 5724 1976 5777 Ε.
2051 5723 2061 5753 ⁴

373 5791 419 5822 τι
445 5792 532 5822 νηῒ
558 5808 642 5822 nm
696 5795 734 5822 Ii‘
789 5797 888 5822 ...με
933 5811 1018 5822 Α...
1075 5795 1099 5822 Α
1154 5794 1195 5822 Π
1257 5794 1303 5822 τί
1331 5793 1500 5822 1-11.“
1531 5807 1617 5822 Arn
1672 5795 1698 5822 Δ
1761 5791 1800 5822 n
1846 5793 1884 5822 [4‘
1979 5793 2061 5822 τι,

2174 5720 3014 5822 ξξιδειξιξο.-τῖεδειφδνιεαει
3045 5720 3340 5822 σοιεειξίκ
3382 5731 3828 5822 www.319-

445 5792 538 5843 καὶ
557 5808 665 5872 oin.
681 5791 758 5872 ni);
789 5797 893 5872 ’τινὶἔ
931 5811 1040 5872 o_t_n.
1065 5794 1215 5872 A._F.
1241 5794 1303 5872 _"'
1329 5793 1501 5862 ἑτέρῳ
1531 5807 1640 5872 οηι.
1845 5793 1905 5872 ιθ..
1959 5793 2026 5872 -τδ
2056 5815 2061 5868 ι

2174 5811 2278 5872 μους
2305 5793 2443 5848 Edd.
2471 5791 3094 5872 ἐτέρουςκατᾶδικάζειν
3120 5802 3180 5872 Ε.
3220 5803 3267 5834 ’⁸
3294 5791 3534 5872 εἰσάγων
3559 5791 3714 5858 (ΣΪΙ).
3759 5806 3826 5858 F.

375 5868 430 5913 et
461 5877 548 5929 pr.
585 5862 644 5916 Β.
676 5862 922 5919 Correxit
955 5865 1177 5921 Montef.
1241 5865 1288 5898 ⁷⁸
1315 5861 1684 5936 μαργαρίτας]
1714 5863 1838 5917 add.
1871 5863 2023 5933 ὑμῶν
2058 5863 2061 5868 ⁴

2174 5870 2199 5918 ι.
2233 5862 2436 5935 Mosqq.
2513 5861 2750 5936 π’φησὶν
2775 5883 2884 5925 om.
2907 5870 2972 5927 Α.
2993 5861 3202 5946 προῖὼν
3233 5861 3511 5941 ἐκέλευσε,
3537 5875 3713 5944 λέγων
3752 5874 3815 5931 ε,
