4050 6220
298 312 400 368 309

300 423 456 480 cebat
478 463 495 490 ,
535 433 635 476 nec
661 432 767 472 non
794 429 888 472 eos
911 413 1000 484 qui
1048 411 1443 467 innumerorum
1470 408 1547 464 rei
1579 406 1838 468 malorum
1863 445 1880 462 ,

304 513 554 570 innoxios
586 507 1001 566 criminabantur
1031 522 1044 558 :
1080 502 1132 557 id
1171 501 1312 572 quod
1339 500 1501 554 etiam
1530 498 1616 551 hic
1641 496 1884 559 Chrisms

303 604 690 668 snbindicavit,
725 614 822 660 nec
869 595 1029 652 modo
1056 593 1431 659 subindicavit,
1461 590 1556 648 sed
1583 598 1638 654 et
1663 589 1882 650 multant

301 697 531 753 incussit
568 697 834 757 timorem,
862 689 1156 758 indixitque
1185 683 1504 756 supplicium
1557 679 1882 737 inevitabile.

307 789 362 842 ‘2.
393 788 460 842 In
485 803 580 858 quo
605 785 736 839 enim
758 781 977 854 judicio,
1006 779 1207 849 inquit,
1232 774 1602 848 judicaveritis,
1624 771 1887 843 judicabi-

312 893 394 935 tur
416 882 476 934 de
499 878 653 934 vobis.
700 875 816 934 Non
843 874 984 928 enim
1017 871 1168 926 illum
1208 867 1553 932 condemnas,
1579 865 1764 934 inquit,
1791 861 1887 926 sed

312 973 554 1041 teipsum,
585 978 638 1023 et
671 963 1062 1022 formidandum
1085 961 1179 1016 tibi
1209 956 1637 1030 parastribuual,
1669 967 1886 1014 accura-

310 1063 602 1130 tioremque
673 1055 1000 1112 reddendam
1076 1052 1360 1107 rationem.
1429 1043 1886 1115 Quemadmodum

306 1152 445 1207 enim
497 1152 551 1205 in
602 1147 925 1204 remissione
973 1151 1337 1215 peccatorum,
1367 1137 1632 1211 principia
1677 1151 1706 1188 a
1735 1134 1889 1204 nobis

305 1252 580 1312 petuntur,
612 1241 690 1296 sic
709 1240 834 1294 etin
862 1235 964 1292 hoc
989 1234 1209 1305 judicio,
1240 1229 1597 1286 damnationis
1625 1239 1889 1281 mensurae

307 1347 579 1408 ponuntur
607 1333 838 1408 anubis.
889 1330 1004 1385 Non
1051 1327 1192 1383 enim
1219 1323 1543 1395 exprobrare
1570 1327 1781 1391 oportet
1808 1316 1890 1374 vel

306 1429 586 1492 insultare,
611 1425 703 1480 sed
725 1424 1016 1479 admonere
1041 1437 1054 1473 :
1084 1434 1190 1475 non
1220 1415 1558 1489 maledicere,
1586 1412 1679 1468 sed
1707 1409 1889 1466 consi-

308 1522 436 1576 iium
484 1520 613 1575 dare
642 1537 654 1572 :
685 1533 785 1574 nec
821 1521 1136 1586 arroganter
1155 1512 1432 1582 insurgere
1456 1549 1472 1573 ,
1504 1504 1598 1561 sed
1618 1519 1742 1560 cum
1760 1502 1896 1557 dile-

308 1615 490 1668 ctione
541 1612 831 1680 corrigere.
876 1607 993 1662 Non
1040 1605 1183 1660 enim
1231 1602 1403 1664 illum,
1449 1599 1544 1654 sed
1577 1607 1627 1652 te
1652 1606 1893 1652 extremo

309 1705 487 1760 trades
515 1701 796 1771 supplicio,
825 1699 950 1754 dum
980 1713 1084 1750 non
1109 1693 1282 1764 parcis
1307 1691 1383 1748 illi
1403 1687 1619 1760 quando
1647 1685 1886 1757 oportuit

308 1796 376 1852 de
400 1795 542 1848 illius
567 1793 774 1848 delictis
799 1791 936 1844 ferre
957 1787 1294 1842 sententiam.

377 1888 434 1942 9..
463 1886 648 1942 Viden'
667 1881 930 1954 quomodo
961 1880 1075 1933 hare
1102 1877 1207 1931 duo
1230 1881 1492 1945 praecepta
1513 1880 1569 1926 et
1599 1868 1734 1924 levia
1762 1868 1887 1932 sint,

310 1992 364 2037 et
395 1994 704 2052 magnorum
750 1971 1166 2044 obsequentibus
1194 1982 1369 2024 causae
1418 1967 1698 2027 honorum,
1751 1971 1808 2016 ut
1839 1967 1894 2014 et

315 2073 575 2128 malorum
619 2083 724 2124 non
769 2061 1215 2121 attendeutibus?
1253 2059 1385 2114 Nam
1425 2067 1481 2112 et
1521 2057 1609 2126 qui
1649 2053 1894 2125 proximo

313 2163 550 2228 dimittit,
577 2177 637 2217 se
667 2159 834 2229 magis
872 2171 1030 2227 quam
1060 2155 1208 2209 illum
1237 2152 1354 2206 sine
1377 2151 1488 2204 ullo
1513 2147 1694 2201 labore
1734 2144 1894 2200 reati—

313 2256 412 2310 bus
439 2254 628 2309 liberat
653 2267 667 2316 ;
701 2260 754 2305 et
783 2249 872 2320 qui
902 2247 1237 2316 indulgenter
1266 2249 1482 2312 peccata
1509 2240 1735 2294 aliorum
1767 2251 1896 2291 exa-

311 2351 481 2403 minat
511 2388 525 2411 ,
573 2359 820 2412 magnum
873 2341 972 2396 sibi
1021 2340 1196 2395 venia:
1249 2337 1464 2393 fmuus‘
1497 2351 1560 2388 ex
1608 2332 1697 2388 tali
1733 2331 1896 2384 allato

311 2440 522 2496 calculo
551 2447 720 2507 parat.
753 2433 886 2502 Quid
921 2433 1098 2503 igitur,
1130 2431 1360 2500 inquies,
1388 2431 1434 2483 si
1463 2425 1750 2481 fornicatus
1779 2424 1894 2476 fue-

311 2536 380 2589 rit
405 2533 428 2586 ?
455 2547 559 2586 non
582 2530 754 2585 dicam
782 2526 972 2581 malam
995 2539 1108 2580 rem
1130 2537 1250 2578 esse
1277 2521 1696 2581 fornicationem,
1725 2528 1898 2585 neque

311 2624 598 2694 corripiam
645 2617 1059 2676 lascivientem?
1096 2616 1320 2686 Corripe
1366 2612 1602 2684 quidem,
1650 2609 1742 2665 sed
1791 2623 1895 2661 non

313 2729 371 2771 ut
417 2714 588 2770 hostis
629 2711 712 2766 vel
752 2709 1001 2765 inimicus
1049 2708 1308 2762 ultionem
1353 2717 1669 2773 exposcens,
1717 2699 1812 2755 sed
1843 2709 1900 2752 ιιι

314 2808 555 2862 medicus
590 2801 828 2860 remedia
873 2812 1158 2870 apparans.
1206 2795 1391 2864 Neque
1436 2794 1576 2848 enim
1625 2791 1777 2856 dixit,
1822 2787 1900 2843 Ne

313 2899 570 2955 cohibcas
617 2901 952 2965 peccantem,
1002 2889 1120 2954 sed,
1171 2887 1247 2942 Ne
1289 2886 1498 2956 judices
1530 2901 1545 2940 :
1575 2884 1624 2938 id
1665 2891 1766 2947 est,
1823 2880 1900 2938 Ne

317 2992 544 3046 acerbus
564 2989 637 3043 sis
660 2985 846 3056 judex.
874 2983 1124 3052 Alioquin
1155 2991 1329 3035 autem
1355 2995 1458 3034 non
1491 2978 1557 3032 dc
1583 2975 1785 3047 magnis
1811 2989 1899 3030 re-

319 3084 420 3138 bus
442 3091 534 3136 aut
557 3079 861 3151 prohibitis,
893 3086 949 3131 ut
968 3075 1099 3140 dixi,
1129 3073 1222 3128 sed
1246 3073 1313 3126 de
1343 3072 1406 3126 iis
1434 3086 1552 3140 quae
1583 3085 1686 3122 non
1720 3067 1903 3122 viden-

321 3187 409 3228 tur
430 3189 550 3229 esse
569 3172 816 3236 crimina,
848 3168 951 3224 hoc
976 3166 1178 3221 dictum
1209 3164 1326 3218 fuit.
1360 3161 1714 3230 Quamobrem
1752 3160 1902 3212 dice-

321 3268 410 3321 bat
439 3283 454 3321 :
482 3265 534 3320 5.
560 3263 697 3331 Quid
710 3263 848 3316 vides
864 3265 1106 3330 festucam
1122 3258 1174 3312 in
1191 3257 1335 3311 oculo
1356 3256 1529 3325 fratris
1559 3255 1631 3307 tui
1652 3255 1677 3306 ?
1697 3253 1901 3306 Etenim

321 3357 476 3412 multi
525 3369 669 3410 nunc
710 3353 764 3408 id
808 3351 1043 3417 faciunt,
1095 3349 1184 3419 qui
1230 3348 1276 3402 si
1313 3347 1541 3401 viderint
1585 3344 1904 3400 monachutn

320 3446 594 3516 superﬂuo
648 3444 841 3499 vestitu
900 3441 1140 3496 indutum
1173 3479 1188 3504 ,
1236 3439 1407 3508 legem
1465 3437 1539 3492 illi
1587 3435 1905 3490 dominicam

320 3539 616 3607 objiciunt,
645 3537 769 3590 licet
795 3533 892 3603 ipsi
919 3531 1079 3587 millia
1108 3531 1407 3598 abripiant,
1458 3544 1521 3583 ac
1561 3526 1800 3594 quotidie
1827 3526 1910 3581 di-

321 3633 480 3685 vitias
521 3627 903 3684 accumnlent:
944 3633 999 3680 et
1041 3624 1086 3678 si
1127 3621 1353 3678 viderint
1379 3621 1608 3690 largiore
1649 3619 1726 3674 uti
1752 3619 1904 3685 cibo,

320 3721 504 3777 acerbi
532 3721 730 3774 instant
756 3725 1114 3780 accusatores,
1147 3714 1273 3769 licet
1291 3713 1526 3783 quotidie
1553 3712 1649 3781 ipsi
1676 3710 1909 3779 crapula:

321 3824 376 3867 et
403 3809 648 3866 ebrietati
677 3808 804 3862 dent
823 3821 1060 3876 operam,
1090 3805 1396 3876 ignorantes
1429 3819 1487 3859 se
1521 3804 1751 3873 propriis
1772 3819 1908 3857 onu-

323 3915 438 3957 stos
455 3900 718 3971 peccatis,
757 3898 1012 3967 majorem
1053 3895 1176 3950 hinc
1200 3895 1298 3950 sibi
1321 3895 1495 3965 ignem
1530 3894 1780 3964 colligere
1804 3935 1818 3956 ,
1847 3909 1911 3948 ac

324 4011 448 4051 sese
476 3994 620 4049 omni
655 3992 997 4048 excusatione
1023 3991 1252 4060 privare.
1284 3989 1432 4055 Quod
1474 3989 1613 4042 enim
1642 3999 1727 4042 tua
1758 4002 1914 4040 aecu—

327 4101 444 4145 rate
471 4089 579 4144 sint
617 4085 999 4149 examinanda,
1033 4093 1087 4138 tu
1115 4083 1261 4153 prius
1292 4081 1428 4136 hanc
1454 4081 1623 4150 legem
1654 4079 1909 4149 posuisti,

323 4197 448 4236 cum
478 4180 549 4235 ita
567 4178 633 4234 de
653 4177 896 4248 proximo
917 4184 1008 4230 tuo
1022 4173 1287 4244 judicasti.
1311 4171 1387 4226 Ne
1413 4172 1588 4240 itaque
1609 4169 1733 4224 illud
1753 4185 1914 4239 grave

327 4287 456 4328 esse
497 4271 772 4326 existimes
796 4310 810 4334 ,
852 4269 898 4323 si
945 4267 1081 4321 tales
1110 4276 1165 4320 et
1207 4263 1322 4334 ipse
1361 4277 1546 4333 poenas
1572 4262 1790 4318 daturus
1817 4262 1910 4318 sis.

329 4366 386 4420 5.
427 4363 744 4434 Hypocrita,
792 4361 917 4432 ejice
965 4359 1126 4429 primo
1157 4357 1346 4410 trabem
1374 4371 1439 4408 ea:
1483 4355 1629 4408 oculo
1660 4362 1764 4408 tuo.
1820 4354 1914 4408 llic

332 4460 468 4513 iram
508 4457 623 4511 vult
666 4455 919 4510 exhibere
959 4453 1273 4524 plurimam,
1321 4465 1478 4520 quam
1516 4449 1750 4517 concipit
1786 4465 1912 4519 erga

331 4550 450 4604 illos
490 4549 579 4618 qui
631 4546 719 4601 tali
765 4561 825 4600 se
862 4553 1053 4614 gerunt
1094 4541 1273 4596 modo.
1305 4541 1436 4595 Nam
1480 4543 1916 4610 quotiescumque

331 4642 444 4695 vult
481 4637 766 4693 ostendere
803 4650 1049 4706 magnum
1095 4649 1214 4690 esse
1248 4641 1518 4701 peccatum
1541 4673 1556 4697 ,
1592 4631 1912 4698 multamque

332 4745 546 4799 pinnam
573 4739 629 4784 et
656 4728 911 4782 ultionem
942 4726 1039 4795 ipsi
1071 4733 1327 4795 paratam,
1359 4739 1388 4777 a
1418 4722 1660 4778 convicio
1684 4722 1912 4776 orditur.

333 4819 797 4890 Quemadmodum
834 4826 890 4872 et
913 4825 1098 4870 contra
1126 4815 1274 4868 illum
1300 4814 1387 4882 qui
1421 4824 1636 4868 centum
1668 4812 1918 4866 denarios

331 4913 612 4981 exigebat,
649 4912 936 4978 indignans
979 4906 1187 4960 dicebat
1236 4923 1248 4956 :
1295 4903 1448 4957 Serve
1494 4920 1724 4972 nequam,
1774 4921 1920 4958 omne

335 5003 556 5056 debitum
577 5002 710 5055 illud
749 4999 919 5053 dimisi
959 4998 1048 5052 tibi
1078 4995 1296 5065 (Matth.
1333 4996 1417 5049 18.
1444 4995 1514 5049 52
1541 4996 1556 5062 )
1587 5014 1600 5049 :
1633 4997 1710 5050 sic
1737 5005 1790 5051 et
1819 4997 1916 5052 hoc

339 5098 457 5150 loco
506 5095 662 5160 dicit,
713 5092 1014 5163 Ilypacrita.
1062 5089 1176 5144 Non
1219 5089 1361 5144 enim
1406 5103 1585 5143 curam
1623 5091 1758 5158 atqui
1806 5089 1920 5145 hinc

335 5188 602 5242 sententia
650 5187 898 5250 exhibet,
947 5182 1044 5239 sed
1091 5181 1570 5244 inhumanitatem;
1621 5192 1676 5238 et
1717 5183 1916 5238 larvam

335 5278 553 5347 quidem
583 5276 931 5333 humanitatis
956 5289 1068 5340 prie
1097 5289 1156 5329 se
1178 5272 1299 5339 fert,
1332 5289 1626 5327 exactuam
1661 5290 1788 5329 vero
1827 5291 1921 5330 ne-

334 5371 562 5438 qu;tiam
600 5377 851 5428 exercet,
897 5367 1022 5421 dum
1053 5364 1318 5434 superflua
1367 5363 1611 5434 proximo
1635 5367 1919 5437 opprobria

330 5468 500 5529 atque
538 5459 760 5515 crimina
805 5457 1030 5528 afﬁngit,
1077 5464 1132 5513 et
1179 5455 1355 5510 locum
1401 5455 1634 5524 magistri
1680 5456 1917 5525 invadit,

331 5555 427 5622 qui
492 5567 597 5608 non
642 5553 832 5622 dignus
891 5561 972 5606 est
1017 5565 1137 5606 esse
1185 5549 1474 5617 discipulus
1515 5566 1530 5601 :
1571 5550 1918 5618 quamobrem

333 5645 671 5716 hypocritam
705 5645 853 5700 illutn
875 5643 1100 5697 vocavit.
1131 5641 1260 5696 Natu
1281 5640 1370 5711 qui
1401 5641 1451 5694 in
1473 5639 1660 5696 alienis
1682 5640 1752 5695 ita
1781 5658 1921 5698 acer-

409 5759 422 5787 '
460 5756 570 5814 Alii,
592 5769 810 5816 "mgnum
835 5752 925 5804 sibi
942 5754 1087 5804 rettia'
1110 5751 1422 5815 largitionem.

1253 294 1321 351 IN
1357 289 1758 350 MATTILEUM
1801 285 2029 345 IIOMIL.
2072 285 2238 342 XXIII
2287 287 2358 340 al.
2402 286 2588 341 XXIV.

3463 290 3578 347 510

1995 402 2094 464 bus
2117 417 2195 467 es,
2242 411 2297 456 ut
2324 403 2483 457 etiam
2525 403 2712 472 exigua
2738 403 2951 468 videas,
2982 407 3248 473 quomodo
3292 407 3342 460 in
3374 408 3482 461 tuis
3507 409 3579 462 ita

1994 493 2264 564 negligens
2291 493 2458 559 fuisti,
2492 504 2549 548 ut
2573 495 2733 550 etiam
2757 512 2944 566 magna
2967 508 3358 555 transcurreres
3383 501 3408 554 ?
3434 499 3583 572 Ejice

1995 588 2214 654 primum
2259 587 2447 640 trabem
2477 587 2542 640 de
2569 589 2717 642 oculo
2745 597 2850 642 tuo.
2894 588 3078 644 \‘iden'
3103 591 3243 658 quod
3289 607 3392 646 non
3435 601 3579 648 vetet

1989 678 2248 745 judicare,
2277 679 2372 734 sed
2397 679 2583 747 jubeat
2610 681 2838 749 primum
2871 680 3068 749 ejicere
3099 683 3300 736 trabem
3330 699 3396 736 cx
3422 683 3579 737 oculo

1994 779 2105 834 tuo,
2135 778 2188 829 et
2218 779 2344 826 tunc
2385 771 2610 825 aliorum
2636 781 2809 825 errata
2838 772 3126 842 corrigere.
3158 773 3288 826 Nam
3312 789 3408 828 sua
3435 775 3583 845 quis-

1993 876 2098 928 que
2127 861 2298 930 magis
2342 861 2487 914 novit
2519 876 2676 930 quam
2719 862 2929 928 aliena,
2965 873 3020 916 et
3061 862 3264 932 majora
3296 863 3439 918 videt
3464 865 3580 933 plus

1991 966 2150 1019 quam
2181 952 2420 1016 minora,
2461 967 2624 1022 seque
2669 953 2838 1024 magis
2882 964 3026 1008 amat
3056 970 3214 1024 quam
3255 956 3578 1025 proximum.

1996 1040 2176 1120 Itaque
2199 1043 2243 1098 si
2265 1059 2445 1098 curam
2469 1059 2662 1114 gerens
2689 1045 2740 1099 id
2772 1043 2925 1113 facis,
2955 1047 3026 1100 tui
3054 1062 3235 1101 curam
3259 1063 3382 1112 gere
3412 1050 3578 1117 prius,

1995 1135 2084 1188 ubi
2111 1144 2166 1190 et
2185 1135 2379 1190 clarius
2403 1145 2457 1191 et
2502 1136 2672 1207 majus
2698 1145 2783 1192 est
2813 1147 3109 1207 peccatum.
3141 1137 3292 1205 Quod
3317 1140 3359 1193 si
3391 1149 3582 1194 temet-

1995 1230 2166 1301 ipsum
2207 1229 2503 1284 contemnis
2526 1271 2540 1293 ,
2575 1231 2747 1299 palam
2797 1241 2880 1285 est
2932 1239 2986 1286 te
3029 1247 3133 1286 non
3165 1230 3286 1286 ideo
3312 1233 3382 1288 de
3419 1233 3582 1288 fratre

1997 1329 2084 1376 tuo
2107 1321 2351 1391 judicare
2369 1363 2384 1385 ,
2427 1323 2567 1392 quod
2593 1322 2708 1391 ejus
2738 1338 2920 1378 curam
2944 1339 3100 1394 geras
3122 1365 3138 1386 ,
3168 1323 3263 1378 sed
3288 1327 3429 1394 quod
3456 1324 3581 1377 odio

1998 1414 2196 1470 habeas
2237 1427 2291 1470 et
2325 1414 2602 1470 dill‘atnare
2640 1416 2792 1471 velis.
2832 1416 2886 1472 Si
2915 1418 3060 1471 enim
3102 1427 3346 1487 oporteat
3375 1417 3444 1471 de
3490 1416 3580 1470 illo

1992 1505 2238 1582 judicari,
2287 1506 2357 1559 ab
2401 1524 2466 1560 eo
2495 1506 2755 1576 judicium
2806 1506 3111 1576 ferendum
3165 1511 3254 1577 qui
3306 1507 3434 1566 nihil
3478 1509 3581 1560 tale

1994 1599 2301 1664 commisit,
2345 1614 2448 1654 non
2495 1615 2526 1654 a
2574 1610 2644 1655 te.
2683 1600 2814 1666 Quia
2856 1601 2997 1655 enim
3039 1616 3227 1672 magna
3255 1609 3310 1655 et
3337 1601 3582 1657 sublimia

1999 1692 2177 1762 posuit
2200 1691 2548 1763 philosophia:
2587 1693 2832 1764 dOgmata
2852 1736 2864 1757 ,
2899 1709 2966 1748 ne
2992 1695 3111 1765 quis
3138 1694 3371 1759 diceret,
3401 1695 3452 1749 in
3482 1695 3584 1750 illis

1997 1799 2246 1840 sermone
2287 1783 2657 1854 leIIOSODIlaI'I
2689 1786 2846 1840 facile
2871 1801 2991 1840 esse
3012 1827 3027 1852 ,
3060 1796 3115 1839 ut
3151 1785 3377 1842 fidenter
3403 1796 3585 1841 osten-

1997 1876 2120 1943 dat,
2153 1891 2213 1932 se
2237 1878 2288 1930 in
2317 1893 2476 1948 supra
2503 1876 2766 1932 dictorum
2797 1877 2944 1932 nullo
2965 1880 3156 1933 rationi
3183 1878 3466 1934 reddendte
3487 1879 3585 1933 ob-

1998 1967 2216 2022 noxium
2238 1982 2358 2023 esse
2381 2009 2397 2034 ,
2424 1968 2517 2023 sed
2541 1970 2719 2023 omnia
2746 1969 3038 2040 perfecisse
3072 1970 3245 2034 :hanc
3274 1970 3580 2040 parabolam

1995 2057 2154 2114 dixit.
2205 2058 2337 2114 Nam
2389 2060 2503 2129 ipse
2544 2075 2756 2130 quoque
2809 2071 2991 2131 postea
3032 2071 3146 2116 erat
3191 2062 3525 2131 judicaturus
3567 2081 3580 2116 :

2008 2153 2096 2206 Va:
2113 2153 2265 2219 vobis,
2282 2154 2460 2208 scribat
2476 2164 2521 2208 et
2545 2153 2797 2207 Pharistei
2817 2154 3093 2226 hypocrita:
3115 2154 3332 2225 (Matth.
3353 2157 3442 2210 25.
3466 2157 3527 2210 Η
3540 2157 3556 2225 )
3568 2196 3583 2218 .

2000 2243 2170 2313 inquit
2198 2260 2211 2308 ;
2242 2253 2295 2296 at
2325 2244 2414 2298 ille
2441 2261 2546 2299 non
2569 2254 2686 2299 erat
2725 2245 2849 2310 illis,
2879 2260 2998 2316 quae
3024 2246 3254 2309 dicebat,
3282 2246 3581 2302 obnoxius:

2001 2348 2172 2401 neque
2198 2334 2339 2388 cnim
2367 2333 2624 2390 fesmcam
2655 2334 2901 2404 t-jecerat,
2946 2352 3116 2405 neque
3145 2336 3347 2392 trabem
3379 2337 3430 2390 in
3458 2352 3587 2391 ocn-

2000 2427 2067 2480 lis
2099 2427 2330 2482 habebat
2361 2445 2376 2492 ;
2409 2427 2501 2482 sed
2535 2428 2586 2482 in
2615 2427 2700 2482 his
2726 2427 2975 2483 omnibus
3004 2428 3187 2484 insons
3213 2441 3259 2483 et
3294 2444 3480 2497 purus,
3507 2428 3587 2484 sic

1999 2521 2238 2574 omnium
2279 2529 2493 2590 peccata
2533 2520 2852 2590 corrigebat.
2885 2520 3066 2591 Neque
3092 2522 3232 2576 enim
3263 2521 3421 2576 debet
3448 2522 3492 2575 is
3518 2520 3588 2576 de

1999 2611 2208 2665 ca-teris
2246 2609 2506 2680 judicare,
2530 2613 2618 2682 qui
2647 2612 2834 2666 iisdem
2863 2613 3032 2680 culpis
3062 2613 3175 2682 ipse
3201 2615 3267 2670 sit.
3299 2615 3576 2670 obnoxius.

2007 2705 2072 2760 Et
2101 2704 2227 2775 quid
2255 2704 2486 2770 miraris,
2514 2705 2557 2760 si
2586 2704 2720 2758 hanc
2753 2706 2867 2775 ipse
2889 2706 3056 2775 legem
3088 2707 3342 2773 posuerit,
3375 2707 3588 2776 quando

2003 2799 2142 2851 latro
2173 2797 2222 2849 in
2252 2811 2411 2850 cruce
2458 2796 2628 2865 ipsam
2659 2797 2904 2866 agnovit,
2933 2812 3052 2850 cum
3085 2795 3239 2850 aiteri
3275 2798 3464 2851 latroni
3497 2799 3584 2851 di-

2003 2899 2151 2943 ceret
2179 2905 2193 2944 :
2225 2887 2404 2956 Neque
2437 2897 2492 2941 ttt
2517 2890 2660 2941 times
2702 2888 2861 2941 Deum
2896 2889 3074 2960 :quod
3101 2905 3190 2942 nos
3216 2890 3267 2942 ia
3297 2889 3473 2942 eadem
3494 2890 3590 2942 da-

2005 2982 2260 3034 mnatione
2275 2997 2448 3034 sumus
2471 2979 2622 3052 (Luc.
2644 2980 2733 3034 25.
2763 2980 2854 3048 40)
2887 2998 2899 3034 :
2928 2979 3127 3035 Christi
3156 2983 3432 3036 sententia:
3457 2998 3589 3038 con-

2005 3088 2135 3128 sona
2165 3074 2393 3127 dicens?
2435 3074 2512 3127 'l‘u
2548 3088 2676 3126 vero
2718 3073 2920 3128 trabem
2962 3083 3104 3127 tuam
3147 3089 3251 3127 non
3295 3075 3451 3128 modo
3483 3090 3588 3129 non

2005 3166 2185 3238 ejicis,
2234 3166 2325 3220 sed
2368 3181 2436 3220 ne
2477 3167 2624 3220 vides
2667 3165 2881 3236 quidem
2912 3182 2925 3230 ;
2956 3165 3132 3219 fratris
3180 3181 3306 3219 vero
3338 3166 3589 3221 festucam

2007 3275 2113 3312 non
2146 3259 2304 3313 modo
2332 3258 2511 3322 vides,
2542 3258 2634 3314 sed
2663 3257 2896 3327 judicas,
2942 3257 3190 3326 illamque
3220 3258 3412 3328 ejicere
3431 3273 3593 3313 cona-

2009 3351 2083 3403 ris
2114 3368 2126 3402 :
2155 3365 2216 3404 ac
2253 3351 2295 3404 si
2328 3350 2446 3420 quis
2475 3359 2564 3404 aut
2591 3350 2883 3421 hydmpisi,
2917 3359 3011 3404 aut
3034 3351 3138 3404 alio
3166 3351 3352 3409 morbo
3379 3350 3594 3406 incura-

2011 3440 2410 3495 hiliadmodum
2453 3441 2736 3505 laborans,
2766 3440 2816 3496 id
2849 3441 3176 3512 negligeret.
3222 3443 3604 3512 incusaretque

2010 3534 2169 3588 aiium
2199 3534 2285 3603 qui
2320 3534 2488 3588 levem
2524 3535 2756 3604 aliquem
2803 3543 3064 3588 tumorem
3108 3550 3212 3588 non
3252 3547 3484 3590 curaret.
3536 3536 3591 3590 Si

2012 3643 2142 3682 vero
2177 3629 2374 3683 malum
2415 3637 2499 3683 est
2527 3645 2618 3681 sua
2661 3636 2876 3697 peccata
2905 3643 3011 3681 non
3039 3627 3247 3692 videre,
3277 3627 3469 3697 duplex
3503 3627 3596 3681 tri-

2014 3725 2242 3794 pleane
2265 3725 2458 3778 malum
2488 3732 2570 3778 est
2597 3723 2667 3777 de
2695 3723 2815 3777 aliis
2835 3721 3076 3791 judicare
3095 3735 3208 3784 eos,
3234 3723 3321 3791 qui
3345 3722 3459 3776 sine
3487 3721 3598 3776 ullo

2013 3816 2211 3871 doloris
2240 3831 2398 3871 sensu
2431 3817 2610 3870 trahes
2637 3816 2687 3869 in
2726 3815 2894 3871 oculis
2919 3814 3032 3870 suis
3053 3824 3284 3884 gesmut.
3313 3814 3598 3871 Peccatum

2013 3911 2207 3980 quippe
2230 3909 2377 3965 trabe
2400 3910 2613 3979 gravius
2641 3918 2742 3964 est.

2086 4005 2138 4059 5.
2181 4001 2409 4056 Christus
2438 4019 2538 4054 non
2565 4011 2692 4054 uetat
2723 4002 2854 4054 alios
2893 4015 3133 4070 arguere,
3163 3999 3252 4052 sed
3279 4000 3400 4066 quid
3427 3998 3598 4051 vetat?

2017 4094 2332 4164 Explanatio
2382 4094 2540 4155 illius,
2567 4091 2739 4146 Nolite
2793 4092 2922 4146 dare
2971 4100 3154 4145 sancta
3203 4090 3456 4156 canibus,
3497 4103 3594 4143 etc.

2020 4187 2267 4257 Mysteria
2305 4201 2398 4239 cur
2423 4184 2604 4254 jamtt's
2638 4183 2827 4237 clausis
2853 4182 3238 4236 celebrarentur.
3271 4210 3339 4220 —-
3362 4181 3471 4235 Hoc
3498 4181 3598 4250 igi--

2020 4289 2104 4332 Iur
2130 4293 2226 4349 per
2249 4293 2311 4332 ea
2340 4292 2460 4347 quae
2488 4277 2630 4330 dicta
2657 4285 2780 4330 sunt
2811 4276 3064 4345 pratcepit
3084 4316 3099 4340 ,
3139 4289 3333 4344 nempe
3359 4289 3480 4330 eum
3508 4274 3598 4342 qui

2019 4369 2288 4425 sexcentis
2317 4369 2460 4422 vitiis
2489 4368 2558 4422 sit
2583 4367 2868 4433 obnoxius,
2893 4367 3084 4422 aliena:
3113 4367 3284 4436 culpa:
3308 4383 3410 4420 non
3443 4383 3599 4420 seve-

2021 4481 2137 4519 rqu
2165 4479 2286 4519 esse
2316 4462 2552 4532 judicem
2585 4473 2854 4530 oportere,
2887 4463 2929 4514 si
2965 4461 3193 4514 maxime
3220 4461 3447 4514 aliorum
3472 4474 3598 4528 pec-

2019 4567 2136 4612 cata
2160 4557 2416 4613 sintlevia
2451 4575 2464 4610 :
2499 4572 2602 4609 non
2625 4555 2766 4626 quod
2796 4563 2938 4608 vetet
2967 4569 3190 4624 arguere
3207 4563 3260 4607 et
3293 4553 3595 4613 emendare,

2019 4651 2112 4705 sed
2143 4647 2285 4719 quod
2319 4647 2593 4717 prohibe:tt
2621 4647 2830 4716 propria
2865 4647 3000 4700 mala
3027 4646 3314 4714 negligere,
3341 4655 3393 4699 ct
3413 4643 3603 4698 alienis

2021 4745 2293 4800 insultare.
2321 4742 2531 4798 Etenim
2563 4741 2689 4795 illud
2723 4742 2774 4794 in
2811 4754 3058 4808 magnum
3081 4747 3324 4807 vergeret
3354 4738 3603 4808 nequitiae
3663 4773 3671 4781 -

2021 4845 2384 4906 augmentum,
2415 4833 2792 4902 duplicemque
2833 4831 3107 4886 inveheret
3153 4829 3428 4884 malitiam.
3468 4829 3602 4884 Nam

2023 4928 2110 4996 qui
2135 4926 2366 4995 peccatis
2387 4925 2517 4985 suis,
2547 4924 2647 4976 etsi
2674 4921 2944 4991 gravibus,
2977 4921 3253 4991 neglectis,
3279 4921 3504 4976 aliorum
3527 4923 3604 4974 vi-

2025 5021 2094 5072 tia
2143 5033 2303 5087 parva
2356 5017 2596 5084 leviaque
2641 5014 2886 5068 acerbius
2935 5013 3200 5068 discutere
3248 5014 3520 5080 studeret,
3553 5017 3602 5068 in

2023 5109 2289 5178 duplicem
2333 5108 2628 5161 incurreret
2656 5105 2828 5159 labem
2854 5123 2868 5169 ;
2895 5116 2944 5158 et
2970 5105 3109 5175 quod
3148 5107 3360 5176 propria
3389 5120 3603 5175 peccata

2026 5199 2320 5269 negligeret
2365 5203 2838 5265 contemneretque
2863 5237 2878 5258 ,
2910 5205 2964 5249 et
2992 5195 3133 5265 quod
3163 5197 3400 5250 omnium
3431 5197 3605 5250 offen-

2024 5294 2230 5345 sionem
2288 5287 2724 5357 inimicitiamque
2773 5288 2824 5340 in
2875 5303 2935 5342 se
2981 5290 3304 5354 concitaret,
3349 5297 3509 5358 atque
3551 5288 3604 5342 in

2025 5391 2319 5442 extremam
2355 5377 2792 5432 inlmmauitatem
2825 5377 3198 5450 feritatemque
3217 5379 3456 5449 quotidie
3485 5395 3606 5446 pro-

2024 5470 2261 5526 cederet.
2311 5469 2404 5524 llis
2432 5471 2609 5538 itaque
2648 5469 2896 5524 omnilms
2924 5486 3018 5539 per
3049 5470 3184 5525 hanc
3215 5470 3490 5538 pulchram
3533 5471 3607 5525 le-

2024 5577 2145 5630 gem
2174 5561 2418 5623 sublatis,
2451 5560 2552 5615 hoc
2572 5560 2714 5615 aliud
2738 5560 3009 5630 subjungit
3039 5569 3355 5630 pr;cceptttm
3380 5577 3394 5612 :
3423 5561 3476 5613 6.
3505 5560 3605 5616 Νο-

2029 5662 2116 5709 ttte
2153 5661 2328 5707 sancta
2358 5654 2481 5708 dare
2508 5654 2752 5718 canibus,
2792 5669 2950 5721 neque
2994 5652 3273 5722 proficiatis
3301 5656 3607 5724 margaritas

2027 5755 2214 5800 vestras
2238 5754 2352 5799 ante
2377 5761 2557 5816 porcos
2581 5744 2600 5818 (
2623 5744 2809 5798 Matth.
2847 5746 2930 5799 10.
2964 5743 3090 5814 ‘27).
3116 5743 3270 5811 Atqui
3302 5748 3351 5800 iu
3379 5761 3612 5815 sequen-
