  <div class='ocr_page' id='page_1' title='image "/cluster/home/n/w/nwhite01/storage/ocr_20150623/57/hvd.32044073501934/239.png"; bbox 0 0 4050 6220; ppageno 0'>
   <div class='ocr_carea' id='block_1_1' title="bbox 521 303 618 358">
    <p class='ocr_par' dir='ltr' id='par_1_1' title="bbox 521 303 618 358">
     <span class='ocr_line' id='line_1_1' title="bbox 521 303 618 358; baseline 0.01 -1"><span class='ocrx_word' id='word_1_1' title='bbox 521 303 618 358; x_wconf 77' lang='lat' dir='ltr'><strong>3H</strong></span> 
     </span>
    </p>
   </div>
   <div class='ocr_carea' id='block_1_2' title="bbox 519 419 2089 492">
    <p class='ocr_par' dir='ltr' id='par_1_2' title="bbox 519 419 2089 492">
     <span class='ocr_line' id='line_1_2' title="bbox 519 419 2089 492; baseline 0.004 -18"><span class='ocrx_word' id='word_1_2' title='bbox 519 421 700 484; x_wconf 84' lang='lat' dir='ltr'><strong>tibus,</strong></span> <span class='ocrx_word' id='word_1_3' title='bbox 733 419 940 491; x_wconf 82' lang='lat' dir='ltr'><strong>inquies</strong></span> <span class='ocrx_word' id='word_1_4' title='bbox 969 461 982 485; x_wconf 90' lang='lat'><strong>,</strong></span> <span class='ocrx_word' id='word_1_5' title='bbox 1025 421 1300 492; x_wconf 73' lang='lat' dir='ltr'><strong>prmcipit,</strong></span> <span class='ocrx_word' id='word_1_6' title='bbox 1337 421 1406 476; x_wconf 84' lang='lat' dir='ltr'><strong>Et</strong></span> <span class='ocrx_word' id='word_1_7' title='bbox 1431 424 1564 492; x_wconf 83' lang='lat' dir='ltr'><strong>quod</strong></span> <span class='ocrx_word' id='word_1_8' title='bbox 1600 424 1656 478; x_wconf 85' lang='lat' dir='ltr'><strong>in</strong></span> <span class='ocrx_word' id='word_1_9' title='bbox 1697 443 1823 480; x_wconf 83' lang='lat' dir='ltr'><strong>aure</strong></span> <span class='ocrx_word' id='word_1_10' title='bbox 1862 426 2048 480; x_wconf 82' lang='lat' dir='ltr'><strong>auditis</strong></span> <span class='ocrx_word' id='word_1_11' title='bbox 2074 467 2089 492; x_wconf 96' lang='lat'><strong>,</strong></span> 
     </span>
    </p>
   </div>
   <div class='ocr_carea' id='block_1_3' title="bbox 517 512 2094 584">
    <p class='ocr_par' dir='ltr' id='par_1_3' title="bbox 517 512 2094 584">
     <span class='ocr_line' id='line_1_3' title="bbox 517 512 2094 584; baseline 0.003 -20"><span class='ocrx_word' id='word_1_12' title='bbox 517 512 792 580; x_wconf 64' lang='lat' dir='ltr'><strong>pradicate</strong></span> <span class='ocrx_word' id='word_1_13' title='bbox 808 528 961 582; x_wconf 80' lang='lat' dir='ltr'><strong>super</strong></span> <span class='ocrx_word' id='word_1_14' title='bbox 985 520 1133 566; x_wconf 84' lang='lat' dir='ltr'><strong>tecta.</strong></span> <span class='ocrx_word' id='word_1_15' title='bbox 1168 512 1361 567; x_wconf 87' lang='lat' dir='ltr'><strong>Verum</strong></span> <span class='ocrx_word' id='word_1_16' title='bbox 1388 512 1491 568; x_wconf 91' lang='lat' dir='ltr'><strong>hoc</strong></span> <span class='ocrx_word' id='word_1_17' title='bbox 1523 514 1686 584; x_wconf 86' lang='lat' dir='ltr'><strong>priori</strong></span> <span class='ocrx_word' id='word_1_18' title='bbox 1722 530 1826 570; x_wconf 90' lang='lat' dir='ltr'><strong>non</strong></span> <span class='ocrx_word' id='word_1_19' title='bbox 1858 525 1938 570; x_wconf 89' lang='lat' dir='ltr'><strong>est</strong></span> <span class='ocrx_word' id='word_1_20' title='bbox 1962 532 2094 571; x_wconf 84' lang='lat' dir='ltr'><strong>con-</strong></span> 
     </span>
    </p>
   </div>
   <div class='ocr_carea' id='block_1_4' title="bbox 518 602 2093 675">
    <p class='ocr_par' dir='ltr' id='par_1_4' title="bbox 518 602 2093 675">
     <span class='ocr_line' id='line_1_4' title="bbox 518 602 2093 675; baseline 0.005 -20"><span class='ocrx_word' id='word_1_21' title='bbox 518 603 760 657; x_wconf 88' lang='lat' dir='ltr'><strong>trarium.</strong></span> <span class='ocrx_word' id='word_1_22' title='bbox 810 603 991 673; x_wconf 87' lang='lat' dir='ltr'><strong>Neque</strong></span> <span class='ocrx_word' id='word_1_23' title='bbox 1029 602 1136 658; x_wconf 92' lang='lat' dir='ltr'><strong>illic</strong></span> <span class='ocrx_word' id='word_1_24' title='bbox 1177 604 1427 660; x_wconf 90' lang='lat' dir='ltr'><strong>omnibus</strong></span> <span class='ocrx_word' id='word_1_25' title='bbox 1463 605 1618 674; x_wconf 91' lang='lat' dir='ltr'><strong>jubet</strong></span> <span class='ocrx_word' id='word_1_26' title='bbox 1660 607 1969 675; x_wconf 68' lang='lat' dir='ltr'><strong>praedicare,</strong></span> <span class='ocrx_word' id='word_1_27' title='bbox 2000 608 2093 663; x_wconf 89' lang='lat' dir='ltr'><strong>sed</strong></span> 
     </span>
    </p>
   </div>
   <div class='ocr_carea' id='block_1_5' title="bbox 515 693 2092 765">
    <p class='ocr_par' dir='ltr' id='par_1_5' title="bbox 515 693 2092 765">
     <span class='ocr_line' id='line_1_5' title="bbox 515 693 2092 765; baseline 0.006 -18"><span class='ocrx_word' id='word_1_28' title='bbox 515 693 580 748; x_wconf 87' lang='lat' dir='ltr'><strong>iis</strong></span> <span class='ocrx_word' id='word_1_29' title='bbox 617 695 807 764; x_wconf 85' lang='lat' dir='ltr'><strong>quibus</strong></span> <span class='ocrx_word' id='word_1_30' title='bbox 837 695 1234 765; x_wconf 67' lang='lat' dir='ltr'><strong>praedicandum</strong></span> <span class='ocrx_word' id='word_1_31' title='bbox 1266 707 1378 764; x_wconf 89' lang='lat' dir='ltr'><strong>est,</strong></span> <span class='ocrx_word' id='word_1_32' title='bbox 1421 714 1541 754; x_wconf 91' lang='lat' dir='ltr'><strong>cum</strong></span> <span class='ocrx_word' id='word_1_33' title='bbox 1570 698 1759 756; x_wconf 89' lang='lat' dir='ltr'><strong>ﬁducia</strong></span> <span class='ocrx_word' id='word_1_34' title='bbox 1804 701 1856 755; x_wconf 88' lang='lat' dir='ltr'><strong>id</strong></span> <span class='ocrx_word' id='word_1_35' title='bbox 1894 699 2092 757; x_wconf 82' lang='lat' dir='ltr'><strong>facere.</strong></span> 
     </span>
    </p>
   </div>
   <div class='ocr_carea' id='block_1_6' title="bbox 511 784 2096 860">
    <p class='ocr_par' dir='ltr' id='par_1_6' title="bbox 511 784 2096 860">
     <span class='ocr_line' id='line_1_6' title="bbox 511 784 2096 860; baseline 0.006 -21"><span class='ocrx_word' id='word_1_36' title='bbox 511 784 684 840; x_wconf 79' lang='lat' dir='ltr'><strong>Canes</strong></span> <span class='ocrx_word' id='word_1_37' title='bbox 712 794 886 841; x_wconf 87' lang='lat' dir='ltr'><strong>autem</strong></span> <span class='ocrx_word' id='word_1_38' title='bbox 917 788 1003 842; x_wconf 91' lang='lat' dir='ltr'><strong>hic</strong></span> <span class='ocrx_word' id='word_1_39' title='bbox 1024 797 1179 845; x_wconf 82' lang='lat' dir='ltr'><strong>vocat</strong></span> <span class='ocrx_word' id='word_1_40' title='bbox 1199 789 1288 860; x_wconf 91' lang='lat' dir='ltr'><strong>qui</strong></span> <span class='ocrx_word' id='word_1_41' title='bbox 1317 791 1369 844; x_wconf 91' lang='lat' dir='ltr'><strong>in</strong></span> <span class='ocrx_word' id='word_1_42' title='bbox 1399 791 1673 860; x_wconf 90' lang='lat' dir='ltr'><strong>impietate</strong></span> <span class='ocrx_word' id='word_1_43' title='bbox 1700 790 1860 847; x_wconf 87' lang='lat' dir='ltr'><strong>vitam</strong></span> <span class='ocrx_word' id='word_1_44' title='bbox 1893 793 2096 850; x_wconf 89' lang='lat' dir='ltr'><strong>ducunt</strong></span> 
     </span>
    </p>
   </div>
   <div class='ocr_carea' id='block_1_7' title="bbox 511 877 2096 952">
    <p class='ocr_par' dir='ltr' id='par_1_7' title="bbox 511 877 2096 952">
     <span class='ocr_line' id='line_1_7' title="bbox 511 877 2096 952; baseline 0.008 -22"><span class='ocrx_word' id='word_1_45' title='bbox 511 877 806 942; x_wconf 87' lang='lat' dir='ltr'><strong>incurabili,</strong></span> <span class='ocrx_word' id='word_1_46' title='bbox 836 888 891 935; x_wconf 89' lang='lat' dir='ltr'><strong>et</strong></span> <span class='ocrx_word' id='word_1_47' title='bbox 926 879 976 934; x_wconf 88' lang='lat' dir='ltr'><strong>itt</strong></span> <span class='ocrx_word' id='word_1_48' title='bbox 1004 881 1196 950; x_wconf 85' lang='lat' dir='ltr'><strong>quibus</strong></span> <span class='ocrx_word' id='word_1_49' title='bbox 1226 897 1349 952; x_wconf 87' lang='lat' dir='ltr'><strong>spes</strong></span> <span class='ocrx_word' id='word_1_50' title='bbox 1383 883 1526 938; x_wconf 84' lang='lat' dir='ltr'><strong>nulla</strong></span> <span class='ocrx_word' id='word_1_51' title='bbox 1554 887 1862 941; x_wconf 82' lang='lat' dir='ltr'><strong>mutationis</strong></span> <span class='ocrx_word' id='word_1_52' title='bbox 1901 891 1954 942; x_wconf 91' lang='lat' dir='ltr'><strong>in</strong></span> <span class='ocrx_word' id='word_1_53' title='bbox 1989 902 2096 943; x_wconf 86' lang='lat' dir='ltr'><strong>me-</strong></span> 
     </span>
    </p>
   </div>
   <div class='ocr_carea' id='block_1_8' title="bbox 508 970 2093 1049">
    <p class='ocr_par' dir='ltr' id='par_1_8' title="bbox 508 970 2093 1049">
     <span class='ocr_line' id='line_1_8' title="bbox 508 970 2093 1049; baseline 0.008 -27"><span class='ocrx_word' id='word_1_54' title='bbox 508 971 632 1024; x_wconf 92' lang='lat' dir='ltr'><strong>lius.</strong></span> <span class='ocrx_word' id='word_1_55' title='bbox 681 970 883 1026; x_wconf 90' lang='lat' dir='ltr'><strong>Porcos</strong></span> <span class='ocrx_word' id='word_1_56' title='bbox 922 988 1049 1026; x_wconf 84' lang='lat' dir='ltr'><strong>vero</strong></span> <span class='ocrx_word' id='word_1_57' title='bbox 1079 973 1197 1027; x_wconf 91' lang='lat' dir='ltr'><strong>illos</strong></span> <span class='ocrx_word' id='word_1_58' title='bbox 1226 975 1314 1043; x_wconf 88' lang='lat' dir='ltr'><strong>qui</strong></span> <span class='ocrx_word' id='word_1_59' title='bbox 1347 975 1557 1030; x_wconf 81' lang='lat' dir='ltr'><strong>luxuria</strong></span> <span class='ocrx_word' id='word_1_60' title='bbox 1590 977 1846 1043; x_wconf 87' lang='lat' dir='ltr'><strong>perditam</strong></span> <span class='ocrx_word' id='word_1_61' title='bbox 1878 993 2093 1049; x_wconf 85' lang='lat' dir='ltr'><strong>semper</strong></span> 
     </span>
    </p>
   </div>
   <div class='ocr_carea' id='block_1_9' title="bbox 509 1061 2094 1135">
    <p class='ocr_par' dir='ltr' id='par_1_9' title="bbox 509 1061 2094 1135">
     <span class='ocr_line' id='line_1_9' title="bbox 509 1061 2094 1135; baseline 0.008 -21"><span class='ocrx_word' id='word_1_62' title='bbox 509 1061 671 1115; x_wconf 87' lang='lat' dir='ltr'><strong>vitam</strong></span> <span class='ocrx_word' id='word_1_63' title='bbox 702 1073 886 1131; x_wconf 85' lang='lat' dir='ltr'><strong>agunt,</strong></span> <span class='ocrx_word' id='word_1_64' title='bbox 917 1077 1052 1132; x_wconf 90' lang='lat' dir='ltr'><strong>quos</strong></span> <span class='ocrx_word' id='word_1_65' title='bbox 1074 1079 1261 1120; x_wconf 85' lang='lat' dir='ltr'><strong>omnes</strong></span> <span class='ocrx_word' id='word_1_66' title='bbox 1288 1065 1592 1135; x_wconf 89' lang='lat' dir='ltr'><strong>hujusmodi</strong></span> <span class='ocrx_word' id='word_1_67' title='bbox 1615 1068 1853 1124; x_wconf 83' lang='lat' dir='ltr'><strong>doctrina</strong></span> <span class='ocrx_word' id='word_1_68' title='bbox 1884 1070 2094 1127; x_wconf 89' lang='lat' dir='ltr'><strong>dicebat</strong></span> 
     </span>
    </p>
   </div>
   <div class='ocr_carea' id='block_1_10' title="bbox 509 1153 2091 1231">
    <p class='ocr_par' dir='ltr' id='par_1_10' title="bbox 509 1153 2091 1231">
     <span class='ocr_line' id='line_1_10' title="bbox 509 1153 2091 1231; baseline 0.008 -25"><span class='ocrx_word' id='word_1_69' title='bbox 509 1153 774 1223; x_wconf 86' lang='lat' dir='ltr'><strong>indignos.</strong></span> <span class='ocrx_word' id='word_1_70' title='bbox 808 1153 920 1208; x_wconf 91' lang='lat' dir='ltr'><strong>IIoc</strong></span> <span class='ocrx_word' id='word_1_71' title='bbox 951 1156 1089 1209; x_wconf 92' lang='lat' dir='ltr'><strong>enim</strong></span> <span class='ocrx_word' id='word_1_72' title='bbox 1121 1157 1280 1211; x_wconf 88' lang='lat' dir='ltr'><strong>etiam</strong></span> <span class='ocrx_word' id='word_1_73' title='bbox 1322 1157 1516 1213; x_wconf 90' lang='lat' dir='ltr'><strong>Paulus</strong></span> <span class='ocrx_word' id='word_1_74' title='bbox 1550 1161 1810 1231; x_wconf 90' lang='lat' dir='ltr'><strong>signiﬁcat</strong></span> <span class='ocrx_word' id='word_1_75' title='bbox 1847 1161 1930 1218; x_wconf 89' lang='lat' dir='ltr'><strong>his</strong></span> <span class='ocrx_word' id='word_1_76' title='bbox 1967 1181 2091 1220; x_wconf 90' lang='lat' dir='ltr'><strong>ver-</strong></span> 
     </span>
    </p>
   </div>
   <div class='ocr_carea' id='block_1_11' title="bbox 497 1244 2089 1325">
    <p class='ocr_par' dir='ltr' id='par_1_11' title="bbox 497 1244 2089 1325">
     <span class='ocr_line' id='line_1_11' title="bbox 497 1244 2089 1325; baseline 0.008 -29"><span class='ocrx_word' id='word_1_77' title='bbox 497 1244 588 1297; x_wconf 86' lang='lat' dir='ltr'><strong>bis</strong></span> <span class='ocrx_word' id='word_1_78' title='bbox 618 1266 632 1299; x_wconf 92' lang='lat'><strong>:</strong></span> <span class='ocrx_word' id='word_1_79' title='bbox 670 1244 920 1299; x_wconf 83' lang='lat' dir='ltr'><strong>Animalis</strong></span> <span class='ocrx_word' id='word_1_80' title='bbox 947 1258 1117 1300; x_wconf 88' lang='lat' dir='ltr'><strong>autem</strong></span> <span class='ocrx_word' id='word_1_81' title='bbox 1162 1249 1309 1303; x_wconf 90' lang='lat' dir='ltr'><strong>Itonto</strong></span> <span class='ocrx_word' id='word_1_82' title='bbox 1335 1267 1434 1304; x_wconf 85' lang='lat' dir='ltr'><strong>non</strong></span> <span class='ocrx_word' id='word_1_83' title='bbox 1472 1254 1685 1324; x_wconf 86' lang='lat' dir='ltr'><strong>percipit</strong></span> <span class='ocrx_word' id='word_1_84' title='bbox 1727 1271 1785 1308; x_wconf 84' lang='lat' dir='ltr'><strong>ea</strong></span> <span class='ocrx_word' id='word_1_85' title='bbox 1821 1271 1934 1325; x_wconf 71' lang='lat' dir='ltr'><strong>qua</strong></span> <span class='ocrx_word' id='word_1_86' title='bbox 1963 1257 2089 1324; x_wconf 86' lang='lat' dir='ltr'><strong>Spi-</strong></span> 
     </span>
    </p>
   </div>
   <div class='ocr_carea' id='block_1_12' title="bbox 498 1334 2086 1416">
    <p class='ocr_par' dir='ltr' id='par_1_12' title="bbox 498 1334 2086 1416">
     <span class='ocr_line' id='line_1_12' title="bbox 498 1334 2086 1416; baseline 0.009 -30"><span class='ocrx_word' id='word_1_87' title='bbox 498 1334 636 1389; x_wconf 74' lang='lat' dir='ltr'><strong>ritus</strong></span> <span class='ocrx_word' id='word_1_88' title='bbox 661 1345 778 1389; x_wconf 87' lang='lat' dir='ltr'><strong>sunt</strong></span> <span class='ocrx_word' id='word_1_89' title='bbox 804 1352 824 1389; x_wconf 91' lang='lat'><strong><em>:</em></strong></span> <span class='ocrx_word' id='word_1_90' title='bbox 857 1338 1071 1391; x_wconf 87' lang='lat' dir='ltr'><strong>stultitia</strong></span> <span class='ocrx_word' id='word_1_91' title='bbox 1097 1340 1229 1392; x_wconf 85' lang='lat' dir='ltr'><strong>enim</strong></span> <span class='ocrx_word' id='word_1_92' title='bbox 1263 1350 1334 1394; x_wconf 84' lang='lat' dir='ltr'><strong>est</strong></span> <span class='ocrx_word' id='word_1_93' title='bbox 1358 1343 1438 1395; x_wconf 89' lang='lat' dir='ltr'><strong>illi</strong></span> <span class='ocrx_word' id='word_1_94' title='bbox 1467 1345 1544 1412; x_wconf 83' lang='lat' dir='ltr'><strong>(I.</strong></span> <span class='ocrx_word' id='word_1_95' title='bbox 1570 1344 1686 1398; x_wconf 80' lang='lat' dir='ltr'><strong>Cor.</strong></span> <span class='ocrx_word' id='word_1_96' title='bbox 1715 1345 1770 1399; x_wconf 75' lang='lat'><strong>2.</strong></span> <span class='ocrx_word' id='word_1_97' title='bbox 1805 1347 1916 1416; x_wconf 75' lang='grc' dir='ltr'><strong>Η).</strong></span> <span class='ocrx_word' id='word_1_98' title='bbox 1949 1347 2086 1402; x_wconf 88' lang='lat' dir='ltr'><strong>Alibi</strong></span> 
     </span>
    </p>
   </div>
   <div class='ocr_carea' id='block_1_13' title="bbox 501 1428 2089 1502">
    <p class='ocr_par' dir='ltr' id='par_1_13' title="bbox 501 1428 2089 1502">
     <span class='ocr_line' id='line_1_13' title="bbox 501 1428 2089 1502; baseline 0.013 -29"><span class='ocrx_word' id='word_1_99' title='bbox 501 1439 717 1495; x_wconf 89' lang='lat' dir='ltr'><strong>quoque</strong></span> <span class='ocrx_word' id='word_1_100' title='bbox 758 1441 902 1495; x_wconf 71' lang='lat' dir='ltr'><strong>smpe</strong></span> <span class='ocrx_word' id='word_1_101' title='bbox 944 1428 1075 1482; x_wconf 87' lang='lat' dir='ltr'><strong>dicit</strong></span> <span class='ocrx_word' id='word_1_102' title='bbox 1118 1431 1240 1484; x_wconf 70' lang='lat' dir='ltr'><strong>vitae</strong></span> <span class='ocrx_word' id='word_1_103' title='bbox 1279 1435 1674 1502; x_wconf 85' lang='lat' dir='ltr'><strong>corruptionem</strong></span> <span class='ocrx_word' id='word_1_104' title='bbox 1705 1436 1757 1490; x_wconf 91' lang='lat' dir='ltr'><strong>in</strong></span> <span class='ocrx_word' id='word_1_105' title='bbox 1786 1451 1941 1491; x_wconf 86' lang='lat' dir='ltr'><strong>causa</strong></span> <span class='ocrx_word' id='word_1_106' title='bbox 1971 1453 2089 1493; x_wconf 87' lang='lat' dir='ltr'><strong>esse</strong></span> 
     </span>
    </p>
   </div>
   <div class='ocr_carea' id='block_1_14' title="bbox 504 1519 2088 1595">
    <p class='ocr_par' dir='ltr' id='par_1_14' title="bbox 504 1519 2088 1595">
     <span class='ocr_line' id='line_1_14' title="bbox 504 1519 2088 1595; baseline 0.01 -28"><span class='ocrx_word' id='word_1_107' title='bbox 504 1532 601 1570; x_wconf 76' lang='lat' dir='ltr'><strong>cur</strong></span> <span class='ocrx_word' id='word_1_108' title='bbox 625 1519 936 1586; x_wconf 88' lang='lat' dir='ltr'><strong>perfectiora</strong></span> <span class='ocrx_word' id='word_1_109' title='bbox 956 1520 1201 1591; x_wconf 81' lang='lat' dir='ltr'><strong>dogmata</strong></span> <span class='ocrx_word' id='word_1_110' title='bbox 1237 1539 1339 1577; x_wconf 92' lang='lat' dir='ltr'><strong>non</strong></span> <span class='ocrx_word' id='word_1_111' title='bbox 1371 1526 1710 1595; x_wconf 84' lang='lat' dir='ltr'><strong>recipiantur.</strong></span> <span class='ocrx_word' id='word_1_112' title='bbox 1745 1527 1919 1595; x_wconf 85' lang='lat' dir='ltr'><strong>Quare</strong></span> <span class='ocrx_word' id='word_1_113' title='bbox 1943 1538 2088 1584; x_wconf 88' lang='lat' dir='ltr'><strong>vetat</strong></span> 
     </span>
    </p>
   </div>
   <div class='ocr_carea' id='block_1_15' title="bbox 502 1611 2085 1690">
    <p class='ocr_par' dir='ltr' id='par_1_15' title="bbox 502 1611 2085 1690">
     <span class='ocr_line' id='line_1_15' title="bbox 502 1611 2085 1690; baseline 0.009 -28"><span class='ocrx_word' id='word_1_114' title='bbox 502 1611 632 1679; x_wconf 81' lang='lat' dir='ltr'><strong>ipsis</strong></span> <span class='ocrx_word' id='word_1_115' title='bbox 671 1613 862 1680; x_wconf 88' lang='lat' dir='ltr'><strong>januas</strong></span> <span class='ocrx_word' id='word_1_116' title='bbox 898 1614 1090 1683; x_wconf 86' lang='lat' dir='ltr'><strong>aperiri</strong></span> <span class='ocrx_word' id='word_1_117' title='bbox 1127 1617 1426 1685; x_wconf 90' lang='lat' dir='ltr'><strong>:siquidem</strong></span> <span class='ocrx_word' id='word_1_118' title='bbox 1465 1628 1738 1690; x_wconf 90' lang='lat' dir='ltr'><strong>postquam</strong></span> <span class='ocrx_word' id='word_1_119' title='bbox 1773 1620 2085 1689; x_wconf 89' lang='lat' dir='ltr'><strong>didicerint,</strong></span> 
     </span>
    </p>
   </div>
   <div class='ocr_carea' id='block_1_16' title="bbox 505 1702 2087 1781">
    <p class='ocr_par' dir='ltr' id='par_1_16' title="bbox 505 1702 2087 1781">
     <span class='ocr_line' id='line_1_16' title="bbox 505 1702 2087 1781; baseline 0.01 -27"><span class='ocrx_word' id='word_1_120' title='bbox 505 1702 794 1759; x_wconf 85' lang='lat' dir='ltr'><strong>ferociores</strong></span> <span class='ocrx_word' id='word_1_121' title='bbox 847 1706 1099 1761; x_wconf 91' lang='lat' dir='ltr'><strong>evadunt.</strong></span> <span class='ocrx_word' id='word_1_122' title='bbox 1148 1708 1274 1764; x_wconf 75' lang='lat' dir='ltr'><strong>Ihec</strong></span> <span class='ocrx_word' id='word_1_123' title='bbox 1328 1710 1541 1780; x_wconf 87' lang='lat' dir='ltr'><strong>quidem</strong></span> <span class='ocrx_word' id='word_1_124' title='bbox 1587 1713 1767 1781; x_wconf 88' lang='lat' dir='ltr'><strong>probis</strong></span> <span class='ocrx_word' id='word_1_125' title='bbox 1807 1730 1869 1768; x_wconf 90' lang='lat' dir='ltr'><strong>ac</strong></span> <span class='ocrx_word' id='word_1_126' title='bbox 1909 1724 2087 1770; x_wconf 91' lang='lat' dir='ltr'><strong>mente</strong></span> 
     </span>
    </p>
   </div>
   <div class='ocr_carea' id='block_1_17' title="bbox 506 1797 2086 1862">
    <p class='ocr_par' dir='ltr' id='par_1_17' title="bbox 506 1797 2086 1862">
     <span class='ocr_line' id='line_1_17' title="bbox 506 1797 2086 1862; baseline 0.011 -18"><span class='ocrx_word' id='word_1_127' title='bbox 506 1797 802 1852; x_wconf 73' lang='lat' dir='ltr'><strong>valentibus</strong></span> <span class='ocrx_word' id='word_1_128' title='bbox 829 1800 1058 1854; x_wconf 85' lang='lat' dir='ltr'><strong>revelata</strong></span> <span class='ocrx_word' id='word_1_129' title='bbox 1081 1843 1094 1862; x_wconf 87' lang='lat'><strong>.</strong></span> <span class='ocrx_word' id='word_1_130' title='bbox 1128 1803 1429 1857; x_wconf 88' lang='lat' dir='ltr'><strong>veneranda</strong></span> <span class='ocrx_word' id='word_1_131' title='bbox 1457 1803 1705 1859; x_wconf 90' lang='lat' dir='ltr'><strong>videntur</strong></span> <span class='ocrx_word' id='word_1_132' title='bbox 1736 1823 1749 1857; x_wconf 90' lang='lat'><strong>:</strong></span> <span class='ocrx_word' id='word_1_133' title='bbox 1776 1806 2086 1862; x_wconf 81' lang='lat' dir='ltr'><strong>socordihns</strong></span> 
     </span>
    </p>
   </div>
   <div class='ocr_carea' id='block_1_18' title="bbox 505 1891 2084 1966">
    <p class='ocr_par' dir='ltr' id='par_1_18' title="bbox 505 1891 2084 1966">
     <span class='ocr_line' id='line_1_18' title="bbox 505 1891 2084 1966; baseline 0.008 -27"><span class='ocrx_word' id='word_1_134' title='bbox 505 1904 630 1942; x_wconf 82' lang='lat' dir='ltr'><strong>vero</strong></span> <span class='ocrx_word' id='word_1_135' title='bbox 661 1891 827 1960; x_wconf 76' lang='lat' dir='ltr'><strong>magis</strong></span> <span class='ocrx_word' id='word_1_136' title='bbox 858 1891 1187 1945; x_wconf 85' lang='lat' dir='ltr'><strong>honorantur</strong></span> <span class='ocrx_word' id='word_1_137' title='bbox 1220 1894 1475 1962; x_wconf 79' lang='lat' dir='ltr'><strong>ignorata.</strong></span> <span class='ocrx_word' id='word_1_138' title='bbox 1516 1894 1582 1949; x_wconf 89' lang='lat' dir='ltr'><strong>Iis</strong></span> <span class='ocrx_word' id='word_1_139' title='bbox 1624 1896 1781 1965; x_wconf 83' lang='lat' dir='ltr'><strong>igitur</strong></span> <span class='ocrx_word' id='word_1_140' title='bbox 1816 1897 1936 1966; x_wconf 86' lang='lat' dir='ltr'><strong>quia</strong></span> <span class='ocrx_word' id='word_1_141' title='bbox 1979 1914 2084 1952; x_wconf 89' lang='lat' dir='ltr'><strong>non</strong></span> 
     </span>
    </p>
   </div>
   <div class='ocr_carea' id='block_1_19' title="bbox 501 1983 2082 2058">
    <p class='ocr_par' dir='ltr' id='par_1_19' title="bbox 501 1983 2082 2058">
     <span class='ocr_line' id='line_1_19' title="bbox 501 1983 2082 2058; baseline 0.007 -27"><span class='ocrx_word' id='word_1_142' title='bbox 501 1989 726 2046; x_wconf 89' lang='lat' dir='ltr'><strong>possunt</strong></span> <span class='ocrx_word' id='word_1_143' title='bbox 749 1995 816 2035; x_wconf 79' lang='lat' dir='ltr'><strong>ex</strong></span> <span class='ocrx_word' id='word_1_144' title='bbox 857 1992 1044 2036; x_wconf 90' lang='lat' dir='ltr'><strong>natura</strong></span> <span class='ocrx_word' id='word_1_145' title='bbox 1082 1983 1170 2036; x_wconf 86' lang='lat' dir='ltr'><strong>illa</strong></span> <span class='ocrx_word' id='word_1_146' title='bbox 1203 1984 1464 2050; x_wconf 85' lang='lat' dir='ltr'><strong>ediscere,</strong></span> <span class='ocrx_word' id='word_1_147' title='bbox 1495 1987 1848 2054; x_wconf 89' lang='lat' dir='ltr'><strong>occultentur,</strong></span> <span class='ocrx_word' id='word_1_148' title='bbox 1893 1988 2082 2058; x_wconf 88' lang='lat' dir='ltr'><strong>inquit,</strong></span> 
     </span>
    </p>
   </div>
   <div class='ocr_carea' id='block_1_20' title="bbox 503 2075 2081 2150">
    <p class='ocr_par' dir='ltr' id='par_1_20' title="bbox 503 2075 2081 2150">
     <span class='ocr_line' id='line_1_20' title="bbox 503 2075 2081 2150; baseline 0.006 -26"><span class='ocrx_word' id='word_1_149' title='bbox 503 2080 560 2127; x_wconf 89' lang='lat' dir='ltr'><strong>ut</strong></span> <span class='ocrx_word' id='word_1_150' title='bbox 593 2075 779 2129; x_wconf 86' lang='lat' dir='ltr'><strong>saltem</strong></span> <span class='ocrx_word' id='word_1_151' title='bbox 803 2091 870 2129; x_wconf 78' lang='lat' dir='ltr'><strong>ex</strong></span> <span class='ocrx_word' id='word_1_152' title='bbox 898 2075 1194 2145; x_wconf 85' lang='lat' dir='ltr'><strong>ignorantia</strong></span> <span class='ocrx_word' id='word_1_153' title='bbox 1225 2077 1312 2131; x_wconf 89' lang='lat' dir='ltr'><strong>illa</strong></span> <span class='ocrx_word' id='word_1_154' title='bbox 1338 2089 1702 2134; x_wconf 89' lang='lat' dir='ltr'><strong>revereantur.</strong></span> <span class='ocrx_word' id='word_1_155' title='bbox 1733 2079 1912 2150; x_wconf 82' lang='lat' dir='ltr'><strong>Neque</strong></span> <span class='ocrx_word' id='word_1_156' title='bbox 1940 2081 2081 2135; x_wconf 88' lang='lat' dir='ltr'><strong>enim</strong></span> 
     </span>
    </p>
   </div>
   <div class='ocr_carea' id='block_1_21' title="bbox 501 2167 2080 2243">
    <p class='ocr_par' dir='ltr' id='par_1_21' title="bbox 501 2167 2080 2243">
     <span class='ocr_line' id='line_1_21' title="bbox 501 2167 2080 2243; baseline 0.008 -26"><span class='ocrx_word' id='word_1_157' title='bbox 501 2181 693 2234; x_wconf 90' lang='lat' dir='ltr'><strong>porcus</strong></span> <span class='ocrx_word' id='word_1_158' title='bbox 719 2167 862 2222; x_wconf 90' lang='lat' dir='ltr'><strong>novit</strong></span> <span class='ocrx_word' id='word_1_159' title='bbox 905 2168 1029 2239; x_wconf 88' lang='lat' dir='ltr'><strong>quid</strong></span> <span class='ocrx_word' id='word_1_160' title='bbox 1057 2170 1126 2224; x_wconf 88' lang='lat' dir='ltr'><strong>sit</strong></span> <span class='ocrx_word' id='word_1_161' title='bbox 1166 2172 1470 2241; x_wconf 81' lang='lat' dir='ltr'><strong>margarita.</strong></span> <span class='ocrx_word' id='word_1_162' title='bbox 1499 2172 1630 2240; x_wconf 87' lang='lat' dir='ltr'><strong>Quia</strong></span> <span class='ocrx_word' id='word_1_163' title='bbox 1659 2173 1816 2243; x_wconf 86' lang='lat' dir='ltr'><strong>igitur</strong></span> <span class='ocrx_word' id='word_1_164' title='bbox 1855 2189 1958 2228; x_wconf 92' lang='lat' dir='ltr'><strong>non</strong></span> <span class='ocrx_word' id='word_1_165' title='bbox 1984 2190 2080 2228; x_wconf 88' lang='lat' dir='ltr'><strong>no-</strong></span> 
     </span>
    </p>
   </div>
   <div class='ocr_carea' id='block_1_22' title="bbox 501 2257 2081 2334">
    <p class='ocr_par' dir='ltr' id='par_1_22' title="bbox 501 2257 2081 2334">
     <span class='ocr_line' id='line_1_22' title="bbox 501 2257 2081 2334; baseline 0.008 -26"><span class='ocrx_word' id='word_1_166' title='bbox 501 2257 595 2320; x_wconf 77' lang='lat' dir='ltr'><strong>vit,</strong></span> <span class='ocrx_word' id='word_1_167' title='bbox 619 2273 687 2312; x_wconf 90' lang='lat' dir='ltr'><strong>ne</strong></span> <span class='ocrx_word' id='word_1_168' title='bbox 707 2258 882 2314; x_wconf 89' lang='lat' dir='ltr'><strong>videat</strong></span> <span class='ocrx_word' id='word_1_169' title='bbox 904 2259 1141 2329; x_wconf 82' lang='lat' dir='ltr'><strong>quidem,</strong></span> <span class='ocrx_word' id='word_1_170' title='bbox 1173 2277 1240 2317; x_wconf 90' lang='lat' dir='ltr'><strong>ne</strong></span> <span class='ocrx_word' id='word_1_171' title='bbox 1261 2262 1537 2318; x_wconf 84' lang='lat' dir='ltr'><strong>conculcet</strong></span> <span class='ocrx_word' id='word_1_172' title='bbox 1561 2279 1623 2318; x_wconf 90' lang='lat' dir='ltr'><strong>ea</strong></span> <span class='ocrx_word' id='word_1_173' title='bbox 1647 2279 1764 2334; x_wconf 64' lang='lat' dir='ltr'><strong>quae</strong></span> <span class='ocrx_word' id='word_1_174' title='bbox 1793 2281 1897 2319; x_wconf 93' lang='lat' dir='ltr'><strong>nou</strong></span> <span class='ocrx_word' id='word_1_175' title='bbox 1915 2266 2081 2320; x_wconf 77' lang='lat' dir='ltr'><strong>norit.</strong></span> 
     </span>
    </p>
   </div>
   <div class='ocr_carea' id='block_1_23' title="bbox 419 2347 2081 2423">
    <p class='ocr_par' dir='ltr' id='par_1_23' title="bbox 419 2347 2081 2423">
     <span class='ocr_line' id='line_1_23' title="bbox 419 2347 2081 2423; baseline 0.007 -24"><span class='ocrx_word' id='word_1_176' title='bbox 419 2353 424 2358; x_wconf 86' lang='lat'>&#39;</span> <span class='ocrx_word' id='word_1_177' title='bbox 499 2347 639 2402; x_wconf 81' lang='lat' dir='ltr'><strong>Nihil</strong></span> <span class='ocrx_word' id='word_1_178' title='bbox 668 2349 809 2404; x_wconf 86' lang='lat' dir='ltr'><strong>enim</strong></span> <span class='ocrx_word' id='word_1_179' title='bbox 839 2351 1041 2405; x_wconf 88' lang='lat' dir='ltr'><strong>accedit</strong></span> <span class='ocrx_word' id='word_1_180' title='bbox 1069 2353 1131 2405; x_wconf 89' lang='lat' dir='ltr'><strong>iis</strong></span> <span class='ocrx_word' id='word_1_181' title='bbox 1153 2352 1242 2422; x_wconf 87' lang='lat' dir='ltr'><strong>qui</strong></span> <span class='ocrx_word' id='word_1_182' title='bbox 1279 2353 1348 2408; x_wconf 89' lang='lat' dir='ltr'><strong>ita</strong></span> <span class='ocrx_word' id='word_1_183' title='bbox 1385 2368 1508 2410; x_wconf 84' lang='lat' dir='ltr'><strong>sunt</strong></span> <span class='ocrx_word' id='word_1_184' title='bbox 1537 2353 1710 2410; x_wconf 84' lang='lat' dir='ltr'><strong>aﬁ&#39;ccti</strong></span> <span class='ocrx_word' id='word_1_185' title='bbox 1749 2356 1792 2410; x_wconf 91' lang='lat' dir='ltr'><strong>si</strong></span> <span class='ocrx_word' id='word_1_186' title='bbox 1827 2357 2081 2423; x_wconf 88' lang='lat' dir='ltr'><strong>audiant,</strong></span> 
     </span>
    </p>
   </div>
   <div class='ocr_carea' id='block_1_24' title="bbox 499 2441 2083 2512">
    <p class='ocr_par' dir='ltr' id='par_1_24' title="bbox 499 2441 2083 2512">
     <span class='ocr_line' id='line_1_24' title="bbox 499 2441 2083 2512; baseline 0.006 -18"><span class='ocrx_word' id='word_1_187' title='bbox 499 2441 602 2496; x_wconf 76' lang='lat' dir='ltr'><strong>nisi</strong></span> <span class='ocrx_word' id='word_1_188' title='bbox 632 2441 806 2512; x_wconf 80' lang='lat' dir='ltr'><strong>majus</strong></span> <span class='ocrx_word' id='word_1_189' title='bbox 848 2442 1123 2498; x_wconf 89' lang='lat' dir='ltr'><strong>damnum.</strong></span> <span class='ocrx_word' id='word_1_190' title='bbox 1173 2445 1381 2500; x_wconf 87' lang='lat' dir='ltr'><strong>Etenim</strong></span> <span class='ocrx_word' id='word_1_191' title='bbox 1418 2457 1600 2502; x_wconf 90' lang='lat' dir='ltr'><strong>sancta</strong></span> <span class='ocrx_word' id='word_1_192' title='bbox 1630 2451 1698 2502; x_wconf 90' lang='lat' dir='ltr'><strong>ab</strong></span> <span class='ocrx_word' id='word_1_193' title='bbox 1726 2449 1789 2503; x_wconf 90' lang='lat' dir='ltr'><strong>iis</strong></span> <span class='ocrx_word' id='word_1_194' title='bbox 1818 2457 2083 2505; x_wconf 88' lang='lat' dir='ltr'><strong>temeran-</strong></span> 
     </span>
    </p>
   </div>
   <div class='ocr_carea' id='block_1_25' title="bbox 499 2535 2078 2608">
    <p class='ocr_par' dir='ltr' id='par_1_25' title="bbox 499 2535 2078 2608">
     <span class='ocr_line' id='line_1_25' title="bbox 499 2535 2078 2608; baseline 0.008 -23"><span class='ocrx_word' id='word_1_195' title='bbox 499 2543 612 2598; x_wconf 88' lang='lat' dir='ltr'><strong>tur,</strong></span> <span class='ocrx_word' id='word_1_196' title='bbox 652 2543 834 2603; x_wconf 90' lang='lat' dir='ltr'><strong>utpote</strong></span> <span class='ocrx_word' id='word_1_197' title='bbox 872 2535 963 2590; x_wconf 85' lang='lat' dir='ltr'><strong>illa</strong></span> <span class='ocrx_word' id='word_1_198' title='bbox 993 2537 1357 2606; x_wconf 82' lang='lat' dir='ltr'><strong>ignorantibus</strong></span> <span class='ocrx_word' id='word_1_199' title='bbox 1388 2557 1400 2592; x_wconf 88' lang='lat'><strong>:</strong></span> <span class='ocrx_word' id='word_1_200' title='bbox 1432 2549 1485 2594; x_wconf 91' lang='lat' dir='ltr'><strong>et</strong></span> <span class='ocrx_word' id='word_1_201' title='bbox 1515 2540 1612 2608; x_wconf 90' lang='lat' dir='ltr'><strong>ipsi</strong></span> <span class='ocrx_word' id='word_1_202' title='bbox 1638 2540 1866 2596; x_wconf 87' lang='lat' dir='ltr'><strong>ferocius</strong></span> <span class='ocrx_word' id='word_1_203' title='bbox 1895 2551 2078 2602; x_wconf 75' lang='lat' dir='ltr'><strong>contra</strong></span> 
     </span>
    </p>
   </div>
   <div class='ocr_carea' id='block_1_26' title="bbox 500 2625 2083 2701">
    <p class='ocr_par' dir='ltr' id='par_1_26' title="bbox 500 2625 2083 2701">
     <span class='ocr_line' id='line_1_26' title="bbox 500 2625 2083 2701; baseline 0.008 -24"><span class='ocrx_word' id='word_1_204' title='bbox 500 2639 598 2680; x_wconf 89' lang='lat' dir='ltr'><strong>nos</strong></span> <span class='ocrx_word' id='word_1_205' title='bbox 629 2625 911 2696; x_wconf 86' lang='lat' dir='ltr'><strong>insurgunt</strong></span> <span class='ocrx_word' id='word_1_206' title='bbox 936 2629 1146 2682; x_wconf 78' lang='lat' dir='ltr'><strong>armati;</strong></span> <span class='ocrx_word' id='word_1_207' title='bbox 1179 2629 1291 2684; x_wconf 94' lang='lat' dir='ltr'><strong>IIoc</strong></span> <span class='ocrx_word' id='word_1_208' title='bbox 1322 2632 1463 2686; x_wconf 90' lang='lat' dir='ltr'><strong>enim</strong></span> <span class='ocrx_word' id='word_1_209' title='bbox 1497 2631 1758 2701; x_wconf 88' lang='lat' dir='ltr'><strong>signiﬁcat</strong></span> <span class='ocrx_word' id='word_1_210' title='bbox 1787 2633 1912 2687; x_wconf 87' lang='lat' dir='ltr'><strong>illttd</strong></span> <span class='ocrx_word' id='word_1_211' title='bbox 1949 2653 1962 2688; x_wconf 93' lang='lat'><strong>:</strong></span> <span class='ocrx_word' id='word_1_212' title='bbox 1999 2634 2083 2689; x_wconf 83' lang='lat' dir='ltr'><strong>Ne</strong></span> 
     </span>
    </p>
   </div>
   <div class='ocr_carea' id='block_1_27' title="bbox 496 2719 2082 2796">
    <p class='ocr_par' dir='ltr' id='par_1_27' title="bbox 496 2719 2082 2796">
     <span class='ocr_line' id='line_1_27' title="bbox 496 2719 2082 2796; baseline 0.009 -28"><span class='ocrx_word' id='word_1_213' title='bbox 496 2719 788 2776; x_wconf 75' lang='lat' dir='ltr'><strong>wnculrent</strong></span> <span class='ocrx_word' id='word_1_214' title='bbox 815 2737 918 2786; x_wconf 87' lang='lat' dir='ltr'><strong>eas,</strong></span> <span class='ocrx_word' id='word_1_215' title='bbox 945 2731 994 2776; x_wconf 89' lang='lat' dir='ltr'><strong>et</strong></span> <span class='ocrx_word' id='word_1_216' title='bbox 1017 2726 1246 2778; x_wconf 77' lang='lat' dir='ltr'><strong>conuersi</strong></span> <span class='ocrx_word' id='word_1_217' title='bbox 1273 2725 1568 2796; x_wconf 81' lang='lat' dir='ltr'><strong>dirumpunt</strong></span> <span class='ocrx_word' id='word_1_218' title='bbox 1595 2742 1700 2781; x_wconf 78' lang='lat' dir='ltr'><strong>vos.</strong></span> <span class='ocrx_word' id='word_1_219' title='bbox 1739 2727 1842 2782; x_wconf 87' lang='lat' dir='ltr'><strong>Sed</strong></span> <span class='ocrx_word' id='word_1_220' title='bbox 1874 2730 1941 2782; x_wconf 90' lang='lat' dir='ltr'><strong>ita</strong></span> <span class='ocrx_word' id='word_1_221' title='bbox 1969 2729 2082 2782; x_wconf 87' lang='lat' dir='ltr'><strong>for-</strong></span> 
     </span>
    </p>
   </div>
   <div class='ocr_carea' id='block_1_28' title="bbox 499 2812 2080 2880">
    <p class='ocr_par' dir='ltr' id='par_1_28' title="bbox 499 2812 2080 2880">
     <span class='ocr_line' id='line_1_28' title="bbox 499 2812 2080 2880; baseline 0.007 -15"><span class='ocrx_word' id='word_1_222' title='bbox 499 2815 621 2867; x_wconf 86' lang='lat' dir='ltr'><strong>titer</strong></span> <span class='ocrx_word' id='word_1_223' title='bbox 648 2812 856 2868; x_wconf 84' lang='lat' dir='ltr'><strong>haerere</strong></span> <span class='ocrx_word' id='word_1_224' title='bbox 877 2815 1162 2880; x_wconf 87' lang='lat' dir='ltr'><strong>debebant,</strong></span> <span class='ocrx_word' id='word_1_225' title='bbox 1187 2825 1241 2870; x_wconf 91' lang='lat' dir='ltr'><strong>ut</strong></span> <span class='ocrx_word' id='word_1_226' title='bbox 1269 2821 1433 2872; x_wconf 86' lang='lat' dir='ltr'><strong>semel</strong></span> <span class='ocrx_word' id='word_1_227' title='bbox 1459 2821 1646 2873; x_wconf 89' lang='lat' dir='ltr'><strong>tradita</strong></span> <span class='ocrx_word' id='word_1_228' title='bbox 1681 2821 1870 2875; x_wconf 85' lang='lat' dir='ltr'><strong>invicta</strong></span> <span class='ocrx_word' id='word_1_229' title='bbox 1893 2837 2080 2877; x_wconf 85' lang='lat' dir='ltr'><strong>mane-</strong></span> 
     </span>
    </p>
   </div>
   <div class='ocr_carea' id='block_1_29' title="bbox 497 2909 2081 2984">
    <p class='ocr_par' dir='ltr' id='par_1_29' title="bbox 497 2909 2081 2984">
     <span class='ocr_line' id='line_1_29' title="bbox 497 2909 2081 2984; baseline 0.008 -28"><span class='ocrx_word' id='word_1_230' title='bbox 497 2912 636 2970; x_wconf 88' lang='lat' dir='ltr'><strong>rent,</strong></span> <span class='ocrx_word' id='word_1_231' title='bbox 667 2921 766 2960; x_wconf 89' lang='lat' dir='ltr'><strong>nec</strong></span> <span class='ocrx_word' id='word_1_232' title='bbox 787 2923 969 2961; x_wconf 89' lang='lat' dir='ltr'><strong>ansam</strong></span> <span class='ocrx_word' id='word_1_233' title='bbox 999 2909 1101 2961; x_wconf 91' lang='lat' dir='ltr'><strong>illis</strong></span> <span class='ocrx_word' id='word_1_234' title='bbox 1128 2917 1312 2963; x_wconf 88' lang='lat' dir='ltr'><strong>contra</strong></span> <span class='ocrx_word' id='word_1_235' title='bbox 1341 2925 1438 2965; x_wconf 91' lang='lat' dir='ltr'><strong>nos</strong></span> <span class='ocrx_word' id='word_1_236' title='bbox 1473 2911 1793 2980; x_wconf 69' lang='lat' dir='ltr'><strong>praeberent.</strong></span> <span class='ocrx_word' id='word_1_237' title='bbox 1817 2913 1930 2967; x_wconf 83' lang='lat' dir='ltr'><strong>Non</strong></span> <span class='ocrx_word' id='word_1_238' title='bbox 1955 2931 2081 2984; x_wconf 66' lang='lat' dir='ltr'><strong>prcc-</strong></span> 
     </span>
    </p>
   </div>
   <div class='ocr_carea' id='block_1_30' title="bbox 496 2993 2078 3073">
    <p class='ocr_par' dir='ltr' id='par_1_30' title="bbox 496 2993 2078 3073">
     <span class='ocr_line' id='line_1_30' title="bbox 496 2993 2078 3073; baseline 0.008 -27"><span class='ocrx_word' id='word_1_239' title='bbox 496 2993 621 3048; x_wconf 87' lang='lat' dir='ltr'><strong>hent</strong></span> <span class='ocrx_word' id='word_1_240' title='bbox 642 3003 819 3048; x_wconf 85' lang='lat' dir='ltr'><strong>autem</strong></span> <span class='ocrx_word' id='word_1_241' title='bbox 840 2997 924 3049; x_wconf 90' lang='lat' dir='ltr'><strong>illa</strong></span> <span class='ocrx_word' id='word_1_242' title='bbox 947 3011 1154 3060; x_wconf 90' lang='lat' dir='ltr'><strong>ansam,</strong></span> <span class='ocrx_word' id='word_1_243' title='bbox 1174 2998 1265 3052; x_wconf 90' lang='lat' dir='ltr'><strong>sed</strong></span> <span class='ocrx_word' id='word_1_244' title='bbox 1289 2997 1342 3052; x_wconf 90' lang='lat' dir='ltr'><strong>hi</strong></span> <span class='ocrx_word' id='word_1_245' title='bbox 1363 3001 1450 3069; x_wconf 85' lang='lat' dir='ltr'><strong>qui</strong></span> <span class='ocrx_word' id='word_1_246' title='bbox 1476 3003 1620 3068; x_wconf 89' lang='lat' dir='ltr'><strong>porci</strong></span> <span class='ocrx_word' id='word_1_247' title='bbox 1643 3012 1798 3056; x_wconf 89' lang='lat' dir='ltr'><strong>sunt:</strong></span> <span class='ocrx_word' id='word_1_248' title='bbox 1822 3006 2078 3073; x_wconf 87' lang='lat' dir='ltr'><strong>quemad-</strong></span> 
     </span>
    </p>
   </div>
   <div class='ocr_carea' id='block_1_31' title="bbox 496 3084 2077 3162">
    <p class='ocr_par' dir='ltr' id='par_1_31' title="bbox 496 3084 2077 3162">
     <span class='ocr_line' id='line_1_31' title="bbox 496 3084 2077 3162; baseline 0.008 -25"><span class='ocrx_word' id='word_1_249' title='bbox 496 3084 709 3139; x_wconf 87' lang='lat' dir='ltr'><strong>modum</strong></span> <span class='ocrx_word' id='word_1_250' title='bbox 731 3087 1010 3156; x_wconf 77' lang='lat' dir='ltr'><strong>margarita</strong></span> <span class='ocrx_word' id='word_1_251' title='bbox 1029 3087 1252 3156; x_wconf 84' lang='lat' dir='ltr'><strong>pedibus</strong></span> <span class='ocrx_word' id='word_1_252' title='bbox 1268 3089 1486 3154; x_wconf 88' lang='lat' dir='ltr'><strong>calcata,</strong></span> <span class='ocrx_word' id='word_1_253' title='bbox 1508 3106 1611 3144; x_wconf 91' lang='lat' dir='ltr'><strong>non</strong></span> <span class='ocrx_word' id='word_1_254' title='bbox 1629 3093 1766 3161; x_wconf 90' lang='lat' dir='ltr'><strong>quod</strong></span> <span class='ocrx_word' id='word_1_255' title='bbox 1781 3097 2077 3162; x_wconf 81' lang='lat' dir='ltr'><strong>spernenda</strong></span> 
     </span>
    </p>
   </div>
   <div class='ocr_carea' id='block_1_32' title="bbox 497 3177 2079 3256">
    <p class='ocr_par' dir='ltr' id='par_1_32' title="bbox 497 3177 2079 3256">
     <span class='ocr_line' id='line_1_32' title="bbox 497 3177 2079 3256; baseline 0.007 -27"><span class='ocrx_word' id='word_1_256' title='bbox 497 3177 565 3229; x_wconf 89' lang='lat' dir='ltr'><strong>sit</strong></span> <span class='ocrx_word' id='word_1_257' title='bbox 605 3177 972 3241; x_wconf 86' lang='lat' dir='ltr'><strong>conculcatur,</strong></span> <span class='ocrx_word' id='word_1_258' title='bbox 1006 3178 1098 3232; x_wconf 85' lang='lat' dir='ltr'><strong>sed</strong></span> <span class='ocrx_word' id='word_1_259' title='bbox 1129 3179 1248 3247; x_wconf 82' lang='lat' dir='ltr'><strong>quia</strong></span> <span class='ocrx_word' id='word_1_260' title='bbox 1298 3180 1350 3233; x_wconf 94' lang='lat' dir='ltr'><strong>in</strong></span> <span class='ocrx_word' id='word_1_261' title='bbox 1383 3195 1571 3250; x_wconf 90' lang='lat' dir='ltr'><strong>porcos</strong></span> <span class='ocrx_word' id='word_1_262' title='bbox 1601 3183 1803 3238; x_wconf 86' lang='lat' dir='ltr'><strong>incidit.</strong></span> <span class='ocrx_word' id='word_1_263' title='bbox 1837 3188 1912 3239; x_wconf 86' lang='lat' dir='ltr'><strong>Ac</strong></span> <span class='ocrx_word' id='word_1_264' title='bbox 1957 3187 2079 3256; x_wconf 93' lang='lat' dir='ltr'><strong>pul-</strong></span> 
     </span>
    </p>
   </div>
   <div class='ocr_carea' id='block_1_33' title="bbox 493 3270 2078 3350">
    <p class='ocr_par' dir='ltr' id='par_1_33' title="bbox 493 3270 2078 3350">
     <span class='ocr_line' id='line_1_33' title="bbox 493 3270 2078 3350; baseline 0.008 -28"><span class='ocrx_word' id='word_1_265' title='bbox 493 3270 623 3324; x_wconf 88' lang='lat' dir='ltr'><strong>chre</strong></span> <span class='ocrx_word' id='word_1_266' title='bbox 646 3271 780 3325; x_wconf 77' lang='lat' dir='ltr'><strong>dixit</strong></span> <span class='ocrx_word' id='word_1_267' title='bbox 806 3288 818 3323; x_wconf 89' lang='lat'><strong>:</strong></span> <span class='ocrx_word' id='word_1_268' title='bbox 843 3271 1080 3326; x_wconf 83' lang='lat' dir='ltr'><strong>Conversi</strong></span> <span class='ocrx_word' id='word_1_269' title='bbox 1099 3273 1394 3344; x_wconf 81' lang='lat' dir='ltr'><strong>dirumpunt</strong></span> <span class='ocrx_word' id='word_1_270' title='bbox 1412 3290 1522 3329; x_wconf 78' lang='lat' dir='ltr'><strong>vos.</strong></span> <span class='ocrx_word' id='word_1_271' title='bbox 1551 3277 1859 3332; x_wconf 82' lang='lat' dir='ltr'><strong>Modestiam</strong></span> <span class='ocrx_word' id='word_1_272' title='bbox 1883 3282 2078 3350; x_wconf 85' lang='lat' dir='ltr'><strong>quippe</strong></span> 
     </span>
    </p>
   </div>
   <div class='ocr_carea' id='block_1_34' title="bbox 493 3362 2073 3439">
    <p class='ocr_par' dir='ltr' id='par_1_34' title="bbox 493 3362 2073 3439">
     <span class='ocr_line' id='line_1_34' title="bbox 493 3362 2073 3439; baseline 0.008 -25"><span class='ocrx_word' id='word_1_273' title='bbox 493 3362 780 3429; x_wconf 90' lang='lat' dir='ltr'><strong>simulant,</strong></span> <span class='ocrx_word' id='word_1_274' title='bbox 834 3371 892 3417; x_wconf 92' lang='lat' dir='ltr'><strong>ut</strong></span> <span class='ocrx_word' id='word_1_275' title='bbox 937 3363 1188 3431; x_wconf 88' lang='lat' dir='ltr'><strong>discant;</strong></span> <span class='ocrx_word' id='word_1_276' title='bbox 1236 3373 1515 3436; x_wconf 89' lang='lat' dir='ltr'><strong>postquam</strong></span> <span class='ocrx_word' id='word_1_277' title='bbox 1563 3384 1692 3424; x_wconf 83' lang='lat' dir='ltr'><strong>vero</strong></span> <span class='ocrx_word' id='word_1_278' title='bbox 1738 3370 2073 3439; x_wconf 91' lang='lat' dir='ltr'><strong>didicerunt,</strong></span> 
     </span>
    </p>
   </div>
   <div class='ocr_carea' id='block_1_35' title="bbox 494 3457 2079 3528">
    <p class='ocr_par' dir='ltr' id='par_1_35' title="bbox 494 3457 2079 3528">
     <span class='ocr_line' id='line_1_35' title="bbox 494 3457 2079 3528; baseline 0.007 -20"><span class='ocrx_word' id='word_1_279' title='bbox 494 3457 582 3509; x_wconf 84' lang='lat' dir='ltr'><strong>alii</strong></span> <span class='ocrx_word' id='word_1_280' title='bbox 637 3472 702 3510; x_wconf 82' lang='lat' dir='ltr'><strong>ex</strong></span> <span class='ocrx_word' id='word_1_281' title='bbox 755 3458 875 3512; x_wconf 88' lang='lat' dir='ltr'><strong>aliis</strong></span> <span class='ocrx_word' id='word_1_282' title='bbox 924 3457 1096 3513; x_wconf 85' lang='lat' dir='ltr'><strong>ell‘ccti</strong></span> <span class='ocrx_word' id='word_1_283' title='bbox 1153 3457 1380 3514; x_wconf 87' lang='lat' dir='ltr'><strong>illudttnt</strong></span> <span class='ocrx_word' id='word_1_284' title='bbox 1433 3460 1622 3528; x_wconf 91' lang='lat' dir='ltr'><strong>nobis,</strong></span> <span class='ocrx_word' id='word_1_285' title='bbox 1689 3464 1970 3518; x_wconf 82' lang='lat' dir='ltr'><strong>traducunt</strong></span> <span class='ocrx_word' id='word_1_286' title='bbox 2024 3475 2079 3519; x_wconf 92' lang='lat' dir='ltr'><strong>et</strong></span> 
     </span>
    </p>
   </div>
   <div class='ocr_carea' id='block_1_36' title="bbox 495 3549 2078 3624">
    <p class='ocr_par' dir='ltr' id='par_1_36' title="bbox 495 3549 2078 3624">
     <span class='ocr_line' id='line_1_36' title="bbox 495 3549 2078 3624; baseline 0.004 -22"><span class='ocrx_word' id='word_1_287' title='bbox 495 3549 717 3604; x_wconf 87' lang='lat' dir='ltr'><strong>irrident</strong></span> <span class='ocrx_word' id='word_1_288' title='bbox 762 3565 860 3605; x_wconf 90' lang='lat' dir='ltr'><strong>nos</strong></span> <span class='ocrx_word' id='word_1_289' title='bbox 903 3551 1053 3622; x_wconf 85' lang='lat' dir='ltr'><strong>quasi</strong></span> <span class='ocrx_word' id='word_1_290' title='bbox 1100 3550 1372 3623; x_wconf 90' lang='lat' dir='ltr'><strong>deceptos.</strong></span> <span class='ocrx_word' id='word_1_291' title='bbox 1404 3553 1632 3624; x_wconf 90' lang='lat' dir='ltr'><strong>Ideoque</strong></span> <span class='ocrx_word' id='word_1_292' title='bbox 1673 3556 1864 3610; x_wconf 81' lang='lat' dir='ltr'><strong>Paulus</strong></span> <span class='ocrx_word' id='word_1_293' title='bbox 1897 3556 2078 3611; x_wconf 86' lang='lat' dir='ltr'><strong>Timo-</strong></span> 
     </span>
    </p>
   </div>
   <div class='ocr_carea' id='block_1_37' title="bbox 491 3641 2076 3708">
    <p class='ocr_par' dir='ltr' id='par_1_37' title="bbox 491 3641 2076 3708">
     <span class='ocr_line' id='line_1_37' title="bbox 491 3641 2076 3708; baseline 0.005 -14"><span class='ocrx_word' id='word_1_294' title='bbox 491 3641 620 3694; x_wconf 87' lang='lat' dir='ltr'><strong>theo</strong></span> <span class='ocrx_word' id='word_1_295' title='bbox 665 3641 876 3696; x_wconf 83' lang='lat' dir='ltr'><strong>dicebat</strong></span> <span class='ocrx_word' id='word_1_296' title='bbox 924 3659 937 3695; x_wconf 92' lang='lat'>:</span> <span class='ocrx_word' id='word_1_297' title='bbox 992 3643 1151 3708; x_wconf 81' lang='lat' dir='ltr'><strong>Quem</strong></span> <span class='ocrx_word' id='word_1_298' title='bbox 1181 3653 1229 3697; x_wconf 86' lang='lat' dir='ltr'><strong>et</strong></span> <span class='ocrx_word' id='word_1_299' title='bbox 1273 3653 1329 3696; x_wconf 88' lang='lat' dir='ltr'><strong>tu</strong></span> <span class='ocrx_word' id='word_1_300' title='bbox 1376 3645 1542 3699; x_wconf 84' lang='lat' dir='ltr'><strong>devita</strong></span> <span class='ocrx_word' id='word_1_301' title='bbox 1569 3661 1588 3700; x_wconf 91' lang='lat'><strong><em>:</em></strong></span> <span class='ocrx_word' id='word_1_302' title='bbox 1636 3647 1783 3701; x_wconf 78' lang='lat' dir='ltr'><strong>valde</strong></span> <span class='ocrx_word' id='word_1_303' title='bbox 1821 3649 1952 3701; x_wconf 86' lang='lat' dir='ltr'><strong>enim</strong></span> <span class='ocrx_word' id='word_1_304' title='bbox 1993 3666 2076 3703; x_wconf 86' lang='lat' dir='ltr'><strong>re-</strong></span> 
     </span>
    </p>
   </div>
   <div class='ocr_carea' id='block_1_38' title="bbox 490 3732 2077 3810">
    <p class='ocr_par' dir='ltr' id='par_1_38' title="bbox 490 3732 2077 3810">
     <span class='ocr_line' id='line_1_38' title="bbox 490 3732 2077 3810; baseline 0.008 -27"><span class='ocrx_word' id='word_1_305' title='bbox 490 3733 616 3785; x_wconf 76' lang='lat' dir='ltr'><strong>stitit</strong></span> <span class='ocrx_word' id='word_1_306' title='bbox 663 3733 827 3787; x_wconf 77' lang='lat' dir='ltr'><strong>verbis</strong></span> <span class='ocrx_word' id='word_1_307' title='bbox 881 3735 1065 3789; x_wconf 75' lang='lat' dir='ltr'><strong>nostris</strong></span> <span class='ocrx_word' id='word_1_308' title='bbox 1113 3732 1133 3806; x_wconf 93' lang='lat'><strong>(</strong></span> <span class='ocrx_word' id='word_1_309' title='bbox 1170 3733 1225 3788; x_wconf 75' lang='grc'><strong>2.</strong></span> <span class='ocrx_word' id='word_1_310' title='bbox 1282 3733 1418 3789; x_wconf 87' lang='lat' dir='ltr'><strong>Tim.</strong></span> <span class='ocrx_word' id='word_1_311' title='bbox 1478 3737 1532 3790; x_wconf 78' lang='grc'><strong>4.</strong></span> <span class='ocrx_word' id='word_1_312' title='bbox 1576 3737 1642 3793; x_wconf 82' lang='lat' dir='ltr'><strong>l5</strong></span> <span class='ocrx_word' id='word_1_313' title='bbox 1670 3734 1725 3810; x_wconf 92' lang='lat'><strong>);</strong></span> <span class='ocrx_word' id='word_1_314' title='bbox 1784 3754 2077 3808; x_wconf 81' lang='lat' dir='ltr'><strong>rursusque</strong></span> 
     </span>
    </p>
   </div>
   <div class='ocr_carea' id='block_1_39' title="bbox 491 3824 2077 3897">
    <p class='ocr_par' dir='ltr' id='par_1_39' title="bbox 491 3824 2077 3897">
     <span class='ocr_line' id='line_1_39' title="bbox 491 3824 2077 3897; baseline -0.001 -20"><span class='ocrx_word' id='word_1_315' title='bbox 491 3825 636 3889; x_wconf 84' lang='lat' dir='ltr'><strong>alibi,</strong></span> <span class='ocrx_word' id='word_1_316' title='bbox 670 3824 737 3879; x_wconf 83' lang='lat' dir='ltr'><strong>Et</strong></span> <span class='ocrx_word' id='word_1_317' title='bbox 761 3825 852 3880; x_wconf 85' lang='lat' dir='ltr'><strong>hos</strong></span> <span class='ocrx_word' id='word_1_318' title='bbox 877 3824 1040 3879; x_wconf 78' lang='lat' dir='ltr'><strong>devita</strong></span> <span class='ocrx_word' id='word_1_319' title='bbox 1065 3825 1143 3894; x_wconf 69' lang='lat'><strong>(2.</strong></span> <span class='ocrx_word' id='word_1_320' title='bbox 1175 3825 1306 3879; x_wconf 86' lang='lat' dir='ltr'><strong>Tim.</strong></span> <span class='ocrx_word' id='word_1_321' title='bbox 1343 3827 1396 3881; x_wconf 79' lang='lat'><strong>3.</strong></span> <span class='ocrx_word' id='word_1_322' title='bbox 1428 3827 1518 3897; x_wconf 81' lang='lat'><strong>5);</strong></span> <span class='ocrx_word' id='word_1_323' title='bbox 1547 3836 1622 3893; x_wconf 90' lang='lat' dir='ltr'><strong>et,</strong></span> <span class='ocrx_word' id='word_1_324' title='bbox 1657 3827 1963 3883; x_wconf 74' lang='lat' dir='ltr'><strong>Han‘eticum</strong></span> <span class='ocrx_word' id='word_1_325' title='bbox 1984 3833 2077 3884; x_wconf 87' lang='lat' dir='ltr'><strong>lto.</strong></span> 
     </span>
    </p>
   </div>
   <div class='ocr_carea' id='block_1_40' title="bbox 493 3919 2072 3992">
    <p class='ocr_par' dir='ltr' id='par_1_40' title="bbox 493 3919 2072 3992">
     <span class='ocr_line' id='line_1_40' title="bbox 493 3919 2072 3992; baseline 0.004 -21"><span class='ocrx_word' id='word_1_326' title='bbox 493 3919 676 3973; x_wconf 86' lang='lat' dir='ltr'><strong>minem</strong></span> <span class='ocrx_word' id='word_1_327' title='bbox 705 3929 816 3990; x_wconf 81' lang='lat' dir='ltr'><strong>post</strong></span> <span class='ocrx_word' id='word_1_328' title='bbox 841 3936 997 3973; x_wconf 88' lang='lat' dir='ltr'><strong>unam</strong></span> <span class='ocrx_word' id='word_1_329' title='bbox 1022 3930 1066 3974; x_wconf 89' lang='lat' dir='ltr'><strong>et</strong></span> <span class='ocrx_word' id='word_1_330' title='bbox 1105 3921 1318 3974; x_wconf 81' lang='lat' dir='ltr'><strong>alterum</strong></span> <span class='ocrx_word' id='word_1_331' title='bbox 1342 3921 1733 3976; x_wconf 83' lang='lat' dir='ltr'><strong>admonitionem</strong></span> <span class='ocrx_word' id='word_1_332' title='bbox 1759 3922 1923 3976; x_wconf 77' lang='lat' dir='ltr'><strong>devita</strong></span> <span class='ocrx_word' id='word_1_333' title='bbox 1944 3923 2072 3992; x_wconf 84' lang='lat' dir='ltr'><strong>(Tit.</strong></span> 
     </span>
    </p>
   </div>
   <div class='ocr_carea' id='block_1_41' title="bbox 489 4007 2078 4093">
    <p class='ocr_par' dir='ltr' id='par_1_41' title="bbox 489 4007 2078 4093">
     <span class='ocr_line' id='line_1_41' title="bbox 489 4007 2078 4093; baseline 0.004 -31"><span class='ocrx_word' id='word_1_334' title='bbox 489 4007 543 4063; x_wconf 76' lang='grc'><strong>5.</strong></span> <span class='ocrx_word' id='word_1_335' title='bbox 577 4009 685 4080; x_wconf 79' lang='grc'><strong>10).</strong></span> <span class='ocrx_word' id='word_1_336' title='bbox 717 4009 832 4064; x_wconf 84' lang='grc' dir='ltr'><strong>Νοη</strong></span> <span class='ocrx_word' id='word_1_337' title='bbox 859 4011 1020 4081; x_wconf 82' lang='lat' dir='ltr'><strong>igitur</strong></span> <span class='ocrx_word' id='word_1_338' title='bbox 1045 4011 1113 4066; x_wconf 91' lang='lat' dir='ltr'><strong>ab</strong></span> <span class='ocrx_word' id='word_1_339' title='bbox 1139 4011 1244 4068; x_wconf 89' lang='lat' dir='ltr'><strong>illis</strong></span> <span class='ocrx_word' id='word_1_340' title='bbox 1264 4021 1561 4076; x_wconf 82' lang='lat' dir='ltr'><strong>armantur,</strong></span> <span class='ocrx_word' id='word_1_341' title='bbox 1594 4013 1688 4068; x_wconf 91' lang='lat' dir='ltr'><strong>sed</strong></span> <span class='ocrx_word' id='word_1_342' title='bbox 1714 4029 1897 4069; x_wconf 91' lang='lat' dir='ltr'><strong>eorum</strong></span> <span class='ocrx_word' id='word_1_343' title='bbox 1918 4029 2078 4093; x_wconf 71' lang='lat' dir='ltr'><strong>peca-</strong></span> 
     </span>
    </p>
   </div>
   <div class='ocr_carea' id='block_1_42' title="bbox 490 4102 2073 4178">
    <p class='ocr_par' dir='ltr' id='par_1_42' title="bbox 490 4102 2073 4178">
     <span class='ocr_line' id='line_1_42' title="bbox 490 4102 2073 4178; baseline 0.001 -20"><span class='ocrx_word' id='word_1_344' title='bbox 490 4103 645 4158; x_wconf 89' lang='lat' dir='ltr'><strong>sioue</strong></span> <span class='ocrx_word' id='word_1_345' title='bbox 667 4102 814 4158; x_wconf 62' lang='lat' dir='ltr'><strong>‘stulti</strong></span> <span class='ocrx_word' id='word_1_346' title='bbox 853 4103 1106 4169; x_wconf 84' lang='lat' dir='ltr'><strong>evadunt,</strong></span> <span class='ocrx_word' id='word_1_347' title='bbox 1134 4105 1324 4174; x_wconf 86' lang='lat' dir='ltr'><strong>majori</strong></span> <span class='ocrx_word' id='word_1_348' title='bbox 1350 4107 1649 4176; x_wconf 77' lang='lat' dir='ltr'><strong>arrOgantia</strong></span> <span class='ocrx_word' id='word_1_349' title='bbox 1686 4107 1892 4178; x_wconf 80' lang='lat' dir='ltr'><strong>repleti.</strong></span> <span class='ocrx_word' id='word_1_350' title='bbox 1919 4108 2073 4162; x_wconf 85' lang='lat' dir='ltr'><strong>Ideo-</strong></span> 
     </span>
    </p>
   </div>
   <div class='ocr_carea' id='block_1_43' title="bbox 489 4197 2071 4270">
    <p class='ocr_par' dir='ltr' id='par_1_43' title="bbox 489 4197 2071 4270">
     <span class='ocr_line' id='line_1_43' title="bbox 489 4197 2071 4270; baseline 0.002 -20"><span class='ocrx_word' id='word_1_351' title='bbox 489 4211 593 4266; x_wconf 88' lang='lat' dir='ltr'><strong>que</strong></span> <span class='ocrx_word' id='word_1_352' title='bbox 615 4211 720 4250; x_wconf 88' lang='lat' dir='ltr'><strong>non</strong></span> <span class='ocrx_word' id='word_1_353' title='bbox 742 4211 926 4266; x_wconf 86' lang='lat' dir='ltr'><strong>parum</strong></span> <span class='ocrx_word' id='word_1_354' title='bbox 953 4197 1086 4251; x_wconf 88' lang='lat' dir='ltr'><strong>lucri</strong></span> <span class='ocrx_word' id='word_1_355' title='bbox 1115 4197 1237 4252; x_wconf 91' lang='lat' dir='ltr'><strong>inde</strong></span> <span class='ocrx_word' id='word_1_356' title='bbox 1259 4197 1482 4263; x_wconf 86' lang='lat' dir='ltr'><strong>accedit,</strong></span> <span class='ocrx_word' id='word_1_357' title='bbox 1511 4199 1552 4252; x_wconf 87' lang='lat' dir='ltr'><strong>si</strong></span> <span class='ocrx_word' id='word_1_358' title='bbox 1579 4198 1630 4253; x_wconf 90' lang='lat' dir='ltr'><strong>in</strong></span> <span class='ocrx_word' id='word_1_359' title='bbox 1653 4214 1748 4254; x_wconf 88' lang='lat' dir='ltr'><strong>sua</strong></span> <span class='ocrx_word' id='word_1_360' title='bbox 1777 4199 2071 4270; x_wconf 83' lang='lat' dir='ltr'><strong>ignorantia</strong></span> 
     </span>
    </p>
   </div>
   <div class='ocr_carea' id='block_1_44' title="bbox 491 4289 2142 4359">
    <p class='ocr_par' dir='ltr' id='par_1_44' title="bbox 491 4289 2142 4359">
     <span class='ocr_line' id='line_1_44' title="bbox 491 4289 2142 4359; baseline 0.004 -16"><span class='ocrx_word' id='word_1_361' title='bbox 491 4299 784 4343; x_wconf 86' lang='lat' dir='ltr'><strong>maneant:</strong></span> <span class='ocrx_word' id='word_1_362' title='bbox 831 4289 910 4343; x_wconf 87' lang='lat' dir='ltr'><strong>sic</strong></span> <span class='ocrx_word' id='word_1_363' title='bbox 938 4289 1081 4344; x_wconf 91' lang='lat' dir='ltr'><strong>enim</strong></span> <span class='ocrx_word' id='word_1_364' title='bbox 1125 4304 1232 4343; x_wconf 88' lang='lat' dir='ltr'><strong>non</strong></span> <span class='ocrx_word' id='word_1_365' title='bbox 1263 4289 1332 4342; x_wconf 88' lang='lat' dir='ltr'><strong>ita</strong></span> <span class='ocrx_word' id='word_1_366' title='bbox 1363 4289 1676 4359; x_wconf 83' lang='lat' dir='ltr'><strong>despicieut.</strong></span> <span class='ocrx_word' id='word_1_367' title='bbox 1726 4291 1782 4347; x_wconf 88' lang='lat' dir='ltr'><strong>Si</strong></span> <span class='ocrx_word' id='word_1_368' title='bbox 1825 4306 1952 4344; x_wconf 87' lang='lat' dir='ltr'><strong>vero</strong></span> <span class='ocrx_word' id='word_1_369' title='bbox 1994 4290 2078 4345; x_wconf 78' lang='lat' dir='ltr'><strong>di-</strong></span> <span class='ocrx_word' id='word_1_370' title='bbox 2137 4347 2142 4349; x_wconf 89' lang='lat'>_</span> 
     </span>
    </p>
   </div>
   <div class='ocr_carea' id='block_1_45' title="bbox 491 4381 2072 4450">
    <p class='ocr_par' dir='ltr' id='par_1_45' title="bbox 491 4381 2072 4450">
     <span class='ocr_line' id='line_1_45' title="bbox 491 4381 2072 4450; baseline 0.001 -16"><span class='ocrx_word' id='word_1_371' title='bbox 491 4388 663 4445; x_wconf 83' lang='lat' dir='ltr'><strong>scant,</strong></span> <span class='ocrx_word' id='word_1_372' title='bbox 704 4381 901 4450; x_wconf 80' lang='lat' dir='ltr'><strong>duplex</strong></span> <span class='ocrx_word' id='word_1_373' title='bbox 927 4382 1154 4450; x_wconf 84' lang='lat' dir='ltr'><strong>emergit</strong></span> <span class='ocrx_word' id='word_1_374' title='bbox 1183 4381 1453 4436; x_wconf 81' lang='lat' dir='ltr'><strong>damnum.</strong></span> <span class='ocrx_word' id='word_1_375' title='bbox 1502 4382 1581 4436; x_wconf 93' lang='lat' dir='ltr'><strong>lIIi</strong></span> <span class='ocrx_word' id='word_1_376' title='bbox 1621 4384 1762 4437; x_wconf 86' lang='lat' dir='ltr'><strong>enim</strong></span> <span class='ocrx_word' id='word_1_377' title='bbox 1794 4383 1916 4438; x_wconf 89' lang='lat' dir='ltr'><strong>inde</strong></span> <span class='ocrx_word' id='word_1_378' title='bbox 1941 4383 2072 4438; x_wconf 82' lang='lat' dir='ltr'><strong>nihil</strong></span> 
     </span>
    </p>
   </div>
   <div class='ocr_carea' id='block_1_46' title="bbox 489 4472 2074 4546">
    <p class='ocr_par' dir='ltr' id='par_1_46' title="bbox 489 4472 2074 4546">
     <span class='ocr_line' id='line_1_46' title="bbox 489 4472 2074 4546; baseline 0.003 -20"><span class='ocrx_word' id='word_1_379' title='bbox 489 4474 694 4528; x_wconf 84' lang='lat' dir='ltr'><strong>fructus</strong></span> <span class='ocrx_word' id='word_1_380' title='bbox 721 4472 1043 4542; x_wconf 88' lang='lat' dir='ltr'><strong>percipient;</strong></span> <span class='ocrx_word' id='word_1_381' title='bbox 1076 4474 1183 4527; x_wconf 90' lang='lat' dir='ltr'><strong>imo</strong></span> <span class='ocrx_word' id='word_1_382' title='bbox 1209 4475 1376 4544; x_wconf 81' lang='lat' dir='ltr'><strong>magis</strong></span> <span class='ocrx_word' id='word_1_383' title='bbox 1404 4473 1682 4538; x_wconf 73' lang='lat' dir='ltr'><strong>Izcdentur,</strong></span> <span class='ocrx_word' id='word_1_384' title='bbox 1710 4475 1907 4546; x_wconf 85' lang='lat' dir='ltr'><strong>tibique</strong></span> <span class='ocrx_word' id='word_1_385' title='bbox 1929 4477 2074 4531; x_wconf 88' lang='lat' dir='ltr'><strong>mille</strong></span> 
     </span>
    </p>
   </div>
   <div class='ocr_carea' id='block_1_47' title="bbox 491 4565 2076 4638">
    <p class='ocr_par' dir='ltr' id='par_1_47' title="bbox 491 4565 2076 4638">
     <span class='ocr_line' id='line_1_47' title="bbox 491 4565 2076 4638; baseline 0.003 -21"><span class='ocrx_word' id='word_1_386' title='bbox 491 4567 699 4635; x_wconf 79' lang='lat' dir='ltr'><strong>negotia</strong></span> <span class='ocrx_word' id='word_1_387' title='bbox 742 4565 1099 4620; x_wconf 86' lang='lat' dir='ltr'><strong>suscitabunt.</strong></span> <span class='ocrx_word' id='word_1_388' title='bbox 1148 4565 1380 4620; x_wconf 85' lang='lat' dir='ltr'><strong>Audiant</strong></span> <span class='ocrx_word' id='word_1_389' title='bbox 1419 4565 1454 4620; x_wconf 90' lang='lat' dir='ltr'><strong>ii</strong></span> <span class='ocrx_word' id='word_1_390' title='bbox 1480 4567 1568 4636; x_wconf 90' lang='lat' dir='ltr'><strong>qui</strong></span> <span class='ocrx_word' id='word_1_391' title='bbox 1596 4566 1935 4638; x_wconf 86' lang='lat' dir='ltr'><strong>impudenter</strong></span> <span class='ocrx_word' id='word_1_392' title='bbox 1960 4582 2076 4623; x_wconf 85' lang='lat' dir='ltr'><strong>ont-</strong></span> 
     </span>
    </p>
   </div>
   <div class='ocr_carea' id='block_1_48' title="bbox 490 4657 2072 4728">
    <p class='ocr_par' dir='ltr' id='par_1_48' title="bbox 490 4657 2072 4728">
     <span class='ocr_line' id='line_1_48' title="bbox 490 4657 2072 4728; baseline 0 -16"><span class='ocrx_word' id='word_1_393' title='bbox 490 4658 644 4712; x_wconf 84' lang='lat' dir='ltr'><strong>nibus</strong></span> <span class='ocrx_word' id='word_1_394' title='bbox 671 4673 731 4713; x_wconf 91' lang='lat' dir='ltr'><strong>se</strong></span> <span class='ocrx_word' id='word_1_395' title='bbox 755 4657 1070 4723; x_wconf 89' lang='lat' dir='ltr'><strong>admiscent,</strong></span> <span class='ocrx_word' id='word_1_396' title='bbox 1115 4666 1170 4712; x_wconf 91' lang='lat' dir='ltr'><strong>et</strong></span> <span class='ocrx_word' id='word_1_397' title='bbox 1197 4657 1500 4711; x_wconf 82' lang='lat' dir='ltr'><strong>veneranda</strong></span> <span class='ocrx_word' id='word_1_398' title='bbox 1527 4671 1751 4728; x_wconf 69' lang='lat' dir='ltr'><strong>qumque</strong></span> <span class='ocrx_word' id='word_1_399' title='bbox 1774 4658 2072 4727; x_wconf 87' lang='lat' dir='ltr'><strong>spernenda</strong></span> 
     </span>
    </p>
   </div>
   <div class='ocr_carea' id='block_1_49' title="bbox 413 4749 2074 4823">
    <p class='ocr_par' dir='ltr' id='par_1_49' title="bbox 413 4749 2074 4823">
     <span class='ocr_line' id='line_1_49' title="bbox 413 4749 2074 4823; baseline -0.001 -19"><span class='ocrx_word' id='word_1_400' title='bbox 413 4774 422 4783; x_wconf 88' lang='lat'><strong>-</strong></span> <span class='ocrx_word' id='word_1_401' title='bbox 490 4751 738 4804; x_wconf 84' lang='lat' dir='ltr'><strong>reddunt.</strong></span> <span class='ocrx_word' id='word_1_402' title='bbox 785 4750 916 4805; x_wconf 84' lang='lat' dir='ltr'><strong>Nam</strong></span> <span class='ocrx_word' id='word_1_403' title='bbox 963 4750 1213 4823; x_wconf 85' lang='lat' dir='ltr'><strong>mysteria</strong></span> <span class='ocrx_word' id='word_1_404' title='bbox 1254 4750 1374 4804; x_wconf 87' lang='lat' dir='ltr'><strong>ideo</strong></span> <span class='ocrx_word' id='word_1_405' title='bbox 1401 4749 1580 4820; x_wconf 89' lang='lat' dir='ltr'><strong>januis</strong></span> <span class='ocrx_word' id='word_1_406' title='bbox 1607 4749 1801 4804; x_wconf 87' lang='lat' dir='ltr'><strong>clausis</strong></span> <span class='ocrx_word' id='word_1_407' title='bbox 1834 4749 2074 4804; x_wconf 87' lang='lat' dir='ltr'><strong>celebra-</strong></span> 
     </span>
    </p>
   </div>
   <div class='ocr_carea' id='block_1_50' title="bbox 493 4839 2076 4909">
    <p class='ocr_par' dir='ltr' id='par_1_50' title="bbox 493 4839 2076 4909">
     <span class='ocr_line' id='line_1_50' title="bbox 493 4839 2076 4909; baseline 0.001 -17"><span class='ocrx_word' id='word_1_408' title='bbox 493 4854 630 4908; x_wconf 87' lang='lat' dir='ltr'><strong>mus,</strong></span> <span class='ocrx_word' id='word_1_409' title='bbox 655 4850 706 4895; x_wconf 91' lang='lat' dir='ltr'><strong>et</strong></span> <span class='ocrx_word' id='word_1_410' title='bbox 736 4858 841 4896; x_wconf 91' lang='lat' dir='ltr'><strong>non</strong></span> <span class='ocrx_word' id='word_1_411' title='bbox 884 4841 1117 4895; x_wconf 87' lang='lat' dir='ltr'><strong>initiatos</strong></span> <span class='ocrx_word' id='word_1_412' title='bbox 1154 4841 1445 4909; x_wconf 86' lang='lat' dir='ltr'><strong>abigimus,</strong></span> <span class='ocrx_word' id='word_1_413' title='bbox 1487 4855 1592 4894; x_wconf 92' lang='lat' dir='ltr'><strong>non</strong></span> <span class='ocrx_word' id='word_1_414' title='bbox 1627 4839 1767 4909; x_wconf 89' lang='lat' dir='ltr'><strong>quod</strong></span> <span class='ocrx_word' id='word_1_415' title='bbox 1799 4839 2076 4893; x_wconf 89' lang='lat' dir='ltr'><strong>inﬁrmita-</strong></span> 
     </span>
    </p>
   </div>
   <div class='ocr_carea' id='block_1_51' title="bbox 492 4933 2072 5003">
    <p class='ocr_par' dir='ltr' id='par_1_51' title="bbox 492 4933 2072 5003">
     <span class='ocr_line' id='line_1_51' title="bbox 492 4933 2072 5003; baseline 0.001 -19"><span class='ocrx_word' id='word_1_416' title='bbox 492 4941 598 4985; x_wconf 88' lang='lat' dir='ltr'><strong>tem</strong></span> <span class='ocrx_word' id='word_1_417' title='bbox 625 4933 906 5000; x_wconf 86' lang='lat' dir='ltr'><strong>quamdam</strong></span> <span class='ocrx_word' id='word_1_418' title='bbox 936 4934 986 4988; x_wconf 91' lang='lat' dir='ltr'><strong>in</strong></span> <span class='ocrx_word' id='word_1_419' title='bbox 1019 4934 1122 4989; x_wconf 88' lang='lat' dir='ltr'><strong>illis</strong></span> <span class='ocrx_word' id='word_1_420' title='bbox 1151 4933 1637 5003; x_wconf 88' lang='lat' dir='ltr'><strong>deprehendamus,</strong></span> <span class='ocrx_word' id='word_1_421' title='bbox 1662 4933 1754 4988; x_wconf 90' lang='lat' dir='ltr'><strong>sed</strong></span> <span class='ocrx_word' id='word_1_422' title='bbox 1779 4934 1896 5002; x_wconf 88' lang='lat' dir='ltr'><strong>quia</strong></span> <span class='ocrx_word' id='word_1_423' title='bbox 1923 4933 2072 4988; x_wconf 88' lang='lat' dir='ltr'><strong>multi</strong></span> 
     </span>
    </p>
   </div>
   <div class='ocr_carea' id='block_1_52' title="bbox 492 5020 2069 5093">
    <p class='ocr_par' dir='ltr' id='par_1_52' title="bbox 492 5020 2069 5093">
     <span class='ocr_line' id='line_1_52' title="bbox 492 5020 2069 5093; baseline 0.003 -19"><span class='ocrx_word' id='word_1_424' title='bbox 492 5020 910 5091; x_wconf 79' lang='lat' dir='ltr'><strong>impcrfectiores</strong></span> <span class='ocrx_word' id='word_1_425' title='bbox 955 5032 1101 5088; x_wconf 90' lang='lat' dir='ltr'><strong>sunt,</strong></span> <span class='ocrx_word' id='word_1_426' title='bbox 1133 5039 1288 5093; x_wconf 91' lang='lat' dir='ltr'><strong>quam</strong></span> <span class='ocrx_word' id='word_1_427' title='bbox 1337 5033 1395 5078; x_wconf 91' lang='lat' dir='ltr'><strong>ut</strong></span> <span class='ocrx_word' id='word_1_428' title='bbox 1445 5023 1575 5092; x_wconf 88' lang='lat' dir='ltr'><strong>ipsis</strong></span> <span class='ocrx_word' id='word_1_429' title='bbox 1619 5023 1823 5092; x_wconf 85' lang='lat' dir='ltr'><strong>possint</strong></span> <span class='ocrx_word' id='word_1_430' title='bbox 1859 5023 2069 5078; x_wconf 78' lang='lat' dir='ltr'><strong>adesse.</strong></span> 
     </span>
    </p>
   </div>
   <div class='ocr_carea' id='block_1_53' title="bbox 491 5112 2072 5186">
    <p class='ocr_par' dir='ltr' id='par_1_53' title="bbox 491 5112 2072 5186">
     <span class='ocr_line' id='line_1_53' title="bbox 491 5112 2072 5186; baseline 0 -18"><span class='ocrx_word' id='word_1_431' title='bbox 491 5112 616 5168; x_wconf 89' lang='lat' dir='ltr'><strong>Ideo</strong></span> <span class='ocrx_word' id='word_1_432' title='bbox 654 5113 742 5166; x_wconf 91' lang='lat' dir='ltr'><strong>ille</strong></span> <span class='ocrx_word' id='word_1_433' title='bbox 779 5113 936 5166; x_wconf 90' lang='lat' dir='ltr'><strong>multa</strong></span> <span class='ocrx_word' id='word_1_434' title='bbox 979 5113 1032 5166; x_wconf 90' lang='lat' dir='ltr'><strong>in</strong></span> <span class='ocrx_word' id='word_1_435' title='bbox 1076 5115 1339 5184; x_wconf 88' lang='lat' dir='ltr'><strong>parabolis</strong></span> <span class='ocrx_word' id='word_1_436' title='bbox 1367 5116 1681 5186; x_wconf 90' lang='lat' dir='ltr'><strong>loquebatur</strong></span> <span class='ocrx_word' id='word_1_437' title='bbox 1702 5114 1918 5178; x_wconf 67' lang='lat' dir='ltr'><strong>Judmis,</strong></span> <span class='ocrx_word' id='word_1_438' title='bbox 1949 5116 2072 5186; x_wconf 90' lang='lat' dir='ltr'><strong>quia</strong></span> 
     </span>
    </p>
   </div>
   <div class='ocr_carea' id='block_1_54' title="bbox 492 5205 2074 5277">
    <p class='ocr_par' dir='ltr' id='par_1_54' title="bbox 492 5205 2074 5277">
     <span class='ocr_line' id='line_1_54' title="bbox 492 5205 2074 5277; baseline 0.004 -21"><span class='ocrx_word' id='word_1_439' title='bbox 492 5205 735 5260; x_wconf 78' lang='lat' dir='ltr'><strong>videntes</strong></span> <span class='ocrx_word' id='word_1_440' title='bbox 761 5221 866 5259; x_wconf 85' lang='lat' dir='ltr'><strong>non</strong></span> <span class='ocrx_word' id='word_1_441' title='bbox 892 5205 1160 5260; x_wconf 79' lang='lat' dir='ltr'><strong>videbant.</strong></span> <span class='ocrx_word' id='word_1_442' title='bbox 1187 5207 1518 5277; x_wconf 84' lang='lat' dir='ltr'><strong>Quapropter</strong></span> <span class='ocrx_word' id='word_1_443' title='bbox 1543 5209 1738 5263; x_wconf 80' lang='lat' dir='ltr'><strong>Paulus</strong></span> <span class='ocrx_word' id='word_1_444' title='bbox 1764 5209 2074 5275; x_wconf 84' lang='lat' dir='ltr'><strong>scirejussit</strong></span> 
     </span>
    </p>
   </div>
   <div class='ocr_carea' id='block_1_55' title="bbox 489 5295 2068 5368">
    <p class='ocr_par' dir='ltr' id='par_1_55' title="bbox 489 5295 2068 5368">
     <span class='ocr_line' id='line_1_55' title="bbox 489 5295 2068 5368; baseline 0.004 -22"><span class='ocrx_word' id='word_1_445' title='bbox 489 5295 760 5364; x_wconf 89' lang='lat' dir='ltr'><strong>quomodo</strong></span> <span class='ocrx_word' id='word_1_446' title='bbox 807 5304 1050 5362; x_wconf 83' lang='lat' dir='ltr'><strong>oporteat</strong></span> <span class='ocrx_word' id='word_1_447' title='bbox 1088 5297 1368 5367; x_wconf 89' lang='lat' dir='ltr'><strong>unicuique</strong></span> <span class='ocrx_word' id='word_1_448' title='bbox 1411 5298 1758 5368; x_wconf 87' lang='lat' dir='ltr'><strong>respondere.</strong></span> <span class='ocrx_word' id='word_1_449' title='bbox 1800 5300 1830 5351; x_wconf 85' lang='lat'><strong>7</strong></span> <span class='ocrx_word' id='word_1_450' title='bbox 1887 5297 2068 5363; x_wconf 81' lang='lat' dir='ltr'><strong>Petite,</strong></span> 
     </span>
    </p>
   </div>
   <div class='ocr_carea' id='block_1_56' title="bbox 490 5385 2074 5461">
    <p class='ocr_par' dir='ltr' id='par_1_56' title="bbox 490 5385 2074 5461">
     <span class='ocr_line' id='line_1_56' title="bbox 490 5385 2074 5461; baseline 0.005 -24"><span class='ocrx_word' id='word_1_451' title='bbox 490 5396 536 5438; x_wconf 80' lang='lat' dir='ltr'><strong>et</strong></span> <span class='ocrx_word' id='word_1_452' title='bbox 561 5385 764 5439; x_wconf 82' lang='lat' dir='ltr'><strong>dabitur</strong></span> <span class='ocrx_word' id='word_1_453' title='bbox 791 5385 958 5448; x_wconf 75' lang='lat' dir='ltr'><strong>vobis;</strong></span> <span class='ocrx_word' id='word_1_454' title='bbox 988 5388 1215 5456; x_wconf 79' lang='lat' dir='ltr'><strong>qnterite,</strong></span> <span class='ocrx_word' id='word_1_455' title='bbox 1248 5397 1292 5441; x_wconf 88' lang='lat' dir='ltr'><strong>et</strong></span> <span class='ocrx_word' id='word_1_456' title='bbox 1315 5388 1570 5443; x_wconf 73' lang='lat' dir='ltr'><strong>invenietis</strong></span> <span class='ocrx_word' id='word_1_457' title='bbox 1587 5404 1607 5454; x_wconf 87' lang='lat'><strong><em>;</em></strong></span> <span class='ocrx_word' id='word_1_458' title='bbox 1636 5390 1850 5457; x_wconf 81' lang='lat' dir='ltr'><strong>pulsate,</strong></span> <span class='ocrx_word' id='word_1_459' title='bbox 1883 5398 1931 5443; x_wconf 82' lang='lat' dir='ltr'><strong>et</strong></span> <span class='ocrx_word' id='word_1_460' title='bbox 1961 5407 2074 5461; x_wconf 86' lang='lat' dir='ltr'><strong>ape-</strong></span> 
     </span>
    </p>
   </div>
   <div class='ocr_carea' id='block_1_57' title="bbox 489 5477 2069 5552">
    <p class='ocr_par' dir='ltr' id='par_1_57' title="bbox 489 5477 2069 5552">
     <span class='ocr_line' id='line_1_57' title="bbox 489 5477 2069 5552; baseline 0.003 -22"><span class='ocrx_word' id='word_1_461' title='bbox 489 5482 646 5533; x_wconf 81' lang='lat' dir='ltr'><strong>rietur</strong></span> <span class='ocrx_word' id='word_1_462' title='bbox 665 5477 819 5533; x_wconf 79' lang='lat' dir='ltr'><strong>vobis.</strong></span> <span class='ocrx_word' id='word_1_463' title='bbox 851 5479 980 5546; x_wconf 89' lang='lat' dir='ltr'><strong>Quia</strong></span> <span class='ocrx_word' id='word_1_464' title='bbox 1011 5478 1152 5533; x_wconf 90' lang='lat' dir='ltr'><strong>enim</strong></span> <span class='ocrx_word' id='word_1_465' title='bbox 1175 5493 1362 5549; x_wconf 79' lang='lat' dir='ltr'><strong>magna</strong></span> <span class='ocrx_word' id='word_1_466' title='bbox 1386 5489 1441 5535; x_wconf 87' lang='lat' dir='ltr'><strong>et</strong></span> <span class='ocrx_word' id='word_1_467' title='bbox 1469 5481 1778 5536; x_wconf 89' lang='lat' dir='ltr'><strong>admiranda</strong></span> <span class='ocrx_word' id='word_1_468' title='bbox 1803 5482 2069 5552; x_wconf 61' lang='lat' dir='ltr'><strong>praecepit,</strong></span> 
     </span>
    </p>
   </div>
   <div class='ocr_carea' id='block_1_58' title="bbox 492 5567 2073 5642">
    <p class='ocr_par' dir='ltr' id='par_1_58' title="bbox 492 5567 2073 5642">
     <span class='ocr_line' id='line_1_58' title="bbox 492 5567 2073 5642; baseline 0.005 -24"><span class='ocrx_word' id='word_1_469' title='bbox 492 5569 739 5624; x_wconf 83' lang='lat' dir='ltr'><strong>omnibus</strong></span> <span class='ocrx_word' id='word_1_470' title='bbox 772 5569 936 5638; x_wconf 86' lang='lat' dir='ltr'><strong>jussit</strong></span> <span class='ocrx_word' id='word_1_471' title='bbox 962 5567 1242 5625; x_wconf 85' lang='lat' dir='ltr'><strong>aﬁ&#39;ectibus</strong></span> <span class='ocrx_word' id='word_1_472' title='bbox 1267 5583 1385 5626; x_wconf 87' lang='lat' dir='ltr'><strong>esse</strong></span> <span class='ocrx_word' id='word_1_473' title='bbox 1437 5572 1761 5641; x_wconf 87' lang='lat' dir='ltr'><strong>superiores,</strong></span> <span class='ocrx_word' id='word_1_474' title='bbox 1792 5572 1860 5626; x_wconf 89' lang='lat' dir='ltr'><strong>ad</strong></span> <span class='ocrx_word' id='word_1_475' title='bbox 1903 5573 2073 5642; x_wconf 89' lang='lat' dir='ltr'><strong>ipsum</strong></span> 
     </span>
    </p>
   </div>
   <div class='ocr_carea' id='block_1_59' title="bbox 489 5657 2072 5733">
    <p class='ocr_par' dir='ltr' id='par_1_59' title="bbox 489 5657 2072 5733">
     <span class='ocr_line' id='line_1_59' title="bbox 489 5657 2072 5733; baseline 0.002 -17"><span class='ocrx_word' id='word_1_476' title='bbox 489 5663 679 5718; x_wconf 71' lang='lat' dir='ltr'><strong>malum</strong></span> <span class='ocrx_word' id='word_1_477' title='bbox 711 5661 942 5725; x_wconf 76' lang='lat' dir='ltr'><strong>adduxit,</strong></span> <span class='ocrx_word' id='word_1_478' title='bbox 968 5675 1033 5718; x_wconf 90' lang='lat' dir='ltr'><strong>ac</strong></span> <span class='ocrx_word' id='word_1_479' title='bbox 1059 5657 1276 5719; x_wconf 86' lang='lat' dir='ltr'><strong>studere</strong></span> <span class='ocrx_word' id='word_1_480' title='bbox 1301 5663 1572 5732; x_wconf 64' lang='lat' dir='ltr'><strong>praecepit,</strong></span> <span class='ocrx_word' id='word_1_481' title='bbox 1621 5678 1724 5718; x_wconf 92' lang='lat' dir='ltr'><strong>non</strong></span> <span class='ocrx_word' id='word_1_482' title='bbox 1767 5671 1824 5717; x_wconf 85' lang='lat' dir='ltr'><strong>ut</strong></span> <span class='ocrx_word' id='word_1_483' title='bbox 1872 5663 2072 5733; x_wconf 81' lang='lat' dir='ltr'><strong>angelis</strong></span> 
     </span>
    </p>
   </div>
   <div class='ocr_carea' id='block_1_60' title="bbox 1225 305 3050 366">
    <p class='ocr_par' dir='ltr' id='par_1_60' title="bbox 1225 305 3050 366">
     <span class='ocr_line' id='line_1_60' title="bbox 1225 305 3050 366; baseline 0.001 -3"><span class='ocrx_word' id='word_1_484' title='bbox 1225 305 1278 363; x_wconf 89' lang='lat' dir='ltr'><strong>S.</strong></span> <span class='ocrx_word' id='word_1_485' title='bbox 1315 305 1594 364; x_wconf 80' lang='lat' dir='ltr'><strong>JOANNIS</strong></span> <span class='ocrx_word' id='word_1_486' title='bbox 1630 305 2099 365; x_wconf 76' lang='lat' dir='ltr'><strong>CllRYSOSTOMl</strong></span> <span class='ocrx_word' id='word_1_487' title='bbox 2137 307 2436 366; x_wconf 82' lang='lat' dir='ltr'><strong>ARCIIIEP</strong></span> <span class='ocrx_word' id='word_1_488' title='bbox 2495 309 3050 366; x_wconf 80' lang='lat' dir='ltr'><strong>CONSTANTINOP.</strong></span> 
     </span>
    </p>
   </div>
   <div class='ocr_carea' id='block_1_61' title="bbox 3659 313 3784 364">
    <p class='ocr_par' dir='ltr' id='par_1_61' title="bbox 3659 313 3784 364">
     <span class='ocr_line' id='line_1_61' title="bbox 3659 313 3784 364; baseline 0 0"><span class='ocrx_word' id='word_1_489' title='bbox 3659 313 3784 364; x_wconf 68' lang='grc'><strong>512</strong></span> 
     </span>
    </p>
   </div>
   <div class='ocr_carea' id='block_1_62' title="bbox 2186 421 3784 494">
    <p class='ocr_par' dir='ltr' id='par_1_62' title="bbox 2186 421 3784 494">
     <span class='ocr_line' id='line_1_62' title="bbox 2186 421 3784 494; baseline -0.004 -16"><span class='ocrx_word' id='word_1_490' title='bbox 2186 433 2238 478; x_wconf 93' lang='lat' dir='ltr'><strong>et</strong></span> <span class='ocrx_word' id='word_1_491' title='bbox 2267 423 2636 494; x_wconf 81' lang='lat' dir='ltr'><strong>archangelis,</strong></span> <span class='ocrx_word' id='word_1_492' title='bbox 2663 423 2756 478; x_wconf 90' lang='lat' dir='ltr'><strong>sed</strong></span> <span class='ocrx_word' id='word_1_493' title='bbox 2784 423 2883 493; x_wconf 85' lang='lat' dir='ltr'><strong>ipsi</strong></span> <span class='ocrx_word' id='word_1_494' title='bbox 2909 422 3151 477; x_wconf 90' lang='lat' dir='ltr'><strong>omnium</strong></span> <span class='ocrx_word' id='word_1_495' title='bbox 3180 421 3407 476; x_wconf 86' lang='lat' dir='ltr'><strong>Domino</strong></span> <span class='ocrx_word' id='word_1_496' title='bbox 3427 423 3466 486; x_wconf 86' lang='grc'><strong>¹,</strong></span> <span class='ocrx_word' id='word_1_497' title='bbox 3496 431 3784 490; x_wconf 84' lang='lat' dir='ltr'><strong>quantum</strong></span> 
     </span>
    </p>
   </div>
   <div class='ocr_carea' id='block_1_63' title="bbox 2189 510 3784 580">
    <p class='ocr_par' dir='ltr' id='par_1_63' title="bbox 2189 510 3784 580">
     <span class='ocr_line' id='line_1_63' title="bbox 2189 510 3784 580; baseline -0.001 -14"><span class='ocrx_word' id='word_1_498' title='bbox 2189 512 2301 566; x_wconf 90' lang='lat' dir='ltr'><strong>ﬁeri</strong></span> <span class='ocrx_word' id='word_1_499' title='bbox 2337 512 2485 577; x_wconf 92' lang='lat' dir='ltr'><strong>licet,</strong></span> <span class='ocrx_word' id='word_1_500' title='bbox 2528 512 2738 567; x_wconf 76' lang='lat' dir='ltr'><strong>similes</strong></span> <span class='ocrx_word' id='word_1_501' title='bbox 2763 511 2952 567; x_wconf 89' lang='lat' dir='ltr'><strong>simus.</strong></span> <span class='ocrx_word' id='word_1_502' title='bbox 3004 511 3309 580; x_wconf 85' lang='lat' dir='ltr'><strong>Discipulos</strong></span> <span class='ocrx_word' id='word_1_503' title='bbox 3334 526 3462 565; x_wconf 78' lang='lat' dir='ltr'><strong>vero</strong></span> <span class='ocrx_word' id='word_1_504' title='bbox 3497 525 3604 564; x_wconf 91' lang='lat' dir='ltr'><strong>non</strong></span> <span class='ocrx_word' id='word_1_505' title='bbox 3662 510 3784 565; x_wconf 88' lang='lat' dir='ltr'><strong>hoc</strong></span> 
     </span>
    </p>
   </div>
   <div class='ocr_carea' id='block_1_64' title="bbox 2187 602 3784 676">
    <p class='ocr_par' dir='ltr' id='par_1_64' title="bbox 2187 602 3784 676">
     <span class='ocr_line' id='line_1_64' title="bbox 2187 602 3784 676; baseline -0.002 -17"><span class='ocrx_word' id='word_1_506' title='bbox 2187 606 2362 659; x_wconf 85' lang='lat' dir='ltr'><strong>solum</strong></span> <span class='ocrx_word' id='word_1_507' title='bbox 2413 604 2696 676; x_wconf 89' lang='lat' dir='ltr'><strong>perﬁcere,</strong></span> <span class='ocrx_word' id='word_1_508' title='bbox 2728 603 2820 660; x_wconf 91' lang='lat' dir='ltr'><strong>sed</strong></span> <span class='ocrx_word' id='word_1_509' title='bbox 2858 613 2914 658; x_wconf 91' lang='lat' dir='ltr'><strong>et</strong></span> <span class='ocrx_word' id='word_1_510' title='bbox 2945 605 3082 659; x_wconf 90' lang='lat' dir='ltr'><strong>alios</strong></span> <span class='ocrx_word' id='word_1_511' title='bbox 3123 605 3415 658; x_wconf 90' lang='lat' dir='ltr'><strong>emendare</strong></span> <span class='ocrx_word' id='word_1_512' title='bbox 3447 602 3635 672; x_wconf 82' lang='lat' dir='ltr'><strong>jussit,</strong></span> <span class='ocrx_word' id='word_1_513' title='bbox 3703 617 3784 656; x_wconf 84' lang='lat' dir='ltr'><strong>ac</strong></span> 
     </span>
    </p>
   </div>
   <div class='ocr_carea' id='block_1_65' title="bbox 2185 692 3780 760">
    <p class='ocr_par' dir='ltr' id='par_1_65' title="bbox 2185 692 3780 760">
     <span class='ocr_line' id='line_1_65' title="bbox 2185 692 3780 760; baseline -0.001 -10"><span class='ocrx_word' id='word_1_514' title='bbox 2185 695 2496 751; x_wconf 87' lang='lat' dir='ltr'><strong>discernere</strong></span> <span class='ocrx_word' id='word_1_515' title='bbox 2531 696 2669 750; x_wconf 88' lang='lat' dir='ltr'><strong>inter</strong></span> <span class='ocrx_word' id='word_1_516' title='bbox 2704 697 2876 751; x_wconf 88' lang='lat' dir='ltr'><strong>malos</strong></span> <span class='ocrx_word' id='word_1_517' title='bbox 2905 692 2960 750; x_wconf 77' lang='lat' dir='ltr'><strong>e&#39;t</strong></span> <span class='ocrx_word' id='word_1_518' title='bbox 2992 695 3182 760; x_wconf 87' lang='lat' dir='ltr'><strong>bonos,</strong></span> <span class='ocrx_word' id='word_1_519' title='bbox 3213 695 3354 750; x_wconf 87' lang='lat' dir='ltr'><strong>inter</strong></span> <span class='ocrx_word' id='word_1_520' title='bbox 3383 708 3548 750; x_wconf 84' lang='lat' dir='ltr'><strong>canes</strong></span> <span class='ocrx_word' id='word_1_521' title='bbox 3575 703 3632 749; x_wconf 84' lang='lat' dir='ltr'><strong>et</strong></span> <span class='ocrx_word' id='word_1_522' title='bbox 3656 709 3780 749; x_wconf 87' lang='lat' dir='ltr'><strong>non</strong></span> 
     </span>
    </p>
   </div>
   <div class='ocr_carea' id='block_1_66' title="bbox 2186 786 3784 855">
    <p class='ocr_par' dir='ltr' id='par_1_66' title="bbox 2186 786 3784 855">
     <span class='ocr_line' id='line_1_66' title="bbox 2186 786 3784 855; baseline 0.001 -13"><span class='ocrx_word' id='word_1_523' title='bbox 2186 802 2350 842; x_wconf 90' lang='lat' dir='ltr'><strong>canes</strong></span> <span class='ocrx_word' id='word_1_524' title='bbox 2379 787 2572 855; x_wconf 87' lang='lat' dir='ltr'><strong>(multa</strong></span> <span class='ocrx_word' id='word_1_525' title='bbox 2601 796 2781 842; x_wconf 89' lang='lat' dir='ltr'><strong>autem</strong></span> <span class='ocrx_word' id='word_1_526' title='bbox 2807 799 2933 842; x_wconf 91' lang='lat' dir='ltr'><strong>sunt</strong></span> <span class='ocrx_word' id='word_1_527' title='bbox 2957 789 3010 842; x_wconf 88' lang='lat' dir='ltr'><strong>itt</strong></span> <span class='ocrx_word' id='word_1_528' title='bbox 3044 787 3359 842; x_wconf 87' lang='lat' dir='ltr'><strong>hominibus</strong></span> <span class='ocrx_word' id='word_1_529' title='bbox 3395 786 3660 853; x_wconf 88' lang='lat' dir='ltr'><strong>occulta),</strong></span> <span class='ocrx_word' id='word_1_530' title='bbox 3700 803 3784 843; x_wconf 82' lang='lat' dir='ltr'><strong>ne</strong></span> 
     </span>
    </p>
   </div>
   <div class='ocr_carea' id='block_1_67' title="bbox 2185 876 3783 933">
    <p class='ocr_par' dir='ltr' id='par_1_67' title="bbox 2185 876 3783 933">
     <span class='ocr_line' id='line_1_67' title="bbox 2185 876 3783 933; baseline 0 -1"><span class='ocrx_word' id='word_1_531' title='bbox 2185 877 2427 933; x_wconf 85' lang='lat' dir='ltr'><strong>dicerent</strong></span> <span class='ocrx_word' id='word_1_532' title='bbox 2466 877 2580 931; x_wconf 84' lang='lat' dir='ltr'><strong>haec</strong></span> <span class='ocrx_word' id='word_1_533' title='bbox 2609 877 2744 932; x_wconf 87' lang='lat' dir='ltr'><strong>dura</strong></span> <span class='ocrx_word' id='word_1_534' title='bbox 2772 888 2826 932; x_wconf 90' lang='lat' dir='ltr'><strong>et</strong></span> <span class='ocrx_word' id='word_1_535' title='bbox 2848 878 3209 932; x_wconf 87' lang='lat' dir='ltr'><strong>intolerabilia</strong></span> <span class='ocrx_word' id='word_1_536' title='bbox 3235 893 3376 933; x_wconf 81' lang='lat' dir='ltr'><strong>esse.</strong></span> <span class='ocrx_word' id='word_1_537' title='bbox 3435 876 3568 931; x_wconf 84' lang='lat' dir='ltr'><strong>Nam</strong></span> <span class='ocrx_word' id='word_1_538' title='bbox 3596 879 3654 930; x_wconf 91' lang='lat' dir='ltr'><strong>iu</strong></span> <span class='ocrx_word' id='word_1_539' title='bbox 3681 893 3783 932; x_wconf 84' lang='lat' dir='ltr'><strong>se-</strong></span> 
     </span>
    </p>
   </div>
   <div class='ocr_carea' id='block_1_68' title="bbox 2185 968 3784 1040">
    <p class='ocr_par' dir='ltr' id='par_1_68' title="bbox 2185 968 3784 1040">
     <span class='ocr_line' id='line_1_68' title="bbox 2185 968 3784 1040; baseline -0.003 -15"><span class='ocrx_word' id='word_1_540' title='bbox 2185 968 2478 1040; x_wconf 89' lang='lat' dir='ltr'><strong>quentibus</strong></span> <span class='ocrx_word' id='word_1_541' title='bbox 2516 969 2631 1023; x_wconf 85' lang='lat' dir='ltr'><strong>Itaec</strong></span> <span class='ocrx_word' id='word_1_542' title='bbox 2661 969 2865 1024; x_wconf 86' lang='lat' dir='ltr'><strong>Petrus</strong></span> <span class='ocrx_word' id='word_1_543' title='bbox 2898 970 3170 1040; x_wconf 88' lang='lat' dir='ltr'><strong>loquitur:</strong></span> <span class='ocrx_word' id='word_1_544' title='bbox 3217 970 3349 1034; x_wconf 80' lang='lat' dir='ltr'><strong>Quis</strong></span> <span class='ocrx_word' id='word_1_545' title='bbox 3388 978 3556 1039; x_wconf 77' lang='lat' dir='ltr'><strong>potest</strong></span> <span class='ocrx_word' id='word_1_546' title='bbox 3585 969 3784 1022; x_wconf 70' lang='lat' dir='ltr'><strong>saluus</strong></span> 
     </span>
    </p>
   </div>
   <div class='ocr_carea' id='block_1_69' title="bbox 2185 1059 3786 1121">
    <p class='ocr_par' dir='ltr' id='par_1_69' title="bbox 2185 1059 3786 1121">
     <span class='ocr_line' id='line_1_69' title="bbox 2185 1059 3786 1121; baseline -0.001 -7"><span class='ocrx_word' id='word_1_547' title='bbox 2185 1063 2339 1116; x_wconf 80' lang='lat' dir='ltr'><strong>esse?</strong></span> <span class='ocrx_word' id='word_1_548' title='bbox 2385 1059 2450 1114; x_wconf 82' lang='lat' dir='ltr'><strong>Et</strong></span> <span class='ocrx_word' id='word_1_549' title='bbox 2479 1076 2700 1117; x_wconf 88' lang='lat' dir='ltr'><strong>rursus:</strong></span> <span class='ocrx_word' id='word_1_550' title='bbox 2752 1061 2814 1117; x_wconf 90' lang='lat' dir='ltr'><strong>Si</strong></span> <span class='ocrx_word' id='word_1_551' title='bbox 2835 1063 2912 1115; x_wconf 78' lang='lat' dir='ltr'><strong>ita</strong></span> <span class='ocrx_word' id='word_1_552' title='bbox 2939 1074 3017 1115; x_wconf 86' lang='lat' dir='ltr'><strong>est</strong></span> <span class='ocrx_word' id='word_1_553' title='bbox 3039 1079 3204 1115; x_wconf 85' lang='lat' dir='ltr'><strong>causa</strong></span> <span class='ocrx_word' id='word_1_554' title='bbox 3238 1061 3488 1121; x_wconf 83' lang='lat' dir='ltr'><strong>hominis,</strong></span> <span class='ocrx_word' id='word_1_555' title='bbox 3541 1077 3646 1112; x_wconf 79' lang='lat' dir='ltr'><strong>non</strong></span> <span class='ocrx_word' id='word_1_556' title='bbox 3677 1077 3786 1113; x_wconf 70' lang='lat' dir='ltr'><strong>ea:-</strong></span> 
     </span>
    </p>
   </div>
   <div class='ocr_carea' id='block_1_70' title="bbox 2183 1153 3168 1222">
    <p class='ocr_par' dir='ltr' id='par_1_70' title="bbox 2183 1153 3168 1222">
     <span class='ocr_line' id='line_1_70' title="bbox 2183 1153 3168 1222; baseline 0.002 -16"><span class='ocrx_word' id='word_1_557' title='bbox 2183 1155 2325 1220; x_wconf 80' lang='lat' dir='ltr'><strong>pedit</strong></span> <span class='ocrx_word' id='word_1_558' title='bbox 2356 1156 2546 1209; x_wconf 85' lang='lat' dir='ltr'><strong>nubere</strong></span> <span class='ocrx_word' id='word_1_559' title='bbox 2577 1153 2797 1222; x_wconf 80' lang='lat' dir='ltr'><strong>(Matth.</strong></span> <span class='ocrx_word' id='word_1_560' title='bbox 2827 1155 2910 1208; x_wconf 88' lang='lat' dir='ltr'><strong>I9.</strong></span> <span class='ocrx_word' id='word_1_561' title='bbox 2948 1153 3020 1206; x_wconf 72' lang='grc'><strong>25</strong></span> <span class='ocrx_word' id='word_1_562' title='bbox 3060 1153 3168 1222; x_wconf 79' lang='grc'><strong>10).</strong></span> 
     </span>
    </p>
   </div>
   <div class='ocr_carea' id='block_1_71' title="bbox 2266 1254 3786 1333">
    <p class='ocr_par' dir='ltr' id='par_1_71' title="bbox 2266 1254 3786 1333">
     <span class='ocr_line' id='line_1_71' title="bbox 2266 1254 3786 1333; baseline 0.009 -25"><span class='ocrx_word' id='word_1_563' title='bbox 2266 1254 2319 1308; x_wconf 79' lang='grc'><strong>4.</strong></span> <span class='ocrx_word' id='word_1_564' title='bbox 2356 1255 2618 1326; x_wconf 75' lang='grc' dir='ltr'><strong>Ρνωεερῑα</strong></span> <span class='ocrx_word' id='word_1_565' title='bbox 2647 1260 2932 1330; x_wconf 79' lang='lat' dir='ltr'><strong>evangelica</strong></span> <span class='ocrx_word' id='word_1_566' title='bbox 2969 1263 3218 1333; x_wconf 80' lang='lat' dir='ltr'><strong>precando</strong></span> <span class='ocrx_word' id='word_1_567' title='bbox 3257 1265 3475 1319; x_wconf 83' lang='lat' dir='ltr'><strong>allevare</strong></span> <span class='ocrx_word' id='word_1_568' title='bbox 3516 1267 3786 1322; x_wconf 75' lang='lat' dir='ltr'><strong>debenms.</strong></span> 
     </span>
    </p>
   </div>
   <div class='ocr_carea' id='block_1_72' title="bbox 2200 1343 3779 1422">
    <p class='ocr_par' dir='ltr' id='par_1_72' title="bbox 2200 1343 3779 1422">
     <span class='ocr_line' id='line_1_72' title="bbox 2200 1343 3779 1422; baseline 0.01 -26"><span class='ocrx_word' id='word_1_569' title='bbox 2200 1343 2625 1402; x_wconf 77' lang='lat' dir='ltr'><strong>Perseverandum</strong></span> <span class='ocrx_word' id='word_1_570' title='bbox 2649 1350 2701 1402; x_wconf 88' lang='lat' dir='ltr'><strong>in</strong></span> <span class='ocrx_word' id='word_1_571' title='bbox 2730 1351 2974 1404; x_wconf 87' lang='lat' dir='ltr'><strong>oratione.</strong></span> <span class='ocrx_word' id='word_1_572' title='bbox 3014 1383 3087 1393; x_wconf 98' lang='lat'>—</span> <span class='ocrx_word' id='word_1_573' title='bbox 3128 1353 3206 1408; x_wconf 82' lang='lat' dir='ltr'><strong>Ne</strong></span> <span class='ocrx_word' id='word_1_574' title='bbox 3252 1355 3413 1422; x_wconf 84' lang='lat' dir='ltr'><strong>igitur</strong></span> <span class='ocrx_word' id='word_1_575' title='bbox 3464 1355 3578 1411; x_wconf 73' lang='lat' dir='ltr'><strong>[nec</strong></span> <span class='ocrx_word' id='word_1_576' title='bbox 3610 1361 3779 1412; x_wconf 80' lang='lat' dir='ltr'><strong>etiam</strong></span> 
     </span>
    </p>
   </div>
   <div class='ocr_carea' id='block_1_73' title="bbox 2196 1438 3786 1512">
    <p class='ocr_par' dir='ltr' id='par_1_73' title="bbox 2196 1438 3786 1512">
     <span class='ocr_line' id='line_1_73' title="bbox 2196 1438 3786 1512; baseline 0.009 -22"><span class='ocrx_word' id='word_1_577' title='bbox 2196 1453 2336 1492; x_wconf 88' lang='lat' dir='ltr'><strong>nunc</strong></span> <span class='ocrx_word' id='word_1_578' title='bbox 2364 1438 2574 1503; x_wconf 89' lang='lat' dir='ltr'><strong>dicant,</strong></span> <span class='ocrx_word' id='word_1_579' title='bbox 2608 1457 2726 1494; x_wconf 87' lang='lat' dir='ltr'><strong>cum</strong></span> <span class='ocrx_word' id='word_1_580' title='bbox 2771 1443 2879 1510; x_wconf 88' lang='lat' dir='ltr'><strong>jam</strong></span> <span class='ocrx_word' id='word_1_581' title='bbox 2913 1443 2962 1496; x_wconf 93' lang='lat' dir='ltr'><strong>in</strong></span> <span class='ocrx_word' id='word_1_582' title='bbox 2993 1445 3418 1512; x_wconf 71' lang='lat' dir='ltr'><strong>prmcedcntihus</strong></span> <span class='ocrx_word' id='word_1_583' title='bbox 3457 1449 3786 1504; x_wconf 67' lang='lat' dir='ltr'><strong>ostendisset</strong></span> 
     </span>
    </p>
   </div>
   <div class='ocr_carea' id='block_1_74' title="bbox 2198 1529 3786 1605">
    <p class='ocr_par' dir='ltr' id='par_1_74' title="bbox 2198 1529 3786 1605">
     <span class='ocr_line' id='line_1_74' title="bbox 2198 1529 3786 1605; baseline 0.009 -25"><span class='ocrx_word' id='word_1_584' title='bbox 2198 1529 2280 1582; x_wconf 90' lang='lat' dir='ltr'><strong>illa</strong></span> <span class='ocrx_word' id='word_1_585' title='bbox 2334 1544 2451 1584; x_wconf 87' lang='lat' dir='ltr'><strong>esse</strong></span> <span class='ocrx_word' id='word_1_586' title='bbox 2495 1532 2703 1599; x_wconf 84' lang='lat' dir='ltr'><strong>facilia,</strong></span> <span class='ocrx_word' id='word_1_587' title='bbox 2750 1535 3044 1589; x_wconf 84' lang='lat' dir='ltr'><strong>ratiociniis</strong></span> <span class='ocrx_word' id='word_1_588' title='bbox 3083 1536 3446 1605; x_wconf 72' lang='lat' dir='ltr'><strong>frequentibus</strong></span> <span class='ocrx_word' id='word_1_589' title='bbox 3494 1540 3786 1605; x_wconf 85' lang='lat' dir='ltr'><strong>adductis,</strong></span> 
     </span>
    </p>
   </div>
   <div class='ocr_carea' id='block_1_75' title="bbox 2195 1620 3782 1691">
    <p class='ocr_par' dir='ltr' id='par_1_75' title="bbox 2195 1620 3782 1691">
     <span class='ocr_line' id='line_1_75' title="bbox 2195 1620 3782 1691; baseline 0.008 -21"><span class='ocrx_word' id='word_1_590' title='bbox 2195 1634 2311 1688; x_wconf 77' lang='lat' dir='ltr'><strong>qua:</strong></span> <span class='ocrx_word' id='word_1_591' title='bbox 2334 1620 2382 1672; x_wconf 90' lang='lat' dir='ltr'><strong>id</strong></span> <span class='ocrx_word' id='word_1_592' title='bbox 2405 1622 2630 1675; x_wconf 70' lang='lat' dir='ltr'><strong>suadere</strong></span> <span class='ocrx_word' id='word_1_593' title='bbox 2663 1635 2896 1691; x_wconf 66' lang='lat' dir='ltr'><strong>possunt,</strong></span> <span class='ocrx_word' id='word_1_594' title='bbox 2929 1625 3142 1680; x_wconf 90' lang='lat' dir='ltr'><strong>demum</strong></span> <span class='ocrx_word' id='word_1_595' title='bbox 3178 1629 3440 1681; x_wconf 78' lang='lat' dir='ltr'><strong>facilitatis</strong></span> <span class='ocrx_word' id='word_1_596' title='bbox 3467 1630 3782 1683; x_wconf 78' lang='lat' dir='ltr'><strong>cornuidem</strong></span> 
     </span>
    </p>
   </div>
   <div class='ocr_carea' id='block_1_76' title="bbox 2194 1711 3779 1784">
    <p class='ocr_par' dir='ltr' id='par_1_76' title="bbox 2194 1711 3779 1784">
     <span class='ocr_line' id='line_1_76' title="bbox 2194 1711 3779 1784; baseline 0.008 -23"><span class='ocrx_word' id='word_1_597' title='bbox 2194 1711 2442 1778; x_wconf 87' lang='lat' dir='ltr'><strong>apponit,</strong></span> <span class='ocrx_word' id='word_1_598' title='bbox 2471 1727 2577 1766; x_wconf 90' lang='lat' dir='ltr'><strong>non</strong></span> <span class='ocrx_word' id='word_1_599' title='bbox 2620 1713 2820 1783; x_wconf 87' lang='lat' dir='ltr'><strong>vulgari</strong></span> <span class='ocrx_word' id='word_1_600' title='bbox 2866 1718 3159 1784; x_wconf 77' lang='lat' dir='ltr'><strong>excogitata</strong></span> <span class='ocrx_word' id='word_1_601' title='bbox 3204 1719 3252 1770; x_wconf 89' lang='lat' dir='ltr'><strong>iu</strong></span> <span class='ocrx_word' id='word_1_602' title='bbox 3284 1718 3555 1772; x_wconf 78' lang='lat' dir='ltr'><strong>laboribus</strong></span> <span class='ocrx_word' id='word_1_603' title='bbox 3582 1736 3779 1774; x_wconf 83' lang='lat' dir='ltr'><strong>conso-</strong></span> 
     </span>
    </p>
   </div>
   <div class='ocr_carea' id='block_1_77' title="bbox 2194 1803 3777 1876">
    <p class='ocr_par' dir='ltr' id='par_1_77' title="bbox 2194 1803 3777 1876">
     <span class='ocr_line' id='line_1_77' title="bbox 2194 1803 3777 1876; baseline 0.005 -21"><span class='ocrx_word' id='word_1_604' title='bbox 2194 1803 2429 1870; x_wconf 85' lang='lat' dir='ltr'><strong>latione,</strong></span> <span class='ocrx_word' id='word_1_605' title='bbox 2492 1820 2685 1876; x_wconf 89' lang='lat' dir='ltr'><strong>nempe</strong></span> <span class='ocrx_word' id='word_1_606' title='bbox 2746 1807 3076 1861; x_wconf 88' lang='lat' dir='ltr'><strong>assiduarum</strong></span> <span class='ocrx_word' id='word_1_607' title='bbox 3128 1825 3342 1876; x_wconf 78' lang='lat' dir='ltr'><strong>precum</strong></span> <span class='ocrx_word' id='word_1_608' title='bbox 3390 1810 3609 1864; x_wconf 82' lang='lat' dir='ltr'><strong>auxilio.</strong></span> <span class='ocrx_word' id='word_1_609' title='bbox 3666 1811 3777 1865; x_wconf 77' lang='lat' dir='ltr'><strong>Non</strong></span> 
     </span>
    </p>
   </div>
   <div class='ocr_carea' id='block_1_78' title="bbox 2191 1897 3778 1969">
    <p class='ocr_par' dir='ltr' id='par_1_78' title="bbox 2191 1897 3778 1969">
     <span class='ocr_line' id='line_1_78' title="bbox 2191 1897 3778 1969; baseline 0.006 -22"><span class='ocrx_word' id='word_1_610' title='bbox 2191 1897 2320 1949; x_wconf 81' lang='lat' dir='ltr'><strong>satis</strong></span> <span class='ocrx_word' id='word_1_611' title='bbox 2361 1897 2505 1953; x_wconf 89' lang='lat' dir='ltr'><strong>enim</strong></span> <span class='ocrx_word' id='word_1_612' title='bbox 2547 1913 2667 1951; x_wconf 85' lang='lat' dir='ltr'><strong>esse</strong></span> <span class='ocrx_word' id='word_1_613' title='bbox 2708 1899 2868 1964; x_wconf 89' lang='lat' dir='ltr'><strong>dicit,</strong></span> <span class='ocrx_word' id='word_1_614' title='bbox 2911 1900 2953 1953; x_wconf 89' lang='lat' dir='ltr'><strong>si</strong></span> <span class='ocrx_word' id='word_1_615' title='bbox 2993 1900 3043 1954; x_wconf 91' lang='lat' dir='ltr'><strong>id</strong></span> <span class='ocrx_word' id='word_1_616' title='bbox 3077 1901 3333 1969; x_wconf 89' lang='lat' dir='ltr'><strong>perﬁcere</strong></span> <span class='ocrx_word' id='word_1_617' title='bbox 3363 1918 3634 1966; x_wconf 81' lang='lat' dir='ltr'><strong>curemus,</strong></span> <span class='ocrx_word' id='word_1_618' title='bbox 3689 1907 3778 1957; x_wconf 74' lang='lat' dir='ltr'><strong>sed</strong></span> 
     </span>
    </p>
   </div>
   <div class='ocr_carea' id='block_1_79' title="bbox 2192 1992 3780 2064">
    <p class='ocr_par' dir='ltr' id='par_1_79' title="bbox 2192 1992 3780 2064">
     <span class='ocr_line' id='line_1_79' title="bbox 2192 1992 3780 2064; baseline 0.006 -25"><span class='ocrx_word' id='word_1_619' title='bbox 2192 2002 2478 2058; x_wconf 88' lang='lat' dir='ltr'><strong>supernum</strong></span> <span class='ocrx_word' id='word_1_620' title='bbox 2510 2005 2630 2044; x_wconf 87' lang='lat' dir='ltr'><strong>esse</strong></span> <span class='ocrx_word' id='word_1_621' title='bbox 2655 1992 2906 2045; x_wconf 77' lang='lat' dir='ltr'><strong>auxilium</strong></span> <span class='ocrx_word' id='word_1_622' title='bbox 2940 1993 3331 2061; x_wconf 83' lang='lat' dir='ltr'><strong>implorandum</strong></span> <span class='ocrx_word' id='word_1_623' title='bbox 3366 2013 3377 2046; x_wconf 92' lang='lat'>:</span> <span class='ocrx_word' id='word_1_624' title='bbox 3411 1995 3551 2064; x_wconf 90' lang='lat' dir='ltr'><strong>quod</strong></span> <span class='ocrx_word' id='word_1_625' title='bbox 3598 1997 3780 2064; x_wconf 88' lang='lat' dir='ltr'><strong>utique</strong></span> 
     </span>
    </p>
   </div>
   <div class='ocr_carea' id='block_1_80' title="bbox 2192 2081 3782 2155">
    <p class='ocr_par' dir='ltr' id='par_1_80' title="bbox 2192 2081 3782 2155">
     <span class='ocr_line' id='line_1_80' title="bbox 2192 2081 3782 2155; baseline 0.008 -25"><span class='ocrx_word' id='word_1_626' title='bbox 2192 2081 2366 2134; x_wconf 80' lang='lat' dir='ltr'><strong>veniet</strong></span> <span class='ocrx_word' id='word_1_627' title='bbox 2393 2089 2448 2134; x_wconf 91' lang='lat' dir='ltr'><strong>et</strong></span> <span class='ocrx_word' id='word_1_628' title='bbox 2472 2081 2643 2135; x_wconf 90' lang='lat' dir='ltr'><strong>aderit</strong></span> <span class='ocrx_word' id='word_1_629' title='bbox 2671 2123 2684 2141; x_wconf 83' lang='lat'><strong>,</strong></span> <span class='ocrx_word' id='word_1_630' title='bbox 2729 2081 2887 2152; x_wconf 91' lang='lat' dir='ltr'><strong>inque</strong></span> <span class='ocrx_word' id='word_1_631' title='bbox 2911 2085 3292 2138; x_wconf 88' lang='lat' dir='ltr'><strong>certaminibus</strong></span> <span class='ocrx_word' id='word_1_632' title='bbox 3319 2101 3416 2139; x_wconf 90' lang='lat' dir='ltr'><strong>nos</strong></span> <span class='ocrx_word' id='word_1_633' title='bbox 3441 2086 3687 2155; x_wconf 85' lang='lat' dir='ltr'><strong>juvabit,</strong></span> <span class='ocrx_word' id='word_1_634' title='bbox 3729 2098 3782 2142; x_wconf 89' lang='lat' dir='ltr'><strong>et</strong></span> 
     </span>
    </p>
   </div>
   <div class='ocr_carea' id='block_1_81' title="bbox 2191 2168 3786 2242">
    <p class='ocr_par' dir='ltr' id='par_1_81' title="bbox 2191 2168 3786 2242">
     <span class='ocr_line' id='line_1_81' title="bbox 2191 2168 3786 2242; baseline 0.005 -20"><span class='ocrx_word' id='word_1_635' title='bbox 2191 2169 2366 2223; x_wconf 89' lang='lat' dir='ltr'><strong>omnia</strong></span> <span class='ocrx_word' id='word_1_636' title='bbox 2409 2168 2577 2223; x_wconf 89' lang='lat' dir='ltr'><strong>facilia</strong></span> <span class='ocrx_word' id='word_1_637' title='bbox 2615 2171 2818 2226; x_wconf 90' lang='lat' dir='ltr'><strong>reddet.</strong></span> <span class='ocrx_word' id='word_1_638' title='bbox 2855 2172 2978 2227; x_wconf 86' lang='lat' dir='ltr'><strong>Ideo</strong></span> <span class='ocrx_word' id='word_1_639' title='bbox 3004 2183 3182 2242; x_wconf 90' lang='lat' dir='ltr'><strong>petere</strong></span> <span class='ocrx_word' id='word_1_640' title='bbox 3210 2175 3400 2242; x_wconf 86' lang='lat' dir='ltr'><strong>jussit,</strong></span> <span class='ocrx_word' id='word_1_641' title='bbox 3439 2191 3504 2229; x_wconf 90' lang='lat' dir='ltr'><strong>ac</strong></span> <span class='ocrx_word' id='word_1_642' title='bbox 3537 2179 3597 2230; x_wconf 80' lang='lat' dir='ltr'><strong>s&#39;e</strong></span> <span class='ocrx_word' id='word_1_643' title='bbox 3629 2177 3786 2230; x_wconf 82' lang='lat' dir='ltr'><strong>datu-</strong></span> 
     </span>
    </p>
   </div>
   <div class='ocr_carea' id='block_1_82' title="bbox 2189 2261 3783 2335">
    <p class='ocr_par' dir='ltr' id='par_1_82' title="bbox 2189 2261 3783 2335">
     <span class='ocr_line' id='line_1_82' title="bbox 2189 2261 3783 2335; baseline 0.005 -22"><span class='ocrx_word' id='word_1_644' title='bbox 2189 2275 2305 2313; x_wconf 90' lang='lat' dir='ltr'><strong>rum</strong></span> <span class='ocrx_word' id='word_1_645' title='bbox 2333 2262 2639 2329; x_wconf 85' lang='lat' dir='ltr'><strong>Spopondit.</strong></span> <span class='ocrx_word' id='word_1_646' title='bbox 2668 2261 2865 2318; x_wconf 84' lang='lat' dir='ltr'><strong>Verum</strong></span> <span class='ocrx_word' id='word_1_647' title='bbox 2911 2265 3178 2334; x_wconf 86' lang='lat' dir='ltr'><strong>postulare</strong></span> <span class='ocrx_word' id='word_1_648' title='bbox 3220 2265 3381 2335; x_wconf 89' lang='lat' dir='ltr'><strong>jussit</strong></span> <span class='ocrx_word' id='word_1_649' title='bbox 3429 2280 3533 2318; x_wconf 91' lang='lat' dir='ltr'><strong>non</strong></span> <span class='ocrx_word' id='word_1_650' title='bbox 3561 2267 3741 2320; x_wconf 89' lang='lat' dir='ltr'><strong>obiter</strong></span> <span class='ocrx_word' id='word_1_651' title='bbox 3765 2308 3783 2332; x_wconf 94' lang='lat'><strong>,</strong></span> 
     </span>
    </p>
   </div>
   <div class='ocr_carea' id='block_1_83' title="bbox 2188 2349 3787 2426">
    <p class='ocr_par' dir='ltr' id='par_1_83' title="bbox 2188 2349 3787 2426">
     <span class='ocr_line' id='line_1_83' title="bbox 2188 2349 3787 2426; baseline 0.007 -23"><span class='ocrx_word' id='word_1_652' title='bbox 2188 2349 2282 2404; x_wconf 85' lang='lat' dir='ltr'><strong>scd</strong></span> <span class='ocrx_word' id='word_1_653' title='bbox 2311 2367 2431 2406; x_wconf 91' lang='lat' dir='ltr'><strong>cum</strong></span> <span class='ocrx_word' id='word_1_654' title='bbox 2463 2353 2770 2407; x_wconf 86' lang='lat' dir='ltr'><strong>assiduitate</strong></span> <span class='ocrx_word' id='word_1_655' title='bbox 2795 2365 2847 2408; x_wconf 88' lang='lat' dir='ltr'><strong>et</strong></span> <span class='ocrx_word' id='word_1_656' title='bbox 2871 2356 3211 2410; x_wconf 91' lang='lat' dir='ltr'><strong>contentione</strong></span> <span class='ocrx_word' id='word_1_657' title='bbox 3257 2372 3467 2426; x_wconf 90' lang='lat' dir='ltr'><strong>magna.</strong></span> <span class='ocrx_word' id='word_1_658' title='bbox 3495 2357 3606 2412; x_wconf 88' lang='lat' dir='ltr'><strong>Hoc</strong></span> <span class='ocrx_word' id='word_1_659' title='bbox 3634 2362 3787 2414; x_wconf 89' lang='lat' dir='ltr'><strong>enim</strong></span> 
     </span>
    </p>
   </div>
   <div class='ocr_carea' id='block_1_84' title="bbox 2187 2441 3788 2515">
    <p class='ocr_par' dir='ltr' id='par_1_84' title="bbox 2187 2441 3788 2515">
     <span class='ocr_line' id='line_1_84' title="bbox 2187 2441 3788 2515; baseline 0.005 -21"><span class='ocrx_word' id='word_1_660' title='bbox 2187 2441 2449 2512; x_wconf 84' lang='lat' dir='ltr'><strong>signiﬁcat</strong></span> <span class='ocrx_word' id='word_1_661' title='bbox 2479 2442 2606 2497; x_wconf 90' lang='lat' dir='ltr'><strong>illud</strong></span> <span class='ocrx_word' id='word_1_662' title='bbox 2629 2487 2641 2508; x_wconf 88' lang='lat'><strong>,</strong></span> <span class='ocrx_word' id='word_1_663' title='bbox 2673 2445 2909 2510; x_wconf 76' lang='lat' dir='ltr'><strong>Quwrite.</strong></span> <span class='ocrx_word' id='word_1_664' title='bbox 2939 2445 3068 2499; x_wconf 85' lang='lat' dir='ltr'><strong>Nam</strong></span> <span class='ocrx_word' id='word_1_665' title='bbox 3098 2449 3183 2515; x_wconf 87' lang='lat' dir='ltr'><strong>qtti</strong></span> <span class='ocrx_word' id='word_1_666' title='bbox 3217 2449 3423 2514; x_wconf 73' lang='lat' dir='ltr'><strong>qutcrit,</strong></span> <span class='ocrx_word' id='word_1_667' title='bbox 3454 2449 3574 2500; x_wconf 89' lang='lat' dir='ltr'><strong>aliis</strong></span> <span class='ocrx_word' id='word_1_668' title='bbox 3603 2451 3788 2502; x_wconf 84' lang='lat' dir='ltr'><strong>muni-</strong></span> 
     </span>
    </p>
   </div>
   <div class='ocr_carea' id='block_1_85' title="bbox 2187 2534 3788 2607">
    <p class='ocr_par' dir='ltr' id='par_1_85' title="bbox 2187 2534 3788 2607">
     <span class='ocr_line' id='line_1_85' title="bbox 2187 2534 3788 2607; baseline 0.004 -19"><span class='ocrx_word' id='word_1_669' title='bbox 2187 2534 2286 2588; x_wconf 92' lang='lat' dir='ltr'><strong>hus</strong></span> <span class='ocrx_word' id='word_1_670' title='bbox 2324 2550 2388 2590; x_wconf 85' lang='lat' dir='ltr'><strong>ex</strong></span> <span class='ocrx_word' id='word_1_671' title='bbox 2435 2544 2615 2591; x_wconf 88' lang='lat' dir='ltr'><strong>mente</strong></span> <span class='ocrx_word' id='word_1_672' title='bbox 2660 2537 2978 2600; x_wconf 88' lang='lat' dir='ltr'><strong>eliminatis,</strong></span> <span class='ocrx_word' id='word_1_673' title='bbox 3030 2539 3106 2592; x_wconf 88' lang='lat' dir='ltr'><strong>rei</strong></span> <span class='ocrx_word' id='word_1_674' title='bbox 3161 2546 3362 2591; x_wconf 91' lang='lat' dir='ltr'><strong>tantum</strong></span> <span class='ocrx_word' id='word_1_675' title='bbox 3403 2539 3642 2607; x_wconf 59' lang='lat' dir='ltr'><strong>quaesita:</strong></span> <span class='ocrx_word' id='word_1_676' title='bbox 3688 2541 3788 2594; x_wconf 79' lang='lat' dir='ltr'><strong>das</strong></span> 
     </span>
    </p>
   </div>
   <div class='ocr_carea' id='block_1_86' title="bbox 2187 2627 3784 2696">
    <p class='ocr_par' dir='ltr' id='par_1_86' title="bbox 2187 2627 3784 2696">
     <span class='ocr_line' id='line_1_86' title="bbox 2187 2627 3784 2696; baseline 0.003 -18"><span class='ocrx_word' id='word_1_677' title='bbox 2187 2641 2424 2695; x_wconf 91' lang='lat' dir='ltr'><strong>operam,</strong></span> <span class='ocrx_word' id='word_1_678' title='bbox 2455 2627 2758 2695; x_wconf 87' lang='lat' dir='ltr'><strong>nullamque</strong></span> <span class='ocrx_word' id='word_1_679' title='bbox 2790 2628 3127 2696; x_wconf 87' lang='lat' dir='ltr'><strong>praesentium</strong></span> <span class='ocrx_word' id='word_1_680' title='bbox 3159 2629 3316 2682; x_wconf 85' lang='lat' dir='ltr'><strong>habet</strong></span> <span class='ocrx_word' id='word_1_681' title='bbox 3348 2628 3629 2683; x_wconf 87' lang='lat' dir='ltr'><strong>rationem.</strong></span> <span class='ocrx_word' id='word_1_682' title='bbox 3663 2630 3784 2683; x_wconf 80' lang='lat' dir='ltr'><strong>No-</strong></span> 
     </span>
    </p>
   </div>
   <div class='ocr_carea' id='block_1_87' title="bbox 2189 2718 3781 2788">
    <p class='ocr_par' dir='ltr' id='par_1_87' title="bbox 2189 2718 3781 2788">
     <span class='ocr_line' id='line_1_87' title="bbox 2189 2718 3781 2788; baseline 0.002 -17"><span class='ocrx_word' id='word_1_683' title='bbox 2189 2725 2311 2771; x_wconf 92' lang='lat' dir='ltr'><strong>ruut</strong></span> <span class='ocrx_word' id='word_1_684' title='bbox 2336 2726 2480 2772; x_wconf 89' lang='lat' dir='ltr'><strong>certe</strong></span> <span class='ocrx_word' id='word_1_685' title='bbox 2509 2718 2634 2772; x_wconf 90' lang='lat' dir='ltr'><strong>illud</strong></span> <span class='ocrx_word' id='word_1_686' title='bbox 2663 2727 2920 2788; x_wconf 90' lang='lat' dir='ltr'><strong>quotquot</strong></span> <span class='ocrx_word' id='word_1_687' title='bbox 2951 2720 3030 2773; x_wconf 85' lang='lat' dir='ltr'><strong>vel</strong></span> <span class='ocrx_word' id='word_1_688' title='bbox 3053 2735 3185 2773; x_wconf 89' lang='lat' dir='ltr'><strong>auro</strong></span> <span class='ocrx_word' id='word_1_689' title='bbox 3206 2721 3285 2773; x_wconf 90' lang='lat' dir='ltr'><strong>vel</strong></span> <span class='ocrx_word' id='word_1_690' title='bbox 3318 2721 3487 2776; x_wconf 81' lang='lat' dir='ltr'><strong>servis</strong></span> <span class='ocrx_word' id='word_1_691' title='bbox 3524 2723 3742 2775; x_wconf 62' lang='lat' dir='ltr'><strong>amissis</strong></span> <span class='ocrx_word' id='word_1_692' title='bbox 3763 2764 3781 2782; x_wconf 89' lang='lat'><strong>,</strong></span> 
     </span>
    </p>
   </div>
   <div class='ocr_carea' id='block_1_88' title="bbox 2188 2809 3784 2882">
    <p class='ocr_par' dir='ltr' id='par_1_88' title="bbox 2188 2809 3784 2882">
     <span class='ocr_line' id='line_1_88' title="bbox 2188 2809 3784 2882; baseline 0.003 -20"><span class='ocrx_word' id='word_1_693' title='bbox 2188 2809 2303 2864; x_wconf 58' lang='lat' dir='ltr'><strong>hate</strong></span> <span class='ocrx_word' id='word_1_694' title='bbox 2330 2820 2512 2878; x_wconf 89' lang='lat' dir='ltr'><strong>postea</strong></span> <span class='ocrx_word' id='word_1_695' title='bbox 2554 2823 2814 2880; x_wconf 86' lang='lat' dir='ltr'><strong>qua-runt.</strong></span> <span class='ocrx_word' id='word_1_696' title='bbox 2850 2811 2976 2865; x_wconf 89' lang='lat' dir='ltr'><strong>Illud</strong></span> <span class='ocrx_word' id='word_1_697' title='bbox 3010 2812 3205 2867; x_wconf 89' lang='lat' dir='ltr'><strong>indicat</strong></span> <span class='ocrx_word' id='word_1_698' title='bbox 3251 2829 3346 2882; x_wconf 86' lang='lat' dir='ltr'><strong>per</strong></span> <span class='ocrx_word' id='word_1_699' title='bbox 3370 2829 3557 2869; x_wconf 84' lang='lat' dir='ltr'><strong>vocem</strong></span> <span class='ocrx_word' id='word_1_700' title='bbox 3589 2815 3740 2868; x_wconf 88' lang='lat' dir='ltr'><strong>illam</strong></span> <span class='ocrx_word' id='word_1_701' title='bbox 3762 2855 3784 2880; x_wconf 84' lang='grc'><em>,</em></span> 
     </span>
    </p>
   </div>
   <div class='ocr_carea' id='block_1_89' title="bbox 2188 2901 3785 2967">
    <p class='ocr_par' dir='ltr' id='par_1_89' title="bbox 2188 2901 3785 2967">
     <span class='ocr_line' id='line_1_89' title="bbox 2188 2901 3785 2967; baseline 0.005 -15"><span class='ocrx_word' id='word_1_702' title='bbox 2188 2901 2408 2966; x_wconf 79' lang='lat' dir='ltr'><strong>Quwrite</strong></span> <span class='ocrx_word' id='word_1_703' title='bbox 2431 2921 2450 2967; x_wconf 89' lang='lat'><strong><em>;</em></strong></span> <span class='ocrx_word' id='word_1_704' title='bbox 2475 2918 2592 2956; x_wconf 87' lang='lat' dir='ltr'><strong>cum</strong></span> <span class='ocrx_word' id='word_1_705' title='bbox 2622 2920 2748 2956; x_wconf 72' lang='lat' dir='ltr'><strong>vero</strong></span> <span class='ocrx_word' id='word_1_706' title='bbox 2777 2903 2927 2966; x_wconf 91' lang='lat' dir='ltr'><strong>dicit,</strong></span> <span class='ocrx_word' id='word_1_707' title='bbox 2966 2903 3191 2962; x_wconf 80' lang='lat' dir='ltr'><strong>Pulsate,</strong></span> <span class='ocrx_word' id='word_1_708' title='bbox 3225 2905 3572 2960; x_wconf 84' lang='lat' dir='ltr'><strong>vehementer</strong></span> <span class='ocrx_word' id='word_1_709' title='bbox 3603 2916 3657 2960; x_wconf 88' lang='lat' dir='ltr'><strong>et</strong></span> <span class='ocrx_word' id='word_1_710' title='bbox 3686 2923 3785 2960; x_wconf 80' lang='lat' dir='ltr'><strong>ar-</strong></span> 
     </span>
    </p>
   </div>
   <div class='ocr_carea' id='block_1_90' title="bbox 2185 2993 3783 3068">
    <p class='ocr_par' dir='ltr' id='par_1_90' title="bbox 2185 2993 3783 3068">
     <span class='ocr_line' id='line_1_90' title="bbox 2185 2993 3783 3068; baseline 0.001 -20"><span class='ocrx_word' id='word_1_711' title='bbox 2185 2993 2329 3049; x_wconf 89' lang='lat' dir='ltr'><strong>denti</strong></span> <span class='ocrx_word' id='word_1_712' title='bbox 2371 2996 2549 3049; x_wconf 90' lang='lat' dir='ltr'><strong>animo</strong></span> <span class='ocrx_word' id='word_1_713' title='bbox 2593 2995 2951 3050; x_wconf 80' lang='lat' dir='ltr'><strong>accedendum</strong></span> <span class='ocrx_word' id='word_1_714' title='bbox 2999 3012 3118 3051; x_wconf 87' lang='lat' dir='ltr'><strong>esse</strong></span> <span class='ocrx_word' id='word_1_715' title='bbox 3163 2999 3445 3068; x_wconf 81' lang='lat' dir='ltr'><strong>significat.</strong></span> <span class='ocrx_word' id='word_1_716' title='bbox 3474 2999 3552 3054; x_wconf 80' lang='lat' dir='ltr'><strong>Ne</strong></span> <span class='ocrx_word' id='word_1_717' title='bbox 3597 3002 3783 3068; x_wconf 63' lang='lat' dir='ltr'><strong>itaque.</strong></span> 
     </span>
    </p>
   </div>
   <div class='ocr_carea' id='block_1_91' title="bbox 2184 3088 3784 3159">
    <p class='ocr_par' dir='ltr' id='par_1_91' title="bbox 2184 3088 3784 3159">
     <span class='ocr_line' id='line_1_91' title="bbox 2184 3088 3784 3159; baseline 0.003 -19"><span class='ocrx_word' id='word_1_718' title='bbox 2184 3088 2465 3147; x_wconf 86' lang='lat' dir='ltr'><strong>concidas.</strong></span> <span class='ocrx_word' id='word_1_719' title='bbox 2501 3089 2569 3140; x_wconf 92' lang='lat' dir='ltr'><strong>mi</strong></span> <span class='ocrx_word' id='word_1_720' title='bbox 2612 3088 2806 3154; x_wconf 86' lang='lat' dir='ltr'><strong>homo,</strong></span> <span class='ocrx_word' id='word_1_721' title='bbox 2838 3105 3012 3159; x_wconf 89' lang='lat' dir='ltr'><strong>neque</strong></span> <span class='ocrx_word' id='word_1_722' title='bbox 3057 3091 3316 3146; x_wconf 88' lang='lat' dir='ltr'><strong>minorem</strong></span> <span class='ocrx_word' id='word_1_723' title='bbox 3344 3092 3411 3145; x_wconf 90' lang='lat' dir='ltr'><strong>de</strong></span> <span class='ocrx_word' id='word_1_724' title='bbox 3440 3094 3635 3145; x_wconf 76' lang='lat' dir='ltr'><strong>virtute</strong></span> <span class='ocrx_word' id='word_1_725' title='bbox 3674 3111 3784 3146; x_wconf 79' lang='lat' dir='ltr'><strong>rn-</strong></span> 
     </span>
    </p>
   </div>
   <div class='ocr_carea' id='block_1_92' title="bbox 2185 3178 3784 3254">
    <p class='ocr_par' dir='ltr' id='par_1_92' title="bbox 2185 3178 3784 3254">
     <span class='ocr_line' id='line_1_92' title="bbox 2185 3178 3784 3254; baseline 0.008 -27"><span class='ocrx_word' id='word_1_726' title='bbox 2185 3193 2296 3230; x_wconf 90' lang='lat' dir='ltr'><strong>ram</strong></span> <span class='ocrx_word' id='word_1_727' title='bbox 2323 3178 2611 3241; x_wconf 71' lang='lat' dir='ltr'><strong>exhibeas,</strong></span> <span class='ocrx_word' id='word_1_728' title='bbox 2641 3195 2796 3250; x_wconf 90' lang='lat' dir='ltr'><strong>quam</strong></span> <span class='ocrx_word' id='word_1_729' title='bbox 2829 3182 2894 3234; x_wconf 91' lang='lat' dir='ltr'><strong>de</strong></span> <span class='ocrx_word' id='word_1_730' title='bbox 2944 3185 3198 3251; x_wconf 88' lang='lat' dir='ltr'><strong>pecuniis.</strong></span> <span class='ocrx_word' id='word_1_731' title='bbox 3250 3184 3354 3237; x_wconf 90' lang='lat' dir='ltr'><strong>llas</strong></span> <span class='ocrx_word' id='word_1_732' title='bbox 3391 3185 3589 3254; x_wconf 86' lang='lat' dir='ltr'><strong>quippe</strong></span> <span class='ocrx_word' id='word_1_733' title='bbox 3629 3202 3784 3254; x_wconf 71' lang='lat' dir='ltr'><strong>Smpe</strong></span> 
     </span>
    </p>
   </div>
   <div class='ocr_carea' id='block_1_93' title="bbox 2184 3271 3785 3344">
    <p class='ocr_par' dir='ltr' id='par_1_93' title="bbox 2184 3271 3785 3344">
     <span class='ocr_line' id='line_1_93' title="bbox 2184 3271 3785 3344; baseline 0.008 -25"><span class='ocrx_word' id='word_1_734' title='bbox 2184 3285 2428 3335; x_wconf 52' lang='lat' dir='ltr'><strong>quarens</strong></span> <span class='ocrx_word' id='word_1_735' title='bbox 2457 3286 2558 3323; x_wconf 88' lang='lat' dir='ltr'><strong>non</strong></span> <span class='ocrx_word' id='word_1_736' title='bbox 2593 3271 2835 3325; x_wconf 81' lang='lat' dir='ltr'><strong>invenisti</strong></span> <span class='ocrx_word' id='word_1_737' title='bbox 2863 3291 2876 3337; x_wconf 87' lang='lat'><strong>;</strong></span> <span class='ocrx_word' id='word_1_738' title='bbox 2907 3283 2960 3328; x_wconf 90' lang='lat' dir='ltr'><strong>et</strong></span> <span class='ocrx_word' id='word_1_739' title='bbox 2991 3283 3163 3330; x_wconf 88' lang='lat' dir='ltr'><strong>tamen</strong></span> <span class='ocrx_word' id='word_1_740' title='bbox 3205 3292 3322 3330; x_wconf 91' lang='lat' dir='ltr'><strong>cum</strong></span> <span class='ocrx_word' id='word_1_741' title='bbox 3363 3276 3526 3344; x_wconf 83' lang='lat' dir='ltr'><strong>probe</strong></span> <span class='ocrx_word' id='word_1_742' title='bbox 3554 3279 3693 3331; x_wconf 81' lang='lat' dir='ltr'><strong>scias</strong></span> <span class='ocrx_word' id='word_1_743' title='bbox 3727 3291 3785 3332; x_wconf 81' lang='lat' dir='ltr'><strong>te</strong></span> 
     </span>
    </p>
   </div>
   <div class='ocr_carea' id='block_1_94' title="bbox 2183 3359 3778 3436">
    <p class='ocr_par' dir='ltr' id='par_1_94' title="bbox 2183 3359 3778 3436">
     <span class='ocr_line' id='line_1_94' title="bbox 2183 3359 3778 3436; baseline 0.005 -22"><span class='ocrx_word' id='word_1_744' title='bbox 2183 3359 2320 3414; x_wconf 79' lang='lat' dir='ltr'><strong>forte</strong></span> <span class='ocrx_word' id='word_1_745' title='bbox 2376 3376 2481 3414; x_wconf 90' lang='lat' dir='ltr'><strong>non</strong></span> <span class='ocrx_word' id='word_1_746' title='bbox 2525 3362 2896 3426; x_wconf 81' lang='lat' dir='ltr'><strong>invcuturum,</strong></span> <span class='ocrx_word' id='word_1_747' title='bbox 2940 3380 3154 3420; x_wconf 91' lang='lat' dir='ltr'><strong>omnem</strong></span> <span class='ocrx_word' id='word_1_748' title='bbox 3207 3367 3451 3434; x_wconf 81' lang='lat' dir='ltr'><strong>exploras</strong></span> <span class='ocrx_word' id='word_1_749' title='bbox 3496 3370 3778 3436; x_wconf 41' lang='lat' dir='ltr'><strong>qua‘rcmh</strong></span> 
     </span>
    </p>
   </div>
   <div class='ocr_carea' id='block_1_95' title="bbox 2183 3451 3778 3526">
    <p class='ocr_par' dir='ltr' id='par_1_95' title="bbox 2183 3451 3778 3526">
     <span class='ocr_line' id='line_1_95' title="bbox 2183 3451 3778 3526; baseline 0.004 -22"><span class='ocrx_word' id='word_1_750' title='bbox 2183 3452 2396 3505; x_wconf 87' lang='lat' dir='ltr'><strong>modum</strong></span> <span class='ocrx_word' id='word_1_751' title='bbox 2434 3470 2447 3506; x_wconf 90' lang='lat'><strong>:</strong></span> <span class='ocrx_word' id='word_1_752' title='bbox 2477 3451 2563 3506; x_wconf 89' lang='lat' dir='ltr'><strong>hic</strong></span> <span class='ocrx_word' id='word_1_753' title='bbox 2591 3470 2714 3507; x_wconf 85' lang='lat' dir='ltr'><strong>vero</strong></span> <span class='ocrx_word' id='word_1_754' title='bbox 2740 3456 3079 3522; x_wconf 87' lang='lat' dir='ltr'><strong>sponsionem</strong></span> <span class='ocrx_word' id='word_1_755' title='bbox 3120 3457 3319 3512; x_wconf 87' lang='lat' dir='ltr'><strong>habens</strong></span> <span class='ocrx_word' id='word_1_756' title='bbox 3347 3467 3397 3509; x_wconf 90' lang='lat' dir='ltr'><strong>te</strong></span> <span class='ocrx_word' id='word_1_757' title='bbox 3426 3474 3643 3526; x_wconf 82' lang='lat' dir='ltr'><strong>prorsus</strong></span> <span class='ocrx_word' id='word_1_758' title='bbox 3670 3473 3778 3511; x_wconf 87' lang='lat' dir='ltr'><strong>ac-</strong></span> 
     </span>
    </p>
   </div>
   <div class='ocr_carea' id='block_1_96' title="bbox 2182 3546 3781 3616">
    <p class='ocr_par' dir='ltr' id='par_1_96' title="bbox 2182 3546 3781 3616">
     <span class='ocr_line' id='line_1_96' title="bbox 2182 3546 3781 3616; baseline 0.006 -21"><span class='ocrx_word' id='word_1_759' title='bbox 2182 3553 2454 3611; x_wconf 85' lang='lat' dir='ltr'><strong>cepturum</strong></span> <span class='ocrx_word' id='word_1_760' title='bbox 2483 3559 2632 3608; x_wconf 89' lang='lat' dir='ltr'><strong>esse,</strong></span> <span class='ocrx_word' id='word_1_761' title='bbox 2659 3560 2723 3598; x_wconf 89' lang='lat' dir='ltr'><strong>ne</strong></span> <span class='ocrx_word' id='word_1_762' title='bbox 2751 3546 3022 3599; x_wconf 90' lang='lat' dir='ltr'><strong>minimam</strong></span> <span class='ocrx_word' id='word_1_763' title='bbox 3052 3547 3264 3615; x_wconf 87' lang='lat' dir='ltr'><strong>quidem</strong></span> <span class='ocrx_word' id='word_1_764' title='bbox 3298 3548 3436 3602; x_wconf 91' lang='lat' dir='ltr'><strong>illius</strong></span> <span class='ocrx_word' id='word_1_765' title='bbox 3459 3549 3620 3602; x_wconf 80' lang='lat' dir='ltr'><strong>studii</strong></span> <span class='ocrx_word' id='word_1_766' title='bbox 3647 3564 3781 3616; x_wconf 85' lang='lat' dir='ltr'><strong>par-</strong></span> 
     </span>
    </p>
   </div>
   <div class='ocr_carea' id='block_1_97' title="bbox 2183 3634 3782 3708">
    <p class='ocr_par' dir='ltr' id='par_1_97' title="bbox 2183 3634 3782 3708">
     <span class='ocr_line' id='line_1_97' title="bbox 2183 3634 3782 3708; baseline 0.005 -21"><span class='ocrx_word' id='word_1_767' title='bbox 2183 3642 2288 3688; x_wconf 88' lang='lat' dir='ltr'><strong>tem</strong></span> <span class='ocrx_word' id='word_1_768' title='bbox 2322 3634 2558 3689; x_wconf 75' lang='lat' dir='ltr'><strong>exhibes.</strong></span> <span class='ocrx_word' id='word_1_769' title='bbox 2606 3636 2661 3688; x_wconf 85' lang='lat' dir='ltr'><strong>Si</strong></span> <span class='ocrx_word' id='word_1_770' title='bbox 2693 3652 2820 3690; x_wconf 85' lang='lat' dir='ltr'><strong>vero</strong></span> <span class='ocrx_word' id='word_1_771' title='bbox 2848 3653 2950 3689; x_wconf 92' lang='lat' dir='ltr'><strong>nou</strong></span> <span class='ocrx_word' id='word_1_772' title='bbox 2977 3638 3154 3691; x_wconf 89' lang='lat' dir='ltr'><strong>statim</strong></span> <span class='ocrx_word' id='word_1_773' title='bbox 3179 3639 3407 3707; x_wconf 89' lang='lat' dir='ltr'><strong>accipias</strong></span> <span class='ocrx_word' id='word_1_774' title='bbox 3429 3681 3442 3702; x_wconf 86' lang='lat'><strong>,</strong></span> <span class='ocrx_word' id='word_1_775' title='bbox 3477 3655 3542 3693; x_wconf 91' lang='lat' dir='ltr'><strong>ne</strong></span> <span class='ocrx_word' id='word_1_776' title='bbox 3569 3639 3782 3708; x_wconf 59' lang='lat' dir='ltr'><strong>desine-</strong></span> 
     </span>
    </p>
   </div>
   <div class='ocr_carea' id='block_1_98' title="bbox 2181 3726 3779 3801">
    <p class='ocr_par' dir='ltr' id='par_1_98' title="bbox 2181 3726 3779 3801">
     <span class='ocr_line' id='line_1_98' title="bbox 2181 3726 3779 3801; baseline 0.004 -21"><span class='ocrx_word' id='word_1_777' title='bbox 2181 3742 2286 3782; x_wconf 90' lang='lat' dir='ltr'><strong>res.</strong></span> <span class='ocrx_word' id='word_1_778' title='bbox 2321 3726 2443 3781; x_wconf 87' lang='lat' dir='ltr'><strong>Ideo</strong></span> <span class='ocrx_word' id='word_1_779' title='bbox 2470 3729 2611 3783; x_wconf 90' lang='lat' dir='ltr'><strong>enim</strong></span> <span class='ocrx_word' id='word_1_780' title='bbox 2645 3729 2815 3794; x_wconf 80' lang='lat' dir='ltr'><strong>dixit,</strong></span> <span class='ocrx_word' id='word_1_781' title='bbox 2847 3730 3084 3794; x_wconf 85' lang='lat' dir='ltr'><strong>Pulsate,</strong></span> <span class='ocrx_word' id='word_1_782' title='bbox 3113 3741 3171 3786; x_wconf 90' lang='lat' dir='ltr'><strong>ut</strong></span> <span class='ocrx_word' id='word_1_783' title='bbox 3196 3733 3479 3797; x_wconf 90' lang='lat' dir='ltr'><strong>ostendat,</strong></span> <span class='ocrx_word' id='word_1_784' title='bbox 3522 3737 3779 3801; x_wconf 84' lang='lat' dir='ltr'><strong>quamvis</strong></span> 
     </span>
    </p>
   </div>
   <div class='ocr_carea' id='block_1_99' title="bbox 2182 3822 3777 3890">
    <p class='ocr_par' dir='ltr' id='par_1_99' title="bbox 2182 3822 3777 3890">
     <span class='ocr_line' id='line_1_99' title="bbox 2182 3822 3777 3890; baseline 0.006 -16"><span class='ocrx_word' id='word_1_785' title='bbox 2182 3836 2286 3874; x_wconf 90' lang='lat' dir='ltr'><strong>non</strong></span> <span class='ocrx_word' id='word_1_786' title='bbox 2315 3822 2491 3874; x_wconf 86' lang='lat' dir='ltr'><strong>statim</strong></span> <span class='ocrx_word' id='word_1_787' title='bbox 2519 3824 2740 3890; x_wconf 90' lang='lat' dir='ltr'><strong>aperiat,</strong></span> <span class='ocrx_word' id='word_1_788' title='bbox 2777 3825 3094 3878; x_wconf 85' lang='lat' dir='ltr'><strong>manendum</strong></span> <span class='ocrx_word' id='word_1_789' title='bbox 3132 3837 3304 3880; x_wconf 91' lang='lat' dir='ltr'><strong>tamen</strong></span> <span class='ocrx_word' id='word_1_790' title='bbox 3335 3841 3473 3882; x_wconf 87' lang='lat' dir='ltr'><strong>esse.</strong></span> <span class='ocrx_word' id='word_1_791' title='bbox 3503 3826 3555 3882; x_wconf 91' lang='lat' dir='ltr'><strong>Si</strong></span> <span class='ocrx_word' id='word_1_792' title='bbox 3587 3839 3777 3883; x_wconf 81' lang='lat' dir='ltr'><strong>autem</strong></span> 
     </span>
    </p>
   </div>
   <div class='ocr_carea' id='block_1_100' title="bbox 2183 3915 3778 3989">
    <p class='ocr_par' dir='ltr' id='par_1_100' title="bbox 2183 3915 3778 3989">
     <span class='ocr_line' id='line_1_100' title="bbox 2183 3915 3778 3989; baseline 0.005 -24"><span class='ocrx_word' id='word_1_793' title='bbox 2183 3929 2314 3968; x_wconf 67' lang='lat' dir='ltr'><strong>meae</strong></span> <span class='ocrx_word' id='word_1_794' title='bbox 2369 3929 2470 3968; x_wconf 90' lang='lat' dir='ltr'><strong>non</strong></span> <span class='ocrx_word' id='word_1_795' title='bbox 2519 3915 2708 3969; x_wconf 85' lang='lat' dir='ltr'><strong>credas</strong></span> <span class='ocrx_word' id='word_1_796' title='bbox 2757 3916 3066 3984; x_wconf 87' lang='lat' dir='ltr'><strong>sponsioni,</strong></span> <span class='ocrx_word' id='word_1_797' title='bbox 3125 3917 3312 3971; x_wconf 90' lang='lat' dir='ltr'><strong>saltem</strong></span> <span class='ocrx_word' id='word_1_798' title='bbox 3360 3918 3483 3974; x_wconf 92' lang='lat' dir='ltr'><strong>huic</strong></span> <span class='ocrx_word' id='word_1_799' title='bbox 3517 3923 3778 3989; x_wconf 74' lang='lat' dir='ltr'><strong>exemplo</strong></span> 
     </span>
    </p>
   </div>
   <div class='ocr_carea' id='block_1_101' title="bbox 2179 4005 3780 4079">
    <p class='ocr_par' dir='ltr' id='par_1_101' title="bbox 2179 4005 3780 4079">
     <span class='ocr_line' id='line_1_101' title="bbox 2179 4005 3780 4079; baseline 0.003 -20"><span class='ocrx_word' id='word_1_800' title='bbox 2179 4005 2357 4060; x_wconf 86' lang='lat' dir='ltr'><strong>crede.</strong></span> <span class='ocrx_word' id='word_1_801' title='bbox 2383 4005 2435 4061; x_wconf 90' lang='lat'><strong>9.</strong></span> <span class='ocrx_word' id='word_1_802' title='bbox 2463 4005 2587 4070; x_wconf 82' lang='lat' dir='ltr'><strong>Quis</strong></span> <span class='ocrx_word' id='word_1_803' title='bbox 2616 4023 2678 4060; x_wconf 82' lang='lat' dir='ltr'><strong>ea:</strong></span> <span class='ocrx_word' id='word_1_804' title='bbox 2706 4006 2840 4059; x_wconf 74' lang='lat' dir='ltr'><strong>vobis</strong></span> <span class='ocrx_word' id='word_1_805' title='bbox 2867 4017 2954 4069; x_wconf 85' lang='lat' dir='ltr'><strong>est,</strong></span> <span class='ocrx_word' id='word_1_806' title='bbox 2990 4007 3179 4076; x_wconf 88' lang='lat' dir='ltr'><strong>ittqttit,</strong></span> <span class='ocrx_word' id='word_1_807' title='bbox 3217 4017 3358 4079; x_wconf 75' lang='lat' dir='ltr'><strong>pater</strong></span> <span class='ocrx_word' id='word_1_808' title='bbox 3378 4012 3419 4074; x_wconf 81' lang='lat'><strong>’,</strong></span> <span class='ocrx_word' id='word_1_809' title='bbox 3451 4011 3532 4062; x_wconf 75' lang='lat' dir='ltr'><strong>cui</strong></span> <span class='ocrx_word' id='word_1_810' title='bbox 3556 4012 3602 4062; x_wconf 84' lang='lat' dir='ltr'><strong>si</strong></span> <span class='ocrx_word' id='word_1_811' title='bbox 3627 4011 3780 4076; x_wconf 80' lang='lat' dir='ltr'><strong>ﬁlius</strong></span> 
     </span>
    </p>
   </div>
   <div class='ocr_carea' id='block_1_102' title="bbox 2180 4097 3776 4167">
    <p class='ocr_par' dir='ltr' id='par_1_102' title="bbox 2180 4097 3776 4167">
     <span class='ocr_line' id='line_1_102' title="bbox 2180 4097 3776 4167; baseline 0.005 -20"><span class='ocrx_word' id='word_1_812' title='bbox 2180 4105 2316 4164; x_wconf 88' lang='lat' dir='ltr'><strong>petat</strong></span> <span class='ocrx_word' id='word_1_813' title='bbox 2339 4111 2536 4163; x_wconf 83' lang='lat' dir='ltr'><strong>panem.</strong></span> <span class='ocrx_word' id='word_1_814' title='bbox 2559 4097 2800 4160; x_wconf 82' lang='lat' dir='ltr'><strong>numquid</strong></span> <span class='ocrx_word' id='word_1_815' title='bbox 2826 4097 3208 4166; x_wconf 70' lang='lat' dir='ltr'><strong>lapidemtlabit</strong></span> <span class='ocrx_word' id='word_1_816' title='bbox 3235 4104 3276 4151; x_wconf 78' lang='lat' dir='ltr'><strong>et</strong></span> <span class='ocrx_word' id='word_1_817' title='bbox 3294 4100 3318 4152; x_wconf 72' lang='lat'><strong>.9</strong></span> <span class='ocrx_word' id='word_1_818' title='bbox 3339 4099 3486 4167; x_wconf 81' lang='lat' dir='ltr'><strong>Apud</strong></span> <span class='ocrx_word' id='word_1_819' title='bbox 3518 4101 3776 4155; x_wconf 75' lang='lat' dir='ltr'><strong>homines</strong></span> 
     </span>
    </p>
   </div>
   <div class='ocr_carea' id='block_1_103' title="bbox 2179 4187 3778 4258">
    <p class='ocr_par' dir='ltr' id='par_1_103' title="bbox 2179 4187 3778 4258">
     <span class='ocr_line' id='line_1_103' title="bbox 2179 4187 3778 4258; baseline 0.003 -16"><span class='ocrx_word' id='word_1_820' title='bbox 2179 4187 2388 4258; x_wconf 88' lang='lat' dir='ltr'><strong>quidem</strong></span> <span class='ocrx_word' id='word_1_821' title='bbox 2417 4188 2460 4241; x_wconf 92' lang='lat' dir='ltr'><strong>si</strong></span> <span class='ocrx_word' id='word_1_822' title='bbox 2492 4188 2540 4241; x_wconf 89' lang='lat' dir='ltr'><strong>id</strong></span> <span class='ocrx_word' id='word_1_823' title='bbox 2576 4188 2881 4257; x_wconf 87' lang='lat' dir='ltr'><strong>frequenter</strong></span> <span class='ocrx_word' id='word_1_824' title='bbox 2906 4189 3065 4241; x_wconf 85' lang='lat' dir='ltr'><strong>facias</strong></span> <span class='ocrx_word' id='word_1_825' title='bbox 3088 4231 3100 4249; x_wconf 90' lang='lat'><strong>,</strong></span> <span class='ocrx_word' id='word_1_826' title='bbox 3143 4190 3397 4243; x_wconf 85' lang='lat' dir='ltr'><strong>molestus</strong></span> <span class='ocrx_word' id='word_1_827' title='bbox 3425 4201 3473 4244; x_wconf 89' lang='lat' dir='ltr'><strong>ct</strong></span> <span class='ocrx_word' id='word_1_828' title='bbox 3501 4207 3778 4246; x_wconf 84' lang='lat' dir='ltr'><strong>onerosus</strong></span> 
     </span>
    </p>
   </div>
   <div class='ocr_carea' id='block_1_104' title="bbox 2180 4281 3777 4354">
    <p class='ocr_par' dir='ltr' id='par_1_104' title="bbox 2180 4281 3777 4354">
     <span class='ocr_line' id='line_1_104' title="bbox 2180 4281 3777 4354; baseline 0.001 -20"><span class='ocrx_word' id='word_1_829' title='bbox 2180 4282 2378 4336; x_wconf 81' lang='lat' dir='ltr'><strong>videris</strong></span> <span class='ocrx_word' id='word_1_830' title='bbox 2410 4300 2421 4335; x_wconf 89' lang='lat'><strong>:</strong></span> <span class='ocrx_word' id='word_1_831' title='bbox 2452 4281 2590 4350; x_wconf 84' lang='lat' dir='ltr'><strong>apud</strong></span> <span class='ocrx_word' id='word_1_832' title='bbox 2622 4281 2783 4334; x_wconf 88' lang='lat' dir='ltr'><strong>Deum</strong></span> <span class='ocrx_word' id='word_1_833' title='bbox 2811 4292 3006 4343; x_wconf 87' lang='lat' dir='ltr'><strong>autem,</strong></span> <span class='ocrx_word' id='word_1_834' title='bbox 3036 4283 3078 4334; x_wconf 89' lang='lat' dir='ltr'><strong>si</strong></span> <span class='ocrx_word' id='word_1_835' title='bbox 3110 4281 3210 4336; x_wconf 89' lang='lat' dir='ltr'><strong>hoc</strong></span> <span class='ocrx_word' id='word_1_836' title='bbox 3241 4299 3343 4334; x_wconf 92' lang='lat' dir='ltr'><strong>non</strong></span> <span class='ocrx_word' id='word_1_837' title='bbox 3376 4281 3556 4343; x_wconf 82' lang='lat' dir='ltr'><strong>facias,</strong></span> <span class='ocrx_word' id='word_1_838' title='bbox 3593 4285 3777 4354; x_wconf 76' lang='lat' dir='ltr'><strong>magis</strong></span> 
     </span>
    </p>
   </div>
   <div class='ocr_carea' id='block_1_105' title="bbox 2177 4371 3770 4440">
    <p class='ocr_par' dir='ltr' id='par_1_105' title="bbox 2177 4371 3770 4440">
     <span class='ocr_line' id='line_1_105' title="bbox 2177 4371 3770 4440; baseline 0.001 -16"><span class='ocrx_word' id='word_1_839' title='bbox 2177 4372 2244 4424; x_wconf 90' lang='lat' dir='ltr'><strong>ad</strong></span> <span class='ocrx_word' id='word_1_840' title='bbox 2295 4372 2424 4425; x_wconf 88' lang='lat' dir='ltr'><strong>iram</strong></span> <span class='ocrx_word' id='word_1_841' title='bbox 2464 4386 2788 4424; x_wconf 84' lang='lat' dir='ltr'><strong>commoves.</strong></span> <span class='ocrx_word' id='word_1_842' title='bbox 2841 4371 2895 4425; x_wconf 88' lang='lat' dir='ltr'><strong>Si</strong></span> <span class='ocrx_word' id='word_1_843' title='bbox 2945 4383 3120 4425; x_wconf 89' lang='lat' dir='ltr'><strong>autem</strong></span> <span class='ocrx_word' id='word_1_844' title='bbox 3148 4371 3374 4439; x_wconf 85' lang='lat' dir='ltr'><strong>petendo</strong></span> <span class='ocrx_word' id='word_1_845' title='bbox 3400 4387 3725 4440; x_wconf 84' lang='lat' dir='ltr'><strong>permaneas</strong></span> <span class='ocrx_word' id='word_1_846' title='bbox 3751 4415 3770 4439; x_wconf 93' lang='lat'><strong>,</strong></span> 
     </span>
    </p>
   </div>
   <div class='ocr_carea' id='block_1_106' title="bbox 2178 4463 3775 4532">
    <p class='ocr_par' dir='ltr' id='par_1_106' title="bbox 2178 4463 3775 4532">
     <span class='ocr_line' id='line_1_106' title="bbox 2178 4463 3775 4532; baseline 0.002 -14"><span class='ocrx_word' id='word_1_847' title='bbox 2178 4464 2382 4518; x_wconf 87' lang='lat' dir='ltr'><strong>etiamsi</strong></span> <span class='ocrx_word' id='word_1_848' title='bbox 2437 4479 2540 4516; x_wconf 89' lang='lat' dir='ltr'><strong>non</strong></span> <span class='ocrx_word' id='word_1_849' title='bbox 2590 4465 2768 4516; x_wconf 86' lang='lat' dir='ltr'><strong>statim</strong></span> <span class='ocrx_word' id='word_1_850' title='bbox 2818 4463 3082 4530; x_wconf 85' lang='lat' dir='ltr'><strong>accipias,</strong></span> <span class='ocrx_word' id='word_1_851' title='bbox 3132 4463 3357 4532; x_wconf 81' lang='lat' dir='ltr'><strong>accipies</strong></span> <span class='ocrx_word' id='word_1_852' title='bbox 3389 4473 3587 4518; x_wconf 83' lang='lat' dir='ltr'><strong>tamen.</strong></span> <span class='ocrx_word' id='word_1_853' title='bbox 3641 4465 3775 4521; x_wconf 80' lang='lat' dir='ltr'><strong>Ideo</strong></span> 
     </span>
    </p>
   </div>
   <div class='ocr_carea' id='block_1_107' title="bbox 2179 4555 3774 4626">
    <p class='ocr_par' dir='ltr' id='par_1_107' title="bbox 2179 4555 3774 4626">
     <span class='ocr_line' id='line_1_107' title="bbox 2179 4555 3774 4626; baseline 0.001 -17"><span class='ocrx_word' id='word_1_854' title='bbox 2179 4570 2407 4624; x_wconf 91' lang='lat' dir='ltr'><strong>namque</strong></span> <span class='ocrx_word' id='word_1_855' title='bbox 2447 4556 2624 4608; x_wconf 70' lang='lat' dir='ltr'><strong>clausa</strong></span> <span class='ocrx_word' id='word_1_856' title='bbox 2655 4556 2932 4624; x_wconf 73' lang='lat' dir='ltr'><strong>estjanua,</strong></span> <span class='ocrx_word' id='word_1_857' title='bbox 2965 4565 3024 4609; x_wconf 91' lang='lat' dir='ltr'><strong>ut</strong></span> <span class='ocrx_word' id='word_1_858' title='bbox 3075 4567 3124 4610; x_wconf 89' lang='lat' dir='ltr'><strong>te</strong></span> <span class='ocrx_word' id='word_1_859' title='bbox 3163 4555 3230 4610; x_wconf 89' lang='lat' dir='ltr'><strong>ad</strong></span> <span class='ocrx_word' id='word_1_860' title='bbox 3260 4556 3573 4626; x_wconf 90' lang='lat' dir='ltr'><strong>pulsandum</strong></span> <span class='ocrx_word' id='word_1_861' title='bbox 3608 4557 3774 4610; x_wconf 84' lang='lat' dir='ltr'><strong>indu-</strong></span> 
     </span>
    </p>
   </div>
   <div class='ocr_carea' id='block_1_108' title="bbox 2179 4645 3774 4716">
    <p class='ocr_par' dir='ltr' id='par_1_108' title="bbox 2179 4645 3774 4716">
     <span class='ocr_line' id='line_1_108' title="bbox 2179 4645 3774 4716; baseline 0.001 -16"><span class='ocrx_word' id='word_1_862' title='bbox 2179 4657 2280 4700; x_wconf 84' lang='lat' dir='ltr'><strong>cat.</strong></span> <span class='ocrx_word' id='word_1_863' title='bbox 2313 4645 2436 4701; x_wconf 91' lang='lat' dir='ltr'><strong>Ideo</strong></span> <span class='ocrx_word' id='word_1_864' title='bbox 2463 4662 2566 4700; x_wconf 91' lang='lat' dir='ltr'><strong>non</strong></span> <span class='ocrx_word' id='word_1_865' title='bbox 2607 4647 2784 4699; x_wconf 87' lang='lat' dir='ltr'><strong>statim</strong></span> <span class='ocrx_word' id='word_1_866' title='bbox 2811 4646 3031 4709; x_wconf 88' lang='lat' dir='ltr'><strong>annuit,</strong></span> <span class='ocrx_word' id='word_1_867' title='bbox 3071 4655 3127 4698; x_wconf 89' lang='lat' dir='ltr'><strong>ut</strong></span> <span class='ocrx_word' id='word_1_868' title='bbox 3173 4656 3317 4714; x_wconf 85' lang='lat' dir='ltr'><strong>petas</strong></span> <span class='ocrx_word' id='word_1_869' title='bbox 3350 4664 3362 4698; x_wconf 92' lang='lat'>:</span> <span class='ocrx_word' id='word_1_870' title='bbox 3398 4661 3554 4700; x_wconf 86' lang='lat' dir='ltr'><strong>mane</strong></span> <span class='ocrx_word' id='word_1_871' title='bbox 3605 4646 3774 4716; x_wconf 84' lang='lat' dir='ltr'><strong>igitur</strong></span> 
     </span>
    </p>
   </div>
   <div class='ocr_carea' id='block_1_109' title="bbox 2180 4735 3769 4805">
    <p class='ocr_par' dir='ltr' id='par_1_109' title="bbox 2180 4735 3769 4805">
     <span class='ocr_line' id='line_1_109' title="bbox 2180 4735 3769 4805; baseline 0.002 -15"><span class='ocrx_word' id='word_1_872' title='bbox 2180 4737 2228 4790; x_wconf 89' lang='lat' dir='ltr'><strong>id</strong></span> <span class='ocrx_word' id='word_1_873' title='bbox 2252 4751 2436 4805; x_wconf 82' lang='lat' dir='ltr'><strong>agens,</strong></span> <span class='ocrx_word' id='word_1_874' title='bbox 2465 4745 2520 4790; x_wconf 89' lang='lat' dir='ltr'><strong>et</strong></span> <span class='ocrx_word' id='word_1_875' title='bbox 2559 4737 2739 4804; x_wconf 88' lang='lat' dir='ltr'><strong>procul</strong></span> <span class='ocrx_word' id='word_1_876' title='bbox 2793 4735 2954 4790; x_wconf 90' lang='lat' dir='ltr'><strong>dubio</strong></span> <span class='ocrx_word' id='word_1_877' title='bbox 2984 4737 3229 4803; x_wconf 87' lang='lat' dir='ltr'><strong>accipies.</strong></span> <span class='ocrx_word' id='word_1_878' title='bbox 3277 4736 3351 4790; x_wconf 83' lang='lat' dir='ltr'><strong>Ne</strong></span> <span class='ocrx_word' id='word_1_879' title='bbox 3394 4738 3536 4790; x_wconf 88' lang='lat' dir='ltr'><strong>enim</strong></span> <span class='ocrx_word' id='word_1_880' title='bbox 3566 4738 3718 4791; x_wconf 86' lang='lat' dir='ltr'><strong>dicas</strong></span> <span class='ocrx_word' id='word_1_881' title='bbox 3753 4757 3769 4793; x_wconf 94' lang='lat'>:</span> 
     </span>
    </p>
   </div>
   <div class='ocr_carea' id='block_1_110' title="bbox 2177 4827 3770 4897">
    <p class='ocr_par' dir='ltr' id='par_1_110' title="bbox 2177 4827 3770 4897">
     <span class='ocr_line' id='line_1_110' title="bbox 2177 4827 3770 4897; baseline 0.001 -16"><span class='ocrx_word' id='word_1_882' title='bbox 2177 4828 2313 4895; x_wconf 89' lang='lat' dir='ltr'><strong>Quid</strong></span> <span class='ocrx_word' id='word_1_883' title='bbox 2347 4828 2524 4897; x_wconf 89' lang='lat' dir='ltr'><strong>igitur,</strong></span> <span class='ocrx_word' id='word_1_884' title='bbox 2550 4827 2592 4882; x_wconf 88' lang='lat' dir='ltr'><strong>si</strong></span> <span class='ocrx_word' id='word_1_885' title='bbox 2624 4837 2819 4895; x_wconf 81' lang='lat' dir='ltr'><strong>potant,</strong></span> <span class='ocrx_word' id='word_1_886' title='bbox 2852 4836 2906 4879; x_wconf 88' lang='lat' dir='ltr'><strong>et</strong></span> <span class='ocrx_word' id='word_1_887' title='bbox 2935 4842 3037 4878; x_wconf 89' lang='lat' dir='ltr'><strong>non</strong></span> <span class='ocrx_word' id='word_1_888' title='bbox 3065 4827 3363 4895; x_wconf 83' lang='lat' dir='ltr'><strong>accipiam?</strong></span> <span class='ocrx_word' id='word_1_889' title='bbox 3407 4843 3502 4895; x_wconf 88' lang='lat' dir='ltr'><strong>per</strong></span> <span class='ocrx_word' id='word_1_890' title='bbox 3533 4829 3770 4896; x_wconf 84' lang='lat' dir='ltr'><strong>parabo-</strong></span> 
     </span>
    </p>
   </div>
   <div class='ocr_carea' id='block_1_111' title="bbox 2179 4917 3772 4987">
    <p class='ocr_par' dir='ltr' id='par_1_111' title="bbox 2179 4917 3772 4987">
     <span class='ocr_line' id='line_1_111' title="bbox 2179 4917 3772 4987; baseline 0 -14"><span class='ocrx_word' id='word_1_891' title='bbox 2179 4920 2282 4974; x_wconf 83' lang='lat' dir='ltr'><strong>Iam</strong></span> <span class='ocrx_word' id='word_1_892' title='bbox 2312 4927 2361 4973; x_wconf 88' lang='lat' dir='ltr'><strong>te</strong></span> <span class='ocrx_word' id='word_1_893' title='bbox 2383 4919 2434 4973; x_wconf 91' lang='lat' dir='ltr'><strong>in</strong></span> <span class='ocrx_word' id='word_1_894' title='bbox 2458 4933 2551 4987; x_wconf 89' lang='lat' dir='ltr'><strong>spe</strong></span> <span class='ocrx_word' id='word_1_895' title='bbox 2573 4917 2836 4980; x_wconf 87' lang='lat' dir='ltr'><strong>ﬁrmavit,</strong></span> <span class='ocrx_word' id='word_1_896' title='bbox 2868 4917 3158 4970; x_wconf 81' lang='lat' dir='ltr'><strong>ratiociniis</strong></span> <span class='ocrx_word' id='word_1_897' title='bbox 3185 4933 3394 4970; x_wconf 81' lang='lat' dir='ltr'><strong>rursum</strong></span> <span class='ocrx_word' id='word_1_898' title='bbox 3428 4933 3579 4979; x_wconf 84' lang='lat' dir='ltr'><strong>usus,</strong></span> <span class='ocrx_word' id='word_1_899' title='bbox 3607 4928 3772 4987; x_wconf 87' lang='lat' dir='ltr'><strong>atque</strong></span> 
     </span>
    </p>
   </div>
   <div class='ocr_carea' id='block_1_112' title="bbox 2180 5008 3770 5079">
    <p class='ocr_par' dir='ltr' id='par_1_112' title="bbox 2180 5008 3770 5079">
     <span class='ocr_line' id='line_1_112' title="bbox 2180 5008 3770 5079; baseline -0.002 -13"><span class='ocrx_word' id='word_1_900' title='bbox 2180 5011 2425 5067; x_wconf 89' lang='lat' dir='ltr'><strong>humanis</strong></span> <span class='ocrx_word' id='word_1_901' title='bbox 2449 5011 2707 5079; x_wconf 78' lang='lat' dir='ltr'><strong>exemplis</strong></span> <span class='ocrx_word' id='word_1_902' title='bbox 2743 5020 2792 5064; x_wconf 91' lang='lat' dir='ltr'><strong>le</strong></span> <span class='ocrx_word' id='word_1_903' title='bbox 2821 5008 2886 5062; x_wconf 86' lang='lat' dir='ltr'><strong>ad</strong></span> <span class='ocrx_word' id='word_1_904' title='bbox 2913 5009 3156 5062; x_wconf 90' lang='lat' dir='ltr'><strong>ﬁduciam</strong></span> <span class='ocrx_word' id='word_1_905' title='bbox 3188 5024 3247 5062; x_wconf 86' lang='lat' dir='ltr'><strong>ea</strong></span> <span class='ocrx_word' id='word_1_906' title='bbox 3274 5010 3324 5062; x_wconf 91' lang='lat' dir='ltr'><strong>in</strong></span> <span class='ocrx_word' id='word_1_907' title='bbox 3358 5025 3416 5061; x_wconf 89' lang='lat' dir='ltr'><strong>re</strong></span> <span class='ocrx_word' id='word_1_908' title='bbox 3445 5010 3770 5062; x_wconf 81' lang='lat' dir='ltr'><strong>suntendam</strong></span> 
     </span>
    </p>
   </div>
   <div class='ocr_carea' id='block_1_113' title="bbox 2179 5100 3771 5172">
    <p class='ocr_par' dir='ltr' id='par_1_113' title="bbox 2179 5100 3771 5172">
     <span class='ocr_line' id='line_1_113' title="bbox 2179 5100 3771 5172; baseline -0.004 -12"><span class='ocrx_word' id='word_1_909' title='bbox 2179 5106 2456 5171; x_wconf 87' lang='lat' dir='ltr'><strong>inducens,</strong></span> <span class='ocrx_word' id='word_1_910' title='bbox 2479 5104 2602 5158; x_wconf 93' lang='lat' dir='ltr'><strong>dum</strong></span> <span class='ocrx_word' id='word_1_911' title='bbox 2627 5117 2721 5172; x_wconf 82' lang='lat' dir='ltr'><strong>per</strong></span> <span class='ocrx_word' id='word_1_912' title='bbox 2741 5101 2854 5154; x_wconf 79' lang='lat' dir='ltr'><strong>ha-c</strong></span> <span class='ocrx_word' id='word_1_913' title='bbox 2881 5100 3133 5158; x_wconf 83' lang='lat' dir='ltr'><strong>ostendit.</strong></span> <span class='ocrx_word' id='word_1_914' title='bbox 3159 5116 3262 5153; x_wconf 91' lang='lat' dir='ltr'><strong>non</strong></span> <span class='ocrx_word' id='word_1_915' title='bbox 3287 5100 3444 5153; x_wconf 91' lang='lat' dir='ltr'><strong>modo</strong></span> <span class='ocrx_word' id='word_1_916' title='bbox 3472 5102 3771 5170; x_wconf 71' lang='lat' dir='ltr'><strong>petentium</strong></span> 
     </span>
    </p>
   </div>
   <div class='ocr_carea' id='block_1_114' title="bbox 2177 5192 3770 5264">
    <p class='ocr_par' dir='ltr' id='par_1_114' title="bbox 2177 5192 3770 5264">
     <span class='ocr_line' id='line_1_114' title="bbox 2177 5192 3770 5264; baseline -0.006 -10"><span class='ocrx_word' id='word_1_917' title='bbox 2177 5215 2318 5264; x_wconf 89' lang='lat' dir='ltr'><strong>csse,</strong></span> <span class='ocrx_word' id='word_1_918' title='bbox 2371 5196 2466 5253; x_wconf 87' lang='lat' dir='ltr'><strong>sed</strong></span> <span class='ocrx_word' id='word_1_919' title='bbox 2517 5210 2632 5264; x_wconf 74' lang='lat' dir='ltr'><strong>qua:</strong></span> <span class='ocrx_word' id='word_1_920' title='bbox 2662 5193 2881 5264; x_wconf 87' lang='lat' dir='ltr'><strong>petenda</strong></span> <span class='ocrx_word' id='word_1_921' title='bbox 2922 5193 3049 5246; x_wconf 88' lang='lat' dir='ltr'><strong>sint.</strong></span> <span class='ocrx_word' id='word_1_922' title='bbox 3096 5192 3224 5258; x_wconf 81' lang='lat' dir='ltr'><strong>Quis</strong></span> <span class='ocrx_word' id='word_1_923' title='bbox 3251 5193 3381 5244; x_wconf 82' lang='lat' dir='ltr'><strong>enim</strong></span> <span class='ocrx_word' id='word_1_924' title='bbox 3410 5207 3475 5244; x_wconf 79' lang='lat' dir='ltr'><strong>ea:</strong></span> <span class='ocrx_word' id='word_1_925' title='bbox 3509 5193 3648 5246; x_wconf 81' lang='lat' dir='ltr'><strong>vobis</strong></span> <span class='ocrx_word' id='word_1_926' title='bbox 3694 5205 3770 5245; x_wconf 73' lang='lat' dir='ltr'><strong>est</strong></span> 
     </span>
    </p>
   </div>
   <div class='ocr_carea' id='block_1_115' title="bbox 2179 5281 3773 5360">
    <p class='ocr_par' dir='ltr' id='par_1_115' title="bbox 2179 5281 3773 5360">
     <span class='ocr_line' id='line_1_115' title="bbox 2179 5281 3773 5360; baseline -0.005 -18"><span class='ocrx_word' id='word_1_927' title='bbox 2179 5301 2339 5360; x_wconf 82' lang='lat' dir='ltr'><strong>pater,</strong></span> <span class='ocrx_word' id='word_1_928' title='bbox 2364 5289 2444 5342; x_wconf 87' lang='lat' dir='ltr'><strong>cui</strong></span> <span class='ocrx_word' id='word_1_929' title='bbox 2470 5289 2514 5342; x_wconf 83' lang='lat' dir='ltr'><strong>si</strong></span> <span class='ocrx_word' id='word_1_930' title='bbox 2541 5285 2678 5356; x_wconf 81' lang='lat' dir='ltr'><strong>ﬁlius</strong></span> <span class='ocrx_word' id='word_1_931' title='bbox 2708 5293 2842 5354; x_wconf 80' lang='lat' dir='ltr'><strong>petat</strong></span> <span class='ocrx_word' id='word_1_932' title='bbox 2869 5299 3070 5352; x_wconf 84' lang='lat' dir='ltr'><strong>panem,</strong></span> <span class='ocrx_word' id='word_1_933' title='bbox 3102 5282 3346 5351; x_wconf 84' lang='lat' dir='ltr'><strong>numquid</strong></span> <span class='ocrx_word' id='word_1_934' title='bbox 3371 5282 3598 5351; x_wconf 83' lang='lat' dir='ltr'><strong>lapidem</strong></span> <span class='ocrx_word' id='word_1_935' title='bbox 3625 5281 3773 5334; x_wconf 80' lang='lat' dir='ltr'><strong>dabit</strong></span> 
     </span>
    </p>
   </div>
   <div class='ocr_carea' id='block_1_116' title="bbox 2177 5373 3772 5450">
    <p class='ocr_par' dir='ltr' id='par_1_116' title="bbox 2177 5373 3772 5450">
     <span class='ocr_line' id='line_1_116' title="bbox 2177 5373 3772 5450; baseline -0.006 -15"><span class='ocrx_word' id='word_1_936' title='bbox 2177 5384 2256 5437; x_wconf 80' lang='lat' dir='ltr'><strong>illi</strong></span> <span class='ocrx_word' id='word_1_937' title='bbox 2276 5384 2300 5436; x_wconf 88' lang='lat'><strong><em>?</em></strong></span> <span class='ocrx_word' id='word_1_938' title='bbox 2319 5381 2499 5450; x_wconf 86' lang='lat' dir='ltr'><strong>Itaque</strong></span> <span class='ocrx_word' id='word_1_939' title='bbox 2529 5379 2698 5433; x_wconf 90' lang='lat' dir='ltr'><strong>sinon</strong></span> <span class='ocrx_word' id='word_1_940' title='bbox 2725 5375 2920 5445; x_wconf 88' lang='lat' dir='ltr'><strong>accipis</strong></span> <span class='ocrx_word' id='word_1_941' title='bbox 2940 5416 2955 5439; x_wconf 94' lang='lat'><strong>,</strong></span> <span class='ocrx_word' id='word_1_942' title='bbox 3003 5373 3122 5427; x_wconf 91' lang='lat' dir='ltr'><strong>ideo</strong></span> <span class='ocrx_word' id='word_1_943' title='bbox 3149 5388 3254 5427; x_wconf 90' lang='lat' dir='ltr'><strong>non</strong></span> <span class='ocrx_word' id='word_1_944' title='bbox 3275 5373 3496 5443; x_wconf 88' lang='lat' dir='ltr'><strong>accipis,</strong></span> <span class='ocrx_word' id='word_1_945' title='bbox 3526 5373 3651 5441; x_wconf 89' lang='lat' dir='ltr'><strong>quia</strong></span> <span class='ocrx_word' id='word_1_946' title='bbox 3685 5373 3772 5426; x_wconf 83' lang='lat' dir='ltr'><strong>la-</strong></span> 
     </span>
    </p>
   </div>
   <div class='ocr_carea' id='block_1_117' title="bbox 2179 5463 3773 5546">
    <p class='ocr_par' dir='ltr' id='par_1_117' title="bbox 2179 5463 3773 5546">
     <span class='ocr_line' id='line_1_117' title="bbox 2179 5463 3773 5546; baseline -0.006 -17"><span class='ocrx_word' id='word_1_947' title='bbox 2179 5473 2354 5546; x_wconf 87' lang='lat' dir='ltr'><strong>pidem</strong></span> <span class='ocrx_word' id='word_1_948' title='bbox 2377 5471 2534 5543; x_wconf 87' lang='lat' dir='ltr'><strong>petis.</strong></span> <span class='ocrx_word' id='word_1_949' title='bbox 2556 5468 2772 5524; x_wconf 85' lang='lat' dir='ltr'><strong>Etiamsi</strong></span> <span class='ocrx_word' id='word_1_950' title='bbox 2803 5466 2944 5522; x_wconf 89' lang='lat' dir='ltr'><strong>enim</strong></span> <span class='ocrx_word' id='word_1_951' title='bbox 2978 5464 3116 5519; x_wconf 89' lang='lat' dir='ltr'><strong>ﬁlius</strong></span> <span class='ocrx_word' id='word_1_952' title='bbox 3143 5465 3239 5531; x_wconf 92' lang='lat' dir='ltr'><strong>sis,</strong></span> <span class='ocrx_word' id='word_1_953' title='bbox 3262 5463 3312 5518; x_wconf 92' lang='lat' dir='ltr'><strong>id</strong></span> <span class='ocrx_word' id='word_1_954' title='bbox 3337 5477 3444 5518; x_wconf 90' lang='lat' dir='ltr'><strong>non</strong></span> <span class='ocrx_word' id='word_1_955' title='bbox 3471 5463 3677 5518; x_wconf 85' lang='lat' dir='ltr'><strong>sufﬁcit</strong></span> <span class='ocrx_word' id='word_1_956' title='bbox 3704 5463 3773 5519; x_wconf 84' lang='lat' dir='ltr'><strong>ad</strong></span> 
     </span>
    </p>
   </div>
   <div class='ocr_carea' id='block_1_118' title="bbox 2245 5618 3770 5689">
    <p class='ocr_par' dir='ltr' id='par_1_118' title="bbox 2245 5618 3770 5689">
     <span class='ocr_line' id='line_1_118' title="bbox 2245 5618 3770 5689; baseline -0.005 -12"><span class='ocrx_word' id='word_1_957' title='bbox 2245 5633 2262 5662; x_wconf 77' lang='grc' dir='ltr'>ι</span> <span class='ocrx_word' id='word_1_958' title='bbox 2318 5627 2436 5689; x_wconf 82' lang='lat' dir='ltr'><strong>Alii,</strong></span> <span class='ocrx_word' id='word_1_959' title='bbox 2494 5623 2580 5674; x_wconf 83' lang='lat' dir='ltr'><strong>sed</strong></span> <span class='ocrx_word' id='word_1_960' title='bbox 2652 5621 2749 5687; x_wconf 83' lang='lat' dir='ltr'><strong>ipsi</strong></span> <span class='ocrx_word' id='word_1_961' title='bbox 2867 5619 3084 5670; x_wconf 80' lang='lat' dir='ltr'><strong>Domino.</strong></span> <span class='ocrx_word' id='word_1_962' title='bbox 3121 5618 3334 5676; x_wconf 51' lang='grc' dir='ltr'><strong>Μίκκα</strong></span> <span class='ocrx_word' id='word_1_963' title='bbox 3358 5620 3646 5684; x_wconf 67' lang='lat' dir='ltr'><strong>angelorum</strong></span> <span class='ocrx_word' id='word_1_964' title='bbox 3676 5628 3770 5670; x_wconf 77' lang='lat' dir='ltr'><strong>Do-</strong></span> 
     </span>
    </p>
   </div>
   <div class='ocr_carea' id='block_1_119' title="bbox 2179 5703 3168 5815">
    <p class='ocr_par' dir='ltr' id='par_1_119' title="bbox 2179 5703 3168 5815">
     <span class='ocr_line' id='line_1_119' title="bbox 2179 5703 3168 5815; baseline -0.012 -11"><span class='ocrx_word' id='word_1_965' title='bbox 2179 5703 2425 5811; x_wconf 49' lang='lat' dir='ltr'><strong>mlroi&#39;ox,</strong></span> <span class='ocrx_word' id='word_1_966' title='bbox 2444 5755 2598 5815; x_wconf 83' lang='lat' dir='ltr'><strong>pater,</strong></span> <span class='ocrx_word' id='word_1_967' title='bbox 2624 5745 2766 5796; x_wconf 87' lang='lat' dir='ltr'><strong>deest</strong></span> <span class='ocrx_word' id='word_1_968' title='bbox 2788 5745 2838 5793; x_wconf 89' lang='lat' dir='ltr'><strong>in</strong></span> <span class='ocrx_word' id='word_1_969' title='bbox 2861 5743 3168 5807; x_wconf 84' lang='lat' dir='ltr'><strong>quibusdam.</strong></span> 
     </span>
    </p>
   </div>
  </div>
