4050 6220
145 327 232 382 ΖΠ
1176 321 1240 373 ΙΝ
1280 320 1691 374 ΜΑΊἼΗΑΜἉΙ
1731 320 1845 374 1103

1952 362 1964 374 .
2005 319 2190 374 XXI".
2238 321 2310 376 al.
2351 320 2541 376 XXIV.

154 456 300 493 (τιιτε
323 441 412 505 εἰς
441 438 508 492 τὸ
529 437 660 504 οὖς,
685 437 980 506 κηρύξατε
1003 431 1099 488 ἐπὶ
1125 435 1242 488 τῶν
1269 434 1553 504 δωμάτων
1585 437 1652 489 ⁷⁸.
1681 435 1818 487 Ἀλλ’

154 527 274 580 οὐδέ
304 526 468 578 τοῦτο
501 525 742 578 ἐναντίον
783 524 898 576 ἐστὶ
942 522 1021 594 τῷ
1066 523 1335 593 προτέρῳ.
1378 523 1514 575 Οὐδὲ
1546 523 1653 593 γὰρ
1706 525 1824 575 ἐκεῖ

157 617 323 669 πᾶσιν
356 613 545 678 ἁπλῶς
573 612 828 677 ἐπέταξεν
857 613 1049 674 εἰπεῖν,
1070 611 1187 665 ἀλλ’
1221 607 1303 672 οἷς
1329 612 1409 664 δεῖ
1436 615 1629 675 είτπῖν,
1684 613 1824 683 μετά

158 703 478 774 παρρησίας
515 703 701 754 εἰπεῖν.
760 699 944 762 Κύνας
995 701 1052 753 δὲ
1077 699 1306 755 ἐνταῦθα
1336 701 1458 763 τοὺς
1515 702 1571 753 ἐν
1601 701 1825 771 ἀσεϐείᾳ.

163 789 374 852 ζῶντας
407 788 623 856 ἀνιάτῳ,
654 788 749 840 καὶ
785 785 1086 858 μεταϐολῆς
1119 788 1217 857 τῆς
1245 788 1336 840 ἐπὶ
1367 787 1426 840 τὸ
1459 789 1700 859 κρεῖττον
1727 789 1826 840 οὐκ

165 879 384 947 ἔχοντας
426 876 610 928 ἐλπίδα
642 875 882 946 ᾐνίξατο,
923 875 1018 929 καὶ
1051 874 1266 945 χοίρους
1292 877 1416 939 τοὺς
1447 877 1504 927 ἐν
1545 875 1826 945 ἀκολάστῳ

170 968 268 1035 βίῳ
297 963 662 1032 διατρίϐοντας
708 963 1019 1025 διαπαντὸς,
1053 961 1258 1032 οῦσπερ
1305 962 1548 1024 ἅπαντας
1577 961 1829 1026 ἀναξίους

164 1054 359 1122 ἔφησεν
383 1046 520 1102 εἶναι
549 1050 648 1120 τῆς
683 1050 939 1120 τοιαύτης
977 1049 1312 1120 ἀκροάσεως.
1357 1049 1528 1102 Τοῦτο
1573 1050 1703 1118 γοῦν
1736 1051 1828 1102 καὶ

158 1140 189 1189 ό
224 1135 430 1199 Παῦλος
467 1135 642 1205 δηλῶν
687 1134 871 1203 ἔλεγε·
924 1135 1189 1204 Ψυχικὸς
1227 1135 1296 1188 δὲ
1326 1137 1370 1167 ⁷⁸
1423 1135 1729 1202 ἄνθρωπος
1757 1137 1826 1188 οὐ

157 1225 397 1293 δέχεται
430 1223 504 1276 τὰ
533 1223 639 1276 τοῦ
671 1223 1005 1290 πνεύματος
1029 1238 1043 1252 ·
1075 1223 1267 1290 μωρία
1316 1223 1424 1292 γὰρ
1468 1222 1628 1287 αὐτῷ
1676 1223 1826 1275 ἐστι.

157 1315 274 1365 Καὶ
306 1309 575 1380 πολλαχοῦ
627 1309 684 1363 δὲ
725 1308 948 1380 ἑτέρωθι
991 1309 1106 1378 βίου
1146 1307 1441 1381 διαφθορὰν
1466 1309 1643 1362 αἰτίαν
1670 1311 1831 1380 φησὶν

153 1396 302 1452 εἶναι
324 1399 418 1453 τοῦ
445 1398 518 1469 μὴ
541 1397 790 1469 δέχεσθαι
817 1397 883 1450 τὰ
905 1397 1212 1468 τελειότερα
1227 1397 1490 1467 δόγματα.
1514 1395 1605 1449 Διὸ
1624 1395 1833 1449 κελεύει

155 1489 243 1557 μὴ
274 1487 606 1540 ἀναπετάσαι
642 1486 741 1549 τάς
783 1484 952 1556 θύρας
983 1486 1163 1549 αὐτοῖς
1189 1505 1202 1516 ·
1235 1487 1328 1539 καὶ
1365 1485 1473 1554 γάρ
1512 1483 1834 1556 θρασύτεροι

152 1577 402 1646 γίνονται
430 1576 564 1648 μετά
601 1575 661 1628 τὸ
704 1575 913 1646 μαθεῖν.
963 1575 1086 1637 Τοῖς
1137 1575 1233 1645 μὲν
1257 1575 1364 1644 γάρ
1405 1575 1710 1644 εὐγνώμοσι
1743 1572 1837 1626 καὶ

153 1667 289 1718 νοῦν
342 1664 554 1734 ἔχουσιν
600 1661 1053 1729 ἐκκαλυπτόμενα
1088 1662 1260 1730 σεμνά
1291 1661 1572 1730 φαίνεται·
1632 1663 1742 1724 τοῖς
1781 1659 1837 1712 δὲ

152 1751 534 1822 ἀναισθήτοις,
583 1750 712 1802 ὅταν
742 1747 1000 1818 ἀγνοῆται
1050 1747 1269 1816 μᾶλλον.
1328 1750 1478 1800 Ἐπεὶ
1517 1750 1562 1779 ⁸⁸
1593 1746 1685 1801 οῦν
1734 1748 1842 1800 ἀπὸ

151 1843 268 1911 τῆς
298 1839 511 1909 φύσεως
536 1838 597 1890 οὐ
622 1836 873 1890 δύνανται
903 1836 1042 1889 αὐτά
1080 1836 1438 1905 καταμαθεῖν,
1466 1838 1508 1866 ⁸¹
1548 1836 1838 1906 [καλυπτέ-

150 1931 404 1992 σθωσαν,
441 1927 624 1997 φησὶν,
667 1923 775 1996 ῖνα]
819 1925 920 1978 κᾶν
952 1923 1060 1976 ἀπὸ
1088 1925 1186 1994 τῆς
1225 1926 1447 1992 ἀγνοίας
1499 1925 1838 1978 αἱδεσθῶσιν.

155 2018 308 2072 Οὐδέ
337 2017 443 2093 γὰρ
475 2017 504 2068 6
527 2014 678 2088 [288]
709 2017 889 2086 χοῖρος
918 2009 1048 2080 οἶδε,
1075 2014 1128 2066 τί
1167 2015 1295 2066 ποτέ
1329 2016 1444 2066 ἐστι
1475 2014 1840 2086 μαργαρίτης.

156 2105 383 2160 Οὐκοῦν
399 2105 582 2175 ἐπειδὴ
605 2104 704 2156 οὐκ
731 2098 858 2167 οἶδε,
885 2103 1016 2173 μηδὲ
1042 2103 1239 2173 ὁράτω,
1271 2103 1355 2155 ἵνα
1385 2103 1456 2174 μὴ
1481 2104 1844 2174 καταπατήσῃ

155 2195 202 2246 ἂ
237 2195 337 2245 οὐκ
361 2187 520 2246 οἶδεν.
554 2192 718 2245 Οὐδὲν
761 2189 870 2262 γὰρ
904 2192 1110 2259 γίνεται
1136 2191 1313 2255 πλέον,
1355 2192 1387 2263 ἢ
1434 2191 1602 2262 βλάϐη
1644 2192 1844 2261 μείζων

155 2283 282 2344 τοῖς
313 2280 455 2333 οὕτω
485 2279 850 2350 διακειμένοις
883 2280 974 2333 καὶ
1005 2279 1283 2333 ἀκούουσι.
1325 2280 1434 2332 Καὶ
1479 2282 1587 2352 γάρ
1614 2281 1680 2332 τὰ
1714 2280 1845 2347 ἅγια

157 2371 583 2439 ἐμπαροινεῖται
626 2369 757 2437 παρ’
802 2367 1058 2431 ἐκείνων,
1119 2367 1218 2420 οὐκ
1281 2368 1496 2421 εἰδότων
1555 2369 1675 2421 τίνα
1730 2370 1846 2422 ἐστὶ

156 2456 378 2510 ταῦτα’
412 2458 505 2510 καὶ
536 2457 734 2508 ἐκεῖνοι
783 2455 980 2524 μᾶλλον
1032 2456 1350 2527 ἐπαίρονται
1398 2458 1491 2509 καὶ
1535 2457 1845 2521 ὁπλίζονται

159 2544 294 2598 καθ’
327 2543 504 2613 ήμῶν.
548 2541 717 2596 Τοῦτο
749 2543 857 2614 γάρ
882 2543 1031 2594 ἐστι·
1065 2543 1161 2610 Μὴ
1207 2543 1674 2610 κίιτιιπατήσωσι
1695 2587 1710 2612 ,
1748 2545 1844 2599 καὶ

158 2631 540 2702 στραφέντες
582 2631 854 2700 ῥήξωσιν
901 2629 1077 2698 ὑμᾶς.
1129 2633 1238 2684 Καὶ
1286 2633 1393 2703 μὴν
1432 2633 1604 2696 οὕτως
1653 2634 1848 2702 ἰσχυρά

161 2723 280 2774 ἔδει
300 2719 458 2781 εἶναι,
482 2721 664 2790 φησὶν,
696 2719 771 2782 ὡς
801 2719 904 2777 καὶ,
915 2720 1052 2789 μετά
1072 2719 1131 2771 τὸ
1161 2719 1350 2788 μαθεῖν
1373 2720 1622 2773 ἀνάλωτα
1645 2719 1846 2790 μένειν,

162 2811 268 2863 καὶ
307 2810 379 2879 μὴ
430 2809 689 2879 παρέχειν
720 2807 928 2877 ἑτέροις
983 2807 1154 2870 λαϐὰς
1201 2806 1322 2859 καθ’
1355 2807 1531 2878 ήμῶν.
1578 2808 1713 2860 Ἀλλ’
1750 2809 1850 2861 οὐκ

163 2900 360 2950 ἐκεῖνα
398 2896 624 2966 παρέχει
651 2935 664 2958 ,
697 2895 830 2947 ἀλλά
858 2895 918 2946 τὸ
948 2894 1164 2965 χοίρους
1201 2889 1340 2948 εἶναι
1368 2893 1589 2957 τούτους
1613 2913 1626 2924 ·
1660 2894 1850 2966 ὥσπερ

163 2983 269 3040 οὖν
289 2985 383 3037 καὶ
403 2987 432 3037 ὁ
459 2982 808 3054 μαργαρίτης
831 2982 1333 3052 καταπατούμενος,
1358 2983 1458 3035 οὐκ
1478 2983 1663 3055 ἐπειδὴ
1695 2984 1854 3036 εὐκα-

166 3071 516 3144 ταφρόνητός
546 3073 682 3137 ἐστι,
716 3072 1138 3134 καταπατεῖται,
1167 3070 1280 3123 ἀλλ’
1310 3072 1495 3140 ἐπειδὴ
1527 3073 1606 3133 εἰς
1641 3072 1853 3142 χοίρους

166 3159 424 3212 ἐνέπεσε.
462 3158 572 3212 Καὶ
622 3157 802 3221 καλῶς
832 3153 951 3209 εἷπε
979 3176 990 3187 ·
1046 3157 1417 3225 Στραφέντες
1457 3157 1734 3226 ῥήξωσιν
1782 3160 1849 3213 ⁸¹.

181 3247 607 3318 ’Υποκρίνονται
654 3245 762 3316 γάρ
788 3245 1107 3310 ἐπιείκειαν,
1139 3245 1278 3298 ὥστε
1309 3245 1499 3315 μαθεῖν
1522 3264 1534 3275 ·
1565 3243 1683 3298 εἶτα
1706 3249 1855 3300 ἐπει-

170 3335 276 3389 δὰν
305 3333 568 3404 μάθωσιν,
603 3331 780 3403 ἕτεροι
813 3333 928 3385 ἀνθ’
962 3332 1165 3402 ἐτέρων
1193 3333 1476 3402 γενόμενοι
1510 3333 1852 3402 κωμῳδοῦσι,

169 3421 524 3493 χλευάζουσι,
552 3419 784 3488 γελῶσιν
815 3420 860 3450 ⁸³
884 3419 958 3481 ὡς
986 3417 1364 3489 ἀπατηθέντας
1387 3421 1552 3489 ἡμᾶς.
1575 3420 1672 3473 Διά
1700 3419 1856 3473 τοῦτο

171 3511 278 3564 καὶ
301 3512 330 3564 6
357 3509 569 3569 Παῦλος
599 3507 752 3575 ἔλεγε
790 3505 866 3578 τῷ
917 3506 1166 3578 Τιμοθέῳ
1187 3523 1198 3534 ’
1243 3507 1352 3558 Ὃν
1380 3506 1479 3558 καὶ
1506 3506 1587 3559 σὺ
1616 3507 1854 3575 φυλάσ-

175 3615 302 3652 σου
324 3614 336 3627 '
359 3598 501 3652 λίαν
525 3595 634 3665 γὰρ
661 3593 994 3662 ἀνθέστηκε
1017 3593 1144 3661 τοῖς
1167 3592 1477 3664 ’ἡμετέροις
1496 3595 1698 3664 λόγοις
1718 3612 1730 3624 ·
1762 3596 1857 3649 καὶ

176 3686 346 3740 πάλιν
380 3681 636 3753 ἀλλαχοῦ,
700 3683 845 3749 Τοὺς
890 3685 1198 3747 τοιούτους
1245 3680 1584 3750 ἀποτρέπου
1619 3683 1698 3713 ⁸⁸⁸
1739 3683 1854 3747 καὶ,

175 3773 491 3842 ΑΙρετικόν
511 3772 826 3840 ἄνθρωπον
852 3773 1003 3839 μετὰ
1030 3772 1179 3839 μίαν
1208 3771 1304 3824 καὶ
1334 3770 1621 3838 δευτέραν
1650 3775 1858 3824 νουθε-

177 3865 332 3915 σία-ν
388 3859 698 3927 παραιτοῦ.
754 3860 828 3910 Οὐ
867 3859 1045 3911 τοίνυν
1077 3858 1206 3928 παρ’
1257 3858 1480 3910 ἐκείνων
1523 3857 1854 3922 ὁπλίζονται,

179 3953 299 4007 ἀλλ’
330 3952 482 4005 αὐτοὶ
527 3950 742 4018 ἀνόητοι
790 3933 962 4020 ταύτῃ
1011 3947 1271 4014 γίνονται,
1329 3947 1571 4010 πλείονος
1603 3947 1858 4011 ἀπονοίας

181 4037 572 4109 πληρούμενοι.
598 4036 696 4088 Διά
727 4036 884 4089 τοῦτο
922 4035 982 4088 οὐ
1015 4034 1208 4104 μικρὸν
1245 4033 1433 4106 κέρδος
1460 4035 1521 4086 τὸ
1561 4036 1620 4087 ἐν
1665 4035 1859 4104 ἀγνοία

184 4127 370 4197 μένειν
401 4125 624 4187 αὐτούς·
657 4124 777 4176 οὐδέ
807 4123 914 4192 γὰρ
942 4121 1084 4175 οὕτω
1113 4124 1158 4153 ⁵⁵
1185 4121 1637 4191 καταφρονοῦσιν.
1678 4124 1775 4175 Ἂν
1801 4122 1858 4175 δὲ

184 4214 425 4284 μάθωσι,
458 4212 622 4281 διπλῆ
653 4215 686 4282 ή
724 4211 916 4281 ζημία.
971 4210 1132 4262 Αὐτοί
1165 4227 1223 4262 τε
1257 4210 1363 4280 γὰρ
1407 4209 1558 4262 οὐδὲν
1605 4209 1857 4262 ἐντεῦθεν

181 4300 590 4371 καρπώσονται,
623 4299 759 4352 ἀλλά
782 4299 876 4351 καὶ
903 4298 1259 4369 βλαϐήσονται
1298 4297 1559 4367 μειζόνως
1580 4335 1594 4359 ,
1639 4299 1735 4350 καί
1774 4298 1858 4352 σοὶ

186 4388 359 4460 μυρία
386 4387 678 4457 παρέξουσι
703 4385 1022 4457 πράγματα.
1054 4384 1422 4438 Ἀκουέτωσαν
1444 4385 1493 4436 οἰ
1525 4386 1689 4438 πᾶσιν
1708 4387 1859 4438 ἀναι-

180 4477 292 4540 δῶς
324 4475 777 4545 συμπλεκόμενοι,
812 4473 906 4525 καὶ
935 4472 1003 4526 τὰ
1034 4473 1207 4543 σεμνά
1249 4473 1701 4544 εὐκαταφρόνητα
1737 4491 1857 4527 ποι-

180 4565 391 4626 οῦντες.
424 4564 532 4616 Καὶ
555 4561 663 4633 γὰρ
690 4560 760 4613 τά
790 4562 1062 4631 μυστήρια
1086 4560 1173 4613 διὰ
1207 4559 1360 4612 τοῦτο
1387 4559 1484 4623 τὰς
1511 4559 1680 4631 θύρας
1715 4561 1858 4614 κλεί-

181 4671 337 4716 οντες
362 4655 409 4685 ⁸⁸
436 4651 809 4719 ἐπιτελοῦμεν,
844 4651 936 4703 καὶ
968 4652 1090 4711 τοὺς
1145 4649 1424 4720 ἀμυήτους
1451 4650 1726 4720 είργομεν,
1759 4651 1860 4703 οὐκ

182 4741 373 4813 ἐπειδὴ
434 4741 715 4794 ἀσθένειαν
769 4738 1116 4807 κατέγνῳμεν
1171 4737 1282 4792 τῶν
1333 4738 1692 4807 τελουμένων,
1745 4740 1859 4792 ἀλλ’

181 4829 379 4901 ἐπειδὴ
406 4827 754 4896 ἀτελέστερον
783 4827 832 4878 οἰ
862 4825 1046 4878 πολλοὶ
1083 4826 1218 4896 πρὸς
1247 4827 1388 4880 αὐτά
1425 4826 1504 4879 ἐτι
1538 4827 1857 4881 διάκεινται.

182 4919 287 4972 Διά
311 4917 375 4987 δὴ
395 4916 552 4969 τοῦτο
577 4915 670 4969 καὶ
692 4913 852 4974 αὐτὸς
877 4914 920 4944 ⁸⁷
947 4916 1004 4965 ἐν
1039 4913 1372 4983 παραϐολαῖς
1393 4914 1562 4970 πολλὰ
1587 4918 1703 4979 τοῖς
1725 4917 1859 4968 Ἰου-

179 5005 360 5067 δαίοις
418 5003 728 5071 διελέγετο,
789 5000 974 5071 ἐπειδὴ
1019 5000 1304 5070 βλέποντες
1359 5002 1459 5054 οὐκ
1490 5002 1858 5056 ἕϐλεπον.Διά

181 5093 347 5146 τοῦτο
369 5093 464 5145 καὶ
502 5095 529 5145 6
558 5091 770 5153 Παῦλος
797 5090 1083 5142 ἐκέλευσεν
1109 5089 1326 5154 εἰδέναι,
1363 5089 1479 5154 πῶς
1515 5091 1597 5144 δεῖ
1625 5093 1706 5144 ἐνὶ
1733 5092 1858 5145 ἐκά-

185 5198 303 5250 στῳ
331 5178 742 5249 ἀποκρίνεσθαι.
779 5177 1020 5242 Αἰτεῖτε,
1069 5176 1167 5230 καί
1197 5175 1513 5244 δοθήσεται
1550 5179 1694 5248 ὑμῖν
1723 5199 1735 5212 ·
1769 5177 1861 5247 ζη-

184 5269 363 5330 τεῖτε,
401 5267 499 5320 καί
527 5265 813 5334 εὑρήσετε
833 5282 845 5296 ⁸
884 5267 1146 5333 κρούετε,
1170 5265 1269 5319 καὶ
1293 5265 1674 5336 ἀνοιγήσεται
1696 5267 1856 5335 ὑμῖν.

199 5355 422 5425 Ἐπειδὴ
449 5355 558 5426 γὰρ
582 5354 792 5425 μεγάλα
819 5354 1046 5419 ἐπέταξε
1080 5355 1172 5407 καὶ
1192 5354 1498 5425 Θαυμαστὰ,
1523 5357 1616 5408 καὶ
1644 5357 1859 5408 πάντων

3488 324 3598 380 ενι

1933 436 2186 489 ἐκέλευσε
2227 437 2336 489 τῶν
2369 437 2558 489 παθῶν
2600 434 2736 491 εἶναι
2773 440 3094 511 ἀνωτέρους,
3143 440 3236 494 καὶ
3269 439 3402 507 πρὸς
3437 440 3600 493 αὐτην

1929 523 2102 592 ήγαγε
2128 524 2220 577 τὸν
2246 525 2496 595 οὐρανὸν,
2522 526 2616 578 καὶ
2645 525 2964 588 σπουδάζειν
2992 528 3270 594 ἐπέταξεν,
3304 528 3405 580 οὐκ
3434 528 3608 596 ἀγγέο-

1928 609 2061 672 λοις,
2085 611 2205 664 οὐδὲ
2233 613 2616 682 ἁρχαγγέλοις,
2644 612 2760 666 ἀλλ’
2791 614 2940 684 αὐτῷ
2978 615 3058 685 τῷ
3095 615 3204 670 τῶν
3231 616 3366 669 ὅλων
3406 615 3454 648 ⁸⁸
3505 618 3604 668 Δε-

1933 698 2106 770 σπότῃ
2137 699 2274 752 κατά
2296 701 2357 752 τὸ
2401 700 2678 771 ἐγχωροῦν
2713 701 2930 772 ὁμοίους
2962 701 3230 770 γίνεσθαι,
3263 703 3470 766 τοῦςδὲ
3498 721 3605 775 μα,

1933 785 2102 856 θητάς
2129 786 2228 838 οὐκ
2258 787 2455 850 αὐτοὺς
2500 789 2694 857 μόνους
2743 787 2916 842 ταῦτα
2968 788 3290 860 κατορθοῦν,
3341 790 3476 844 ἀλλά
3508 791 3605 845 καὶ

1933 875 2148 945 ἐτέρους
2173 874 2414 946 διορθοῦν
2442 875 2714 941 ἐκέλευσε,
2745 877 2838 929 καί
2865 876 3162 948 διακρίνειν
3187 877 3313 940 τοὺς
3337 880 3612 949 πονηροὺς

1935 965 2027 1016 καὶ
2061 964 2186 1025 τοὺς
2217 965 2278 1014 οὐ
2311 963 2606 1028 τοιούτους,
2637 965 2762 1026 τούς
2807 965 2976 1027 κύνας
3021 964 3111 1017 καὶ
3148 965 3274 1028 τοὺς
3317 966 3378 1018 οὐ
3418 964 3606 1028 κύνας,

1936 1048 2104 1118 (πολὺ
2133 1049 2189 1102 δὲ
2217 1049 2276 1102 τὸ
2305 1051 2784 1121 ἐπικεκρυμμένον
2808 1053 2866 1104 ἐν
2897 1051 3263 1122 ἀνθρώποις),
3301 1053 3387 1105 ἵνα
3422 1055 3495 1124 μὴ
3528 1052 3610 1106 λέ-

1901 1137 2120 1204 ’“γωσιν.
2156 1138 2238 1190 ὅτι
2268 1137 2478 1206 χαλεπά
2502 1137 2675 1191 ταῦτα
2707 1139 2798 1192 καὶ
2835 1139 3112 1212 ἀφόρητα·
3155 1141 3248 1193 καὶ
3280 1140 3389 1211 γὰρ
3419 1141 3476 1192 ἐν
3498 1143 3610 1201 τοῖς

1940 1230 2077 1295 μετὰ
2102 1223 2276 1278 ταῦτα
2303 1227 2330 1278 ό
2368 1225 2573 1296 Πέτρος
2597 1227 2895 1294 ἐφθέγξατό
2922 1246 2974 1280 τι
3008 1227 3249 1281 τοιοῦτον
3280 1225 3447 1282 εἰπών
3470 1245 3483 1257 ·
3515 1228 3610 1290 Τίς

1937 1312 2184 1366 δύναται
2217 1312 2522 1381 σωθῆναι;
2550 1314 2646 1366 καὶ
2674 1315 2839 1368 πάλιν
2857 1331 2872 1346 ο
2896 1318 2966 1369 El
2985 1315 3173 1380 οὕτως
3191 1315 3363 1371 ἐστὶν
3394 1316 3432 1384 ἡ
3454 1315 3612 1367 αἰτία

1940 1402 2046 1456 τοῦ
2075 1402 2409 1470 ἀνθρώπου,
2453 1405 2525 1456 οὐ
2562 1404 2854 1474 συμφέρει
2881 1405 3169 1475 γαμῆσαι.

2011 1489 2074 1542 δ’.
2109 1491 2226 1542 Ἵνα
2248 1487 2342 1543 οὖν
2377 1490 2451 1561 μὴ
2497 1491 2672 1546 ταῦτα
2699 1493 2898 1562 λέγωσι
2926 1496 3020 1548 καὶ
3059 1494 3174 1558 νῦν,
3202 1492 3351 1566 [9.89]
3382 1493 3615 1564 μάλιστα

1946 1576 2045 1645 μὲν
2078 1579 2172 1630 καὶ
2200 1577 2290 1631 διά
2319 1579 2428 1632 τῶν
2460 1578 2764 1650 ἔμπροσθεν
2796 1582 3074 1648 ἀπέδειξεν
3120 1583 3316 1637 εὔκολα
3347 1583 3494 1639 ὄντα.
3528 1582 3615 1634 λο-
3701 1640 3708 1646 _

1945 1665 2176 1735 γισμούς
2205 1664 2373 1730 τιθεὶς
2409 1667 2642 1731 πολλοὺς
2669 1669 2765 1722 καὶ
2825 1674 3083 1740 συνεχεῖς,
3131 1673 3256 1734 τοὺς
3287 1671 3617 1740 δυναμένους

1944 1753 2129 1804 πεῖσαι
2149 1769 2162 1781 ⁸
2192 1751 2376 1804 λοιπὸν
2398 1752 2455 1806 δὲ
2477 1754 2570 1806 καὶ
2594 1754 2692 1824 τὴν
2717 1757 2982 1825 κορωνίδα
3007 1757 3203 1825 ἐπάγει
3229 1759 3326 1828 τῆς
3348 1757 3616 1818 εὐκολίας,

1943 1839 2004 1891 οὐ
2033 1839 2132 1911 τὴν
2156 1841 2424 1909 τυχοῦσαν
2471 1841 2701 1894 ἐπινοῶν
2744 1843 3093 1913 παραμυθίαν
3125 1845 3236 1907 τοῖς
3282 1844 3487 1908 πόνοις,
3521 1844 3620 1910 τὴν

1942 1927 2050 1980 ἀπὸ
2076 1927 2185 1978 τῶν
2217 1926 2392 1997 εὐχῶν
2419 1926 2526 1979 τῶν
2560 1928 2904 2000 καρτερικῶν
2932 1930 2977 1962 ⁸⁹
3002 1930 3341 2002 συμμαχίαν.
3387 1932 3462 1984 Οὐ
3512 1931 3619 2001 γάρ

1943 2015 2140 2078 αὐτοὺς
2193 2014 2512 2078 σπουδάζειν
2567 2015 2648 2068 δεῖ
2704 2015 2914 2086 μόνους,
2977 2020 3163 2088 φησιν,
3215 2017 3360 2070 ἀλλά
3397 2019 3492 2072 καὶ
3522 2018 3620 2088 τὴν

1944 2102 2150 2156 ἀνωθεν
2180 2102 2364 2155 καλεῖν
2384 2103 2636 2173 βοήθειαν
2657 2119 2670 2132 ·
2701 2103 2795 2157 καὶ
2830 2106 3046 2168 πάντως
3066 2105 3186 2176 ἥξει
3210 2106 3304 2158 καὶ
3331 2105 3620 2176 παρέσται,

1945 2192 2038 2243 καὶ
2075 2191 2439 2260 συνεφάψεται
2469 2191 2576 2244 τῶν
2603 2189 2830 2260 ἀγώνων
2882 2195 3033 2264 ήμῖν,
3063 2192 3156 2246 καὶ
3206 2193 3383 2246 πάντα
3408 2195 3621 2263 ποιήσει

1947 2279 2122 2349 ῥᾴδια.
2159 2280 2257 2332 Διά
2297 2278 2455 2332 τοῦτο
2503 2279 2598 2332 καὶ
2645 2281 2816 2333 αἰτεῖν
2873 2281 3145 2343 ἐκέλευσε,
3180 2283 3275 2334 καὶ
3325 2280 3422 2352 τὴν
3479 2281 3621 2333 δόσιν

1947 2368 2340 2437 ἐνηγγυήσατο.
2380 2366 2527 2436 Πλὴν
2575 2367 2672 2438 οὐχ
2720 2367 2906 2429 ἁπλῶς
2936 2370 3108 2421 αἰτεῖν
3142 2369 3449 2430 ἐκέλευσεν,
3489 2367 3622 2420 ἀλλὰ

1952 2455 2088 2526 μετά
2121 2455 2473 2527 προσεδρείας
2498 2455 2694 2525 πολλῆς
2725 2457 2820 2509 καὶ
2853 2457 3116 2520 εὐτονίας.
3158 2457 3330 2512 Τοῦτο
3363 2458 3471 2530 γάρ
3507 2459 3623 2509 ἐστι

1948 2544 2030 2606 τὸ,
2056 2543 2317 2611 Ζητεῖτε.
2346 2543 2458 2596 Καὶ
2482 2544 2591 2614 γὰρ
2629 2545 2657 2596 6
2683 2541 2880 2613 ζητῶν,
2914 2545 3090 2598 πάντα
3119 2543 3365 2597 ἐκϐαλὼν
3387 2544 3487 2613 τῆς
3509 2544 3610 2596 δια-

1948 2631 2116 2694 νοίας,
2157 2629 2292 2700 πρὸς
2314 2632 2490 2683 ἐκεῖνο
2519 2630 2727 2698 γίνεται
2760 2631 2806 2662 ’⁸
2834 2631 2993 2700 μόνον
3020 2632 3082 2684 τὸ
3124 2631 3478 2702 ζητούμενον,
3535 2632 3624 2686 καὶ

1949 2720 2137 2773 οὐδένα
2171 2718 2280 2770 τῶν
2316 2718 2598 2788 παρόντων
2636 2719 2824 2773 ὲννοεῖ.
2875 2719 2985 2773 Καὶ
3026 2719 3174 2771 ῐσασι
3214 2717 3372 2771 τοῦτο
3401 2719 3429 2771 ὃ
3462 2718 3625 2784 λέγω,

1949 2809 2060 2861 ὅσοι
2089 2807 2120 2877 ἢ
2151 2805 2372 2878 χρυσίον
2400 2806 2433 2877 ἢ
2457 2806 2676 2869 οἰκέτας
2699 2805 3060 2870 ἀπολέσαντες
3091 2805 3463 2876 ἐπιζητοῦσιν.
3498 2806 3626 2858 Ἀπὸ

1955 2895 2052 2966 μὲν
2076 2890 2169 2947 οῦν
2202 2893 2296 2946 τοῦ
2320 2893 2523 2963 ζητεῖν,
2555 2893 2748 2946 τοῦτο’
2779 2893 2887 2947 ἀπὸ
2917 2894 2973 2946 δὲ
3004 2894 3098 2948 τοῦ
3128 2896 3367 2966 κρούειν,
3399 2893 3460 2949 τὸ
3490 2897 3627 2963 μετὰ

1955 2983 2312 3053 σφοδρότητος
2339 2983 2620 3054 προσιέναι
2644 2983 2741 3035 καὶ
2761 2981 2969 3054 θερμῆς
2991 2978 3230 3046 διανοίας
3254 2981 3516 3053 ἐδήλωσε.
3540 2983 3628 3039 Μὴ

1952 3071 2130 3124 τοίνυν
2183 3070 2524 3142 καταπέσῃς,
2563 3071 2836 3142 ἄνθρωπε,
2883 3071 3020 3142 μηδὲ
3067 3071 3324 3124 ἐλάττονα
3387 3069 3630 3134 ἐπιδείξῃ

1956 3159 2083 3229 περὶ
2130 3158 2227 3229 τὴν
2261 3157 2459 3228 ἀρετὴν
2491 3156 2726 3228 σπουδὴν
2755 3158 2852 3226 τῆς
2886 3157 3014 3228 περὶ
3064 3159 3131 3210 τὰ
3155 3157 3414 3227 χρήματα
3445 3154 3628 3208 ἐπιθυιι

1958 3246 2104 3315 μίας.
2151 3245 2364 3296 Ἐκεῖνα
2419 3244 2517 3314 μὲν
2567 3244 2676 3316 γὰρ
2731 3244 2991 3307 πολλάκις
3042 3244 3282 3315 ζητήσας
3303 3243 3401 3312 οὐχ
3431 3235 3628 3314 εὗρες·

1955 3333 2069 3386 ἀλλ⁹
2103 3332 2250 3402 ὅμως
2296 3332 2391 3384 καὶ
2427 3332 2602 3385 ταῦτα
2639 3331 2828 3397 εἰδὼς,
2856 3333 2934 3385 ὄτι
2980 3331 3040 3384 οὐ
3091 3331 3309 3393 πάντως
3357 3330 3649 3400 εὑρήσεις,

1958 3423 2136 3476 πάντα
2165 3423 2334 3482 κινεῖς
2366 3419 2593 3491 ἐρεύνης
2619 3421 2819 3492 τρόπον
2840 3435 2858 3449 ·
2909 3418 3140 3473 ἐνταῦθα
3169 3417 3226 3470 δὲ
3267 3418 3362 3471 καὶ
3391 3418 3629 3486 ἐπαγγει-

1955 3511 2076 3563 λίαν
2106 3509 2242 3580 ἔχων
2299 3509 2377 3560 ὅτι
2426 3508 2572 3579 λήψῃ
2607 3508 2860 3571 πάντως,
2911 3506 3031 3560 οὐδέ
3082 3507 3142 3558 τὸ
3193 3505 3482 3558 πολλοστὸν
3534 3505 3630 3573 τῆς

1960 3597 2196 3668 σπουδῆς
2229 3596 2442 3667 ἐκείνης
2488 3595 2856 3648 ἐπιδείκνυσειι
2895 3594 3080 3664 μέρος.
3127 3594 3190 3647 EE
3229 3593 3285 3645 δὲ
3319 3593 3394 3664 μὴ
3428 3591 3631 3653 εὐθέως

1955 3685 2253 3757 λαμϐάνεις
2275 3728 2290 3750 ,
2327 3683 2461 3754 μηδὲ
2501 3682 2675 3744 οὕτως
2709 3682 2981 3753 ἀπογνῷς.
3022 3682 3126 3734 Διά
3147 3681 3257 3749 γὰρ
3299 3680 3457 3733 τοῦτο
3488 3676 3628 3740 εἰπε,

1957 3773 2205 3846 κρούετε.
2238 3773 2325 3824 ἴνα
2363 3770 2509 3842 δείξῃ
2543 3771 2620 3822 ὅτι
2643 3767 2744 3822 κᾶν
2768 3769 2970 3831 εὐθέως
3000 3769 3074 3840 μὴ
3105 3769 3292 3841 ἀνοίξῃ
3316 3767 3416 3839 τὴν
3441 3765 3630 3836 θύραν,

1958 3861 2298 3933 παραμένειν
2328 3859 2429 3912 δεῖ.
2459 3859 2522 3911 Εἰ
2571 3858 2626 3910 δὲ
2670 3859 2917 3919 ἀπιστεῖς
2944 3873 3045 3926 μου
3085 3859 3149 3926 τῇ
3185 3857 3490 3923 ἀποφάσει,
3530 3851 3633 3905 κᾶν

1957 3950 2035 4020 τῷ
2084 3947 2439 4016 ὑποδείγματι
2493 3945 2804 3997 πίστευσον.
2863 3945 2960 4007 Τίς
2989 3941 3099 4011 γάρ
3131 3943 3300 3995 ἐστιν
3338 3941 3408 4004 ἐξ
3429 3940 3598 4008 ὑμῶν
3619 3978 3631 3998 .

1961 4035 2147 4108 φησὶν,
2183 4035 2255 4087 ὃν
2303 4037 2335 4086 ό
2377 4031 2504 4096 υίὸς
2550 4029 2733 4084 αὐτοῦ
2774 4029 3008 4094 αἰτήσει
3054 4028 3231 4094 ἄρτον
3256 4026 3432 4095 ⁹¹,μή
3461 4027 3633 4080 λίθον

1959 4120 2238 4176 ἐπιδώσει
2280 4117 2476 4182 αὐτῷ;
2529 4117 2643 4168 Ἐπ’
2673 4113 2976 4183 ἀνθρώπιον
3011 4115 3108 4184 μὲν
3138 4116 3268 4184 γὰρ,
3298 4113 3364 4166 ἂν
3397 4111 3634 4181 συνεχῶς

1961 4211 2118 4264 τοῦτο
2151 4211 2331 4278 ποιῇς,
2363 4206 2456 4259 καὶ
2480 4203 2707 4275 ὀχληρὸς
2732 4204 2825 4256 καὶ
2853 4202 3024 4273 βαρὺς
3054 4197 3195 4255 εἶναι
3224 4202 3400 4264 δοκεῖς
3419 4214 3432 4228 ·
3467 4201 3558 4252 ἐπὶ
3578 4200 3634 4252 δέ

1961 4299 2055 4354 τοῦ
2074 4297 2233 4358 Θεοῦ,
2260 4296 2388 4349 ὅταν
2416 4296 2490 4365 μὴ
2516 4292 2674 4346 τοῦτο
2719 4295 2900 4362 ποιῇς,
2930 4292 3050 4344 τότε
3095 4291 3419 4361 παροξύνεις
3453 4288 3635 4359 μειζό-

1961 4407 2088 4453 νως.
2116 4389 2212 4441 Ἂν
2243 4387 2301 4440 δὲ
2352 4384 2616 4455 ἐπιμένῃς
2647 4386 2692 4416 θ’
2721 4382 2904 4442 αἰτῶν.
2943 4382 3046 4436 κᾶν
3096 4381 3170 4453 μὴ
3200 4381 3402 4444 εὐθέως
3430 4379 3632 4450 λάϐῃς,

1960 4476 2106 4550 λήψῃ
2136 4476 2371 4536 πάντως.
2403 4472 2504 4526 Διά
2529 4471 2638 4542 γὰρ
2658 4470 2816 4524 τοῦτο
2850 4470 3162 4524 κέκλεισται
3202 4471 3235 4540 ή
3267 4467 3426 4540 θύρα,
3457 4467 3544 4520 ἴνα
3574 4484 3634 4518 σε

1962 4570 2041 4630 εἰς
2066 4566 2127 4618 τὸ
2160 4562 2378 4635 κρούειν
2401 4561 2644 4630 ἐναγάγῃ
2663 4576 2679 4592 ο
2706 4559 2793 4612 διὰ
2821 4558 2978 4612 τοῦτο
3013 4559 3114 4612 οὐκ
3142 4556 3342 4620 εὐθέως
3370 4554 3630 4617 ἐπινεύει,

1965 4657 2051 4710 tm
2074 4655 2320 4724 αἰτήσῃς.
2344 4652 2488 4704 Μένε
2508 4651 2684 4702 τοίνυν
2704 4647 2875 4700 ταῦτα
2893 4646 3083 4708 ποιῶν,
3103 4646 3198 4698 καὶ
3221 4644 3365 4715 λήψῃ
3395 4645 3632 4706 πάντως.

1967 4745 2083 4796 ’Ίνα
2114 4739 2223 4810 γὰρ
2257 4739 2330 4809 μὴ
2385 4737 2555 4808 λέγῃς
2578 4755 2590 4766 ·
2624 4736 2675 4786 τί
2704 4730 2819 4791 οὖν.
2870 4735 2936 4786 ἂν
2981 4733 3187 4803 αἰτήσω
3215 4732 3307 4784 καὶ
3346 4730 3632 4803 mnam;

1963 4829 2264 4897 ἐπετείχισέ
2298 4843 2380 4879 σοι
2410 4826 2507 4894 τὴν
2536 4821 2882 4892 παραϐολὴν,
2913 4820 3203 4888 λογισμοὺς
3246 4818 3405 4874 πάλιν
3431 4818 3632 4884 τιθεὶς,

1964 4919 2060 4972 καὶ
2085 4917 2194 4970 ἀπὸ
2214 4915 2320 4966 τῶν
2346 4912 2699 4982 ἀνθρωπίνων
2722 4907 3062 4979 πραγμάτων
3091 4910 3171 4969 εἰς
3194 4907 3254 4960 τὸ
3275 4908 3401 4978 περὶ
3428 4907 3634 4960 τούτων

1965 5000 2188 5072 θαρρεῖν
2227 4997 2436 5063 ἐνάγων
2455 5013 2469 5025 ο
2499 4995 2709 5055 δεικνὺς
2731 4993 2818 5045 διὰ
2851 4993 3176 5056 τούτων,ὂτι
3204 4992 3316 5046 οὐκ.
3334 4993 3504 5049 αἰτεῖν
3526 4991 3632 5061 χρὴ

1972 5090 2151 5159 μόνον,
2173 5084 2309 5138 ἀλλά
2328 5084 2420 5137 καὶ
2449 5083 2482 5136 a
2500 5083 2603 5152 χρὴ
2637 5082 2824 5134 αἰτεῖν.
2855 5080 2951 5145 Τίς
2979 5080 3088 5148 γάρ
3108 5080 3280 5134 ἐστιν
3303 5081 3347 5114 ⁸³
3375 5079 3444 5144 ἐξ
3468 5077 3634 5147 ὑμῶν

1967 5179 2183 5245 πατὴρ,
2203 5177 2274 5229 ὃν
2303 5179 2334 5229 o'
2364 5173 2492 5237 υἱὸς
2511 5171 2696 5225 αὑτοῦ
2725 5169 2958 5238 αἰτήσει
2987 5170 3184 5238 ἄρτον,
3209 5169 3294 5239 μὴ
3315 5171 3489 5224 λίθον
3505 5169 3632 5221 ἐπι-

1966 5267 2143 5320 δώσει
2176 5261 2364 5324 αὺτῲ;
2391 5262 2553 5312 Ὥστε
2588 5260 2654 5312 ἂν
2709 5260 2782 5329 μὴ
2809 5257 3001 5328 λάϐῃς,
3039 5257 3226 5328 ἐπειδὴ
3269 5256 3413 5309 λίθον
3439 5256 3630 5315 αἰτεῖς,

1967 5355 2026 5408 οὐ
2075 5351 2390 5422 λαμϐάνεις.
2427 5350 2490 5401 Εἰ
2528 5346 2634 5418 γὰρ
2670 5346 2762 5400 καὶ
2791 5345 2900 5409 υἱὸς
2931 5342 3000 5412 εἰ,
3033 5347 3133 5399 οὐκ
3172 5348 3332 5415 ἀρκεῖ
3361 5343 3518 5396 τοῦτο
3552 5343 3632 5402 εἰς

254 5537 570 5606 Ηδομόιτων
608 5537 668 5592 C.
705 5537 766 5590 D.
792 5538 885 5608 __"’
914 5537 970 5590 δέ
1013 5552 1134 5608 οιῐι,
1170 5541 1238 5591 Α.
1279 5537 1339 5590 C.
1383 5537 1443 5591 F.
1522 5537 1568 5568 ⁸ο
1609 5538 1827 5608 Ἐπειδὴ

1952 5537 2005 5593 d.
2081 5535 2126 5608 3"
2150 5531 2326 5608 Vpgba
2358 5512 2565 5585 ihclusa
2595 5529 2646 5582 in
2678 5529 2826 5584 nullo
2863 5528 3051 5583 codice
3090 5523 3294 5587 inveni,
3318 5529 3371 5576 et
3403 5529 3632 5608 ulqun'I‘e

185 5592 469 5675 lnlcrpu'ws
505 5609 758 5679 neglexit.
789 5605 866 5661 Ne
895 5617 1072 5679 tamen
1106 5607 1364 5679 delerqm,
1391 5609 1561 5663 movit
1603 5592 2010 5679 conjunétiviﬁp
2038 5602 2376 5679 αἰδεσθῶσιν,
2413 5616 2512 5671 pro
2548 5615 2656 5670 quo
2681 5613 2994 5679 _nor{_a[)§gs
3023 5610 3142 5679 ευεῐι
3182 5609 3252 5679 (ξιξ
3281 5593 3538 5679 υξιοςυυιξς

184 5661 891 5748 ἱιιιιδρῖ-ειιίιιιιιιοτριιοηειορ.
927 5675 1070 5748 Ergo
1104 5661 1388 5734 cancelloé.
1427 5661 1630 5734 ιέιίίέτέ
1655 5694 1686 5748 ιι
1703 5661 1845 5748 ⁸8³4,

1973 5661 2716 5748 Βρῐιί-ειιὶιιιιιοέξΓονόεεχί.
2775 5671 2832 5748 _3_'
2859 5663 3120 5748 ῥήξωσιν]
3151 5664 3275 5748 αιίιἸ.
3303 5662 3455 5748 ,ὐμξς
3493 5661 3630 5748 Εέίιι.

185 5749 242 5780 ⁸³
266 5744 633 5814 καταγελῶσιν
672 5749 729 5802 F.
778 5750 872 5817 [ἐρ.
947 5744 1351 5817 ὃιὶἑιποστρέιρου
1391 5752 1454 5802 Λ.

1529 5750 1575 5780 ⁸⁵
1605 5747 1748 5801 οὕτω
1789 5747 1897 5819 γὰρ
1923 5747 2066 5819 οὐδὲ.
2091 5745 2147 5798 F.

185 5821 365 5872 minus
406 5821 552 5872 Ann.
577 5819 756 5874 οςυιιϊί
777 5814 976 5880 αὐτοῖς.
1012 5817 1075 5870 lli
1097 5814 1277 5871 autem
1313 5835 1434 5873 cum
1468 5819 1526 5872 F.
1556 5822 1707 5873 Arm.
1733 5814 1843 5880 τοῖς

1952 5817 2151 5879 υδαίοις
2190 5814 2463 5870 omnium.

2773 5740 2818 5769 ⁸⁷
2848 5730 3027 5805 ἀύτὸςΙ
3069 5730 3157 5797 δὶα
3207 5735 3265 5786 Ιιὶ.
3303 5730 3362 5785 Ρ.
3389 5730 3485 5787 Ge.
3521 5734 3628 5787 Do-

2773 5810 2876 5860 λων
2910 5821 3020 5860 om.
3051 5804 3180 5857 Mo‘r.
3225 5803 3356 5858 Ben.
3428 5803 3473 5835 θ’
3495 5821 3629 5874 καρο

2225 5745 2270 5774 3“
2294 5745 2600 5796 κλείσαντες
2639 5741 2696 5794 Ε.

2539 5759 2600 5802 ἐς
2639 5759 2696 5794 ιι..
2773 5759 2812 5769 θ’
2848 5759 3027 5805 αυτοςι
3070 5759 3157 5797 mp
3207 5759 3265 5786 Γ..
3305 5759 3356 5785 r.

2539 5813 2584 5842 ⁸³
2608 5811 2713 5862 τῶν
2742 5810 2876 5861 ὅλων
2910 5821 3020 5860 om.
3051 5804 3180 5857 Mo‘r.
3225 5803 3356 5858 Ben.

159 5887 461 5956 kapcxd’w!‘
489 5873 758 5959 ἐπιμόνων
792 5873 960 5960 ΙξόάδΔ
1002 5890 1048 5960 ἕο
1075 5886 1576 5960 γίνεται]τείνεται
1615 5887 1674 5941 Ε.
1703 5873 2080 5960 ἐπείγεταιίέ..
2136 5873 2188 5917 ’θ’
2219 5887 2364 5956 φησὶ,
2398 5882 2596 5952 πατὴρ,
2625 5880 2682 5935 ὃν
2718 5880 2812 5932 ἐὰν
2841 5879 2868 5930 6
2903 5877 3015 5940 υἱὸς
3042 5873 3204 5930 αὐτοῦ
3245 5874 3444 5946 αἰτήσῃ
3466 5873 3626 5945 ἄρτον

187 5961 331 6015 liud.

410 5962 453 5991 ⁹²
478 5957 760 6031 ἐπιμένῃς
785 5957 844 6012 C.

919 5958 964 5990 93
997 5959 1141 6012 ἐστιν
1164 5958 1365 6014 οιηίΔ.
1386 5959 1444 6014 ὃν
1475 5961 1633 6016 ἐὰν...
1664 5969 1720 6014 ιιι
1755 5975 1937 6030 supra.
1973 5958 2105 6013 Edd.
