4050 6220
342 331 450 389 313

342 447 710 521 accipiendum
743 447 886 503 :imo
907 443 1030 500 illud
1053 445 1222 515 ipsum
1246 443 1486 514 impedit,
1509 441 1792 513 quominus
1820 454 1911 494 ac-

344 541 515 609 cipias
535 581 549 604 ,
576 537 746 609 quod,
796 537 932 591 filius
953 551 1074 591 cum
1103 536 1179 591 sis
1203 577 1217 600 ,
1244 535 1330 590 illa
1361 545 1509 604 petas
1551 548 1670 602 qua:
1692 546 1797 586 non
1825 531 1916 584 tibi

345 629 652 698 expediam.
679 628 746 682 Et
788 638 841 682 tu
885 629 1062 698 itaque
1087 626 1214 680 nihil
1257 624 1582 680 mundanum
1608 633 1758 694 petas
1781 662 1796 686 ,
1823 620 1918 676 sed

347 721 639 790 Spiritualia
666 719 839 772 omnia
866 727 956 782 ;et
981 729 1130 772 certo
1153 717 1402 786 accipies.
1430 716 1636 770 Etenim
1664 713 1917 769 Salomon

351 812 468 880 quia
509 810 594 864 illa
631 809 780 879 petiit
807 825 926 880 qua:
953 818 1132 878 petere
1153 807 1452 876 oportebat,
1481 805 1600 861 vide
1627 821 1784 876 quam
1815 805 1920 858 cito

349 902 622 970 acceperit.
660 900 772 953 Duo
801 899 960 970 igitur
983 899 1270 954 observare
1295 905 1508 968 oportet
1536 907 1778 950 orantem
1800 935 1814 957 ,
1865 906 1922 949 ut

345 1004 397 1045 et
423 991 766 1047 vehementer
793 1000 955 1061 petat,
977 1001 1032 1046 et
1058 1006 1119 1045 ea
1150 998 1292 1060 petat
1319 1005 1438 1060 qua:
1463 988 1563 1044 sibi
1589 987 1878 1058 expediunt
1907 1005 1918 1038 :

342 1082 769 1153 quandoquidem
813 1091 866 1136 et
895 1097 1019 1147 vos,
1069 1083 1268 1153 inquit,
1313 1082 1520 1137 etiamsi
1552 1090 1728 1150 patres
1769 1079 1920 1142 sitis,

346 1174 484 1227 lilios
515 1183 724 1228 vestros
745 1182 923 1242 petere
943 1173 1114 1227 sinitis
1139 1189 1153 1237 ;
1197 1185 1251 1227 et
1288 1173 1332 1226 si
1357 1172 1672 1227 damnosum
1698 1170 1765 1224 sit
1795 1169 1920 1223 illud

345 1264 489 1332 quod
520 1272 735 1333 petunt,
769 1265 1006 1334 negatis;
1036 1264 1116 1318 sin
1145 1265 1272 1319 utile
1298 1264 1390 1330 sit,
1415 1264 1648 1317 annnitis
1681 1270 1735 1316 et
1762 1261 1922 1314 datis.

345 1355 423 1408 Tu
453 1355 608 1424 igitur
628 1354 740 1408 lucc
763 1356 1019 1424 cogitans,
1045 1371 1109 1409 ne
1142 1355 1367 1410 absistas
1384 1397 1399 1420 ,
1421 1354 1592 1410 donec
1615 1355 1919 1423 accept-ris;

345 1462 410 1498 ne
438 1445 684 1509 recedas,
713 1445 882 1500 donec
925 1447 1193 1501 inveneris
1221 1463 1236 1511 ;
1289 1462 1356 1502 ne
1380 1447 1614 1502 studium
1646 1446 1884 1500 remittas
1906 1487 1919 1508 ,

343 1536 513 1590 donec
534 1537 803 1603 aperiatur
821 1536 1003 1604 ianua.
1034 1537 1088 1590 Si
1111 1537 1253 1591 enim
1283 1536 1382 1590 hoc
1410 1537 1588 1592 animo
1611 1536 1918 1598 accesseris,

345 1628 646 1696 (litterisque
667 1668 680 1689 ,
709 1626 817 1680 Nisi
847 1627 1094 1695 recipiam
1119 1668 1132 1687 ,
1178 1641 1280 1681 non
1313 1628 1445 1681 abeo
1468 1667 1482 1690 ,
1513 1642 1730 1696 prorsus
1780 1625 1924 1680 acci-

346 1721 457 1790 pies
481 1759 497 1783 ,
530 1720 572 1770 si
624 1729 798 1772 tamen
830 1718 917 1771 illa
947 1729 1126 1788 petas,
1170 1734 1288 1786 quae
1317 1727 1371 1773 et
1394 1717 1442 1772 ei
1471 1734 1500 1772 a
1535 1735 1641 1788 quo
1686 1717 1820 1786 petis
1871 1726 1924 1771 et

349 1812 436 1863 tibi
467 1809 680 1878 expedit
724 1821 782 1864 ut
809 1809 1017 1864 dentur.
1061 1810 1314 1875 Quantam
1343 1824 1501 1878 porro
1527 1820 1652 1863 sunt
1678 1809 1836 1863 lucc?
1866 1808 1920 1862 Si

345 1902 640 1971 spiritualia
674 1913 820 1971 petas
863 1903 1069 1965 omnia;
1111 1902 1154 1956 si
1183 1909 1458 1970 postquam
1501 1901 1730 1956 offensas
1759 1900 1921 1954 remi-

345 1994 482 2058 sisti,
520 1995 596 2048 sic
634 1994 856 2048 accedas
894 1993 1259 2048 remissionem
1291 2002 1510 2062 petens;
1543 1993 1586 2046 si
1613 1991 1816 2062 absque
1845 1992 1921 2046 ira

345 2098 400 2137 et
461 2083 931 2152 disceptationibus
984 2091 1194 2138 sanctas
1239 2099 1426 2139 manus
1469 2083 1774 2138 attollamus
1821 2084 1918 2152 (l.

347 2173 478 2228 Tim.
507 2174 559 2227 9..
589 2175 681 2244 8).
725 2174 782 2230 Si
813 2175 890 2229 sic
919 2183 1195 2244 petamus,
1215 2173 1555 2242 accipiemus.
1610 2172 1762 2228 Nunc
1797 2187 1923 2228 vero

344 2276 525 2322 nostra
557 2268 740 2336 petitio
771 2268 944 2321 irrisio
981 2276 1092 2331 est,
1129 2267 1409 2337 potiusque
1446 2267 1714 2322 ebriorum
1747 2265 1919 2320 homi-

343 2375 492 2425 num,
520 2374 678 2429 quam
701 2359 1020 2414 sobriorum.
1059 2359 1196 2425 Quid
1229 2359 1415 2429 igitur,
1458 2359 1700 2428 inquies,
1740 2358 1783 2411 si
1811 2357 1922 2426 Spi-

343 2452 553 2507 ritualia
582 2460 794 2520 petam,
836 2466 936 2506 nec
960 2451 1256 2521 accipiam?
1292 2450 1408 2506 Non
1434 2450 1671 2505 studiose
1710 2450 1924 2520 procul-

341 2545 503 2600 dubio
552 2545 860 2614 postulasti,
890 2545 972 2600 vel
1023 2545 1248 2614 teipsum
1307 2545 1581 2614 indignum
1628 2543 1797 2598 fecisti
1833 2542 1924 2612 qui

342 2637 644 2706 acciperes,
690 2645 782 2692 aut
826 2638 982 2693 citius
1018 2654 1176 2708 quam
1220 2652 1314 2707 par
1341 2646 1454 2693 erat
1488 2637 1812 2694 abscessisti.
1859 2636 1925 2691 Et

341 2745 462 2795 cur,
499 2731 704 2800 inquies
725 2770 740 2796 ,
775 2745 882 2783 non
910 2729 1043 2784 dixit
1084 2745 1202 2799 quae
1234 2737 1480 2799 oporteat
1516 2729 1738 2798 petere?
1765 2728 1924 2784 Certe

341 2823 448 2893 jam
498 2823 675 2877 omnia
705 2822 852 2892 prius
876 2820 1010 2876 dixit
1029 2862 1043 2886 ,
1076 2830 1130 2876 et
1158 2820 1391 2876 ostendit
1427 2835 1523 2890 pro
1551 2820 1741 2891 quibus
1767 2835 1922 2874 acce-

343 2915 472 2970 dere
495 2922 758 2985 oporteat.
784 2913 861 2970 Ne
881 2916 1056 2983 itaque
1075 2912 1242 2978 dicas,
1267 2913 1504 2980 Accessi,
1521 2921 1574 2968 et
1591 2926 1696 2967 non
1718 2912 1916 2982 accepi.

344 3009 457 3065 Non
498 3009 640 3064 enim
671 3024 766 3077 per
795 3008 958 3065 Deum
999 3007 1147 3062 stetit
1172 3007 1457 3077 quominus
1481 3007 1786 3076 acceperis,
1833 3006 1922 3076 qui

343 3102 477 3157 adeo
519 3101 726 3172 diligit,
777 3110 834 3155 ιιι
867 3109 1044 3170 patres
1101 3099 1202 3154 hac
1257 3100 1307 3154 in
1357 3115 1412 3154 re
1464 3108 1666 3154 tantum
1702 3099 1920 3165 vincat,

343 3202 596 3263 quantum
625 3194 759 3248 hanc
787 3193 1074 3262 nequitiatn
1107 3191 1310 3246 bonitas
1340 3199 1574 3260 superat.
1601 3191 1686 3245 ll.
1705 3190 1765 3245 Si
1791 3190 1923 3244 enim

344 3303 446 3350 vos,
476 3302 588 3338 cum
613 3285 721 3338 sitis
750 3283 892 3350 mali,
925 3283 1078 3338 nostis
1105 3283 1234 3337 bona
1272 3283 1393 3336 data
1421 3282 1543 3336 dare
1568 3281 1688 3350 ﬁliis
1711 3281 1884 3335 vestris
1904 3322 1919 3346 ,

343 3387 526 3448 quanto
565 3377 724 3445 magis
749 3374 904 3430 Pater
939 3385 1096 3430 vester
1121 3374 1331 3428 cwlcstis
1348 3373 1374 3425 Ρ
1409 3373 1534 3428 Ilaec
1563 3388 1721 3442 porro
1749 3371 1880 3426 dixit
1904 3413 1920 3437 ,

345 3487 448 3525 non
493 3470 797 3541 vituperans
846 3469 1129 3523 humanam
1172 3474 1412 3522 naturam
1438 3506 1453 3530 ,
1483 3479 1582 3520 nec
1623 3479 1794 3535 genus
1828 3479 1924 3518 no-

344 3570 509 3614 strnm
541 3559 735 3613 malum
765 3574 885 3615 esse
925 3559 1309 3630 pronuntians;
1352 3557 1525 3612 absit:
1555 3556 1647 3611 sed
1687 3570 1922 3610 amorem

345 3663 642 3722 paternum,
673 3652 720 3706 si
748 3667 868 3706 cum
898 3651 1132 3706 bonitate
1157 3650 1247 3705 Dei
1271 3641 1642 3719 comparetur,
1667 3647 1920 3702 malitiam

343 3745 616 3814 appellans
641 3763 657 3798 :
683 3753 828 3798 tanta
857 3743 1058 3799 scilicet
1085 3743 1224 3798 inest
1253 3741 1328 3797 illi
1355 3741 1670 3812 benignitas.

415 3839 469 3894 5.
515 3837 754 3892 Vidistin’
807 3836 1058 3891 invictum
1107 3843 1515 3905 argumentum,
1566 3833 1706 3904 quod
1755 3835 1923 3903 possit

341 3933 505 3988 etiam
539 3931 912 4000 desperantem
954 3929 1006 3982 in
1055 3927 1246 3982 bonam
1291 3942 1439 3998 spem
1481 3927 1778 3983 revocare?
1825 3927 1922 3982 llic

341 4022 554 4094 quidem
609 4021 855 4090 exemplo
911 4028 1115 4088 patrum
1166 4017 1453 4072 bonitatem
1504 4017 1595 4072 Dei
1642 4016 1916 4072 ostendit:

341 4118 586 4187 superius
631 4125 805 4170 autem
834 4129 897 4168 ex
925 4111 1080 4168 donis
1106 4114 1216 4165 suis
1245 4109 1564 4180 majoribus,
1597 4125 1663 4166 ex
1710 4109 1881 4164 anima
1902 4149 1917 4174 ,

341 4227 402 4264 es
429 4223 693 4278 corpore;
725 4216 780 4262 et
818 4219 1077 4277 nusquam
1103 4213 1259 4274 caput
1305 4202 1565 4258 bonorum
1591 4201 1778 4268 affert,
1825 4216 1920 4256 ne-

339 4317 444 4372 que
496 4300 660 4370 ipsius
701 4298 988 4354 adventum
1031 4296 1344 4352 inmedium
1376 4293 1633 4350 adducit:
1662 4309 1785 4349 nam
1832 4293 1921 4364 qui

341 4392 510 4446 tilium
531 4388 881 4445 occidendum
918 4386 1091 4452 dedit,
1123 4384 1390 4457 quomodo
1418 4384 1572 4440 nobis
1596 4399 1702 4440 non
1743 4385 1920 4439 omnia

339 4480 601 4536 donabit?
645 4479 770 4534 llaec
812 4493 941 4533 vero
970 4477 1203 4532 nondum
1246 4485 1554 4532 evenerant.
1584 4475 1688 4532 Sed
1729 4476 1922 4531 Paulus

341 4572 468 4629 illud
494 4571 652 4628 affert
688 4569 772 4624 his
796 4569 974 4626 verbis
1006 4585 1019 4623 :
1051 4569 1152 4635 Qui
1177 4569 1383 4639 proprio
1421 4567 1530 4636 ﬁlio
1551 4584 1650 4622 non
1677 4568 1917 4638 pepercit,

338 4663 590 4735 quomodo
612 4678 714 4716 non
729 4661 883 4717 etiam
909 4677 1024 4715 cum
1046 4677 1105 4715 eo
1131 4661 1302 4716 omnia
1326 4659 1468 4714 nobis
1496 4659 1702 4715 donabit
1727 4659 1915 4732 (Rom.

338 4759 392 4813 8.
425 4755 566 4827 32)?
610 4755 728 4827 Ipse
757 4769 884 4810 vero
909 4753 1152 4810 Christus
1200 4768 1266 4809 ex
1311 4752 1557 4808 humanis
1585 4752 1758 4808 adhuc
1799 4767 1921 4808 cum

339 4851 450 4905 illis
491 4847 727 4904 disserit.
780 4846 982 4903 Deinde
1007 4843 1292 4902 ostendens
1313 4883 1330 4910 ,
1359 4859 1458 4901 nec
1485 4844 1710 4899 orationi
1751 4843 1920 4899 Iiden-

337 4942 465 4997 dum
494 4955 646 5007 esse,
671 4939 716 4994 si
740 4953 802 4994 ea
823 4953 943 5009 quae
967 4937 1020 4992 in
1047 4937 1201 4992 nobis
1228 4945 1353 4993 sunt
1377 4935 1724 5008 negligamus,
1751 4952 1922 5007 neque

338 5033 382 5088 si
415 5032 503 5086 illa
546 5044 833 5094 curemus,
861 5035 1059 5083 nostra:
1102 5041 1245 5082 cura:
1287 5040 1349 5081 ac
1387 5025 1675 5098 diligentia)
1717 5033 1920 5081 tantum

340 5123 610 5180 tidendum
655 5136 776 5178 esse
795 5160 810 5186 ,
836 5119 931 5175 sed
959 5133 1248 5190 supernum
1275 5132 1396 5174 esse
1421 5117 1796 5186 requirendum
1823 5133 1921 5174 au-

339 5217 562 5278 xilium,
593 5222 649 5270 et
694 5220 876 5269 nostra
921 5210 1077 5265 simul
1125 5209 1393 5266 aderenda
1441 5223 1596 5274 esse,
1639 5219 1695 5265 et
1721 5209 1822 5265 hoc
1868 5221 1923 5266 et

340 5307 466 5365 illud
513 5307 817 5378 frequenter
861 5305 1100 5375 apponit.
1154 5302 1288 5358 Nam
1344 5314 1462 5374 post
1513 5304 1676 5359 multa
1721 5304 1920 5359 monita

337 5401 557 5455 modum
584 5397 769 5454 orandi
795 5397 994 5462 docuit,
1026 5404 1081 5452 et
1108 5406 1386 5466 postquam
1412 5395 1464 5450 id
1487 5395 1774 5460 docuerat,
1805 5411 1928 5449 rur-

339 5505 431 5546 sus
473 5491 540 5544 ad
579 5489 842 5560 agendum
868 5486 1175 5543 cohortatus
1199 5496 1320 5552 est;
1362 5485 1557 5542 abhinc
1585 5486 1776 5543 iterum
1804 5502 1919 5540 mo.

341 5583 454 5637 nuit
480 5582 737 5637 orandum
767 5596 888 5636 esse
931 5579 1270 5650 frequenter,
1323 5594 1444 5634 cum
1492 5579 1665 5644 dixit,
1721 5577 1918 5642 Potite,

337 5674 565 5742 σιωπᾶτε,
602 5672 830 5743 pulsate;
859 5671 958 5726 sub
985 5669 1100 5726 haec
1139 5685 1374 5737 rursum,
1404 5669 1612 5725 virtutis
1653 5670 1922 5726 studiosos

338 5779 458 5820 esse
483 5775 767 5834 oportere;
811 5778 930 5818 nam
961 5763 1034 5818 ait
1057 5803 1072 5832 ,
1103 5760 1190 5820 12.
1225 5762 1407 5818 Omnia
1435 5779 1552 5834 ergo
1599 5778 1919 5833 qua’cumque

1247 327 1309 383 IN
1349 323 1755 384 MATTIIASUM
1795 321 2024 379 IIOMIL.
2071 319 2258 379 XXIII.
2307 321 2376 376 al.
2422 320 2606 376 XXIV.

3505 324 3623 379 διν

2025 435 2175 490 vultis
2205 444 2258 488 ut
2288 436 2480 506 faciant
2526 435 2661 490 vobis
2708 437 2930 492 homines
2951 479 2966 504 ,
2994 447 3040 492 ct
3082 453 3167 493 vos
3192 437 3340 507 facile
3368 438 3506 500 illis;
3554 440 3609 493 in

2027 528 2170 583 brevi
2199 527 2371 596 spatio
2401 537 2590 582 cuncta
2617 543 2896 584 resumens
2925 570 2941 595 ,
2991 529 3415 600 ostendensque,
3457 545 3607 584 eom-

2029 619 2366 688 pendiosam,
2391 618 2634 685 facilem,
2672 620 3026 690 manibusque
3065 629 3246 674 notam
3287 635 3408 676 esse
3442 621 3610 676 virtu-

2029 721 2156 766 tem.
2204 710 2388 781 Neque
2437 711 2750 782 simpliciter
2794 711 2959 777 dixit,
3001 713 3361 782 Quaecumque
3411 700 3606 777 vultis;

2029 804 2142 867 sed,
2173 803 2357 857 Omnia
2379 821 2496 875 ergo
2525 821 2852 874 qua'cumque
2891 806 3060 860 vultis.
3101 805 3234 862 Nam
3262 805 3412 871 illud,
3445 805 3608 879 Ergo,

2031 910 2134 947 non
2191 895 2307 948 sine
2357 909 2515 949 causa
2556 895 2783 964 adjecit,
2838 895 2931 950 sed
2965 895 3066 951 hoc
3103 896 3446 952 subiudicans
3491 915 3504 950 :
3555 899 3629 953 Si-

2029 986 2213 1050 vultis,
2268 987 2467 1057 inquit,
2491 988 2696 1051 audiri,
2725 1004 2844 1043 cum
2875 989 3015 1055 illis,
3057 1005 3177 1060 quae
3214 989 3354 1056 dixi,
3403 1000 3457 1044 et
3500 990 3618 1045 hare

2031 1077 2201 1130 facite.
2233 1076 2488 1144 Quamam
2531 1077 2662 1131 illa?
2694 1077 3032 1147 Quacumque
3057 1079 3204 1133 vultis
3230 1089 3284 1133 ut
3311 1079 3502 1149 faciant
3527 1095 3612 1133 vo-

2029 1168 2102 1221 bis
2143 1167 2386 1222 homines.
2442 1167 2625 1224 Viden'
2650 1169 2918 1240 quomodo
2946 1170 3275 1238 ostenderit,
3323 1187 3444 1226 cum
3493 1187 3614 1226 ora-

2032 1257 2175 1312 tione
2218 1257 2381 1313 etiam
2428 1259 2596 1328 probo
2624 1260 2745 1314 vitae
2789 1261 3028 1316 instituto
3073 1262 3227 1316 nobis
3273 1277 3407 1332 opus
3450 1264 3633 1317 esse?‘

2030 1349 2211 1421 Neque
2238 1351 2403 1418 dixit,
2455 1351 2815 1424 Quaecumque
2854 1354 3087 1410 volueris
3117 1354 3208 1410 tibi
3241 1369 3269 1408 a
3305 1355 3414 1410 Deo
3457 1355 3567 1410 fieri
3596 1399 3610 1419 ,

2034 1439 2148 1496 hate
2176 1443 2255 1495 lac
2303 1450 2358 1496 et
2405 1443 2686 1512 proximo:
2721 1460 2788 1499 ne
2825 1444 3063 1510 diceres,
3101 1447 3163 1501 Et
3206 1447 3474 1518 quomodo
3515 1446 3626 1502 hoe-

2031 1531 2169 1584 efﬁei
2197 1532 2407 1601 potest?
2438 1533 2524 1588 ille
2554 1534 2692 1588 Deus
2719 1545 2837 1600 est,
2869 1545 2922 1589 et
2949 1551 3047 1606 ego
3073 1536 3272 1602 homo;
3304 1537 3430 1601 sed,
3461 1537 3631 1605 Quth

2031 1637 2258 1691 cmnque
2309 1622 2540 1679 volueris
2589 1624 2682 1678 tibi
2740 1625 2852 1679 fieri
2895 1642 2923 1678 a
2983 1641 3282 1692 conservo,
3331 1626 3448 1682 lucc
3476 1637 3529 1682 et
3559 1637 3637 1680 tu.

2033 1715 2282 1782 proximo
2332 1723 2423 1770 tuo
2471 1717 2748 1772 exhibeas.
2801 1719 2934 1784 Quid
2977 1718 3075 1773 hac
3115 1736 3173 1775 re
3219 1721 3434 1775 levius?
3487 1721 3632 1790 quid.

2025 1808 2263 1876 justius?
2291 1808 2489 1864 Deinde
2517 1818 2639 1864 ante
2666 1812 2879 1880 prmmia
2906 1811 3105 1881 grande
3127 1814 3450 1868 encomium.
3486 1811 3613 1866 Ηίυε

2031 1907 2102 1951 est
2130 1899 2260 1952 enim
2290 1899 2372 1952 lea:
2398 1940 2411 1964 ,
2441 1909 2486 1953 ct
2522 1902 2798 1970 prophetae.
2831 1902 2982 1957 Unde
3027 1905 3363 1958 manifestum
3411 1915 3494 1959 est
3531 1920 3618 1959 se-

2030 1989 2261 2045 cundum
2317 2000 2556 2047 naturam
2607 1992 2761 2048 nobis
2811 1995 2985 2050 inesse
3031 1996 3317 2063 virtutem,
3347 2007 3400 2052 et
3443 2011 3540 2052 nos
3585 2013 3636 2050 a-

2033 2082 2185 2137 nobis
2213 2083 2341 2152 ipsis
2361 2083 2486 2154 quid
2515 2085 2586 2139 sit
2626 2085 2889 2156 agendum
2913 2087 3085 2152 scire,
3127 2103 3302 2159 neque
3347 2103 3505 2158 posse
3547 2089 3614 2146 ad

2032 2175 2342 2244 ignorantia:
2372 2175 2767 2231 excusationem
2808 2193 3055 2247 umquam
3081 2177 3390 2250 confugere.

2101 2267 2254 2319 Arcta
2281 2276 2352 2321 est
2379 2266 2458 2319 via
2483 2283 2596 2337 qua:
2635 2269 2773 2322 ducit
2822 2269 2890 2321 ad
2929 2270 3119 2335 vitam;
3165 2272 3414 2340 quomodo
3450 2273 3616 2343 facilis

2032 2358 2226 2412 evadat.
2256 2388 2326 2397 —
2353 2359 2440 2412 l3.
2483 2357 2678 2412 Intrate
2702 2375 2791 2429 per
2819 2370 3082 2431 angustam
3114 2371 3334 2428 portam,
3377 2363 3613 2431 quoniam

2031 2451 2136 2502 lato
2161 2459 2232 2502 est
2263 2461 2408 2518 porta
2429 2491 2444 2515 ,
2474 2459 2520 2504 et
2542 2451 2764 2520 spatiosa
2802 2451 2881 2504 via
2908 2461 2998 2515 est,
3043 2467 3156 2520 qua:
3184 2452 3319 2506 ducit
3343 2453 3412 2507 ad
3449 2455 3630 2524 perdi-

2032 2542 2237 2602 tionem.
2269 2552 2316 2594 et
2362 2543 2508 2595 multi
2533 2551 2669 2607 sunt,
2697 2543 2782 2611 qui
2822 2543 3172 2614 ingrediuntur
3209 2561 3301 2613 per
3337 2561 3447 2599 eam
3478 2561 3496 2598 :
3525 2546 3610 2600 14.

2032 2645 2078 2687 et
2106 2643 2246 2687 arcta
2276 2645 2346 2688 est
2373 2645 2521 2705 porta
2545 2675 2560 2696 ,
2592 2645 2640 2688 et
2680 2645 2893 2705 angusta
2918 2637 3016 2700 via,
3041 2652 3153 2706 qua:
3179 2637 3316 2690 ducit
3352 2638 3419 2690 ad
3439 2638 3623 2700 vitam,

2032 2735 2078 2779 et
2101 2725 2249 2793 pauci
2276 2735 2413 2791 sunt,
2453 2725 2540 2794 qui
2567 2725 2822 2779 inveniunt
2868 2742 2998 2780 eam.
3038 2729 3196 2794 Atqui
3227 2734 3407 2795 postea
3437 2727 3564 2781 dicit
3598 2746 3611 2780 :

2030 2815 2224 2888 Iugum
2269 2834 2434 2871 meum
2473 2833 2623 2872 suave
2665 2829 2771 2885 est,
2799 2829 2847 2872 et
2883 2835 3010 2872 onus
3050 2835 3215 2874 meum
3246 2819 3348 2874 leve
3381 2819 3402 2891 (
3422 2819 3622 2875 Matt/0..

2034 2911 2122 2964 Il.
2163 2910 2305 2981 30);
2355 2921 2514 2980 atque
2537 2913 2696 2965 etiam
2728 2911 2778 2965 in
2809 2911 2908 2978 iis,
2940 2927 3061 2982 qua:
3103 2913 3261 2982 paulo
3304 2926 3429 2968 ante
3468 2913 3607 2968 dicta

2031 3011 2194 3064 sunt.
2249 3001 2478 3072 idipsum
2520 3002 2874 3058 subindicavit
2925 3020 2938 3056 :
2984 3004 3252 3074 quomodo
3291 3013 3471 3061 autem
3527 3005 3631 3060 hic

2031 3102 2230 3150 arctam
2257 3095 2400 3150 illam
2424 3103 2810 3167 angustamque
2835 3094 2963 3152 dicit
2988 3099 3149 3154 esse?
3176 3099 3336 3155 Certe
3365 3100 3410 3153 si
3435 3109 3610 3154 atten-

2030 3186 2174 3244 deris
2195 3228 2208 3252 ,
2239 3186 2326 3242 hic
2352 3188 2513 3243 etiam
2543 3187 2779 3243 declarat
2815 3187 2958 3242 illam
2985 3188 3268 3245 admodum
3296 3203 3416 3245 esse
3440 3189 3628 3246 levem-

2029 3289 2083 3334 et
2111 3279 2339 3334 facilem.
2368 3279 2436 3334 Et
2472 3280 2769 3350 quomodo,
2803 3279 3042 3351 inquies,
3075 3281 3163 3336 illa
3184 3321 3199 3348 ,
3242 3297 3360 3351 qua:
3387 3289 3532 3338 arcta
3561 3293 3614 3336 et

2029 3381 2271 3442 angusta,
2301 3371 2469 3427 facilis
2496 3372 2640 3429 erit?
2690 3373 2822 3442 Quia
2851 3374 2936 3430 via
2987 3383 3099 3439 est,
3149 3383 3203 3431 et
3246 3383 3430 3444 porta;
3477 3375 3612 3430 sicut

2030 3466 2190 3520 etiam
2215 3466 2304 3520 illa
2330 3465 2432 3520 alia
2457 3506 2472 3532 ,
2501 3467 2601 3521 etsi
2634 3465 2738 3522 lata
2765 3476 2818 3522 et
2845 3467 3116 3536 spatiosa,
3159 3467 3240 3522 via
3269 3476 3352 3523 cst
3375 3476 3429 3522 et
3475 3467 3608 3536 ipsa.

2029 3557 2086 3612 In
2124 3556 2206 3612 his
2235 3567 2411 3612 autem
2439 3557 2568 3612 nihil
2603 3567 2813 3622 manet,
2856 3558 2952 3614 sed
2998 3568 3274 3614 transeunt
3321 3558 3496 3613 omnia
3542 3558 3623 3614 ad-

2031 3648 2167 3706 hanc
2208 3650 2367 3706 vitam
2421 3649 2774 3720 pertinentia,
2821 3651 2935 3706 sive
2962 3650 3166 3714 tristia,
3195 3651 3312 3706 sive
3335 3663 3609 3721 prospera.

2027 3744 2137 3798 Nec
2175 3743 2298 3799 ideo
2327 3752 2533 3799 tantum
2575 3742 2744 3799 facilis
2776 3751 2860 3800 est
2883 3743 3083 3809 virtus;
3114 3742 3209 3799 sed
3237 3759 3268 3798 a
3313 3743 3419 3798 fine
3453 3742 3612 3797 etiam

2028 3837 2233 3892 facilior
2279 3837 2537 3893 redditur.
2574 3835 2758 3907 Neque
2795 3836 2938 3894 enim
2981 3844 3184 3891 tantum
3211 3834 3356 3905 quod
3404 3834 3628 3888 labores

2027 3935 2084 3982 et
2109 3928 2332 3983 sudores
2378 3935 2668 3992 transeant,
2699 3926 2794 3984 sed
2817 3927 2978 3982 etiam
3007 3927 3148 3997 quod
3175 3927 3317 3982 bono
3348 3926 3474 3991 line,
3505 3925 3610 3980 vita

2029 4032 2220 4087 nempe
2239 4058 2254 4084 ,
2286 4017 2656 4083 terminentur,
2690 4016 2742 4072 id
2763 4015 3186 4071 consolationem
3213 4014 3626 4070 decertantibus

2029 4123 2220 4178 parere
2247 4107 2429 4163 debet.
2458 4105 2638 4176 Itaque
2663 4115 2719 4161 et
2737 4105 2970 4162 brevitas
2989 4106 3230 4162 laborum
3259 4113 3315 4161 et
3341 4105 3632 4160 aeternitas.

2025 4215 2367 4265 coronarum,
2401 4208 2457 4255 et
2480 4198 2621 4270 quod
2652 4197 2767 4256 lucc
2785 4199 2894 4254 sint
2919 4198 3095 4270 priora
3119 4239 3134 4264 ,
3167 4199 3256 4254 illa
3283 4214 3410 4254 vero
3433 4209 3610 4268 poste-

2027 4291 2204 4356 riora;
2238 4291 2354 4346 haac
2378 4297 2524 4346 certe
2547 4290 2725 4346 omnia
2772 4290 3058 4346 maximam
3097 4290 3150 4346 in
3192 4289 3466 4346 laboribus
3487 4289 3614 4345 ειπε-

2027 4391 2149 4439 rant
2172 4382 2613 4439 consolationem.
2639 4382 2975 4454 Quapropter
3008 4382 3214 4440 Paulus
3229 4383 3402 4440 levem
3445 4381 3612 4437 tribu-

2029 4476 2281 4533 lationem
2345 4476 2600 4545 vocavit,
2656 4492 2762 4533 non
2809 4477 2881 4534 ob
2940 4485 3188 4534 naturam
3255 4475 3629 4532 accidentium.

2027 4584 2206 4626 rerum
2227 4610 2244 4636 ,
2284 4569 2380 4626 sed
2409 4569 2482 4625 ob
2509 4579 2806 4640 promptam
2837 4569 3164 4626 voluntatem
3193 4567 3530 4631 certantium,
3559 4577 3624 4620 ev

2027 4675 2177 4732 spem
2221 4659 2543 4716 futurorum.
2593 4659 2722 4716 Leve
2779 4660 3114 4715 tribulationis
3145 4700 3162 4727 ,
3212 4657 3416 4728 inquit,
3455 4673 3613 4726 supra

2025 4754 2254 4820 modum,
2303 4761 2545 4808 veternum
2571 4751 2749 4822 gloriae
2775 4751 2974 4822 pondus
3017 4761 3278 4821 operatur,
3318 4765 3418 4804 non
3443 4749 3609 4804 συνιείς

2027 4847 2318 4902 iterantibus
2369 4844 2512 4900 nobis
2561 4860 2676 4914 quia
2717 4845 2970 4911 videntur,
2999 4843 3088 4898 sed
3114 4858 3230 4913 qua
3257 4859 3358 4897 non
3383 4841 3627 4896 vidcnttm

2028 4940 2046 5008 (
2071 4939 2125 4993 2.
2155 4937 2272 4994 Cor.
2303 4940 2360 4994 4.
2394 4938 2482 4993 l7.
2512 4936 2580 4994 I8
2595 4937 2636 5008 ).
2677 4936 2810 4993 Nam
2839 4935 2886 4992 si
2908 4935 3102 4991 ﬂuctus
3121 4943 3178 4991 et
3201 4935 3370 4989 maria
3395 4933 3570 4988 nautis
3593 4974 3625 4995 ,.

2027 5047 2091 5088 ac
2139 5031 2318 5088 caedes
2353 5031 2683 5102 vulneraque
2728 5029 3016 5097 militibus,
3060 5027 3232 5084 hiems
3283 5036 3442 5098 atque
3490 5025 3628 5095 gelu»

2026 5123 2293 5192 agricolis,
2325 5121 2694 5192 pugilibusque
2720 5120 3024 5191 frequentes
3058 5119 3259 5191 plagae,
3294 5119 3442 5175 leves
3471 5117 3599 5172 tole-

2028 5214 2331 5284 rabilesque
2361 5213 2611 5270 videntur
2630 5255 2646 5281 ,
2677 5212 2747 5268 ob
2776 5227 2926 5283 spem
2971 5212 3332 5283 praemiorum,
3361 5223 3482 5279 qua:
3525 5217 3609 5260 ta-

2028 5322 2150 5362 men
2199 5305 2338 5373 Iluxa
2390 5305 2728 5376 perituraque
2780 5313 2944 5360 sunt:
2977 5303 3146 5359 multo
3191 5302 3360 5373 magis
3395 5297 3626 5369 quando-

2028 5399 2216 5454 caelum
2243 5398 2394 5453 nobis
2415 5440 2430 5465 ,
2459 5397 2742 5454 inell'abilia
2771 5397 2944 5464 bona,
2969 5396 3294 5467 prtemiaque
3336 5395 3580 5446 immorta
3605 5420 3609 5424 -

2030 5491 2098 5546 lia
2145 5497 2514 5560 proponuntur
2538 5530 2552 5555 ,
2599 5489 2801 5544 nullum
2828 5488 2948 5560 quis
2975 5484 3316 5558 praesentium
3343 5478 3623 5536 malorunv

2029 5595 2243 5636 sensum
2274 5578 2548 5650 percipiat.

2100 5673 2154 5729 6.
2193 5671 2344 5740 Quod
2371 5675 2415 5727 si
2452 5669 2541 5743 qui
2576 5671 2639 5726 iis
2667 5672 2824 5729 etiam
2865 5669 3072 5740 positis,
3114 5665 3252 5721 viam
3286 5664 3424 5719 illam
3454 5659 3612 5718 labor

2033 5765 2226 5821 riosam
2254 5779 2371 5822 esse
2399 5771 2606 5836 putant,
2634 5777 2700 5820 es
2729 5761 2940 5820 illorum
2979 5758 3183 5817 desidia
3207 5766 3410 5816 tantum
3436 5754 3604 5811 oritur
