4050 6220
400 299 504 354 315

402 410 518 464 inec
537 409 792 478 suspicio.
826 407 960 463 Vide
980 407 1122 463 enim
1139 421 1299 476 quam
1325 407 1494 461 levem
1522 405 1667 460 illam
1696 405 1800 460 alio
1825 403 1986 460 modo

401 503 631 564 efficiat,
661 498 956 569 cnmjubet
1002 513 1107 551 non
1148 497 1484 551 commisceri
1527 495 1780 557 canibus,
1819 508 1990 564 neque

405 594 582 662 porcis
608 607 667 647 se
694 590 923 650 tradere,
953 599 1003 641 et
1032 603 1221 643 cavere
1247 602 1275 639 a
1307 585 1805 656 pseudoprophetis,
1833 586 1990 639 dunt-

401 701 504 756 que
541 699 634 739 eos
671 683 903 752 undique
943 681 1201 736 Sollicitos
1231 681 1425 735 reddit.
1462 679 1574 734 lloc
1619 680 1792 748 ipsum
1838 693 1987 742 vero,

402 778 543 846 quod
577 777 717 829 illam
747 787 950 830 arctam
993 773 1249 844 appellat,
1279 773 1516 826 maxime
1541 773 1752 826 confert
1777 771 1842 824 ad
1871 787 1988 825 eam

403 869 611 923 facilem
639 867 984 929 reddendam,
1017 867 1312 918 admonens
1342 864 1461 917 illos
1493 873 1549 917 ut
1573 864 1811 934 vigilem.
1843 863 1992 918 Sicut

405 963 547 1015 enim
577 962 792 1026 Paulus,
823 976 942 1015 cum
981 959 1134 1020 dixit,
1169 957 1288 1012 Non
1315 969 1386 1012 est
1417 958 1558 1010 nobis
1584 958 1872 1010 colluctatio
1899 956 1994 1008 ad-

404 1068 573 1104 versus
621 1052 918 1122 sanguinem
957 1060 1002 1102 et
1044 1066 1246 1103 carnem
1277 1047 1492 1117 (Ep/tes.
1541 1049 1592 1103 6.
1628 1047 1740 1116 ιε),
1796 1063 1899 1100 ιιοιι
1935 1057 1991 1099 ιιι

405 1143 642 1211 dejiciat,
686 1143 778 1196 scd
813 1152 868 1195 ιιι
911 1142 1081 1210 erigat
1123 1141 1347 1194 militum
1381 1141 1609 1205 animos,
1641 1140 1689 1192 id
1721 1140 1850 1192 dicit
1879 1160 1890 1193 :
1916 1139 1993 1192 sic

408 1234 521 1302 ipse
563 1233 816 1287 imminus
843 1242 897 1286 ut
926 1235 1158 1286 viatores
1196 1249 1225 1286 a
1270 1246 1460 1286 sonmo
1489 1233 1704 1295 excitet,
1748 1245 1990 1299 aSpcram

409 1327 538 1378 dicit
585 1327 721 1378 viam
753 1343 764 1377 :
791 1340 964 1394 neque
1010 1326 1110 1378 hoc
1147 1324 1516 1378 tantummodo
1563 1323 1628 1377 ad
1671 1321 1991 1392 vigi'andum

409 1415 630 1482 inducit,
658 1417 750 1470 scd
781 1417 941 1471 etiam
980 1433 1099 1469 eum
1131 1416 1331 1485 adjicit,
1365 1417 1558 1470 multos
1598 1430 1716 1470 esse
1746 1417 1833 1484 qui
1867 1433 1993 1485 Stip-

411 1509 650 1576 plantare
687 1508 968 1574 studeant;
997 1509 1244 1579 quodque
1273 1511 1486 1579 gravius
1528 1521 1631 1572 est,
1668 1527 1770 1563 non
1809 1521 1996 1579 aperte

412 1597 732 1667 irrumpunt,
780 1599 873 1654 sed
916 1615 1035 1653 sese
1072 1601 1384 1654 occultant:
1419 1601 1720 1668 lmjnsmodi
1768 1617 1996 1669 namque

409 1698 489 1741 est
529 1689 1112 1761 pscmloprophetarum
1149 1707 1336 1760 genus.
1365 1690 1468 1747 Sed
1499 1709 1564 1748 ne
1597 1694 1722 1746 illud
1755 1694 2000 1747 conside-

413 1795 520 1843 res,
556 1781 744 1851 inquit,
774 1782 916 1850 quod
943 1783 1012 1835 sit
1035 1797 1220 1852 aspera
1248 1793 1301 1836 et
1338 1793 1504 1847 arcta,
1534 1783 1626 1837 sed
1656 1800 1763 1853 quo
1789 1784 2000 1837 desinat

413 1871 720 1941 perpende;
751 1888 921 1941 neque
950 1872 1090 1940 quod
1117 1873 1380 1926 contraria
1423 1875 1504 1927 via
1548 1875 1616 1927 sit
1647 1875 1749 1927 lata
1789 1884 1843 1928 et
1881 1890 2002 1943 spa-

413 1963 572 2026 tiosa,
606 1961 699 2015 sed
741 1978 898 2032 quem
930 1963 1085 2016 finem
1121 1963 1327 2017 habeat.
1363 1965 1485 2018 llzee
1515 1981 1674 2033 porro
1717 1966 1893 2020 omnia
1921 1965 2002 2019 di-

417 2052 505 2115 cit,
534 2061 590 2104 ιιι
623 2052 773 2106 nobis
801 2053 1032 2105 animum
1058 2053 1245 2122 erigat,
1276 2063 1330 2106 ut
1356 2065 1408 2108 et
1437 2055 1560 2109 alibi
1593 2055 1800 2109 dicebat
1831 2075 1843 2109 :
1879 2055 2000 2109 Vio-

419 2141 540 2194 lcnti
584 2145 788 2212 rapiunt
818 2144 947 2196 illud
970 2142 1181 2214 (Matth.
1223 2147 1309 2200 11.
1346 2145 1452 2218 12).
1499 2146 1626 2199 Natu
1659 2149 1746 2216 qtti
1787 2147 1850 2200 ad
1895 2163 2002 2202 cer-

420 2244 596 2288 tamen
668 2236 999 2306 ingreditur,
1067 2238 1152 2293 ubi
1209 2239 1352 2292 clare
1421 2238 1562 2292 videt
1628 2239 2000 2307 agt-motltctatn

420 2327 772 2379 certaminum
808 2327 1043 2382 laborem
1083 2329 1454 2393 admirantem,
1497 2331 1722 2383 alacrior
1755 2330 2002 2385 efficitur.

425 2414 503 2470 Ne
531 2416 689 2485 igitur
727 2419 964 2472 animum
1002 2420 1448 2488 despomleamus,
1488 2437 1606 2474 cum
1648 2423 1809 2476 multa
1853 2423 2006 2476 nobis

422 2505 546 2559 hinc
573 2506 740 2560 tristia
775 2509 1085 2563 acciderint.
1113 2512 1270 2564 Arcta
1300 2512 1440 2565 enitn
1468 2522 1547 2566 est
1573 2513 1680 2578 via,
1711 2521 1764 2567 et
1784 2525 2006 2583 angusta

423 2607 572 2667 porta
604 2615 618 2651 :
647 2609 702 2653 at
739 2616 841 2653 non
873 2601 1057 2655 civitas
1088 2602 1193 2655 illa.
1232 2601 1457 2674 Ideoque
1488 2621 1592 2658 non
1619 2603 1705 2659 hic
1743 2605 2006 2674 speranda

421 2688 574 2756 quies
599 2697 701 2752 est,
732 2707 902 2760 neque
934 2692 1040 2747 illic
1069 2693 1356 2761 putandum
1387 2695 1584 2764 aliquid
1622 2697 1798 2750 inesse
1831 2698 2004 2752 triste.

422 2778 554 2832 Cum
585 2779 720 2833 dixit
748 2790 947 2846 autem,
983 2782 1146 2837 Pauci
1173 2794 1288 2837 sunt
1323 2787 1408 2854 qui
1437 2788 1692 2841 inveniunt
1718 2805 1850 2853 eam,
1885 2805 2006 2842 rur-

423 2886 516 2924 sus
559 2873 848 2928 multorum
897 2875 980 2928 hic
1026 2875 1285 2944 ignaviain
1335 2877 1588 2946 declarat,
1637 2889 1692 2933 et
1738 2880 2009 2934 auditores

424 2963 676 3034 instituit,
703 2983 770 3022 ne
798 2969 1083 3022 multorum
1107 2970 1265 3024 rebus
1296 2973 1567 3040 prosperis
1596 2973 1831 3026 animum
1859 2973 2010 3028 aditi-

423 3057 604 3122 beant,
629 3060 722 3113 sed
752 3075 1036 3130 paucorum
1067 3061 1355 3117 laboribus.
1385 3064 1602 3118 Plurimi
1632 3082 1879 3136 namque,
1911 3068 2006 3133 ait,

423 3165 532 3203 non
574 3150 734 3205 modo
773 3167 870 3221 per
913 3153 1055 3208 illam
1101 3155 1237 3207 viam
1291 3173 1394 3208 non
1442 3156 1714 3221 incedunt,
1765 3159 1858 3213 sed
1912 3176 2011 3214 nec

423 3241 570 3294 illam
615 3243 819 3313 eligunt
865 3246 1114 3314 quidem;
1160 3247 1298 3316 quod
1350 3258 1646 3303 extremum
1692 3251 2010 3319 insipientia:

425 3343 528 3388 cst.
563 3335 754 3389 Verum
796 3353 899 3391 non
931 3349 1013 3392 est
1039 3341 1358 3394 tnultitudini
1391 3343 1806 3402 attendendum;
1841 3361 2011 3415 neque

428 3423 554 3479 inde
594 3427 789 3480 turbari
820 3441 1050 3499 oportet,
1083 3433 1174 3485 sed
1219 3449 1414 3501 paucos
1445 3437 1560 3488 illos
1585 3437 1798 3500 imitari,
1828 3448 1881 3492 et
1912 3455 2010 3491 IIII-

429 3515 590 3587 dique
624 3533 742 3573 sese
782 3521 1094 3590 colligentes
1133 3525 1210 3577 sic
1256 3542 1350 3594 per
1396 3543 1516 3579 eum
1562 3527 1831 3582 incedere.
1879 3529 2012 3584 Nam

431 3621 781 3680 praeterquam
830 3615 970 3683 quod
1021 3625 1238 3683 angusta
1292 3617 1376 3670 illa
1419 3628 1520 3681 est,
1563 3620 1710 3672 tnttlti
1754 3632 1876 3675 sunt
1925 3623 2013 3691 qui

430 3703 772 3771 supplantare
815 3705 1067 3769 student,
1111 3722 1177 3760 ne
1220 3708 1309 3760 illo
1355 3709 1616 3775 intretur;
1666 3714 2013 3780 quamobrem

431 3793 739 3863 subjunxit:
768 3797 854 3850 15.
902 3797 1156 3850 Atteudite
1207 3815 1238 3851 α
1281 3799 1426 3869 falsis
1473 3801 1748 3870 prophetis.
1809 3801 2018 3856 Veniant

433 3885 568 3938 enim
605 3887 674 3937 ad
714 3901 798 3940 vos
836 3887 888 3941 in
928 3890 1228 3943 vestimentis
1262 3891 1437 3944 ovium
1468 3908 1484 3945 :
1509 3893 1808 3948 intrinsecus
1851 3906 2018 3949 autem

433 3991 550 4030 sunt
577 3979 684 4043 lupi
711 3997 941 4049 rapaces.
987 3981 1126 4036 Ecce
1154 3997 1274 4036 cum
1313 3984 1534 4038 canibus
1562 3996 1614 4039 et
1655 3987 1830 4055 porcis
1873 3987 2016 4041 aliud

437 4070 745 4124 insidiarum
791 4088 976 4139 genus,
1027 4074 1192 4128 multo
1222 4076 1569 4142 periculosius
1609 4078 1719 4131 illo.
1768 4079 1844 4132 1111
1877 4078 2014 4132 enim

437 4170 558 4215 sunt
600 4163 887 4228 manifesti,
921 4175 972 4216 et
1004 4167 1174 4233 palam
1207 4168 1614 4236 aggrediuntur;
1662 4169 1715 4222 hi
1754 4187 1884 4226 vero
1925 4187 2018 4226 oc-

436 4253 588 4306 culti.
631 4253 754 4307 ldeo
793 4253 860 4307 ab
906 4256 1009 4310 illis
1051 4259 1264 4324 quidem
1296 4260 1564 4314 abstinere
1601 4264 1779 4330 jussit,
1827 4265 1894 4316 ab
1940 4264 2021 4320 his

440 4359 566 4397 vero
603 4344 1007 4415 diligentissime
1042 4364 1248 4411 cavere,
1278 4365 1340 4402 ac
1379 4351 1422 4403 si
1463 4351 1676 4406 difficile
1717 4354 1786 4408 sit
1825 4356 1891 4408 ad
1925 4357 2022 4424 pri-

441 4451 587 4490 nmm
619 4435 738 4491 illos
766 4452 1112 4507 congressum
1138 4441 1454 4510 explorare:
1491 4443 1714 4512 ideoque
1743 4445 1894 4511 dixit,
1925 4447 2020 4498 At-

439 4531 641 4594 tendite,
669 4542 724 4584 ut
749 4531 813 4585 ad
833 4533 950 4585 illos
978 4533 1417 4587 intcrnoscendos
1445 4535 1686 4589 redderet
1719 4537 2022 4606 diligentio-

441 4635 547 4673 res.
579 4622 774 4678 Deinde
795 4640 862 4677 ne
887 4625 1184 4691 audientes,
1218 4626 1268 4680 in
1297 4637 1438 4679 arcta
1470 4635 1522 4679 ct
1554 4637 1773 4695 angusta
1817 4629 2024 4683 multis-

442 4726 548 4778 que
589 4717 852 4769 contraria
901 4716 984 4769 via
1046 4717 1398 4771 incedemlnm
1455 4732 1614 4780 esse,
1665 4734 1692 4769 a
1749 4719 1924 4787 porcis
1972 4730 2027 4774 ct

444 4803 665 4856 canibus
693 4808 1007 4873 cavendmn,
1046 4810 1368 4879 insuperque
1405 4823 1434 4863 a
1473 4809 1766 4878 maligniori
1805 4828 2021 4880 genere,

447 4909 638 4962 nempe
667 4896 939 4963 luporum;
965 4916 1030 4953 ne
1054 4901 1281 4954 tristium
1309 4916 1485 4954 rerum
1526 4900 1864 4956 multitudine
1893 4918 2025 4957 con-

443 4986 646 5050 citlant,
679 4986 728 5039 in
761 4991 1084 5044 contrariam
1118 4992 1297 5044 nmltis
1339 4993 1596 5047 incessuri
1623 4994 1782 5059 viam,
1811 5006 2029 5063 prreter-

445 5093 616 5146 eaque
647 5079 730 5133 bis
771 5081 837 5133 de
876 5082 1034 5135 rebus
1060 5085 1272 5137 solliciti
1306 5085 1486 5148 futuri,
1517 5085 1757 5154 qiuedam
1790 5096 2029 5154 tempore

446 5181 654 5238 patrum
677 5185 895 5224 sum-um
925 5185 1070 5241 gesta
1095 5176 1428 5242 memoravit,
1459 5177 1950 5246 pseudoprophetas
1977 5180 2028 5232 in

446 5263 680 5316 medimn
711 5264 1014 5326 adducens;
1045 5267 1217 5334 prisce
1251 5284 1479 5335 namque
1507 5269 1625 5320 talia
1670 5271 2026 5338 contigerunt.

446 5350 622 5407 Nolite
665 5371 784 5424 ergo
827 5355 1004 5408 terreri
1044 5355 1195 5421 (Luc.
1224 5357 1315 5410 2|.
1363 5359 1440 5427 9),
1495 5360 1698 5428 inquit:
1728 5361 1855 5414 nihil
1888 5361 2027 5414 enim

448 5464 667 5516 novum,
725 5449 859 5503 nihil
909 5448 1204 5502 inauditum
1253 5451 1476 5505 accidet.
1523 5452 1745 5507 Vcritali
1803 5470 2031 5522 namque

448 5542 707 5596 fallaciam
745 5559 959 5612 semper
987 5544 1258 5598 substituit
1285 5543 1549 5598 diabolus.
1581 5545 2029 5618 Pseudoprophc-

451 5641 531 5683 tas
550 5645 723 5688 autem
748 5633 831 5688 hic
855 5651 957 5689 non
983 5634 1260 5690 luereticos
1291 5635 1416 5689 milii
1441 5636 1777 5693 subindicare
1800 5639 2029 5704 videtur,

449 5721 540 5774 sed
597 5738 711 5790 eos,
758 5726 844 5793 qui
897 5741 1015 5781 cum
1058 5729 1294 5798 corrupti
1347 5728 1582 5782 moribus
1639 5738 1691 5782 et
1746 5731 1851 5783 vita
1899 5732 2026 5796 sint,

1152 296 1208 350 S.
1247 293 1522 350 JOANNIS
1557 292 2026 349 CHRYSOSTOMI
2067 291 2388 348 ARCIHEP.
2426 291 2961 349 CONSTANTINOP.

3578 294 3698 351 3:6

2099 403 2308 458 virtutis
2331 401 2529 458 larvam
2550 399 2951 470 circumferunt,
2984 419 3120 474 quos
3143 405 3454 462 seductores
3485 423 3701 464 vocare

2098 493 2248 548 multi
2293 493 2484 548 solent.
2519 494 2874 562 Quamobrem
2915 495 3192 566 subjunxit
3226 496 3432 561 dicens,
3479 499 3566 552 16.
3607 498 3699 553 E1:

2097 586 2342 656 fructibus
2379 603 2552 640 eorum
2579 589 2886 657 cognoscetis
2925 605 3028 641 eus.
3062 588 3192 642 Nam
3221 589 3362 657 apud
3404 589 3701 644 haereticos

2097 677 2310 747 quidem
2335 677 2554 732 honesta
2582 679 2682 731 vita
2707 694 2850 746 sa'pe
2879 680 3134 749 reperitur
3158 696 3172 742 ;
3195 680 3333 749 apud
3362 679 3462 734 bos
3482 694 3702 746 autem,

2098 784 2232 837 quos
2274 767 2402 828 dixi,
2441 785 2749 836 numquam.
2777 769 2912 835 Qttid
2942 771 3120 839 igitur,
3153 771 3381 839 inquies,
3414 772 3457 824 si
3503 789 3698 827 mores

2101 860 2300 929 fingant
2338 860 2626 913 honestos?
2667 861 2770 915 Sed
2809 862 2961 915 facile
2990 863 3285 929 capientur.
3313 862 3458 917 Talis
3487 865 3707 933 quippe

2101 962 2181 1005 est
2224 951 2380 1021 lmjus
2409 951 2507 1004 via.-
2539 962 2746 1020 natura,
2797 969 2898 1022 qua
2947 955 3196 1008 incedere
3235 955 3392 1023 jussi,
3424 956 3704 1011 laboriosa

2100 1063 2294 1116 nempe
2330 1057 2382 1100 et
2421 1049 2571 1100 dura.
2603 1049 2890 1118 llypocrila
2929 1065 3056 1102 vero
3081 1049 3315 1102 laborem
3349 1050 3486 1104 ferre
3527 1050 3702 1114 nolit,

2101 1138 2194 1191 Sed
2237 1140 2487 1193 simulare
2517 1149 2719 1193 tantum
2747 1159 2759 1195 :
2787 1141 3012 1209 ideoque
3049 1139 3204 1194 facile
3243 1139 3697 1210 deprehenditur.

2103 1229 2232 1296 Quia
2255 1231 2396 1283 enim
2421 1231 2570 1295 dixit,
2600 1231 2763 1285 Pauci
2781 1242 2896 1286 sunt
2920 1232 3006 1301 qui
3029 1233 3283 1284 inveniunt
3305 1247 3435 1295 eam,
3461 1235 3704 1286 secernit

2102 1335 2195 1372 cos
2223 1320 2289 1371 ab
2320 1320 2442 1385 illis,
2467 1321 2555 1388 qui
2590 1337 2712 1374 cum
2739 1337 2841 1374 non
2867 1321 3182 1384 invenerint,
3214 1321 3477 1376 invenisse
3513 1332 3704 1376 tamen

2103 1425 2160 1462 se
2188 1411 2460 1477 simulant,
2484 1411 2676 1480 jnbens
2700 1429 2803 1465 non
2835 1412 2899 1465 ad
2930 1413 3070 1477 illos,
3105 1414 3194 1482 qui
3226 1413 3424 1466 larvam
3453 1415 3699 1468 circum-

2105 1499 2300 1566 ferunt,
2329 1503 2618 1570 respicere,
2653 1502 2746 1556 sed
2774 1503 2840 1555 ad
2885 1504 3003 1556 illos
3030 1504 3120 1572 qui
3158 1519 3284 1558 vere
3324 1514 3380 1557 et
3416 1520 3482 1558 ex
3510 1506 3704 1559 animo

2106 1593 2156 1645 in
2189 1593 2277 1647 illa
2320 1594 2591 1647 incedunt.
2633 1595 2699 1648 Et
2737 1611 2835 1663 qua
2861 1595 2930 1648 de
2956 1609 3134 1660 causa,
3173 1595 3402 1662 inquies,
3435 1612 3540 1648 non
3574 1597 3706 1650 illos

2107 1695 2260 1740 notos
2289 1684 2432 1749 fecit,
2457 1686 2549 1740 sed
2576 1702 2673 1739 nos
2709 1687 2758 1739 in
2783 1687 3093 1757 explorandi
3122 1703 3301 1741 curam
3329 1689 3601 1756 coniecit?
3635 1689 3704 1744 Ut

2108 1777 2404 1845 vigilemus,
2438 1786 2492 1832 et
2531 1778 2743 1832 solliciti
2783 1795 2995 1849 semper
3034 1780 3221 1843 simus,
3263 1780 3389 1834 dum
3438 1797 3705 1836 cavemus

2107 1880 2211 1919 non
2242 1867 2402 1920 modo
2424 1867 2490 1920 ab
2519 1868 2748 1921 inimicis
2776 1868 2880 1922 illis
2907 1871 2992 1939 qui
3023 1869 3195 1938 palam
3237 1872 3371 1924 tales
3409 1882 3535 1925 sunt
3559 1914 3574 1934 ,
3604 1873 3708 1926 sed

2107 1957 2175 2011 ab
2217 1959 2280 2010 iis
2328 1960 2487 2012 etiam
2531 1959 2617 2028 qui
2669 1974 2791 2015 sese
2838 1961 3144 2015 occultant:
3173 1977 3306 2031 quos
3351 1963 3710 2017 subindicans

2109 2049 2301 2103 Paulus
2327 2050 2537 2105 dicebat
2567 2070 2579 2105 :
2610 2050 2674 2104 Et
2700 2069 2788 2122 per
2808 2051 2978 2105 dulces
3004 2070 3255 2106 sermones
3273 2053 3516 2107 seducunt
3543 2058 3713 2107 corda

2109 2143 2443 2196 innoctnttum
2477 2143 2649 2213 (Rom.
2682 2146 2766 2199 l6.
2801 2145 2909 2215 18).
2936 2145 3013 2199 Nc
3042 2146 3217 2215 itaque
3249 2147 3542 2211 turbcmur,
3577 2164 3711 2202 cum

2112 2235 2305 2288 multos
2351 2235 2712 2305 hujuscemodi
2757 2237 2918 2290 etiam
2963 2251 3103 2291 nunc
3149 2239 3412 2292 videmus.
3468 2238 3598 2291 Nam
3649 2251 3710 2293 et

2113 2325 2239 2378 illttd
2270 2342 2426 2395 supra
2457 2327 2696 2380 Christus
2729 2328 2990 2397 prmdixit.

2185 2416 2237 2471 7.
2282 2417 2346 2470 Et
2390 2418 2656 2487 perpende
2699 2418 2814 2487 ejus
2859 2419 3339 2475 mansuetudinem.
3391 2419 3504 2474 Non
3549 2421 3705 2475 enim

2113 2506 2244 2560 dixit
2269 2549 2281 2569 ,
2312 2499 2500 2564 Punite
2531 2511 2645 2564 illos
2669 2551 2683 2576 ,
2717 2511 2832 2574 sed,
2861 2509 3053 2565 Cavete
3082 2527 3147 2566 ne
3171 2511 3236 2564 ab
3263 2513 3368 2565 illis
3398 2512 3661 2565 bedamini
3692 2554 3711 2576 ,

2115 2613 2181 2651 ne
2211 2597 2402 2652 incauti
2448 2600 2498 2653 in
2548 2600 2666 2653 illos
2714 2601 2976 2655 incidatis.
3020 2601 3260 2665 Deinde,
3297 2618 3360 2657 ne
3409 2604 3554 2656 dicas
3598 2621 3714 2658 non

2117 2703 2272 2757 posse
2323 2689 2620 2759 hujusmodi
2663 2691 2907 2746 homines
2948 2693 3236 2746 internosci
3271 2735 3283 2754 ,
3315 2696 3382 2748 ab
3428 2694 3714 2749 hominum

2114 2783 2364 2851 exemplo
2393 2800 2574 2837 rursus
2605 2785 2935 2838 ratiocinium
2956 2785 3167 2838 adhibet
3199 2786 3380 2838 dicens
3405 2805 3417 2840 :
3441 2786 3718 2857 Numquid

2116 2875 2358 2944 colligunt
2390 2874 2451 2926 de
2477 2874 2636 2944 spinis
2675 2891 2794 2926 uvas
2819 2917 2833 2940 ,
2863 2885 2947 2927 attt
2980 2876 3042 2928 de
3071 2878 3263 2929 tribulis
3299 2879 3428 2942 licus
3449 2878 3474 2929 ?
3504 2880 3589 2932 17.
3620 2879 3720 2933 Sic

2117 2966 2277 3019 omnis
2303 2966 2452 3018 arbor
2478 2968 2607 3019 bona
2625 3009 2638 3031 ,
2667 2967 2819 3020 bonos
2848 2972 3042 3036 fructus
3071 2969 3230 3036 facit;
3260 2970 3393 3020 mula
3422 2980 3591 3020 autem
3619 2989 3722 3023 or-

2117 3057 2206 3110 bor
2249 3058 2444 3127 fructus
2495 3060 2656 3111 malos
2705 3059 2846 3129 facit.
2887 3060 2971 3112 18.
3020 3058 3140 3111 Νοη
3187 3071 3345 3129 potest
3389 3062 3538 3113 urbor
3579 3064 3723 3115 bona

2119 3153 2311 3218 [ructus
2340 3149 2499 3201 malos
2521 3154 2685 3218 facere
2703 3191 2718 3213 ,
2744 3167 2832 3202 nec
2862 3151 3011 3203 arbor
3040 3152 3175 3203 mula
3212 3153 3404 3219 fructus
3436 3152 3594 3205 bonos
3623 3161 3713 3220 fa-

2119 3257 2248 3292 cere.
2283 3239 2433 3306 Quod
2475 3251 2650 3294 autem
2681 3241 2807 3294 dicit
2839 3242 3138 3311 huiusmodi
3184 3254 3264 3294 est
3289 3262 3300 3294 :
3326 3243 3466 3296 Nihil
3515 3245 3722 3300 habent

2122 3332 2247 3384 tuile
2268 3334 2344 3384 vel
2376 3332 2563 3396 dulce;
2595 3334 2782 3401 pellent
2815 3333 2985 3386 solum
3016 3334 3129 3386 ovis
3154 3346 3382 3403 grSIant,
3418 3335 3536 3388 ideo
3558 3337 3724 3390 facile

2125 3425 2571 3478 internoscantur.
2601 3424 2663 3478 Et
2694 3441 2762 3478 ne
2791 3426 2870 3479 vel
2903 3426 3173 3478 minimum
3205 3427 3437 3491 dubites,
3467 3429 3730 3480 naturali-

2126 3515 2222 3568 bus
2259 3517 2660 3570 neCessitatihus
2697 3526 2969 3584 comparat
3012 3533 3073 3570 ea
3106 3535 3222 3585 qua:
3265 3518 3419 3570 aliter
3449 3520 3560 3569 ficri
3611 3536 3720 3568 non

2125 3618 2363 3676 possunt.
2395 3608 2546 3674 Quod
2577 3609 2731 3662 etiam
2772 3609 2964 3661 Paulus
2998 3609 3208 3663 dicebat
3233 3627 3244 3660 :
3271 3609 3538 3675 Sapientia
3585 3612 3724 3662 ιἠιηι

2124 3700 2290 3751 carnis
2314 3741 2328 3765 ,
2360 3717 2496 3753 mors
2521 3711 2592 3752 est
2616 3716 2633 3754 :
2657 3700 2753 3771 legi
2789 3704 2919 3753 enim
2963 3701 3056 3755 Dei
3099 3719 3197 3755 non
3239 3702 3538 3771 subjicitur:
3562 3719 3727 3772 neque

2125 3793 2256 3845 enim
2284 3803 2440 3862 potest
2465 3794 2641 3863 (Rom.
2675 3796 2727 3849 8.
2761 3797 2807 3850 (i.
2842 3795 2914 3865 7).
2942 3797 3091 3862 Quod
3118 3806 3293 3850 autem
3327 3797 3450 3850 illud
3480 3799 3728 3851 secundo

2129 3898 2307 3957 ponat,
2343 3904 2447 3942 non
2475 3897 2558 3942 est
2585 3890 2851 3957 superflua
2885 3890 3131 3958 repetitio
3156 3892 3466 3945 verborum.
3498 3891 3576 3945 Ne
3602 3893 3728 3961 quis

2128 3980 2267 4033 enim
2298 3979 2518 4043 diceret,
2544 3981 2719 4034 Arbor
2747 3982 2882 4033 mala
2912 3982 3116 4035 fructus
3145 3983 3356 4051 quidem
3388 3985 3491 4036 fert
3517 3990 3689 4036 matus
3708 4026 3723 4044 ,

2129 4070 2223 4123 sed
2251 4071 2348 4124 fert
2379 4071 2538 4124 etiam
2571 4071 2774 4134 bonos;
2799 4080 2852 4123 ct
2882 4087 3002 4125 cum
3041 4072 3276 4140 duplices
3304 4072 3470 4133 ferat,
3502 4073 3730 4126 difﬁcile

2129 4173 2212 4216 est
2243 4164 2362 4217 illos
2391 4163 2752 4218 internoscere
2777 4183 2788 4216 :
2817 4167 2882 4216 At
2903 4179 2988 4217 res
3008 4205 3020 4226 ,
3049 4165 3219 4234 inquit
3245 4207 3259 4230 ,
3293 4182 3396 4217 non
3431 4165 3501 4216 ita
3531 4179 3592 4217 se
3625 4166 3726 4217 ba-

2132 4254 2218 4307 bet
2244 4270 2258 4308 :
2284 4254 2452 4307 malos
2496 4263 2698 4307 tantum
2743 4253 2891 4307 affert
2913 4294 2929 4319 ,
2955 4254 3122 4308 bonos
3164 4271 3488 4322 numquam;
3525 4265 3582 4307 ut
3611 4265 3666 4308 ct
3696 4271 3729 4309 e

2130 4346 2418 4397 contrario.
2449 4345 2582 4410 Quid
2613 4345 2803 4412 igitur?
2829 4345 3018 4397 Annon
3062 4356 3141 4399 est
3169 4347 3248 4398 vir
3277 4345 3468 4407 bonus,
3499 4347 3591 4415 qui
3616 4363 3731 4397 nia-

2135 4440 2214 4491 lus
2239 4438 2531 4493 efﬁciatur?
2550 4441 2624 4494 Ac
2641 4441 2869 4495 vicissim
2898 4441 3178 4495 dicendum
3208 4459 3237 4496 c
3257 4443 3529 4496 contrario
3554 4460 3566 4495 :
3592 4445 3731 4496 tntil-

2135 4535 2200 4585 tis
2233 4534 2531 4602 hujusmodi
2564 4534 2823 4602 exemplis
2853 4535 3066 4604 plenum
3094 4544 3176 4589 est
3216 4535 3491 4588 hominum
3531 4551 3725 4605 genus.

2131 4625 2234 4679 Sed
2261 4625 2502 4678 Christus
2524 4641 2626 4678 non
2657 4625 2780 4678 illttd
2810 4625 2956 4690 dicit,
2981 4641 3174 4695 nempe
3203 4642 3304 4679 non
3339 4641 3496 4695 posse
3525 4628 3728 4677 malum

2134 4716 2402 4769 hominem
2436 4718 2647 4778 mutari,
2680 4733 2851 4786 neque
2874 4719 3066 4771 bonum
3097 4718 3321 4772 cadere:
3348 4734 3530 4772 verum
3555 4717 3728 4770 donec

2135 4809 2186 4860 in
2220 4808 2449 4877 nequitia
2493 4820 2834 4878 perseverat,
2870 4810 3066 4864 bonum
3108 4827 3211 4862 non
3244 4811 3430 4863 afferet
3470 4809 3725 4863 fructum.

2138 4900 2322 4953 Mutari
2352 4901 2491 4953 enim
2525 4910 2700 4969 potest
2725 4943 2737 4965 ,
2767 4914 2820 4955 et
2849 4917 2911 4954 ex
2953 4902 3193 4970 improbo
3223 4902 3393 4955 bonus
3423 4917 3454 4955 e
3476 4900 3600 4966 liti;
3633 4903 3729 4956 sed

2139 4993 2188 5044 in
2239 4993 2468 5061 nequitia
2516 5008 2774 5058 manens,
2833 4993 3059 5046 fructum
3109 5009 3215 5046 non
3269 4994 3453 5048 ali'cret
3505 4995 3727 5048 bonum.

2138 5086 2415 5150 Quomodo
2436 5101 2562 5154 ergo
2595 5085 2790 5148 David,
2823 5087 2992 5140 bonus
3016 5102 3134 5138 eum
3165 5098 3326 5152 esset,
3355 5087 3581 5141 fructum
3615 5106 3726 5141 ma-

2140 5179 2247 5232 lum
2289 5179 2444 5231 tulit?
2476 5178 2586 5232 Non
2622 5193 2842 5232 manens
2881 5179 3050 5232 bonus
3076 5221 3090 5243 ,
3124 5179 3214 5233 sed
3267 5189 3499 5234 mutatus
3525 5198 3537 5233 :
3562 5181 3654 5250 qui
3685 5182 3725 5234 si

2140 5281 2400 5340 perpetuo
2424 5271 2706 5325 mansisset
2734 5271 2902 5340 qualis
2926 5281 3040 5324 crat
3061 5313 3074 5336 ,
3101 5287 3384 5340 numquam
3423 5272 3582 5325 talem
3615 5274 3724 5326 fru-

2139 5372 2279 5415 ctum
2315 5361 2539 5416 tulisset.
2564 5362 2692 5416 Nant
2723 5364 2765 5415 si
2799 5363 2847 5415 in
2869 5362 3075 5415 virtutis
3104 5362 3267 5431 gradu
3291 5365 3598 5428 mansisset,
3622 5382 3722 5416 non

2141 5470 2299 5507 ausus
2329 5465 2470 5508 esset
2502 5455 2618 5507 talia
2653 5464 2981 5523 perpetrare.
3015 5454 3139 5507 11ειξρ
3177 5463 3354 5507 autem
3397 5455 3602 5507 dicebat
3629 5497 3641 5516 ,
3676 5464 3725 5508 ut

2142 5558 2343 5601 temere
2372 5547 2771 5618 obloqucntitnn
2804 5557 2860 5601 ct
2899 5547 3294 5601 criminantium
3338 5563 3433 5601 ora
3468 5547 3720 5603 frenaret.

2141 5639 2271 5706 Quia
2311 5640 2451 5692 enim
2496 5639 2704 5707 plurimi
2736 5637 2904 5692 bonos
2939 5654 3007 5691 ex
3040 5638 3294 5706 improbis
3335 5639 3604 5692 instituant
3628 5682 3641 5704 ,
3673 5652 3722 5693 ut

2143 5732 2245 5786 illis
2273 5747 2482 5785 omnem
2516 5732 2908 5786 excusationem
2935 5731 3214 5799 adimeret,
3244 5732 3347 5786 hoc
3368 5731 3522 5786 dixit.
3547 5731 3720 5802 Neque
