4050 6220
235 256 341 312 515

237 376 414 438 ζουσι,
439 375 539 445 τῆς
562 374 742 429 αὐτῶν
780 373 1049 445 ῥᾳθυμίας
1072 375 1104 444 ή
1141 373 1365 429 ὑπόνοια
1409 376 1589 446 μόνον.
1612 376 1754 446 Ὅρα
1780 374 1912 443 γοῦν

237 454 357 517 πῶς
404 456 499 507 καὶ
543 453 808 526 ἑτέρωθεν
850 453 1018 524 αὐτὴν
1060 451 1282 507 εὔκολον
1327 458 1501 520 ποιεῖ,
1553 453 1788 507 κελεύων
1837 456 1910 526 μὴ

237 533 651 602 συμπλέκεσθαι
691 534 803 595 τοῖς
840 530 967 585 κυσὶ
990 574 1004 594 ,
1042 533 1177 602 μηδέ
1229 532 1491 587 ἐκδιδόναι
1531 535 1755 597 ἐαυτοὺς
1798 538 1912 598 τοῖς

238 613 464 682 χοίροις,
490 613 583 667 καὶ
612 611 970 680 φυλάττεσθαι
1007 612 1116 665 ἀπὸ
1160 613 1269 665 τῶν
1302 613 1779 685 ψευδοπροφητῶν,
1815 615 1911 669 καὶ

238 692 577 760 πανταχόθεν
618 692 815 754 αὐτοὺς
853 691 1182 759 ἐναγωνίους
1223 693 1605 764 ἐργαζόμενος,
1637 694 1748 748 Καὶ
1780 694 1911 748 αὐτὸ

239 772 298 824 δέ
346 771 404 824 16
441 772 627 839 στενὴν
674 770 905 825 καλέσαι
953 772 1209 842 μέγιστον
1254 775 1335 837 είς
1366 774 1429 826 16
1477 776 1698 843 ποιῆσαι
1741 774 1911 847 αὐτὴν

241 850 456 904 εὔκολον
496 850 821 904 συνεϐάλετο
849 854 892 883 ⁸⁵
914 868 928 880 ·
961 852 1152 922 νήφειν
1188 852 1298 924 γὰρ
1333 854 1527 917 αὐτοὺς
1567 855 1911 926 παρεσκεύα·

241 931 348 993 ξεν.
368 930 575 1001 Ὠσπερ
610 928 704 984 οὖν
729 934 758 985 6
790 931 1025 995 Παῦλος,
1058 933 1185 984 ὅταν
1223 933 1379 1005 λέγῃ,
1407 936 1526 987 Οὐκ
1555 934 1727 988 ἔστιν
1764 934 1910 1003 ἡμῖν

233 1012 275 1076 ἡ
297 1010 457 1076 πάλη
492 1012 644 1079 πρὸς
671 1006 817 1079 alga
842 1011 940 1064 καὶ
970 1010 1189 1078 σάρκα,
1214 1014 1312 1083 οὐχ
1343 1012 1428 1064 ἵνα
1458 1013 1760 1085 καταϐάλῃ,
1792 1014 1909 1067 ἀλλ’

230 1089 317 1141 ἵνα
365 1089 606 1161 διεγείρῃ
642 1090 712 1142 τά
766 1090 1090 1159 φρονήματα
1147 1091 1256 1143 τῶν
1315 1092 1698 1163 στρατιωτῶν,
1750 1093 1910 1146 τοῦτο

224 1172 404 1220 ποιεῖ’
435 1167 579 1221 οὓτω
608 1167 672 1238 δὴ
709 1169 803 1221 καὶ
849 1169 1013 1231 αὐτὸς
1055 1169 1372 1238 ἀφυπνίζων
1402 1171 1530 1234 τοὺς
1568 1169 1905 1243 ὁδοιπόρους,

222 1251 486 1319 τραχεῖαν
516 1248 739 1303 ἐκάλεσε
785 1250 883 1320 τὴν
913 1249 1047 1303 όδόν.
1078 1253 1182 1304 Καὶ
1223 1253 1283 1304 οὐ
1323 1251 1495 1324 ταύτῃ
1525 1252 1685 1322 μόνον
1717 1255 1909 1324 νήφειν

223 1328 664 1398 παρεσκεύασεν,
692 1328 825 1382 ἀλλὰ
852 1330 947 1382 καὶ
984 1329 1060 1400 τῷ
1086 1330 1422 1401 προσθεῖναι,
1454 1332 1535 1384 ὅτι
1577 1333 1673 1384 καὶ
1696 1333 1740 1364 ¹⁶
1775 1332 1906 1386 πολ-

220 1406 357 1471 λοὺς
390 1407 502 1476 ἔχει
535 1409 662 1470 τοὺς
697 1408 1150 1473 ὐποσκελίζοντας
1175 1431 1183 1440 ·
1212 1412 1305 1463 καὶ
1329 1411 1389 1463 16
1412 1411 1475 1480 δὴ
1507 1412 1905 1482 χαλεπώτερον,

220 1488 311 1540 ὃτι
364 1486 484 1539 οὐδὲ
544 1486 795 1556 φανερῶς
852 1488 1318 1558 προσϐάλλουσιν,
1371 1489 1510 1542 ἀλλὰ
1574 1491 1907 1562 κρύπτοντες

222 1565 489 1629 ἑαυτούς·
535 1566 775 1618 τοιοῦτον
824 1564 933 1636 γὰρ
974 1566 1082 1619 τῶν
1133 1567 1593 1639 ψευδοπροφητῶν
1639 1570 1700 1622 τὸ
1729 1572 1904 1639 γένος.

234 1645 401 1698 Ἀλλά
429 1645 501 1714 μὴ
528 1644 688 1697 τοῦτο
710 1643 846 1716 ἴδῃς,
873 1646 1061 1715 φησὶν,
1092 1648 1173 1700 ὅτι
1190 1651 1414 1717 τραχεῖα
1437 1650 1531 1702 καὶ
1562 1650 1743 1721 στενὴ,
1770 1650 1907 1705 ἀλλὰ

222 1724 336 1778 ποῦ
374 1724 637 1794 τελευτᾷ·
671 1723 791 1793 μηδ’
817 1726 899 1778 ὅτι
939 1725 1167 1778 πλατεῖα
1208 1727 1303 1778 καὶ
1342 1728 1653 1797 εὐρύχωρος
1690 1732 1722 1800 ή
1753 1731 1907 1785 ἐναν-

218 1804 338 1867 τία,
384 1803 522 1857 ἀλλά
566 1802 671 1855 ποῦ
722 1804 1108 1873 καταστρέφει.
1160 1805 1347 1859 Ταῦτα
1399 1806 1455 1858 δὲ
1493 1807 1670 1861 πάντα
1722 1808 1902 1877 λέγει,

219 1883 511 1953 διεγείρων
537 1883 696 1953 ήμῶν
728 1882 827 1953 τὴν
845 1883 1156 1953 προθυμίαν
1175 1900 1188 1912 ·
1211 1883 1401 1956 ὥσπερ
1425 1884 1517 1939 οὐν
1549 1889 1641 1940 καὶ
1668 1888 1902 1960 ἀλλαχοῦ

221 1963 436 2030 ἔλεγεν,
467 1963 549 2015 ὅτι
584 1962 833 2017 Βιοσταί
861 1961 1231 2030 ἁρπάζουσιν
1252 1963 1466 2030 αὑτήν.
1492 1967 1550 2019 '0
1572 1967 1679 2037 γὰρ
1705 1967 1903 2035 ἀγωνι-

222 2042 478 2113 ζόμενος,
518 2041 736 2095 ἐπειδὰν
778 2042 864 2114 ἴδῃ
901 2040 1086 2106 σαφῶς
1126 2044 1166 2074 ⁸⁷
1197 2043 1289 2096 16v
1322 2045 1666 2115 ἀγωνοθέτην
1694 2045 1905 2117 θαυμά-

220 2122 390 2185 ζοντα
437 2121 499 2176 16
547 2122 804 2175 ἐπίπονον
848 2121 958 2174 τῶν
999 2123 1395 2193 ἀγωνισμάτων
1421 2166 1434 2187 ,
1500 2126 1904 2197 προθυμότερος

216 2201 458 2269 γίνεται.
493 2200 585 2271 Μὴ
623 2202 803 2254 τοίνυν
839 2200 1110 2272 ἁλύωμεν,
1138 2203 1267 2256 ὅταν
1293 2204 1461 2258 πολλὰ
1494 2206 1623 2275 ἡμῖν
1657 2204 1904 2258 ἐντεῦθεν

218 2280 498 2350 συμϐαίνῃ
523 2280 766 2351 λυπηρά.
799 2280 1146 2351 Τεθλιμμένη
1173 2280 1282 2353 γὰρ
1320 2283 1352 2352 η
1383 2281 1518 2346 ὁδὸς,
1549 2283 1643 2334 καὶ¹
1674 2284 1834 2352 στενὴ
1871 2286 1903 2354 ή

215 2358 409 2429 πύλη,
458 2359 571 2413 ἀλλ’
600 2360 698 2430 οὐχ
747 2362 780 2429 ή
828 2360 1002 2425 πόλις.
1055 2361 1154 2413 Διὰ
1193 2360 1257 2431 δὴ
1309 2361 1466 2413 τοῦτο
1501 2362 1624 2414 οὐδέ
1672 2362 1904 2414 ἐνταῦθα

213 2437 407 2491 ἄνεσιν
452 2438 949 2510 χρὴ,προσδοκᾷν,
998 2438 1121 2491 οὐδὲ
1161 2441 1278 2492 ἐκεῖ
1317 2438 1562 2510 λυπηρόν
1610 2457 1660 2494 τι
1721 2439 1905 2494 λοιπὸν

213 2516 559 2586 ἐκδέχεσθαι.
592 2515 778 2570 Εἰπὼν
804 2516 881 2577 δὲ,
904 2517 987 2569 ὅτι
1013 2517 1226 2585 Ὁλίγοι
1252 2517 1413 2571 εἰσιν
1446 2521 1500 2571 οι
1519 2519 1906 2586 εὑρίσκοντες

212 2596 438 2664 αὐτὴν,
477 2597 642 2651 πάλιν
670 2596 903 2650 ἐνταῦθα
928 2597 1020 2650 καὶ
1046 2596 1090 2627 ³⁸
1126 2598 1226 2666 τὴν
1252 2597 1361 2649 τῶν
1388 2597 1598 2650 πολλῶν
1634 2598 1906 2669 ῥαθυμίαν

213 2678 495 2743 ἐδήλωσε.
536 2679 629 2731 καὶ
670 2678 798 2741 τοὺς
843 2676 1143 2741 ἀκούοντας
1198 2677 1485 2730 ἐπαίδευσε
1521 2676 1595 2748 μὴ
1641 2680 1764 2739 ταῖς
1796 2677 1906 2731 τῶν

216 2757 436 2812 πολλῶν
484 2757 810 2827 εὐημερίαις
850 2756 1174 2826 προσέχειν,
1225 2755 1360 2808 ἀλλὰ
1407 2759 1517 2818 τοῖς
1562 2756 1671 2808 τῶν
1711 2756 1905 2823 ὀλίγων

215 2840 427 2900 πόνοις.
460 2838 523 2889 υί
557 2837 667 2909 γὰρ
699 2836 939 2898 πλείους.
965 2836 1152 2904 φησὶν,
1184 2836 1245 2888 οὐ
1284 2836 1444 2906 μόνον
1468 2836 1635 2907 αὐτὴν
1663 2837 1725 2889 οὐ
1759 2835 1906 2906 βαδί-

213 2916 429 2980 ζουσιν,
454 2916 568 2967 ἀλλ’
596 2915 718 2968 οὐδὲ
751 2914 1032 2981 αἱροῦνται
1049 2930 1064 2945 ·
1089 2913 1227 2984 ὅπερ
1247 2913 1482 2984 ἐσχάτης
1511 2916 1842 2987 κατηγορίας
1862 2917 1904 2948 ¹⁹

213 2996 389 3049 ἐστίν.
422 2994 561 3047 Ἀλλ’
591 2993 650 3046 οὐ
681 2995 794 3055 τοῖς
825 2992 1043 3054 πολλοῖς
1069 2991 1152 3044 δεῖ
1180 2991 1491 3064 προσέχειν,
1513 2994 1633 3046 οὐδέ
1658 2993 1905 3046 ἐντεῦθεν

214 3074 590 3146 θορυϐεῖσθαι,
623 3072 758 3126 ἀλλὰ
794 3070 990 3136 ζηλοῦν
1020 3072 1149 3134 τοὺς
1177 3071 1414 3140 ὀλίγους,
1442 3075 1537 3125 καὶ
1569 3074 1905 3143 πανταχόθεν

212 3156 452 3216 ἑαυτοὺς
482 3153 529 3185 ²⁰
564 3152 1001 3222 συγκροτοῦντας
1040 3149 1215 3213 οὕτως
1267 3151 1436 3222 αὐτὴν
1496 3150 1750 3221 βαδίζειν.
1797 3153 1905 3206 Καὶ

211 3236 330 3305 γὰρ
377 3234 513 3305 πρὸς
552 3231 630 3302 τῷ
654 3234 700 3266 ²¹
735 3232 927 3302 στενὴν
964 3228 1127 3296 εἶναι,
1159 3231 1346 3284 πολλοὶ
1377 3232 1474 3285 καὶ
1506 3233 1556 3285 οί
1588 3234 1634 3264 ³³
1667 3234 1904 3286 ὑποσκε-

212 3314 463 3378 λίζοντες
496 3313 596 3384 τήν
627 3314 808 3365 ἐκεῖσε
852 3311 1129 3382 φέρουσάν
1159 3311 1299 3364 είσιν
1343 3311 1481 3364 ὁδόν.
1513 3311 1605 3365 Διὸ
1637 3313 1731 3364 καὶ
1772 3314 1900 3382 ἐπήσν

212 3408 394 3464 γαγε-·
447 3390 785 3459 Προσέχετε
829 3390 951 3445 ἀπὸ
994 3389 1115 3444 τῶν
1146 3389 1696 3459 ψευδοπροφητῶν·
1731 3391 1903 3446 ἐλεύ-

213 3488 433 3526 σονται
486 3471 597 3540 γὰρ
655 3472 807 3538 πρὸς
870 3469 1027 3539 ὑμᾶς
1084 3471 1156 3523 ἐν
1210 3470 1505 3538 ἐνδύμασι
1556 3469 1900 3538 προϐάτων,

212 3552 447 3605 ἔσωθεν
473 3550 539 3605 δέ
572 3552 691 3603 εἱσι
716 3551 893 3603 λύκοι
919 3549 1205 3617 ἅρπαγες.
1252 3549 1381 3602 Ἰδοὺ
1416 3549 1554 3619 μετά
1581 3550 1689 3603 τῶν
1725 3553 1904 3606 κυνῶν

213 3630 315 3685 καὶ
336 3629 538 3699 χοίρων
571 3629 758 3698 ’έτερον
802 3622 942 3691 εἶδος
992 3628 1216 3699 ἐνέδρας
1260 3630 1352 3682 καὶ
1394 3627 1720 3700 ἐπιϐουλῆς,
1766 3631 1901 3686 πολὺ

211 3709 597 3780 χαλεπώτερον
639 3708 847 3760 ἐκείνου
870 3707 937 3761 ’⁸.
972 3708 1036 3761 Οἱ
1068 3707 1167 3778 μὲν
1208 3707 1318 3777 γὰρ
1356 3707 1768 3780 ὡμολογημένοι
1808 3713 1902 3765 καὶ

214 3789 465 3859 φανεροὶ,
497 3782 642 3842 οῦτοι
665 3788 722 3840 δέ
751 3788 1223 3859 συνεσκιασμένοι.
1254 3790 1344 3841 Διο
1377 3789 1471 3842 καὶ
1500 3790 1724 3844 ἐκείνων
1748 3790 1898 3865 [9.95]

216 3869 322 3939 μὲν
356 3866 660 3938 ἀπέχεσθαι
694 3866 973 3930 ἐκέλευσε,
1003 3866 1230 3930 τούτους
1264 3867 1322 3920 δὲ
1357 3869 1451 3920 καὶ
1480 3868 1900 3926 διασκέπτεσθαι

214 3950 362 4020 μετά
400 3947 711 4018 ἀκριϐείας,
743 3948 821 4011 ὡς
857 3947 961 4001 οὐκ
990 3947 1110 4001 ἐνὸν
1149 3948 1213 4000 ἐκ
1261 3947 1488 4019 πρώτης
1523 3951 1719 4013 αὐτοὺς
1775 3951 1901 4005 ίδεῖν

212 4028 544 4101 προσϐολῆς.
581 4029 673 4081 Διὸ
702 4028 796 4081 καὶ
833 4027 1022 4095 ἔλεγε,
1067 4026 1424 4096 Προσέχετε,
1463 4029 1601 4097 πρὸς
1649 4029 1745 4101 τὴν
1785 4032 1901 4084 διά-

212 4126 420 4177 γνωσιν
469 4107 650 4160 αὐτῶν
708 4107 1137 4177 ἀκριϐεστέρους
1193 4106 1384 4160 ποιῶν.
1438 4103 1606 4170 Εἶτα,
1664 4109 1751 4161 ἴνα
1827 4109 1900 4179 μὴ

214 4188 409 4258 στενὴν
454 4188 789 4248 ἀκούσαντες
822 4186 920 4238 καὶ
962 4184 1364 4256 τεθλιμμένην,
1399 4186 1495 4238 καὶ
1531 4188 1615 4239 ὅτι
1652 4186 1899 4240 ἐναντίαν

211 4268 326 4329 τοῖς
352 4266 567 4328 πολλοῖς
606 4265 687 4318 δεῖ
722 4263 980 4333 βαδίζειν,
1014 4264 1109 4318 καὶ
1152 4264 1367 4335 χοίρους
1400 4264 1762 4334 φυλάττεσθαι
1803 4267 1897 4319 καὶ

212 4345 405 4408 κύνας,
457 4346 551 4398 καὶ
602 4342 741 4413 μετὰ
777 4342 984 4396 τούτων
1025 4343 1071 4373 ³⁷⁵
1112 4343 1300 4414 ἕτερον
1334 4343 1698 4416 πονηρότερον
1742 4346 1898 4413 γένος

212 4425 374 4478 τοῦτο
413 4424 475 4477 16
515 4422 624 4477 τῶν
662 4422 872 4475 λύκων·
909 4422 997 4475 ἵνα
1035 4421 1107 4493 μὴ
1146 4423 1225 4493 τῷ
1258 4423 1456 4494 πλήθει
1496 4424 1603 4476 τῶν
1636 4423 1895 4494 λυπηρῶν

212 4502 569 4558 καταπέσωσι
589 4542 605 4567 ,
657 4500 943 4572 μέλλοντες
979 4503 1025 4533 ’⁵
1058 4503 1151 4555 καὶ
1207 4502 1459 4557 ἐναντίαν
1511 4506 1625 4563 τοῖς
1677 4501 1895 4565 πολλοῖς

212 4582 379 4644 ἰέναι,
424 4584 519 4635 καὶ
573 4580 712 4651 μετὰ
760 4578 964 4634 τούτων
1000 4581 1165 4635 πάλιν
1213 4582 1308 4636 καὶ
1348 4582 1448 4654 τὴν
1497 4582 1638 4653 ὐπέρ
1683 4583 1890 4636 τούτων

210 4660 360 4731 ἔχειν
388 4660 667 4732 φροντίδα,
696 4660 969 4730 ἀνέμνησε
1017 4661 1124 4712 τῶν
1160 4661 1251 4714 ἐπὶ
1280 4660 1387 4715 τῶν
1432 4660 1682 4732 πατέρων
1710 4661 1891 4714 αὐτῶν

210 4740 545 4810 γενομένων,
577 4737 1028 4810 ψευδοπροφήτας
1070 4738 1339 4802 καλέσας·
1367 4739 1460 4792 καὶ
1500 4740 1609 4811 γὰρ
1644 4738 1738 4792 καὶ
1771 4738 1895 4792 τότε

210 4818 435 4872 τοιαῦτα
488 4817 797 4872 συνέϐαινε.
847 4817 943 4884 Μὴ
1003 4819 1212 4871 τοίνυν
1262 4817 1641 4886 θορυϐεῖσθε,
1691 4816 1889 4888 φησίν·

212 4899 364 4952 οὐδὲν
401 4898 511 4970 γὰρ
544 4898 728 4952 καινὸν
767 4897 889 4951 οὐδέ
921 4896 1071 4964 ξένον
1096 4896 1454 4968 συμϐήσεται.
1502 4898 1580 4967 Τῇ
1613 4896 1724 4965 γὰρ
1759 4897 1892 4968 ἀλη-

212 4978 334 5050 θείᾳ
369 4979 778 5049 παρυφίστησιν
807 4977 895 5031 ἀεὶ
918 4976 1018 5046 τὴν
1063 4976 1280 5044 ἀπάτην
1313 4978 1343 5029 ό
1370 4976 1637 5040 διάϐολος.
1678 4977 1889 5030 Ψευδο-

212 5059 500 5129 προφήτας
531 5057 590 5110 δὲ
635 5054 869 5110 ἐνταῦθα
916 5054 978 5107 οὐ
1023 5054 1149 5117 τοὺς
1192 5055 1500 5126 αίρετικοὺς
1554 5055 1888 5109 αἰνίττεσθαί

1240 257 1309 313 ΙΝ
1348 259 1762 316 ΜΔΤΤΗᾹΞΗΜ
1800 255 2035 314 HOMIL.
2073 256 2261 312 XXIII.
2300 258 2374 311 aI.
2419 256 2609 313 XXIV.

3579 282 3680 337 ’516

2017 389 2109 441 μοι
2128 373 2294 455 δοκεῖ,
2309 373 2445 455 ἀλλά
2456 375 2590 455 τοὺς
2612 373 2728 443 βίου
2755 376 2852 445 μὲν
2868 375 3022 441 ὄντας
3045 379 3461 453 διεφθαρμένου,
3476 401 3679 455 προσωι

2019 455 2173 505 πεῖον
2219 453 2275 505 δὲ
2317 452 2519 524 ἀρετῆς
2551 456 2985 525 περικειμένους,
3031 457 3124 521 οὒς
3163 452 3373 530 τῇντῶν
3414 452 3679 519 ἐπιθέτων

2012 531 2354 612 προσηγορίᾳ
2379 531 2573 612 *καλεῖν
2605 532 2860 612 είώθασιν
2892 535 2942 587 οί
2968 535 3169 589 πολλοί.
3194 539 3285 591 Διὸ
3310 543 3403 593 καὶ
3431 542 3680 612 ἐπήγαγε

2011 609 2217 678 λέγων·
2262 609 2396 663 Ἀπὸ
2446 608 2566 664 τῶν
2595 609 2840 679 καρπῶν
2886 612 3084 667 αὐτῶν
3132 608 3683 684 ἐπιγνώσεσθεἀῦ-

2010 690 2172 754 τούς.
2207 688 2364 760 Παρὰ
2417 689 2527 762 γὰρ
2568 692 2869 768 αἱρετικοῖς
2908 691 3021 768 ἐστι
3068 693 3327 758 πολλάκις
3357 698 3450 750 καὶ
3484 699 3530 730 ⁸⁸
3569 698 3683 768 βίον

2011 770 2227 839 εὐρεῖν·
2265 767 2416 839 παρά
2458 768 2513 821 δέ
2545 768 2776 834 τούτοις,
2813 764 2893 833 οἷς
2935 766 3109 837 εἶπον,
3155 772 3423 843 οὐδαμῶς.
3458 776 3523 829 Τί
3566 764 3678 841 οῦν,

2012 849 2197 918 φησὶν,
2223 847 2289 901 ἂν
2325 850 2419 901 καὶ
2450 849 2507 900 ἐν
2539 847 2748 912 τούτοις
2783 849 3217 920 ὑποκρίνωνται;
3252 852 3411 907 Ἀλλὰ
3446 853 3682 909 ἁλώσον-

2008 944 2100 980 ται
2135 926 2353 997 ραδίως.
2383 925 2618 998 Τοιαύτη
2645 928 2753 998 γὰρ
2776 930 2808 998 ἡ
2839 928 2940 998 τῆς
2968 929 3086 983 6606
3118 930 3318 999 ταύτης
3340 932 3385 963 ³⁷
3406 932 3589 1000 φύσις,
3614 935 3682 1005 ἢν

2010 1005 2270 1059 ἐκέλευσα
2300 1005 2553 1075 βαδίζειν,
2585 1006 2839 1071 ἐπίπονος
2864 1008 2956 1061 καὶ
2990 1009 3239 1081 μοχθηρά
3262 1025 3278 1040 ·
3304 1012 3332 1063 6
3374 1011 3432 1064 δὲ
3464 1012 3685 1084 ὐποκρι·

2007 1086 2108 1156 τὴς
2141 1088 2325 1139 πονεῖν
2363 1085 2462 1138 οὐκ
2492 1086 2559 1139 ἂν
2585 1086 2777 1151 ἕλοιτο,
2805 1086 2919 1141 ἀλλ’
2948 1088 3352 1143 ἐπιδείκνυσθαι
3379 1091 3539 1160 μόνον
3558 1112 3573 1125 ·
3604 1093 3684 1146 6:6

2008 1166 2102 1218 καὶ
2136 1164 2417 1236 ἐλέγχεται
2448 1166 2666 1237 ῥᾳδίως.
2703 1168 2927 1238 Ἐπειδὴ
2962 1169 3070 1239 γὰρ
3112 1165 3297 1234 εἶπεν,
3349 1171 3430 1224 ὃτι
3471 1173 3685 1242 Ὀλίγοι

2008 1244 2168 1297 εἰσὶν
2200 1248 2253 1297 οἱ
2281 1245 2671 1312 εὑρίσκοντες
2700 1246 2915 1315 αὐτὴν,
2944 1247 3263 1321 ἐκκαθαίρει
3295 1249 3457 1303 πάλιν
3487 1253 3681 1316 αὐτοὺς

2009 1324 2118 1376 ἀπὸ
2151 1325 2260 1377 τῶν
2285 1327 2384 1396 οὐχ
2427 1327 2792 1397 εὑρισκόντων
2836 1329 2955 1398 μὲν,
2994 1329 3438 1400 ὑποκρινομένων
3475 1332 3552 1395 δὲ,
3587 1350 3680 1385 κερ

2010 1402 2180 1483 λεύων
2207 1405 2280 1474 μὴ
2309 1407 2434 1468 τοὺς
2461 1405 2528 1483 τά
2556 1408 2873 1476 προσωπεῖα
2898 1409 3312 1479 περικειμένους
3339 1411 3497 1480 μόνον
3527 1414 3679 1483 ὁρᾷν,

2009 1480 2149 1534 ἀλλὰ
2197 1483 2322 1545 106;
2368 1482 2507 1553 μετὰ
2551 1484 2808 1554 ἀληθείας
2851 1485 3131 1555 μετιόντας
3180 1487 3371 1559 αὐτήν.
3406 1490 3517 1542 Καὶ
3538 1480 3682 1553 τίνος

2011 1559 2197 1613 ἐνεκεν
2227 1561 2287 1614 οὐ
2313 1562 2642 1633 καταδήλους
2669 1564 2867 1626 αὐτοὺς
2900 1564 3145 1635 ἐποίησε,
3179 1567 3363 1638 φησὶν,
3392 1568 3505 1621 ἀλλ’
3533 1570 3682 1639 ἡμᾶς

2008 1641 2088 1702 είς
2105 1640 2204 1710 τὴν
2225 1639 2447 1712 ἔρευναν
2464 1641 2715 1717 ἐνέϐαλεν
2730 1642 2847 1675 “"9
2867 1660 2882 1710 ;
2928 1643 3044 1697 ’Ἱνα
3059 1645 3443 1717 γρηγορῶμεν,
3460 1650 3554 1700 καὶ
3571 1651 3682 1701 ἐναο

2007 1719 2192 1787 γώνιοι
2218 1719 2505 1783 διαπαντὸς
2532 1714 2704 1791 ὦμεν,
2732 1721 2806 1792 μὴ
2834 1724 2960 1786 τοὺς
2982 1714 3252 1795 φανεροὺς
3276 1714 3434 1795 μόνον
3451 1726 3516 1790 ⁸⁸,
3549 1727 3681 1780 ἀλλὰ

2008 1797 2101 1877 καὶ
2129 1800 2254 1877 τούς
2277 1800 2685 1869 κρυπτομένους
2710 1800 2937 1872 ἐχθροὺς
2959 1802 3386 1872 φυλαττόμενοι·
3414 1803 3621 1877 οὕσπερ
3637 1806 3678 1837 ³³

2006 1872 2101 1929 οῦν
2132 1876 2227 1930 καὶ
2260 1879 2288 1930 6
2312 1876 2523 1941 Παῦλος
2550 1877 2919 1949 αἰνιττόμενος
2951 1879 3156 1948 ἔλεγεν,
3190 1883 3271 1935 ὅτι
3304 1881 3385 1951 Τῇ
3422 1872 3682 1952 χρηστοο

2004 1955 2178 2034 λογίμ
2202 1955 2546 2034 ἐξαπατῶσι
2578 1958 2687 2021 τὰς
2726 1958 2971 2026 καρδίας
3002 1960 3122 2013 τῶν
3150 1959 3412 2015 ἀκάκων.
3445 1963 3537 2034 Μὴ
3568 1964 3681 2017 τοί-

2007 2049 2100 2084 νυν
2133 2032 2510 2105 θορυϐὠμεθα,
2544 2036 2766 2089 ἐπειδὰν
2797 2037 3026 2101 πολλοὺς
3055 2038 3257 2109 ἴδωμεν
3288 2032 3561 2106 τοιούτους
3588 2044 3683 2097 καὶ⁵

2006 2110 2102 2164 νῦν
2117 2112 2293 2176 ὄντας.
2317 2114 2427 2167 Καὶ
2445 2114 2554 2184 γὰρ
2578 2115 2672 2169 καὶ
2691 2114 2851 2168 τοῦτο
2866 2120 3128 2187 προεῖπεν
3142 2117 3348 2173 ἄνωθεν
3369 2122 3397 2173 6
3427 2118 3679 2190 Χριστός.

2078 2191 2142 2256 ζ’.
2184 2193 2292 2246 Καὶ
2320 2194 2422 2263 ὅρα
2448 2194 2548 2264 τὴν
2578 2196 2911 2266 ἡμερότητα.
2941 2196 3074 2249 Οὐδέ
3101 2197 3211 2269 γὰρ
3234 2194 3376 2264 εἷπε,
3399 2200 3680 2255 Κολάσατε

2006 2271 2221 2334 αὐτοὺς,
2249 2271 2407 2334 ἀλλά,
2454 2272 2546 2343 Μὴ
2577 2272 2810 2344 βλαϐῆτε
2851 2274 2981 2346 παρ’
3025 2275 3227 2340 αὐτῶν,
3264 2276 3338 2347 μὴ
3378 2278 3681 2346 ἀφύλακτοι

2008 2351 2189 2414 αὐτοῖς
2239 2350 2594 2422 περιπέσητε.
2644 2348 2800 2419 Εἶτα,
2842 2353 2930 2406 ἵνα
2968 2353 3042 2425 μὴ
3083 2353 3268 2426 λέγῃς,
3303 2356 3383 2408 ὅτι
3422 2357 3680 2409 ἀδύνατον

2006 2429 2303 2495 ἐπιγνῶναι
2341 2432 2469 2495 τοὺς
2513 2431 2807 2497 τοιούτους,
2852 2433 3013 2487 πάλιν
3057 2434 3315 2507 λογισμὸν
3355 2436 3464 2489 ἀπὸ
3502 2453 3683 2508 παρα-

2006 2508 2292 2577 δείγματος
2318 2509 2657 2575 ἀνθρωπίνου
2683 2512 2917 2583 τίθησιν,
2943 2511 3087 2566 οὕτω
3117 2514 3320 2583 λέγων·
3346 2514 3501 2581 Μήτι
3529 2520 3680 2571 συλ-

2006 2588 2296 2654 λέγουσιν
2327 2589 2447 2644 ἀπὸ
2481 2591 2762 2647 ἀκανθῶν
2797 2595 3152 2661 στραφυλάς
3173 2594 3240 2660 ⁸⁸,
3269 2595 3308 2664 ἢ
3344 2596 3463 2650 ἀπὸ
3490 2597 3680 2664 τριϐό-

2007 2670 2135 2720 λων
2180 2667 2377 2730 σῦκα;
2429 2668 2591 2722 Οὕτω
2652 2668 2776 2725 πᾶν
2824 2670 3078 2739 δένδρον
3125 2672 3351 2742 ἀγαθὸν
3412 2673 3680 2741 καρποὺς

2009 2747 2233 2815 καλοὺς
2253 2749 2438 2803 ποιεῖ·
2462 2749 2529 2803 τὸ
2560 2749 2629 2803 δὲ
2656 2751 2895 2821 σαπρὸν
2922 2751 3175 2822 δένδρον
3194 2753 3461 2822 καρποὺς
3493 2770 3679 2821 πονη-

2003 2827 2151 2895 ροὺς
2199 2827 2371 2882 ποιεῖ.
2418 2832 2499 2884 οὐ
2546 2828 2793 2885 δύναται
2843 2830 3095 2899 δένδρον
3137 2832 3364 2901 ἀγαθὸν
3414 2833 3681 2901 καρποὺς

2008 2907 2311 2974 πονηροὺς
2358 2908 2579 2970 ποιεῖν,
2632 2910 2776 2963 οὐδὲ
2820 2906 3073 2979 δένδρον
3122 2913 3361 2979 σαπρόν
3413 2913 3680 2981 καρποὺς

1936 2996 1943 3003 ‘
2008 2987 2235 3052 καλοὺς
2280 2987 2492 3044 ποιεῖν.
2550 2990 2615 3043 Ὀ
2668 2989 2725 3042 δέ
2776 2989 2943 3058 λέγει,
2993 2989 3231 3044 τοιοῦτόν
3284 2992 3462 3045 ἐστιν·
3513 2992 3707 3046 Οὐδὲν·

2006 3066 2220 3137 ἔχουσιν
2250 3067 2480 3138 ἥμερον,
2511 3067 2634 3120 οὐδέ
2672 3067 2875 3136 γλυκύ·
2918 3069 3080 3142 μέχρι
3117 3066 3217 3141 τῆς
3247 3070 3408 3140 δορᾶς
3438 3070 3499 3123 16
3539 3072 3677 3142 πρό-

2006 3147 2169 3201 ϐατον
2190 3164 2203 3177 ·
2239 3147 2319 3201 διὸ
2345 3148 2440 3202 καὶ
2465 3149 2616 3221 1294]
2638 3148 2859 3214 εὔκολος
2884 3152 2917 3221 ή
2948 3151 3257 3219 διάγνωσις.
3290 3151 3398 3204 Καὶ
3428 3150 3513 3203 ἵνα
3542 3151 3678 3221 μηδὲ

2005 3228 2065 3280 16
2109 3228 2269 3299 τυχὸν
2304 3230 2603 3302 ἐνδοιάζῃς,
2638 3233 2895 3300 φυσικαῖς
2925 3233 3194 3300 ἀνάγκαις
3240 3231 3577 3303 παραϐάλλει
3608 3233 3678 3285 τά

2004 3306 2105 3360 οὐκ
2150 3308 2499 3381 ἐγχωροῦντα
2532 3310 2707 3375 άλλως
2746 3310 3018 3379 γενέσθαι.
3063 3311 3242 3380 Ὅπερ
3271 3311 3366 3364 καὶ
3406 3314 3434 3364 6
3466 3310 3677 3373 Παῦλος

2006 3385 2191 3456 ἔλεγε·
2253 3389 2325 3442 Τὸ
2369 3390 2479 3458 γὰρ
2518 3394 2792 3461 φρόνημα
2834 3390 2945 3457 τῆς
2985 3391 3234 3458 σαρκὸς,
3277 3390 3559 3456 θάνατος·
3596 3389 3676 3454 τῷ

2005 3465 2117 3533 γὰρ
2166 3468 2328 3536 νόμῳ
2371 3469 2478 3522 τοῦ
2526 3469 2674 3525 Θεοῦ
2724 3473 2837 3538 οὐχ
2878 3470 3287 3525 ὑποτάσσεται
3310 3489 3324 3500 ·
3373 3469 3515 3523 οὐδὲ
3567 3470 3676 3538 γὰρ

2003 3543 2273 3599 δύναται.
2320 3547 2382 3600 El
2443 3548 2502 3601 δὲ
2550 3549 2799 3622 δεύτερον
2856 3550 2917 3602 16
2949 3548 3082 3602 αὐτὸ
3122 3548 3361 3618 τίθησιν,
3409 3549 3509 3601 οὐκ
3562 3548 3677 3601 ἐστι

2002 3625 2341 3694 ταυτολογία.
2378 3626 2494 3682 Ἵνα
2521 3629 2630 3701 γὰρ
2673 3631 2745 3701 μή
2779 3647 2862 3693 τις
2888 3628 3038 3703 είπῃ.
3069 3629 3151 3682 ὅτι
3192 3627 3253 3680 16
3285 3627 3516 3698 πονηρὸν
3560 3626 3676 3680 δέν-

2000 3704 2127 3775 δρον
2171 3705 2325 3775 φέρει
2374 3708 2471 3779 μὲν
2506 3712 2755 3781 καρποὺς
2789 3709 3079 3781 πονηροὺς,
3115 3706 3269 3779 φέρει
3301 3707 3356 3760 δὲ
3403 3707 3497 3761 καὶ
3539 3708 3677 3776 ἀγα-

2003 3781 2162 3848 θοὺς,
2210 3786 2305 3839 καὶ
2354 3786 2610 3841 δύσκολον
2652 3788 2927 3860 ποιεῖτὴν
2969 3788 3289 3855 διάγνωσιν,
3337 3786 3535 3856 διπλῆς
3578 3787 3676 3856 τῆς

2002 3864 2178 3932 φορᾶς
2216 3864 2384 3936 οὔσης
2409 3883 2424 3898 ·
2460 3868 2560 3921 οὐκ
2607 3868 2756 3932 ἔστι,
2815 3869 2966 3937 φησὶ,
3024 3867 3211 3920 τοῦτο·
3250 3867 3525 3936 πονηροὺς
3565 3864 3674 3934 γάρ

2002 3943 2157 4012 φέρει
2195 3945 2372 4012 μόνον,
2409 3947 2503 3998 καὶ
2550 3947 2789 4014 ἀγαθοὺς
2821 3948 2918 4000 οὐκ
2953 3947 3018 4000 ἄν
3044 3962 3172 3998 ποτε
3201 3946 3441 4013 ἐνέγκοι·
3486 3944 3676 4016 ὥσπερ

1999 4018 2093 4075 οὖν
2128 4022 2220 4075 καὶ
2268 4024 2329 4076 16
2368 4025 2627 4078 ἐναντίον.
2665 4026 2729 4079 Τί
2774 4022 2898 4089 οῦνς
2947 4025 3047 4078 οὐκ
3079 4024 3226 4077 ἔστιν
3269 4024 3409 4096 ἀνὴρ
3449 4024 3671 4092 ἀγαθὸς,

1999 4101 2283 4170 γινόμενος
2332 4102 2600 4173 πονηρός;
2656 4104 2767 4157 Καὶ
2810 4102 3119 4156 τούναντίον
3170 4100 3330 4156 πάλιν
3386 4101 3537 4165 ἐστὶ,
3579 4105 3674 4157 καὶ

2000 4179 2212 4231 πολλῶν
2248 4182 2277 4232 6
2317 4180 2428 4251 βίος
2470 4181 2727 4237 τοιούτων
2771 4182 2930 4252 γέμει
2981 4181 3459 4253 παραδειγμάτων.
3512 4182 3572 4235 '0
3614 4182 3674 4236 δὲ

1999 4259 2234 4327 Χριστὸς
2257 4261 2316 4312 οὐ
2345 4260 2502 4314 τοῦτο
2531 4261 2698 4330 λέγει,
2723 4263 2802 4315 ὅτι
2829 4262 2920 4316 τὸν
2943 4263 3176 4334 πονηρὸν
3202 4262 3483 4333 ἀμήχανον
3510 4279 3675 4332 μετα-

1998 4338 2259 4393 ϐαλέσθαι
2285 4339 2410 4411 ³³.ἥ
2469 4341 2561 4394 τὸν
2602 4341 2807 4409 ἀγαθὸν
2862 4342 2962 4397 οὐκ
2996 4341 3073 4394 ένι
3127 4344 3488 4411 μεταπεσεῖν·
3531 4341 3667 4404 ἀλλ’,

1997 4419 2104 4483 ’έως
2133 4421 2200 4472 ἂν
2303 4423 2538 4493 πονηρίᾳ
2566 4421 2765 4487 συζῶν.
2798 4423 2860 4476 οὐ
2893 4424 3179 4493 δυνήσεται
3221 4423 3433 4492 καρπὸν
3465 4422 3670 4491 ἀγαθὸν

1997 4500 2257 4568 ἐνεγκεῖν.
2288 4500 2758 4555 Μεταϐα).εῖν³δ·³⁸
2800 4504 2897 4573 μὲν
2944 4504 3053 4574 γὰρ
3092 4505 3172 4567 είς
3195 4504 3397 4575 ἀρετὴν
3447 4502 3670 4557 δύναται

1999 4579 2233 4650 πονηρός
2281 4580 2392 4633 ῶν·
2432 4582 2609 4652 μένων
2641 4583 2697 4636 δέ
2743 4585 2800 4636 ἐν
2840 4585 3106 4654 πονηρία,
3151 4584 3364 4653 καρπον
3393 4583 3492 4637 οὐκ
3533 4584 3669 4637 οἴσει

1998 4659 2180 4713 καλόν.
2212 4662 2277 4714 Τί
2303 4656 2423 4725 οῦνς
2455 4665 2483 4715 ὁ
2501 4662 2663 4716 Δαυῒδ
2682 4664 2780 4716 οὐκ
2805 4662 2850 4694 ⁸³
2871 4663 3074 4730 ἀγαθὸς
3093 4662 3168 4718 ὢν
3192 4663 3427 4733 πονηρὸν
3455 4663 3667 4734 καρπὸν

1998 4738 2260 4807 ἦνεγκεν;
2303 4740 2437 4810 Οὐχὶ
2483 4740 2657 4810 μένων
2699 4739 2936 4808 ἀγαθὸς,
2980 4739 3113 4794 ἀλλὰ
3164 4740 3544 4812 μεταϐληθείς·
3592 4742 3667 4804 ὼς

1996 4818 2109 4886 εἴγε
2139 4816 2330 4890 ἔμενεν
2348 4820 2391 4851 ³⁷
2413 4819 2550 4890 ὅπερ
2573 4814 2640 4889 ἦν
2665 4819 2950 4889 διηνεκῶς,
2973 4821 3073 4874 οὐκ
3099 4820 3165 4874 ἂν
3191 4821 3403 4892 καρπὸν
3428 4819 3667 4874 τοιοῦτον

1996 4897 2244 4966 ήνεγκεν.
2265 4898 2340 4951 Οὐ
2361 4898 2468 4969 γὰρ
2497 4897 2562 4955 δὴ
2594 4898 2769 4964 μένων
2800 4900 2855 4951 ἐν
2876 4902 2941 4971 τῇ
2972 4898 3082 4966 ἕξει
3103 4901 3146 4932 ³⁸
3165 4901 3262 4971 τῆς
3286 4903 3488 4972 ἀρετῆς
3519 4900 3667 4952 ἐτόλ-

1998 4992 2170 5046 μησεν
2186 4978 2330 5047 ἅπερ
2347 4979 2829 5048 ἐτόλμησε.Ταῦτα
2841 4979 2896 5033 δὲ
2917 4980 3147 5045 καὶτοὺς
3160 4981 3347 5045 ἁπλῶς
3367 4980 3666 5034 61.066110;-

1992 5073 2090 5118 τας
2106 5058 2470 5129 ἐπιστομίζων
2490 5058 2663 5128 ἔλεγε,
2684 5062 2779 5113 καὶ¹
2800 5060 2844 5092 ³⁸
2868 5061 2974 5115 τῶν
3009 5063 3333 5135 κακηγόρων
3349 5061 3578 5134 χαλινῶν
3600 5061 3667 5114 τὰ

286 5193 330 5225 u
346 5191 707 5265 gpvsfdnggo
730 5192 793 5265 ς,
820 5191 881 5246 ις’,
912 5200 968 5265 ει
990 5206 1088 5265 p_e_.r
1117 5191 1181 5265 ρ.
1206 5207 1261 5261 p.
1296 5207 1351 5261 p.
1375 5194 1758 5265 παρεσκεύασε
1782 5195 1840 5249 Β.
1864 5194 1903 5248 Ρ

2006 5196 2044 5227 ¹⁰
2060 5195 2154 5248 καὶ
2182 5210 2291 5250 om.
2325 5194 2387 5248 F.
2458 5196 2500 5227 "’
2516 5195 2705 5263 σαφῶς
2727 5212 2837 5252 om.
2857 5196 2922 5251 Α.
2946 5197 3043 5255 Ge.
3079 5198 3123 5230 ¹⁸
3150 5199 3385 5253 ἐνταῦθα
3414 5197 3529 5265 καὶ]
3573 5200 3666 5253 καὶ

209 5261 447 5333 ἐνταῦθα
466 5260 566 5333 Ep.
588 5261 855 5333 ἐντεῦθεν
882 5260 1003 5315 καὶὴ
1106 5262 1168 5333 _"
1185 5260 1543 5333 κατηγορίας]
1586 5263 1677 5317 Sic
1711 5266 1869 5320 codd.

2006 5265 2142 5320 Ann.
2196 5265 2409 5322 desidia:
2448 5266 2543 5321 Ge.
2578 5260 2764 5331 ἀνοίας
2818 5267 2954 5324 Edd.
3030 5268 3074 5300 ’°
3096 5270 3323 5332 ἑαυτοὺς
3359 5285 3469 5322 om.
3511 5260 3567 5321 Β.
3601 5270 3661 5323 (Σ.

212 5332 272 5388 D.
305 5332 364 5388 F.
431 5332 474 5364 “
638 5333 701 5385 16
723 5334 784 5387 (Σ.
823 5333 884 5389 Ρ.
912 5331 1125 5404 στενὴν]
1166 5332 1292 5387 add.
1319 5331 1489 5402 αὐτὴν
1524 5333 1583 5387 F.
1661 5336 1708 5367 ²¹
1735 5336 1783 5387 οἱ
1812 5351 1900 5390 nm

212 5405 310 5475 τὴν
330 5406 509 5476 ἐκεῖσε
539 5421 608 5476 φ.
640 5402 844 5476 εἴσοδον
1090 5402 1136 5435 ³³
1171 5402 1394 5476 ἐκείνων
1438 5403 1517 5476 Β.
1572 5406 1616 5476 ³-⁸
1643 5404 1848 5476 ἕτερον]
1872 5424 1903 5459 κ

2008 5377 2021 5391 .
2046 5335 2107 5390 C.
2132 5335 2194 5388 D.
2228 5334 2290 5388 E.
2320 5336 2515 5389 ὐποσκ.
2540 5335 2638 5405 τὴν
2671 5338 2787 5391 ἐκεῖ
2818 5355 2877 5407 φ.
2907 5339 3025 5392 ὁδόν
3049 5340 3187 5392 είσιν
3228 5337 3280 5394 Ρ.
3304 5331 3503 5390 ίύποσκ
3561 5340 3661 5391 εἰσι

2006 5404 2175 5476 ἓτερον
2204 5405 2339 5476 Edd.
2371 5421 2492 5475 p.p.
2526 5406 2684 5460 τοῦτο
2712 5424 2821 5464 om.
2858 5409 2921 5462 D.
2951 5409 3108 5462 10610
3144 5407 3200 5460 δέ
3224 5402 3290 5475 ἦν
3312 5406 3372 5458 16
3394 5406 3501 5458 τῶν
3526 5406 3573 5460 λ.
3604 5406 3641 5459 F

210 5405 310 5475 τὴν
330 5406 509 5457 ἐκεῖσε
539 5402 599 5472 φῖ
640 5402 844 5457 εἴσοδον
880 5402 1014 5458 Edd.
1061 5402 1136 5435 ⁷³³
1171 5402 1394 5456 ἐκείνων
1438 5403 1499 5457 Β.
1572 5406 1616 5436 ³⁸
1643 5404 1848 5476 ἕτερον]
1872 5406 1966 5459 καὶ
1989 5404 2175 5476 ἕτερον
2204 5405 2339 5460 Edd.
2371 5421 2492 5475 p.p.
2526 5402 2684 5460 τοῦτο
2712 5402 2921 5464 οηι.Ἰ).
2951 5409 3108 5462 τοῦτο
3144 5407 3200 5460 δέ
3224 5402 3290 5475 ἦν
3312 5406 3372 5458 16
3394 5406 3501 5458 τῶν
3526 5406 3573 5460 λ.
3604 5406 3641 5459 Ρ

210 5476 256 5549 1'
276 5473 1214 5549 091061;;(Ieeslin_podd;pr:eler
1241 5473 1306 5526 A.
1340 5473 1608 5549 ἐναντίαν]
1650 5475 1871 5549 ἕλαντία
1898 5479 1960 5530 Α.
1999 5475 2374 5549 καταπέσωσι,
2404 5477 2496 5549 καὶ
2530 5476 2606 5545 τῷ
2645 5478 2743 5549 τὴν
2776 5479 3023 5533 ἐναντίαν
3050 5481 3162 5549 τοῖς
3195 5476 3405 5549 πολλοῖς
3438 5477 3664 5549 είσιέναι

209 5542 287 5598 Β(
304 5542 365 5597 Ρ.

211 5616 251 5647 ⁸¹
282 5615 517 5716 οῦσπερῖ

211 5684 349 5740 Edd.
425 5684 488 5716 “'
520 5686 542 5717 ⁸

213 5756 256 5786 ³³
281 5753 418 5824 ἐξειι
447 5753 600 5824 τάξει
627 5753 687 5808 Ρ.

461 5544 618 5616 ’ξκαί
653 5559 782 5616 9m._
801 5543 930 5616 Mog.
972 5543 1328 5616 Βαιοοιιιιξιι
1364 5544 1523 5616 codg.
1562 5543 1615 5599 ei
1653 5546 1749 5616 Ep.

574 5683 970 5753 μεταϐαλέσθαι
1003 5683 1060 5737 Ρ.
1138 5685 1184 5717 ³⁸
1218 5683 1566 5748 Negatidnem
1603 5683 1712 5740 om.
1737 5689 1800 5741 A.
1837 5687 1897 5740 ι).

788 5755 832 5786 ³⁹
865 5753 1047 5806 Ταῦτα
1083 5754 1158 5807 δὲ.
1197 5797 1208 5807 .

544 5546 618 5598 ιαὶ
653 5559 762 5597 om.
801 5546 930 5598 Mor.
972 5546 1102 5598 Ben.
1139 5552 1328 5601 contra
1364 5546 1523 5598 codd.
1562 5556 1615 5599 el
1653 5546 1749 5616 Ep.
1828 5547 1871 5578 "
1916 5546 2116 5615 ταύτης
2168 5562 2275 5599 nm.
2304 5546 2359 5600 Ε.
2405 5546 2467 5600 Ρ.
2564 5546 3030 5602 ²⁸·¹⁹’ἐνεκάλεσεν
3070 5548 3128 5601 Ρ.
3229 5547 3274 5578 ⁸⁸
3300 5546 3488 5614 μόνους
3526 5547 3661 5603 Et“.

544 5614 636 5669 Sic
658 5612 841 5688 BZGAe.
874 5613 1063 5688 ῶσπερ
1095 5615 1261 5688 (Ξῖ-ἰῇἰ
1278 5614 1451 5688 ὅσπερ
1474 5614 1533 5671 Ρ.
1561 5617 1698 5687 ὅπερ
1723 5618 1788 5672 Α.
1817 5617 1877 5688 Ι).
1960 5617 2004 5648 ⁸⁸
2033 5616 2307 5688 σταφυλὴν
2336 5617 2471 5671 Edd.
2550 5617 2594 5651 ³³
2618 5618 3043 5685 μεταϐάλλεσθαι
3072 5617 3235 5688 Ε.οὐκ
3274 5614 3375 5688 ἔνι]
3403 5616 3662 5672 ἀδύνατον

1934 5694 2057 5758 pqst
2081 5685 2157 5758 ὢν
2195 5685 2546 5758 οοιιοοιιηιΒ.
2581 5688 2641 5758 Ρ.
2679 5696 2797 5758 post
2817 5687 3118 5758 καρπὸνβ.

1246 5797 1265 5827 ,ν
1304 5756 1478 5823 ἔλεγε,
1513 5755 1627 5826 καὶ]
1655 5757 1710 5809 δέ
1739 5773 1849 5812 om.
1881 5755 1945 5827 C.
1979 5756 2040 5811 D.
2085 5757 2145 5811 E.
2192 5757 2342 5827 ἔλεγε
2376 5774 2483 5813 om.
2520 5757 2581 5813 C.
2616 5755 2691 5811 Ι).’
2727 5755 2913 5811 Ταῦτα
2946 5757 3003 5810 δὲ
3037 5756 3184 5824 λέγει
3229 5758 3323 5812 καὶ
3362 5759 3486 5813 106:
3522 5759 3574 5814 ά.
3612 5758 3658 5814 6.

2564 5545 3030 5602 ²⁸·¹⁹’ἐνεκάλεσεν
3070 5548 3128 5601 Ρ.
3229 5547 3274 5578 ⁸⁸
3300 5545 3488 5614 μόνους
3526 5547 3661 5603 1‘31“-

3216 5688 3259 5718 ³⁷
3283 5686 3496 5755 ἔμεινεν
3527 5689 3660 5743 Ειίιί.

214 5822 597 5901 ἐπιστομίζων,
635 5824 725 5901 κα)
785 5822 845 5901 Β..
886 5824 1071 5901 Ταῦτα
1192 5826 1282 5878 καὶ
1324 5828 1447 5901 τοῦς
1488 5827 1540 5879 ά.
1578 5822 1627 5901 δέ
1668 5826 2052 5901 ἐπιστομίζει,
2097 5827 2190 5901 καὶ
2233 5822 2301 5883 Ρζ
2334 5828 2613 5901 Κέχρηται
2651 5827 2707 5881 δὲ
2747 5827 2824 5900 τῷ
2861 5827 3003 5899 λόγῳ
3029 5869 3042 5895 ,
3092 5822 3227 5898 ὁμοῦ
3266 5828 3364 5901 μὲν
3401 5830 3495 5884 καὶ
3538 5830 3660 5893 τοὺς

215 5895 586 5965 ἀντιλέγοντας
631 5895 722 5948 καὶ
761 5894 883 5958 τοὺς
922 5894 973 5949 ἀ.
1018 5894 1064 5948 6.
1118 5895 1501 5967 ἐπιστομίζων,
1533 5897 1624 5950 καὶ
1660 5898 1723 5952 Λ.
1758 5897 1903 5954 Nosti

2006 5944 2009 5951 ,
2040 5897 2324 5954 lectionem
2362 5894 2520 5953 γοιίιὶῐ
2547 5898 2642 5953 Ge.
