4050 6220
346 361 447 413 317

339 478 484 528 enim
533 471 709 526 dicere
751 469 921 542 possis
941 511 956 535 ,
984 469 1389 526 Circumventus
1419 484 1537 522 sum
1567 477 1724 536 atque
1763 464 1925 522 dece-

342 572 465 632 ptus
492 581 506 618 :
535 577 654 616 nam
682 569 980 615 accuratam
1009 561 1101 615 libi
1128 559 1250 614 dedi
1276 575 1342 613 ex
1368 559 1618 628 operibus
1645 557 1882 612 notitiam
1908 599 1922 622 ,

341 656 534 726 )ubens
561 670 653 724 per
679 654 820 722 ipsos
839 660 989 707 actus
1008 650 1318 722 procedere,
1339 665 1512 724 neque
1528 649 1703 704 omnia
1728 657 1927 702 temere

347 747 575 801 turbare.
606 741 804 797 Deinde
830 744 953 812 quia
981 757 1084 795 non
1110 755 1202 795 eos
1224 741 1404 796 ulcisci
1424 741 1596 809 jussit,
1620 739 1714 794 sed
1739 755 1927 794 cavere

344 837 410 891 ab
431 835 529 888 illis
548 843 602 887 ut
618 848 712 887 eos
725 835 815 903 qui
832 835 900 886 ab
921 833 1024 887 illis
1048 831 1369 887 laederentur
1395 833 1715 896 consoletur,
1739 833 1926 886 simul-

343 945 442 996 que
465 933 518 979 ut
538 925 795 980 lzedentes
822 924 1091 979 deterreat
1110 925 1231 977 etin
1252 925 1468 977 meliora
1487 931 1780 982 convertat.
1808 938 1925 992 pm-

342 1035 459 1071 nam
478 1018 620 1072 abse
640 1017 766 1087 ipsis
789 1016 1124 1085 inlligendam
1147 1017 1329 1070 statuit
1355 1025 1409 1071 et
1437 1016 1680 1081 firmavit,
1712 1015 1923 1070 dicens:

340 1111 423 1166 19.
447 1111 625 1164 Omnis
643 1108 810 1174 arbor,
825 1126 935 1179 qua:
950 1127 1046 1162 non
1060 1109 1181 1180 facit
1197 1114 1414 1179 fructum
1432 1110 1635 1173 bonum,
1650 1109 1924 1172 excidetur,

337 1212 382 1254 rt
426 1205 478 1255 in
521 1204 687 1272 ignem
714 1203 952 1255 mittetur.
985 1201 1182 1255 Deinde
1211 1215 1511 1254 sermonem
1541 1201 1924 1270 aliquantulum

341 1303 666 1362 temperans,
688 1292 892 1346 intulit:
910 1291 998 1347 90.
1020 1291 1184 1361 Igitur
1213 1308 1276 1345 ex
1292 1292 1537 1362 fructibus
1557 1309 1722 1344 eorum
1740 1310 1926 1360 cogno-

337 1385 483 1436 scetis
505 1401 607 1437 eos.
627 1382 704 1438 Ne
719 1393 894 1438 autem
913 1383 1378 1437 comminationem
1405 1385 1633 1438 maxime
1659 1383 1927 1436 videretur

341 1474 613 1537 inducere,
635 1475 781 1543 quasi
808 1490 898 1542 per
912 1473 1326 1527 admonitionem
1344 1483 1396 1528 et
1419 1474 1700 1527 consilium
1724 1475 1929 1527 videtur

340 1563 550 1620 illormn
582 1567 814 1618 animmn
846 1580 1084 1618 mOvere.
1114 1565 1210 1618 llic
1237 1580 1362 1618 vero
1390 1566 1517 1618 mihi
1545 1565 1758 1620 Judteos
1794 1567 1928 1620 sub-

340 1656 578 1710 indicare
608 1655 834 1720 videtur,
873 1656 964 1725 qui
997 1656 1127 1709 tales
1161 1655 1498 1724 proferebant
1534 1657 1754 1710 fructus.
1781 1655 1930 1711 Ideo-

340 1761 444 1815 que
467 1745 688 1799 .Ioannis
713 1745 852 1798 dicta
885 1746 1216 1809 memoravit,
1243 1761 1335 1813 per
1363 1746 1546 1800 eadem
1576 1748 1683 1815 ipsa
1717 1748 1926 1800 nomina

343 1837 658 1906 supplicium
691 1837 794 1889 illis
819 1835 1145 1890 describens.
1175 1835 1306 1889 Nam
1338 1845 1387 1890 et
1418 1837 1506 1890 ille
1544 1836 1656 1890 bzee
1683 1837 1889 1891 dicebat
1910 1879 1925 1902 ,

344 1929 570 1983 securim
594 1970 610 1995 ,
639 1928 884 1982 arborem
920 1927 1264 1982 excidendam
1297 1936 1350 1980 et
1379 1930 1551 1996 ignem
1583 1929 1928 1995 ineXstingui-

343 2018 504 2073 bilem
544 2018 646 2072 illis
679 2033 1105 2073 commemorans
1133 2015 1346 2089 (Matth.
1376 2019 1427 2072 5.
1462 2018 1572 2087 lO).
1605 2018 1928 2087 Videturque

343 2126 446 2163 una
489 2121 686 2163 tantum
727 2124 881 2178 pmna
923 2125 1076 2175 esse,
1107 2125 1297 2178 nempe
1338 2109 1674 2174 combustio;
1709 2112 1753 2164 si
1801 2126 1928 2164 vero

341 2200 462 2269 quis
513 2205 625 2254 haec
667 2211 912 2255 accurate
941 2201 1217 2270 exploret,
1245 2200 1438 2269 duplex
1483 2201 1568 2254 hic
1611 2201 1926 2271 supplicium

340 2300 444 2345 est.
467 2291 598 2345 Nam
625 2293 712 2361 qui
738 2285 1084 2355 comburitur,
1103 2306 1133 2344 a
1156 2307 1317 2360 regno
1340 2291 1534 2346 excidit
1555 2293 1792 2355 omnino;
1817 2293 1929 2346 ha:c

342 2397 471 2436 vero
499 2398 652 2452 ptena
682 2383 852 2450 major
879 2393 978 2436 est.
1006 2383 1135 2436 Novi
1176 2392 1322 2438 certe
1358 2385 1552 2438 multos
1575 2400 1641 2438 ex
1670 2384 1929 2454 gebenna:

343 2483 546 2528 tantum
578 2475 789 2528 nomine
820 2474 1078 2539 horrere;
1105 2490 1202 2544 ego
1235 2485 1407 2528 tamen
1439 2476 1605 2529 multo
1631 2475 1930 2545 graviorem

342 2582 462 2622 esse
491 2565 699 2636 primam
728 2565 864 2621 duco
885 2581 912 2620 a
939 2567 1102 2636 gloria
1133 2567 1222 2620 illa
1247 2567 1513 2633 excidere,
1543 2584 1700 2637 quam
1731 2568 1933 2638 gehen-

342 2673 464 2712 nam
487 2656 667 2711 subire
685 2657 725 2712 '.
747 2655 801 2711 Si
827 2671 950 2712 vero
973 2657 1023 2710 id
1047 2671 1149 2710 non
1171 2660 1340 2728 possit
1359 2673 1605 2712 sermone
1624 2659 1932 2724 monstrari,

343 2749 470 2804 nihil
513 2752 724 2803 mirum.
752 2749 936 2820 Neque
971 2751 1113 2804 enim
1147 2752 1387 2804 novimus
1420 2751 1679 2804 bonorum
1721 2751 1930 2804 illorum

343 2841 746 2907 beatitudinem,
770 2854 826 2896 ut
848 2842 1065 2912 perdita:
1083 2842 1247 2912 ipsius
1274 2843 1540 2896 miseriam
1569 2843 1929 2896 aestimemus:

343 2934 605 3002 siquidem
638 2933 832 2987 Paulus
864 2975 880 2999 ,
904 2949 991 3002 qui
1018 2933 1132 2986 bmc
1163 2932 1326 3001 probe
1349 2941 1588 3000 noverat,
1613 2933 1813 2987 sciebat
1842 2950 1935 2987 ex-

343 3025 522 3078 cidere
548 3039 578 3078 e
605 3023 772 3094 gratia
800 3022 998 3078 Christi
1022 3038 1132 3078 rem
1153 3036 1273 3077 esse
1299 3023 1536 3076 omnium
1562 3024 1930 3092 gravissimam

345 3113 488 3180 (Gal.
521 3115 574 3170 5.
608 3116 685 3185 4).
719 3115 784 3169 Et
812 3115 911 3168 hoc
940 3129 1038 3168 nos
1067 3128 1278 3183 quoque
1321 3113 1586 3180 sciemus,
1616 3129 1738 3168 cum
1766 3115 1818 3167 in
1851 3115 1927 3168 rei

343 3209 767 3277 experimentum
799 3207 1160 3262 ineiderimns.

419 3302 452 3355 8
495 3299 749 3366 Quantum
779 3301 842 3354 sit
875 3300 1062 3352 malum
1093 3299 1320 3352 excidere
1344 3315 1376 3352 α
1401 3315 1554 3369 regno
1584 3297 1679 3352 Dei
1703 3298 1933 3366 exemplo

344 3393 692 3446 adumbratnr.
717 3389 940 3444 Christus
970 3390 1112 3444 nobis
1149 3391 1318 3442 omnia
1353 3399 1442 3443 est.
1471 3419 1541 3428 —
1566 3387 1671 3443 Sed
1708 3389 1840 3442 faxis
1868 3403 1934 3443 ne

347 3487 447 3541 hoc
478 3486 759 3556 patiamur,
782 3501 816 3538 o
841 3483 1110 3554 unigenite
1138 3483 1234 3538 Dei
1265 3483 1386 3545 Fili,
1411 3497 1586 3552 neque
1616 3481 1932 3536 intolerandi

347 3579 500 3633 istius
563 3577 804 3647 supplicii
862 3591 1112 3646 umquam
1163 3577 1587 3646 experimentum
1640 3589 1931 3629 sumamus.

345 3672 614 3737 Quantum
636 3669 778 3724 enim
805 3669 874 3723 sit
902 3668 1098 3722 malum
1126 3682 1155 3720 a
1181 3667 1336 3722 bonis
1365 3667 1470 3722 illis
1497 3666 1766 3732 excidere,
1790 3666 1935 3720 clare

345 3761 592 3830 cegnosci
616 3760 815 3830 nequit.
841 3761 1085 3814 Attamen
1105 3773 1202 3829 pro
1223 3758 1358 3812 virili
1382 3773 1498 3814 mea
1522 3757 1757 3812 conabor
1775 3766 1935 3826 atque

343 3851 683 3917 contendam,
704 3850 804 3906 hoc
823 3850 974 3905 vobis
997 3865 1091 3920 per
1116 3851 1419 3921 exemplmn
1449 3851 1640 3905 saltem
1671 3849 1931 3903 tantillum

346 3953 664 3998 monstrare.
695 3943 1068 4013 Supponamus
1093 3956 1212 3998 esse
1238 3943 1472 4012 puellum
1497 3943 1813 4006 mirabilem,
1844 3943 1933 4011 qui

344 4037 542 4091 virtute
568 4035 764 4090 florens
801 4034 960 4089 totius
985 4034 1144 4089 etiam
1175 4035 1320 4089 orbis
1348 4035 1628 4103 imperium
1655 4034 1931 4098 obtineat,

348 4138 595 4199 tantaque
623 4128 816 4182 virtute
838 4126 1138 4196 praeditum,
1164 4135 1220 4180 ut
1241 4126 1408 4196 possit
1431 4127 1669 4180 omnium
1689 4125 1933 4180 affectum

347 4221 400 4274 in
428 4234 486 4274 se
513 4221 582 4274 ita
607 4234 947 4274 commovere
969 4259 984 4282 ,
1018 4227 1074 4272 ut
1102 4217 1338 4272 universi
1374 4217 1525 4270 illum
1556 4227 1776 4287 paterno
1810 4216 1932 4270 dili-

347 4321 475 4382 gant
501 4327 702 4366 amore.
738 4310 873 4378 Quid
907 4326 1013 4365 non
1045 4311 1240 4380 putatis
1267 4321 1472 4380 patrem
1496 4309 1613 4379 ejus
1654 4323 1933 4378 passurum

347 4420 486 4469 esse,
521 4419 587 4458 ne
613 4403 732 4457 talis
759 4402 850 4457 lilii
882 4403 1117 4471 privetur
1135 4401 1576 4471 colloquiotquid
1602 4409 1692 4454 aut
1718 4415 1935 4470 parvmn

349 4505 438 4550 aut
466 4511 714 4564 magnum
749 4496 868 4548 mali
900 4509 1002 4548 non
1034 4503 1402 4563 suscepturmn
1424 4534 1440 4558 ,
1470 4503 1525 4546 ut
1551 4492 1697 4562 illum
1725 4491 1932 4554 videat,

351 4590 548 4658 illoque
579 4588 922 4657 perfruatur?
943 4587 1055 4642 Hoc
1083 4587 1241 4657 igitur
1260 4595 1314 4642 ct
1339 4585 1406 4640 de
1430 4585 1598 4652 gloria
1623 4586 1710 4639 illa
1738 4585 1932 4654 cogite-

351 4696 490 4735 mus.
516 4680 694 4750 Neque
723 4679 864 4733 enim
895 4677 1033 4733 filius
1057 4677 1386 4748 quantalibet
1413 4678 1608 4731 virtute
1632 4675 1934 4741 decoretur,

352 4773 423 4826 ita
449 4773 584 4842 patri
613 4770 984 4826 desiderabilis
1008 4781 1063 4826 et
1086 4769 1328 4824 amabilis
1353 4777 1456 4832 est,
1481 4780 1538 4822 ut
1564 4777 1762 4822 sortem
1796 4768 1936 4820 illam

353 4867 614 4918 bonorum
660 4863 904 4933 accipere
927 4903 942 4927 ,
970 4876 1034 4916 ac
1073 4860 1302 4923 resolvi,
1337 4869 1535 4914 etesse
1562 4875 1682 4911 etnn
1725 4857 1939 4910 Christo

351 4955 611 5026 (Philipp.
634 4957 686 5012 I.
707 4954 826 5024 25).
851 4951 1205 5012 Intolerabilis
1229 4952 1424 5020 quippe
1448 4960 1533 5003 est
1559 4949 1642 5002 illa
1671 4947 1936 5018 gehenna,

352 5053 550 5123 illaque
576 5064 750 5119 paena.
777 5049 1024 5101 Attamen
1056 5044 1180 5098 licet
1204 5043 1348 5098 mille
1371 5043 1489 5112 quis
1517 5041 1788 5110 gehennas
1815 5056 1940 5107 pro-

353 5143 587 5214 posuerit
614 5182 630 5206 ,
662 5141 787 5193 nihil
823 5139 924 5192 tale
951 5136 1190 5191 dicturus
1218 5143 1334 5199 est,
1361 5134 1518 5201 quale
1555 5141 1640 5188 est
1674 5146 1741 5186 ex
1785 5130 1938 5184 beata

355 5241 440 5295 illa
468 5237 715 5293 excidere
753 5233 918 5303 gloria
944 5272 958 5294 ,
993 5229 1206 5284 Christo
1229 5242 1449 5282 exosum
1476 5239 1595 5281 esse
1618 5267 1634 5287 ,
1665 5223 1850 5277 audire
1874 5224 1940 5275 ab

357 5331 450 5384 illo
477 5370 493 5394 ,
526 5327 648 5382 Non
692 5327 805 5379 novi
843 5339 929 5376 vos
969 5320 1179 5393 (Matth.
1209 5319 1300 5374 25.
1345 5318 1455 5388 12),
1492 5316 1728 5370 accusari
1752 5356 1766 5380 ,
1797 5315 1938 5382 quod

355 5424 678 5478 esurientem
704 5418 850 5472 illum
873 5431 994 5470 cum
1017 5413 1338 5475 videremus,
1355 5411 1530 5464 cibum
1549 5405 1937 5478 negaverimus.

361 5513 569 5568 Etenim
599 5508 790 5563 melius
817 5514 897 5561 est
927 5505 1069 5559 mille
1096 5500 1400 5556 fulminibus
1427 5497 1601 5561 obrui,
1635 5511 1791 5566 quam
1823 5496 1941 5548 vul-

359 5613 470 5658 tum
501 5603 649 5656 illum
677 5606 1011 5652 mansuetum
1038 5591 1218 5647 videre
1243 5606 1339 5645 nos
1365 5597 1724 5652 aversantem,
1751 5597 1805 5641 et
1831 5585 1941 5654 pla-

419 5759 438 5791 ⁸
476 5757 557 5806 uir
581 5756 716 5804 locus
732 5755 803 5802 sic
827 5752 1006 5815 legitur
1032 5746 1399 5815 iii__ttorel._,_eqo
1419 5750 1573 5795 tamen
1605 5741 1938 5808 gravissimam

359 5832 458 5873 me
476 5831 666 5883 poenam
687 5817 812 5866 duco
834 5829 863 5864 a
880 5808 1033 5878 gloria
1058 5812 1141 5862 illa
1163 5808 1410 5861 excidere.

1275 351 1340 406 IN
1380 350 1785 406 MA'I‘TIIA‘LUM
1828 345 2056 403 ΙΙΟΜΙΙ..
2101 351 2287 407 XXIII.
2327 359 2395 416 al.
2438 361 2624 418 XXIV.

3509 377 3610 430 πικ

2033 469 2209 526 cidum
2242 475 2455 530 oculum
2486 494 2582 532 nos
2611 482 2848 552 aspicere
2877 500 2980 539 non
3010 489 3380 544 sustinentem.
3409 489 3538 544 Nam
3567 493 3608 544 si

2035 578 2120 618 me
2147 565 2232 618 ille
2262 565 2532 622 inimicum
2560 587 2619 625 se
2648 573 2772 626 odio
2799 575 3077 630 habentem
3106 589 3160 633 et
3183 590 3513 635 aversantem
3544 582 3610 633 ita

2040 662 2362 721 prosecutus
2377 662 2480 720 est,
2503 663 2558 708 ut
2578 671 2674 710 nec
2697 657 2797 711 sibi
2818 657 2917 728 ipsi
2934 672 3201 724 oarceret,
3221 664 3383 717 sedse
3396 665 3460 719 ad
3476 681 3618 718 mor-

2039 753 2143 798 tem
2161 746 2416 809 traderet;
2433 762 2556 799 cmn
2571 757 2692 813 post
2710 749 2799 802 illa
2815 753 2995 806 omnia
3011 768 3109 806 nec
3119 755 3376 808 esurienti
3394 757 3611 826 quidem

2032 848 2222 902 panem
2253 837 2525 906 porrigere
2551 837 2797 906 dignatus
2826 840 2994 907 fuero,
3027 844 3221 912 quibus
3249 844 3461 899 demum
3491 863 3616 900 oeu-

2035 925 2098 978 lis
2147 925 2314 994 ipsum
2365 929 2685 996 respiciam?
2716 930 2808 984 llic
2837 947 2967 985 vero
3013 934 3279 1003 perpende
3317 935 3432 1003 ejus
3463 953 3614 989 Inan-

2031 1016 2385 1070 suetudinem.
2416 1017 2595 1088 Neque
2621 1021 2762 1074 enim
2792 1020 3044 1076 benelicia
3087 1040 3180 1078 sua
3209 1035 3614 1090 commemorat,

2034 1125 2203 1178 neque
2237 1123 2306 1174 te,
2337 1112 2420 1164 cui
2452 1121 2526 1165 tot
2557 1113 2693 1166 bona
2725 1117 2970 1175 contulit,
3005 1117 3148 1169 illum
3181 1117 3455 1185 deSpicere
3485 1135 3617 1188 qne-

2033 1201 2184 1252 ritur.
2215 1200 2397 1270 Neque
2424 1205 2562 1254 enim
2594 1203 2756 1257 dicit:
2784 1204 2933 1259 Mene
2959 1206 3206 1275 despicis,
3237 1210 3323 1278 qui
3361 1219 3411 1263 le
3441 1226 3504 1263 ex
3536 1211 3618 1262 ni-

2035 1292 2144 1344 hilo
2172 1294 2414 1361 produxi,
2443 1297 2531 1364 qui
2561 1296 2650 1349 tibi
2678 1297 2906 1349 animam
2937 1300 3216 1363 insttlllavi,
3251 1302 3338 1369 qui
3375 1316 3424 1357 te
3443 1305 3615 1356 omni-

2031 1383 2146 1445 bus,
2177 1400 2294 1453 quas
2318 1385 2367 1437 in
2399 1395 2536 1439 terra
2563 1395 2704 1450 sunt,
2727 1387 2959 1456 perfeci,
2983 1391 3068 1460 qui
3094 1402 3307 1460 propter
3335 1403 3385 1446 te
3407 1395 3617 1458 caelum,

2035 1483 2229 1528 terrain
2251 1515 2266 1540 ,
2297 1492 2473 1538 mare,
2507 1492 2719 1543 aerem,
2751 1489 2804 1531 ct
2833 1481 3008 1532 omnia
3035 1498 3152 1548 qua:
3183 1484 3446 1537 exsistunt
3477 1484 3574 1537 feci
3604 1527 3617 1549 ,

2033 1565 2122 1634 qui
2153 1582 2180 1618 a
2212 1575 2261 1618 te
2291 1565 2639 1620 inlionoralus
2683 1585 2796 1620 sum
2844 1579 2895 1623 et
2933 1570 3140 1623 diabolo
3171 1573 3324 1627 vilior
3349 1575 3620 1627 existima-

2037 1663 2122 1707 tus
2143 1696 2157 1718 ,
2191 1655 2276 1724 qui
2309 1671 2479 1724 neque
2509 1657 2586 1710 sic
2614 1656 2825 1723 destiti,
2855 1661 2946 1713 sed
2977 1661 3137 1713 millia
3168 1672 3289 1730 post
3329 1665 3441 1717 ba'c
3470 1665 3518 1718 in
3549 1667 3620 1718 tui

2031 1745 2253 1813 gratiam
2285 1748 2575 1816 excogitavi
2603 1791 2618 1810 ,
2651 1751 2738 1816 qui
2772 1765 2961 1803 servus
2988 1766 3107 1804 esse
3133 1754 3272 1806 volui
3297 1796 3310 1818 ,
3341 1756 3428 1822 qui
3455 1757 3623 1824 alapis

2033 1850 2224 1900 caesus,
2252 1846 2540 1905 eonsputus
2567 1848 2617 1892 et
2643 1842 2850 1892 occisus
2872 1855 3010 1905 smn,
3038 1853 3264 1896 mortem
3295 1861 3480 1914 passus
3511 1856 3621 1899 tur-

2034 1926 2303 1995 pissimam
2330 1928 2458 1994 ,qui
2502 1929 2660 1982 etiam
2705 1931 2758 1983 in
2803 1931 2934 1985 ca-lo
2983 1947 3077 2000 pro
3127 1942 3177 1987 te
3227 1937 3505 2004 supplico,
3534 1939 3622 2006 qui

2033 2015 2290 2083 Spiritum
2319 2017 2410 2070 tibi
2439 2018 2656 2087 largitus
2682 2033 2820 2086 sum,
2847 2021 2934 2090 qui
2962 2031 3009 2076 te
3034 2039 3196 2092 rcgno
3215 2024 3458 2094 dignatus
3481 2043 3620 2090 sum,

2032 2105 2119 2173 qui
2153 2105 2272 2158 talia
2304 2107 2520 2176 promisi
2552 2109 2682 2174 tibi,
2711 2111 2800 2180 qui
2828 2123 2984 2180 caput
3017 2122 3159 2166 tuum
3191 2130 3311 2169 esse
3346 2117 3504 2184 volui,
3533 2122 3623 2186 qui

2035 2210 2264 2264 sponsus
2294 2213 2433 2263 sum,
2465 2199 2644 2264 vestis,
2678 2201 2885 2266 domus,
2917 2204 3064 2257 radix
3090 2247 3104 2270 ,
3138 2221 3257 2260 esca
3280 2248 3294 2270 ,
3323 2217 3498 2278 potus.
3530 2227 3625 2279 pa-

2034 2298 2165 2350 stor,
2197 2305 2308 2355 rex,
2333 2289 2514 2356 frater,
2539 2294 2625 2361 qui
2648 2301 2700 2347 te
2727 2291 2976 2348 heredem
2998 2306 3049 2348 et
3077 2295 3396 2353 coheredem
3423 2302 3437 2331 ¹
3462 2302 3622 2371 elegi,

2034 2379 2124 2447 qui
2165 2396 2228 2433 ex
2277 2382 2508 2435 tenebris
2547 2384 2612 2436 ad
2644 2393 2958 2452 potestatem
2981 2388 3001 2417 ¹
3033 2387 3162 2441 lucis
3206 2398 3256 2441 te
3282 2391 3459 2443 eduxi.
3490 2392 3623 2446 Cmn

2036 2470 2150 2524 haec
2181 2481 2234 2526 et
2275 2472 2354 2526 bis
2382 2473 2529 2542 plura
2558 2473 2738 2530 dicere
2767 2487 2985 2546 posset,
3019 2478 3148 2532 nihil
3179 2479 3281 2533 tale
3334 2481 3487 2536 dixit.
3519 2482 3623 2536 Sed

2036 2561 2201 2631 quid?
2228 2563 2410 2617 Solum
2442 2565 2569 2619 illud
2601 2567 2818 2634 protulit
2849 2579 3140 2637 peccatum.
3177 2571 3273 2626 llic
3311 2587 3439 2626 vero
3486 2573 3624 2628 dile-

2037 2652 2265 2704 ctionem
2298 2653 2528 2707 ostendit
2557 2666 2609 2708 et
2632 2669 2890 2722 amorem,
2923 2673 3028 2726 quo
3055 2667 3105 2712 te
3131 2661 3487 2730 prosequitur.
3517 2663 3622 2716 Ne-

2037 2756 2141 2808 que
2173 2743 2316 2794 enim
2345 2741 2496 2807 dixit,
2523 2743 2596 2797 Ite
2623 2743 2672 2796 in
2705 2745 2878 2814 ignem
2911 2756 3150 2814 paratum
3179 2749 3346 2812 Vobis,
3370 2750 3485 2816 sed,
3521 2751 3624 2804 Pa-

2037 2842 2201 2886 ratum
2222 2834 2441 2888 diabolo.
2471 2836 2729 2907 Priusque
2748 2837 2876 2892 dicit
2896 2855 3138 2908 qumnam
3162 2841 3234 2894 illi
3263 2847 3624 2910 peccaverint,
3662 2867 3675 2887 ι

2040 2943 2211 2996 neque
2259 2936 2434 2982 tamen
2471 2931 2648 2983 omnia
2688 2930 2867 2985 dicere
2909 2933 3172 2999 sustinet,
3202 2933 3295 2987 sed
3341 2950 3528 3004 pain-a.
3561 2936 3628 2990 Et

2036 3026 2160 3072 ante
2188 3018 2286 3073 hos
2317 3019 2433 3073 illos
2458 3032 2608 3075 vocat
2632 3022 2720 3091 qui
2751 3022 2889 3076 bona
2917 3021 3175 3089 fecerunt,
3206 3033 3263 3078 ut
3290 3024 3416 3081 hinc
3441 3037 3626 3082 osten-

2037 3111 2188 3167 deret
2217 3127 2276 3166 se
2319 3122 2462 3167 recte
2490 3127 2757 3168 accuSare.
2787 3114 2995 3180 Quanto
3038 3131 3165 3186 ergo
3212 3119 3472 3188 supplicio
3513 3119 3628 3175 haec

2035 3201 2195 3256 verba
2242 3217 2346 3256 non
2393 3204 2498 3258 sint
2539 3205 2887 3262 sa:viora?Si
2931 3208 3049 3277 quis
3093 3209 3234 3262 enim
3284 3211 3553 3266 hominem
3595 3230 3624 3268 ει

2037 3310 2143 3365 quo
2181 3293 2440 3349 beneficio
2470 3296 2688 3350 allectus
2716 3297 2786 3351 sit
2810 3300 3132 3353 esurientem
3156 3301 3337 3355 videns
3361 3344 3376 3367 ,
3402 3319 3506 3355 non
3532 3302 3628 3356 de-

2038 3387 2256 3455 spiciat;
2287 3388 2429 3457 qttod
2475 3389 2519 3442 si
2559 3389 2849 3458 chpiciat,
2883 3393 3234 3460 exprobratus
3265 3395 3438 3462 potius
3467 3393 3630 3462 eligat

2039 3477 2092 3530 in
2122 3487 2315 3531 terram
2339 3478 2540 3544 defodi,
2571 3495 2728 3548 quam
2760 3480 2968 3536 duobus
2996 3483 3077 3536 vel
3111 3484 3279 3538 tribus
3313 3485 3500 3538 amicis
3542 3494 3624 3540 te-

2039 3569 2207 3624 stilms
2231 3571 2350 3624 talia
2373 3571 2556 3626 audire
2585 3590 2596 3625 :
2630 3573 2752 3642 quid
2781 3588 2879 3627 nos
2910 3575 3171 3643 patiemur
3200 3586 3308 3628 toto
3339 3577 3467 3630 orbe
3494 3587 3630 3630 teste

2041 3663 2160 3717 talia
2192 3664 2490 3731 audientes,
2521 3681 2638 3735 qua:
2669 3681 2735 3720 ne
2766 3666 2977 3736 quidem
3007 3675 3130 3722 tunc
3157 3668 3246 3724 ille
3273 3668 3494 3733 diceret,
3521 3671 3624 3724 nisi

2037 3770 2252 3809 causam
2298 3756 2410 3825 ipse
2447 3771 2595 3810 suam
2626 3756 2916 3814 defendere
2946 3760 3144 3815 vellet?
3171 3759 3320 3828 Quod
3353 3762 3493 3816 enim
3522 3779 3627 3816 nun

2039 3849 2370 3918 exprobrans
2406 3848 2458 3902 id
2489 3850 2578 3904 ille
2600 3849 2776 3916 dicat,
2803 3851 2896 3906 sed
2926 3867 3047 3907 sese
3077 3868 3334 3923 purgans,
3367 3863 3422 3906 et
3455 3863 3509 3906 ut
3537 3869 3626 3904 os-

2041 3939 2220 3994 tendat
2263 3955 2322 3994 se
2361 3956 2466 3994 non
2512 3939 2705 3996 frustra
2731 3942 2837 3996 'vel
2876 3943 2992 3998 sine
3037 3958 3195 3998 causa
3241 3944 3449 4006 dicere,
3501 3943 3626 3996 Dis-

2039 4033 2200 4087 cedite
2243 4050 2275 4086 a
2307 4049 2404 4097 me,
2435 4033 2604 4102 palam
2637 4044 2719 4087 est
2759 4049 2824 4087 ex
2852 4034 2968 4103 ejus
2997 4035 3296 4104 ingentibus
3328 4035 3623 4089 beneficiis.

2041 4125 2169 4179 Nam
2201 4126 2244 4180 si
2273 4125 2598 4194 exprobrare
2630 4124 2886 4179 voluisset
2909 4167 2924 4190 ,
2959 4125 3048 4178 illa
3092 4125 3264 4180 omnia
3296 4125 3346 4179 in
3393 4126 3623 4180 medium

2040 4217 2347 4272 adduxisset
2377 4235 2390 4271 :
2418 4231 2559 4272 nunc
2591 4225 2770 4271 autem
2808 4231 2869 4271 ea
2898 4217 3070 4271 solum
3111 4215 3238 4271 dicit
3277 4233 3396 4287 qua:
3440 4231 3630 4287 passus

2039 4320 2142 4366 est.

2113 4402 2166 4458 9.
2193 4401 2500 4457 Timeamus
2545 4401 2724 4472 itaque
2747 4443 2764 4470 ,
2794 4401 3015 4468 dilecti,
3043 4401 3159 4457 luec
3210 4402 3396 4458 audire
3447 4403 3628 4457 verba.

2040 4492 2157 4548 Non
2193 4501 2276 4549 est
2302 4494 2450 4548 lusus
2493 4492 2608 4546 bzec
2637 4493 2782 4557 vita;
2816 4493 2923 4548 imo
2950 4494 3124 4563 potius
3169 4491 3283 4548 haec
3328 4493 3436 4548 vita
3484 4493 3634 4548 lusus

2041 4595 2144 4650 est,
2164 4585 2336 4640 futura
2357 4601 2486 4641 vero
2511 4602 2616 4640 non
2645 4585 2791 4640 lusus
2818 4594 2960 4640 sunt.
2984 4585 3143 4640 Forte
3159 4594 3334 4640 autem
3356 4601 3460 4640 non
3487 4585 3634 4639 lusus

2044 4689 2250 4735 tantum
2276 4689 2360 4736 est
2389 4680 2526 4744 vita,
2556 4679 2649 4733 sed
2678 4679 2792 4732 lusu
2819 4679 3073 4733 deterior.
3101 4676 3216 4731 Non
3248 4679 3391 4732 enim
3435 4677 3636 4732 desinit

2045 4776 2097 4827 in
2124 4773 2324 4838 risum,
2355 4771 2447 4826 sed
2491 4785 2739 4839 magnum
2784 4768 2944 4823 infert
2985 4768 3235 4822 damnum
3266 4768 3330 4822 iis
3355 4810 3370 4836 ,
3401 4768 3490 4837 qui
3524 4783 3630 4822 non

2043 4858 2326 4927 diligenter
2347 4869 2522 4908 mores
2538 4868 2663 4906 suos
2684 4866 3006 4921 componere
3029 4853 3230 4906 volunt.
3263 4852 3316 4906 In
3338 4868 3446 4922 quo
3466 4851 3632 4916 enim,

2044 4964 2227 5019 quaeso
2252 4987 2265 5010 ,
2293 4962 2324 5001 a
2372 4945 2552 5016 pueris
2592 4943 2898 4999 ludentibus
2928 4953 2983 4998 et
3011 4942 3200 4998 dumos
3245 4943 3634 4998 aedificantibus

2043 5038 2339 5093 differimus
2363 5078 2378 5103 ,
2405 5036 2497 5106 qui
2549 5033 2852 5104 splendidas
2899 5035 3258 5090 construimus
3295 5033 3489 5089 {edes-7
3517 5049 3636 5104 qua:

2044 5132 2340 5187 differentia
2377 5131 2514 5184 inter
2559 5130 2680 5183 illos
2709 5128 3028 5198 prandentes
3064 5138 3117 5182 et
3147 5141 3246 5184 nos
3285 5129 3424 5182 laute
3456 5126 3638 5181 eonvi-

2043 5226 2271 5280 vantes?
2299 5223 2488 5289 Nulla,
2528 5223 2628 5276 nisi
2676 5223 2726 5275 in
2769 5231 3022 5291 quantum
3069 5234 3168 5274 nos
3213 5219 3472 5289 supplicio
3516 5216 3633 5285 ple-

2046 5318 2222 5374 ctendi
2262 5316 2315 5371 id
2355 5317 2594 5370 facimus.
2620 5314 2771 5384 Quod
2813 5314 2857 5368 si
2901 5313 3134 5368 nondum
3177 5311 3428 5365 harumce
3455 5322 3634 5361 rerum

2047 5410 2302 5465 vilitatem
2349 5407 2700 5477 perSpicimus
2724 5447 2738 5472 ,
2768 5421 2871 5460 non
2917 5413 3001 5461 est
3033 5401 3330 5458 mirandum
3355 5415 3370 5464 ;
3400 5396 3634 5452 nondum

2113 5677 2128 5704 ι
2166 5680 2274 5722 Haec
2297 5672 2462 5726 verba,
2487 5676 2532 5718 et
2553 5667 2852 5723 coheredem,
2877 5662 3056 5711 desunt
3079 5660 3126 5708 in
3147 5653 3334 5716 Itorel.,
3351 5651 3440 5705 sed
3462 5649 3632 5702 inaliis

2050 5737 2274 5799 munibus
2293 5734 2550 5799 habentur.
2639 5791 2650 5799 .
2810 5785 2822 5799 _
2892 5783 2901 5799 ,

2116 5778 2784 5860 imi—tm,viiiparticipationem
2806 5783 2947 5844 lucis;
2968 5796 3062 5832 non
3087 5778 3233 5830 male.
