4050 6220
441 333 546 388 519

437 445 583 499 enim
615 444 680 498 ad
709 445 943 498 virorum
972 439 1329 496 maturitatem
1371 436 1716 508 perveninms
1743 450 1759 487 :
1788 448 1908 490 cum
1934 448 2028 487 au-

445 551 548 592 tem
585 537 1016 607 pervenerimus,
1049 530 1407 600 intelligemus
1437 531 1552 584 haec
1581 528 1754 581 tuttnia
1804 526 2027 596 puerilia

441 647 582 687 esse.
613 630 743 685 Nam
773 640 826 683 et
851 629 935 682 illa
973 624 1186 696 quando
1211 626 1308 678 viri
1353 637 1537 677 sumus
1575 619 1882 684 irridcmus,
1909 633 2029 688 qua:

441 739 561 777 eum
612 721 761 790 pueri
812 734 1053 773 essemus
1106 717 1424 788 putabamus
1474 711 1697 781 alienijus
1744 726 1863 764 esse
1916 724 2030 763 mo-

441 815 606 871 menti
633 831 646 868 :
679 822 840 866 testas
866 820 920 863 et
947 812 1112 862 lutmn
1142 816 1457 877 aggerentes
1482 848 1496 870 ,
1527 821 1633 858 non
1663 803 1838 856 minus
1862 801 2025 855 altum

441 906 816 974 sapiebamus,
847 920 1002 972 quam
1048 902 1081 955 ii
1126 902 1213 970 qtti
1256 914 1442 966 magna
1494 905 1641 964 septa
1691 901 2025 949 construunt.

443 996 636 1051 Verum
671 995 785 1049 haec
811 994 989 1048 statim
1020 999 1245 1063 pereunt
1271 999 1325 1043 et
1365 988 1563 1043 cadum
1583 1029 1597 1050 ,
1628 1001 1799 1055 neque
1826 985 1869 1037 si
1914 994 2027 1037 sla—

442 1097 558 1141 t‘cnt
586 1128 601 1150 ,
632 1085 782 1138 nobis
812 1084 961 1137 utilia
991 1090 1170 1136 essent
1194 1121 1209 1143 ,
1239 1077 1687 1148 quemadmodum
1718 1089 1888 1142 neque
1926 1073 2029 1126 illa:

441 1177 587 1231 aedes
624 1175 934 1245 splendid-.e.
975 1172 1106 1226 Nam
1164 1173 1267 1224 illae
1310 1170 1426 1224 οωἰί
1474 1170 1644 1223 civem
1686 1181 1876 1235 capere
1923 1181 2026 1217 non

442 1278 681 1338 possent.
715 1281 886 1335 neque
911 1266 961 1319 in
995 1264 1098 1317 illis
1128 1263 1369 1316 habitare
1391 1261 1697 1328 dignaretur
1721 1257 1807 1328 qui
1837 1272 2027 1325 super-

442 1375 565 1412 nam
594 1357 799 1411 obtinet
830 1355 1090 1425 patriam:
1116 1369 1299 1407 verum
1342 1361 1397 1405 ut
1430 1367 1524 1403 nos
1551 1349 1775 1418 pedibus
1807 1348 2026 1416 puerilia

443 1448 528 1502 illa
554 1448 898 1512 destruimus,
917 1445 1101 1499 sicille
1130 1445 1309 1498 animo
1328 1443 1457 1496 tales
1483 1441 1623 1494 mdes
1653 1441 1929 1494 subvertit.
1962 1438 2029 1491 Et

442 1538 888 1609 quemadmodum
920 1551 1045 1601 nos,
1077 1535 1203 1588 dum
1236 1534 1380 1603 pueri
1404 1534 1470 1586 de
1501 1533 1649 1586 ruina
1683 1531 1925 1601 plorant,
1959 1529 2031 1583 ri-

442 1631 629 1684 demus
654 1647 668 1683 :
690 1629 766 1683 sic
785 1636 841 1682 et
859 1627 968 1692 isti,
997 1625 1149 1679 nobis
1172 1625 1239 1679 de
1264 1624 1610 1678 subversione
1638 1620 1983 1676 maerentibus
2008 1660 2025 1685 ,

445 1738 546 1776 non
571 1722 728 1775 modo
746 1737 847 1774 non
869 1720 1063 1782 rident,
1091 1717 1184 1773 sed
1206 1719 1364 1772 etiam
1392 1716 1598 1786 plorant
1623 1731 1636 1769 ε
1660 1714 1909 1786 quoniam
1937 1730 2031 1768 eo-

446 1830 561 1868 rum
590 1814 789 1867 viscera
811 1811 1275 1866 eummiserationc
1305 1810 1457 1877 plena
1485 1818 1629 1872 sunt,
1657 1822 1721 1861 ac
1747 1807 1867 1876 quia
1894 1804 2031 1860 mul-

445 1914 556 1956 tum
590 1903 742 1955 nobis
772 1901 892 1955 inde
920 1902 1088 1955 oritur
1111 1900 1510 1954 detrimentum.
1541 1898 1717 1952 Simus
1747 1913 1873 1965 ergo
1905 1896 2023 1951 viri.

445 1991 729 2061 Usquean
757 1990 900 2043 lmmi
941 2004 1223 2061 serpemus
1247 2030 1262 2052 ,
1295 1990 1349 2041 in
1376 1987 1637 2055 lapidibus
1662 1995 1714 2040 et
1759 1985 1913 2055 lignis
1953 1984 2030 2037 al-

445 2091 553 2134 tum
585 2080 887 2148 sapientes?
916 2095 1190 2149 uSqueqno
1220 2078 1458 2133 ludenms
1478 2077 1502 2130 ?
1524 2080 1694 2147 Atque
1721 2076 1916 2130 nlinant
1940 2092 2027 2129 so-

446 2171 551 2224 lum
581 2171 883 2224 luderemus
910 2189 923 2225 :
948 2186 1086 2225 nunc
1114 2179 1291 2225 autem
1322 2179 1557 2223 nostram
1590 2169 1863 2238 prodimus
1888 2168 2031 2220 salu-

448 2274 551 2316 tent
579 2280 594 2327 ;
631 2278 693 2316 ac
720 2261 1164 2332 quemadmodum
1197 2262 1375 2330 pueri,
1400 2276 1519 2314 cum
1562 2259 1816 2328 neglectis
1862 2258 2030 2311 literis

444 2358 496 2410 itt
529 2357 610 2409 bis
640 2355 776 2410 ludis
805 2356 971 2409 otium
996 2362 1349 2417 consumunt,
1378 2350 1677 2405 durissimis
1719 2349 2030 2404 verberibus

444 2449 719 2518 subjacent
739 2465 752 2501 :
775 2448 854 2502 sic
878 2455 932 2501 et
953 2435 1050 2499 tios
1076 2445 1163 2514 qui
1196 2445 1246 2497 in
1280 2443 1359 2497 his
1386 2451 1551 2496 totum
1576 2440 1810 2495 studium
1837 2455 2030 2493 consu-

445 2542 673 2602 mimus,
704 2555 825 2593 cum
865 2554 895 2592 a
938 2536 1091 2592 nobis
1119 2536 1517 2606 disciplinarmn
1563 2533 1699 2587 ratio
1737 2547 1831 2602 per
1868 2546 2027 2600 opera

445 2638 687 2703 exigetur
712 2673 727 2694 ,
758 2633 879 2702 quia
926 2630 1151 2685 reddere
1198 2645 1302 2682 non
1356 2626 1649 2697 poterimus
1678 2667 1693 2692 ,
1731 2634 2028 2679 extremum

443 2723 652 2778 luemus
677 2722 1011 2792 supplicium.
1035 2721 1309 2789 Nemoque
1329 2720 1429 2774 erit
1457 2718 1543 2788 qni
1570 2718 1793 2780 liberet,
1823 2713 2029 2768 etiamsi

448 2825 594 2885 pater
619 2857 633 2879 ,
656 2814 861 2870 etiamsi
905 2813 1070 2867 frater
1095 2813 1180 2866 vel
1207 2811 1381 2880 quivis
1406 2811 1561 2863 alius.
1588 2808 1690 2863 Sed
1715 2811 1829 2861 hanc
1854 2809 2030 2859 omnia

444 2906 771 2969 abs-edent,
824 2922 978 2974 puum
1031 2914 1208 2957 autem
1263 2918 1329 2956 ex
1377 2902 1481 2955 illis
1535 2910 1683 2970 parta
1721 2908 1917 2952 a-terna
1969 2910 2032 2949 ac

443 3011 699 3071 perpetua
752 2997 1100 3052 tnanebitzid
1157 2994 1295 3064 qttod
1352 2994 1510 3048 etiam
1564 2991 1742 3061 pueris
1793 2988 2028 3054 accidit,

443 3092 510 3147 ob
540 3105 767 3159 quorum
797 3088 1172 3158 negligentiam
1206 3094 1383 3154 patres
1406 3086 1421 3113 ³
1456 3082 1650 3135 ludicra
1678 3081 1771 3133 illa
1809 3078 2030 3149 puerilia

442 3181 508 3235 de
561 3180 736 3235 medio
787 3179 1291 3246 tollunt,ipsosque
1345 3174 1412 3227 ad
1467 3172 1708 3226 assiduas
1767 3172 2031 3241 lacrymas

443 3274 786 3342 cutnpellunt.
820 3270 889 3327 Ut
932 3281 1112 3324 autem
1156 3269 1330 3322 discas
1378 3267 1445 3319 ita
1478 3281 1587 3319 rem
1620 3280 1677 3318 se
1720 3261 2029 3317 baberezid

444 3365 585 3435 quod
637 3362 869 3417 maxime
917 3360 1089 3414 studia
1138 3358 1407 3411 hominum
1468 3370 1729 3424 occupare
1783 3354 2030 3419 videtur,

445 3466 642 3522 nempe
680 3451 910 3515 divitias,
944 3449 996 3503 in
1028 3448 1257 3502 tnedium
1287 3446 1633 3509 adducamus,
1676 3445 1907 3514 ipsisque
1930 3459 2027 3512 op-

444 3558 700 3611 ponamus
719 3555 1105 3613 quamcumque
1121 3540 1350 3594 Volueris
1366 3539 1527 3591 animi
1546 3538 1811 3603 virtutem,
1835 3547 1889 3591 et
1906 3546 2031 3590 tunc

448 3636 676 3690 maxime
704 3650 885 3688 earum
913 3633 1168 3687 vilitatem
1198 3633 1475 3702 agniturns
1505 3646 1583 3686 es.
1612 3630 1878 3684 i‘onamus
1902 3620 2029 3699 ergo

443 3727 579 3780 duos
615 3740 734 3780 esse
766 3725 1047 3788 homines;
1079 3723 1301 3776 necdum
1337 3722 1523 3790 loquar
1554 3722 1620 3776 de
1644 3721 1865 3775 avaritia
1887 3763 1903 3788 ,
1934 3724 2028 3776 sed

443 3819 509 3872 de
534 3818 735 3872 divitiis
758 3818 902 3887 juste
924 3816 1120 3887 partis:
1145 3832 1210 3870 ex
1235 3816 1378 3869 hisce
1407 3814 1614 3868 duobus
1640 3814 1774 3867 alius
1802 3828 2029 3882 congre-

443 3921 530 3981 gct
553 3912 766 3966 divitias
790 3952 806 3975 ,
837 3926 984 3964 mare
1009 3910 1233 3965 navibus
1261 3917 1550 3962 transmect
1574 3949 1588 3971 ,
1623 3916 1816 3961 terram
1844 3907 1984 3961 colat
2009 3948 2023 3971 ,

444 4004 743 4072 multosque
772 4002 906 4057 alios
935 3999 1310 4071 negotiationis
1335 3998 1522 4053 modos
1543 3998 1794 4063 inveniat;
1822 3998 2027 4053 etiamsi

444 4098 675 4149 nesciam
699 4101 879 4147 utrum
910 4090 1025 4145 haec
1054 4090 1258 4145 faciens
1284 4091 1453 4160 pes-sit
1476 4090 1617 4159 juste
1640 4091 1830 4144 lucrari
1858 4105 1872 4152 ;
1902 4099 2030 4144 atta-

444 4202 566 4240 men
622 4198 984 4254 supponamus
1029 4183 1144 4237 haec
1189 4183 1334 4235 lucra
1387 4182 1619 4251 legitima
1669 4197 1788 4235 esse
1822 4198 1835 4234 :
1872 4196 2029 4251 agros

442 4288 603 4341 emat,
632 4292 836 4340 servos,
871 4286 926 4331 et
945 4277 1135 4330 similia
1168 4276 1352 4342 multa,
1382 4276 1633 4345 nullaque
1661 4276 1728 4330 sit
1758 4277 1809 4331 in
1834 4275 1917 4330 his
1946 4293 2029 4331 re-

446 4370 549 4424 bus
579 4366 831 4438 injustitia
856 4382 871 4420 :
892 4368 1027 4421 alter
1055 4379 1183 4420 vero
1225 4382 1375 4435 teque
1404 4366 1587 4430 dives,
1620 4367 1813 4422 vendat
1836 4367 2027 4423 domos

443 4470 499 4517 et
515 4476 638 4516 vasa
664 4475 825 4515 aurea
846 4468 1220 4530 argenteaque,
1244 4458 1424 4528 egenis
1441 4459 1713 4528 largiatur,
1733 4475 2027 4530 pauperes-

443 4571 545 4626 qne
575 4553 769 4621 foveat,
798 4567 969 4623 mgros
995 4560 1164 4617 curet,
1194 4551 1246 4606 in
1270 4552 1585 4606 necessitate
1612 4553 1811 4623 positos
1836 4556 2025 4619 solvat,

443 4647 576 4702 alios
599 4661 628 4700 a
652 4645 875 4701 vinculis
895 4644 1128 4711 eximat,
1149 4642 1215 4698 ad
1244 4644 1454 4698 metalla
1487 4642 1765 4700 danmatos
1803 4645 2025 4714 liberet,

445 4737 636 4807 laqueo
682 4754 744 4794 se
782 4736 1173 4808 suspendentes
1217 4735 1433 4807 dejiciat
1460 4777 1476 4804 ,
1505 4737 1743 4806 captivos
1784 4753 1813 4790 a
1857 4739 2027 4807 poenis

445 4829 654 4886 liberet.
697 4828 862 4899 Cujus
902 4845 1029 4901 ergo
1071 4829 1240 4900 partis
1280 4842 1401 4884 esse
1444 4827 1734 4883 mavultis?
1782 4827 2025 4883 Nondum

445 4933 624 4978 tamen
648 4922 717 4978 de
739 4924 928 4978 futuris
946 4965 961 4987 ,
991 4924 1087 4979 sed
1115 4922 1183 4978 de
1211 4922 1564 4993 praesentibus
1590 4921 1791 4992 loquuti
1820 4938 2024 4977 sumus.

444 5013 613 5080 Quam
651 5014 810 5084 igitur
866 5024 1068 5083 partem
1106 5014 1355 5084 amplecti
1396 5013 1688 5068 mavultis?
1716 5016 1796 5068 An
1840 5029 2025 5068 aurum

443 5104 818 5175 congregantis
839 5144 855 5171 ,
886 5119 954 5158 an
998 5104 1222 5158 aliorum
1266 5103 1595 5159 calamitates
1634 5104 1887 5159 solventis
1910 5106 1933 5159 ?
1959 5122 2026 5159 an

445 5209 605 5264 agros
627 5194 856 5250 ementis
875 5235 890 5259 ,
923 5208 990 5248 an
1012 5194 1126 5264 ejus
1152 5194 1244 5265 qui
1272 5210 1391 5250 sese
1423 5207 1635 5265 portum
1668 5196 1901 5250 humano
1929 5213 2024 5267 ge-

443 5286 560 5340 neri
587 5284 903 5340 constituit?
929 5284 1045 5354 ejus
1070 5285 1159 5354 qui
1186 5285 1352 5340 multo
1378 5286 1738 5342 circumdatur
1761 5301 1890 5342 auro
1910 5330 1927 5356 ,
1958 5305 2028 5343 an

441 5379 559 5446 ejus
584 5378 674 5449 qui
699 5376 846 5433 mille
869 5376 1109 5432 laudibus
1129 5390 1415 5433 coronatur
1433 5378 1457 5432 i
1475 5378 1555 5434 An
1586 5395 1688 5435 non
1713 5382 1797 5436 ille
1815 5383 2026 5451 quidem

443 5471 664 5540 angelus
687 5477 790 5534 est,
808 5468 895 5538 qui
916 5467 985 5524 de
1007 5467 1140 5523 cazlo
1169 5468 1237 5524 ad
1265 5479 1576 5525 cteterorum
1602 5473 2025 5529 emendationem

447 5561 755 5628 descendit,
786 5560 875 5617 hic
901 5576 1028 5617 vero
1057 5577 1163 5616 non
1191 5560 1395 5620 homini
1416 5599 1430 5625 ,
1471 5563 1566 5618 sed
1616 5581 1781 5634 puero
1818 5567 2028 5622 cuidam

509 5759 529 5789 '
567 5766 713 5820 Unus,
736 5767 930 5825 propter
949 5761 1154 5828 quorum
1175 5764 1438 5827 profectum
1451 5767 1633 5827 patres,
1660 5771 1737 5815 etc

1181 320 1238 377 s.
1277 315 1554 376 mauros
1578 314 2050 372 CHRYSOSTOMI
2090 316 2406 375 ARCIIIEP.
2447 318 2976 377 CONSTANTINOP.
3618 312 3730 369 520

2135 430 2345 495 similis,
2377 432 2555 486 omnia
2583 431 2778 486 frustra
2808 428 3078 503 colligenti
3101 429 3121 482 ?
3141 426 3198 486 Si
3230 430 3356 485 vero
3388 429 3549 485 etiam
3576 432 3730 500 juste

2134 522 2387 592 pecunias
2412 522 2682 593 colligere,
2718 537 2803 576 res
2829 521 2964 575 adeo
2996 520 3216 576 ridicula
3256 531 3309 574 et
3337 530 3597 577 extrema:
3624 523 3728 576 de—

2134 614 2348 667 mentim
2375 621 2456 668 est
2479 630 2493 668 :
2519 613 2730 684 quando
2759 613 2877 683 quis
2907 628 3010 667 non
3035 612 3181 683 juste
3202 613 3419 683 colligit,
3451 614 3730 685 quomodo

2135 719 2239 756 non
2291 704 2527 757 omnium
2575 704 2909 759 miserrimus
2936 702 3208 760 fuerit?Si
3252 714 3431 759 autem
3461 719 3552 760 res
3591 705 3729 761 adeo

2134 795 2204 848 sit
2238 795 2476 861 ridicula,
2506 810 2627 849 cum
2660 795 2819 850 etiam
2847 794 2931 849 his
2955 794 3175 850 accedat
3202 803 3256 849 et
3280 794 3525 863 gebenna
3555 804 3613 851 et
3640 813 3728 850 re-

2134 887 2220 956 gni
2250 888 2489 953 amissio,
2518 897 2648 958 quot
2676 887 2766 943 ille
2796 888 3044 959 laerymis
3075 887 3269 958 dignus
3293 888 3452 942 fuerit
3485 897 3543 943 et
3570 890 3730 944 vivus

2135 988 2188 1034 et
2215 980 2492 1034 mortuus?

2207 1074 2294 1127 id.
2328 1072 2494 1140 Quam
2525 1082 2722 1142 prwslet
2747 1072 2823 1126 vir
2852 1071 3056 1127 humilis
3084 1073 3190 1125 viro
3218 1073 3410 1141 potenti
3436 1082 3483 1126 et
3511 1074 3723 1145 inﬂato.

2131 1193 2204 1205 --
2224 1163 2326 1217 Sed
2359 1163 2515 1216 aliam
2544 1178 2757 1233 quoque
2778 1205 2794 1230 ,
2825 1164 2869 1217 si
2898 1164 2978 1217 vis
2997 1202 3013 1227 ,
3045 1163 3254 1217 virtutis
3298 1174 3505 1233 partem
3532 1165 3727 1234 explo-

2134 1268 2334 1309 remus.
2368 1253 2573 1307 Rursus
2600 1254 2761 1307 alium
2793 1253 2843 1307 in
2874 1253 3107 1307 medium
3157 1268 3374 1321 agamus
3414 1253 3721 1319 hominem,

2136 1343 2186 1397 in
2213 1345 2443 1412 potentia
2467 1345 2832 1407 constitutum,
2863 1344 3110 1398 ontttibus
3139 1345 3487 1415 imperantem
3509 1386 3523 1410 ,
3547 1346 3726 1415 digni-

2136 1444 2241 1492 tate
2268 1452 2458 1505 magna
2498 1437 2751 1507 stipatum
2772 1478 2787 1500 ,
2820 1451 3118 1505 pra‘conem
3149 1436 3486 1504 splendidum
3519 1437 3730 1492 haben-

2137 1536 2262 1592 tem,
2294 1527 2523 1580 balteum
2555 1528 2677 1581 item
2705 1567 2722 1591 ,
2762 1527 2974 1582 lictores
2996 1567 3013 1594 ,
3066 1542 3421 1598 magnumque
3447 1529 3726 1583 clientium

2135 1635 2429 1674 numerum.
2466 1620 2658 1672 Annon
2687 1619 2789 1674 hoc
2812 1634 3056 1688 magnum
3095 1618 3302 1673 videtur
3326 1634 3448 1674 esse
3473 1630 3525 1674 et
3558 1620 3725 1675 felici-

2136 1721 2240 1765 tate
2270 1711 2521 1781 plcnum?
2546 1712 2657 1780 Age
2677 1752 2690 1771 ,
2715 1719 2770 1765 et
2798 1710 2872 1764 illi
2900 1726 3108 1765 rursum
3131 1726 3463 1781 opponamus
3491 1713 3725 1769 alterum

2134 1802 2420 1871 patientem
2447 1843 2461 1867 ,
2495 1802 2699 1863 mitem,
2746 1800 2998 1856 humilem
3019 1842 3039 1869 ,
3070 1808 3127 1857 et
3169 1803 3563 1874 magnanimum
3590 1819 3605 1854 :
3636 1806 3729 1861 hic

2136 1908 2263 1948 vero
2308 1892 2513 1962 injuriis
2565 1895 2871 1963 impetatur,
2915 1895 3165 1964 vapulet,
3192 1904 3248 1949 et
3300 1896 3414 1949 [nec
3458 1898 3730 1967 patienter

2136 1986 2286 2049 ferat,
2312 1997 2469 2056 atque
2496 1985 2608 2040 lure
2643 1986 2991 2041 inferentibus
3014 1986 3311 2043 benedicat.
3338 1988 3492 2054 Uter,
3514 2006 3728 2061 quaeso,

2136 2076 2390 2128 mirabilis
2411 2116 2425 2140 ,
2456 2077 2616 2131 illene
2664 2077 2873 2131 inflatus
2897 2086 2950 2131 et
2976 2087 3187 2132 tumens
3208 2120 3223 2144 ,
3256 2094 3323 2133 an
3354 2078 3442 2134 hic
3472 2081 3543 2134 ita
3570 2080 3725 2151 deje-

2134 2170 2291 2224 ctus?
2325 2171 2512 2222 Annon
2566 2169 2651 2224 hic
2703 2170 2890 2223 similis
2919 2180 2999 2224 est
3046 2171 3349 2225 caelestibus
3392 2171 3724 2240 virtutibus,

2134 2278 2252 2331 qua:
2278 2262 2429 2315 nullo
2457 2263 2620 2316 animi
2666 2272 2812 2316 tnotu
2857 2264 3169 2326 turbantur,
3198 2263 3288 2318 ille
3325 2273 3503 2318 autem
3526 2266 3727 2322 vesica:

2136 2352 2350 2419 inflatas,
2379 2364 2471 2406 aut
2498 2353 2694 2406 homini
2747 2352 3038 2423 hydro'pico
3058 2396 3071 2418 ,
3122 2363 3283 2423 atque
3307 2354 3594 2411 admodum
3633 2366 3727 2411 tu-

2134 2443 2340 2497 menti?
2369 2459 2546 2496 nonne
2575 2441 2659 2496 hie
2684 2442 2891 2497 medico
2921 2444 3183 2511 spirituali
3209 2484 3223 2506 ,
3255 2444 3342 2499 ille
3379 2456 3557 2500 autem
3586 2462 3727 2515 pue-

2136 2550 2197 2589 ro
2242 2535 2463 2589 buccam
2510 2536 2708 2589 inllanti
2736 2546 2789 2589 et
2839 2536 3097 2590 ridiculo?
3124 2537 3232 2591 Cur
3277 2538 3440 2592 altum
3471 2540 3649 2609 sapis,
3691 2556 3727 2594 ο

2092 2670 2097 2677 .
2136 2627 2338 2684 homo?
2367 2646 2432 2683 an
2467 2630 2609 2700 quod
2640 2629 2881 2685 sublimis
2921 2631 2973 2685 in
3006 2646 3163 2685 curru
3194 2631 3443 2687 veheris?
3480 2648 3547 2686 an
3576 2634 3722 2704 quod

2139 2730 2189 2775 te
2220 2723 2380 2777 trahit
2409 2724 2678 2779 mulorum
2717 2725 2943 2794 jugum?
2987 2725 3191 2795 Ecquid
3232 2725 3369 2780 hoc?
3401 2726 3633 2796 ldipsum
3666 2729 3723 2782 in

2136 2815 2292 2886 lignis
2321 2825 2375 2871 et
2400 2818 2451 2870 in
2474 2818 2615 2871 saxis
2638 2817 2817 2870 videre
2838 2826 2937 2871 est.
2966 2817 3043 2870 An
3080 2817 3201 2887 quia
3243 2818 3523 2887 magnifice
3552 2818 3727 2889 fulges

2136 2908 2361 2962 vestitu?
2388 2909 2492 2964 Sed
2520 2910 2720 2978 respice
2750 2909 2894 2963 illum
2926 2910 3116 2963 virtute
3138 2909 3576 2963 vestimentorum
3606 2911 3727 2965 vice

2135 3002 2386 3055 amictum
2407 3040 2422 3060 .
2450 3011 2504 3055 et
2537 3010 2587 3054 te
2615 2999 2817 3054 videbis
2861 2998 3009 3055 fteao
3033 3000 3244 3068 putrido
3270 3000 3501 3055 similem
3525 3042 3540 3063 ,
3573 3001 3725 3055 illum

2135 3109 2263 3148 vero
2288 3092 2464 3148 arbori
2495 3092 2770 3163 pulchrum
2800 3093 3063 3147 emittenti
3103 3092 3351 3157 fructum,
3384 3095 3473 3163 qui
3500 3094 3725 3150 multant

2136 3185 2496 3254 spectantibus
2553 3184 2789 3237 ltetitiam
2829 3182 3035 3237 afferat.
3066 3183 3144 3238 Tu
3201 3185 3416 3255 quidem
3458 3187 3724 3242 vermium

2134 3290 2313 3331 escam
2335 3277 2682 3341 circumfers,
2712 3286 2871 3346 atque
2897 3276 3180 3341 tinearum,
3209 3293 3347 3347 quae,
3377 3278 3421 3332 si
3453 3288 3505 3334 te
3528 3293 3725 3348 περι-ευ

2134 3366 2366 3432 diantur,
2396 3368 2504 3422 cito
2545 3377 2596 3421 te
2640 3367 2744 3421 hoc
2788 3367 3042 3421 nudatum
3071 3379 3259 3422 ornatu
3291 3368 3535 3422 reddent.
3583 3368 3722 3424 Nam

2135 3460 2534 3524 vestimentum,
2566 3474 2755 3513 aurum
2776 3467 2831 3514 et
2855 3468 3155 3529 argentum,
3186 3460 3325 3513 aliud
3354 3460 3566 3527 quidem
3596 3476 3723 3515 ver-

2137 3548 2302 3603 mium
2352 3549 2453 3603 ﬁlis
2492 3557 2730 3615 constat,
2775 3549 2915 3603 aliud
2964 3558 3102 3604 terra
3145 3560 3198 3604 et
3249 3551 3418 3618 pulvis
3445 3560 3562 3614 est,
3616 3551 3723 3606 ile-

2136 3656 2361 3711 rmnqne
2391 3650 2529 3696 terra
2549 3683 2562 3705 ,
2595 3650 2649 3696 et
2682 3654 2934 3710 praeterea
2980 3641 3114 3695 nihil
3140 3658 3153 3705 ;
3185 3643 3274 3712 qui
3318 3650 3494 3697 autem
3526 3643 3724 3697 virtute

2135 3730 2335 3786 circum
2357 3740 2595 3796 ornatur,
2623 3733 2779 3788 talem
2811 3732 2969 3789 habet
2998 3743 3219 3796 vestem,
3243 3749 3399 3803 quam
3428 3750 3532 3786 non
3557 3733 3723 3787 modo

2136 3822 2275 3876 tinea
2296 3862 2311 3888 ,
2339 3822 2431 3875 sed
2480 3838 2546 3877 ne
2595 3839 2740 3877 tllttl‘S
2770 3824 2983 3893 quidem
3015 3825 3126 3893 ipsa
3160 3824 3478 3879 labefactare
3504 3826 3716 3890 valeat;

2134 3925 2189 3968 et
2213 3915 2333 3983 jure
2359 3915 2571 3985 quidem
2601 3917 2811 3970 merito.
2844 3915 3025 3984 Neque
3063 3917 3203 3970 enim
3239 3917 3320 3969 hae
3349 3918 3514 3970 animi
3548 3918 3723 3972 virtu-

2136 4014 2216 4060 tes
2253 4021 2316 4060 ex
2366 4016 2505 4061 terra
2538 4006 2813 4061 exordium
2855 4009 2870 4039 ⁸
2916 4008 3147 4073 ducunt,
3196 4008 3290 4063 Sed
3337 4018 3464 4063 sunt
3515 4008 3722 4065 fructus

2134 4098 2381 4167 Spiritus;
2415 4109 2741 4168 quapropter
2770 4101 3030 4154 vermium
3074 4102 3153 4154 ori
3195 4117 3300 4155 non
3334 4112 3513 4168 patent
3545 4121 3559 4155 :
3593 4119 3720 4157 nam

2135 4189 2188 4243 in
2221 4189 2353 4243 caelo
2383 4190 2683 4259 bujnsmodi
2733 4191 3048 4245 vestimenta
3079 4201 3359 4256 texuntur,
3389 4192 3475 4245 ubi
3516 4208 3615 4248 nec
3648 4195 3719 4247 tio

2136 4297 2231 4335 nea
2253 4323 2267 4346 ,
2311 4298 2409 4336 nec
2439 4283 2656 4348 vermis,
2682 4298 2780 4337 nec
2805 4283 3000 4353 aliquid
3029 4282 3207 4337 simile
3235 4294 3335 4338 est.
3369 4284 3505 4350 Quid
3535 4286 3714 4356 igitur,

2134 4388 2313 4442 qmcso
2337 4415 2352 4439 ,
2384 4373 2574 4429 melius
2594 4415 2608 4436 ,
2639 4373 2854 4427 divitem
2880 4414 2894 4438 ,
2924 4390 2989 4427 an
3019 4390 3301 4443 pauperem
3333 4376 3493 4430 esse?
3518 4393 3585 4429 an
3621 4393 3719 4446 pu-

2136 4471 2332 4517 tentem
2355 4504 2370 4527 ,
2401 4478 2467 4516 an
2501 4464 2870 4517 inhonoratum
2901 4466 3059 4518 esse?
3100 4465 3242 4519 lauta
3274 4464 3370 4519 frui
3402 4483 3583 4521 mensa
3605 4508 3621 4532 ,
3646 4485 3715 4525 an

2136 4552 2327 4606 famem
2355 4554 2629 4620 experiri?
2660 4554 3012 4610 I’roculdnbio
3036 4597 3049 4619 ,
3104 4557 3154 4609 in
3205 4556 3407 4612 honore
3433 4601 3447 4623 ,
3476 4559 3715 4625 deliciis,

2133 4643 2434 4713 divitiisque
2465 4646 2661 4699 vivere.
2693 4646 2747 4699 Si
2779 4663 2907 4717 ergo
2931 4664 3017 4701 res
3043 4649 3214 4716 ipsas,
3249 4664 3351 4703 ron
3387 4652 3599 4705 nomina
3628 4669 3713 4707 vc-

2137 4734 2220 4796 lis,
2248 4743 2386 4787 terra
2415 4745 2572 4804 atque
2597 4737 2821 4790 terrenis
2843 4738 3059 4802 relictis,
3090 4737 3139 4790 in
3165 4740 3352 4792 cadum
3378 4750 3428 4796 te
3452 4746 3711 4799 transfer-

2132 4825 2392 4895 siquidem
2437 4828 2714 4895 praisentia
2748 4829 2932 4884 umbra
2979 4841 3129 4895 sunt,
3166 4833 3251 4885 illa
3284 4849 3446 4898 vero,
3497 4852 3586 4891 res
3614 4839 3711 4891 im-

2133 4927 2325 4982 motae,
2358 4918 2542 4982 firmre,
2569 4936 2689 4989 qua:
2727 4935 2832 4973 non
2864 4922 3031 4990 abripi
3066 4923 3289 4992 possint.
3323 4924 3451 4981 llaec
3478 4944 3578 4982 nos
3615 4930 3713 5000 igi-

2137 5017 2221 5061 tur
2240 5025 2359 5062 cum
2391 5010 2567 5064 studio
2610 5012 2904 5081 deligamus
2927 5054 2942 5077 ,
2973 5025 3028 5067 ut
3053 5024 3107 5068 et
3146 5030 3176 5068 a
3218 5019 3443 5072 ttnnnltu
3477 5036 3714 5090 praesen-

2136 5100 2263 5154 tium
2318 5116 2495 5155 rerum
2550 5101 2869 5169 liberemur,
2911 5112 2965 5158 et
2997 5103 3065 5158 ad
3113 5108 3450 5177 tranquillum
3504 5124 3713 5180 portum

2133 5194 2459 5263 appellentes
2478 5236 2495 5258 ,
2522 5212 2639 5251 cum
2671 5197 2852 5251 multis
2871 5198 3094 5251 sarcinis
3114 5208 3169 5254 et
3193 5201 3545 5258 inetfabilibus
3572 5206 3716 5261 elec-

2136 5300 2373 5357 mosyna:
2413 5286 2602 5355 opibus
2649 5287 2756 5341 illic
2814 5303 3166 5357 appareamus
3211 5307 3227 5344 :
3269 5291 3466 5361 quibus
3513 5297 3717 5351 utinam

2135 5391 2320 5431 omnes
2353 5376 2491 5447 pleni
2520 5377 2586 5432 ad
2612 5377 2936 5434 horrendum
2962 5380 3192 5436 tribunal
3213 5382 3424 5439 adducti
3445 5425 3460 5448 ,
3490 5402 3715 5457 regnum

2135 5467 2387 5521 caelorum
2412 5483 2802 5538 consequamur
2826 5471 2993 5539 gratia
3023 5480 3078 5527 et
3102 5472 3472 5531 misericordia
3506 5477 3718 5535 Domini

2133 5560 2300 5614 nostri
2328 5559 2456 5616 Jcsu
2479 5562 2673 5617 Christi
2697 5604 2713 5629 ,
2742 5563 2826 5619 cui
2851 5563 3019 5635 gloria
3048 5572 3104 5622 ct
3129 5564 3412 5638 imperium
3439 5567 3496 5625 in
3526 5574 3719 5632 saeuus

2136 5654 2473 5711 saeculorum.
2505 5657 2697 5711 Amen.

2202 5766 2220 5799 ³
2253 5764 2468 5830 Quidam,
2489 5763 2739 5830 originem.

3801 4344 3829 4361 δ
