4050 6220
326 240 428 294 521

1377 421 1583 435 ιρι-...-

1314 234 1380 290 Ν
1416 235 1822 292 MATTHEUM
1863 235 2089 292 llOMlL.
2138 237 2320 292 XXIV.
2365 241 2434 294 al.
2477 239 2639 294 XXV.

1596 420 3412 443 Μ*-

3493 241 3598 294 3ἰῖ

1444 510 1789 571 HOMILIA
1836 509 2071 570 XXIV.
2109 511 2192 572 al.
2241 513 2446 574 XXV.

322 705 458 760 CAP.
491 706 544 760 7.
577 720 625 756 ν.
661 705 708 756 l.
742 702 863 757 Non
899 703 1060 756 omnis
1088 701 1172 770 qui
1211 701 1330 754 dicit
1359 699 1504 762 nti/ti,
1537 696 1771 755 Domine,
1799 692 1905 746 Do-

401 798 568 859 mine,
612 795 815 847 intrabit
855 797 908 848 itt
951 810 1160 864 regnum
1203 793 1440 844 actorum
1465 831 1480 849 ,
1523 789 1611 843 sed
1656 787 1741 858 qui
1785 788 1907 859 facit

403 886 705 940 voluntatem
743 883 918 937 Patris
948 885 1044 936 mei
1072 883 1157 954 qui
1181 883 1234 935 in
1260 881 1394 934 cteh's
1423 889 1495 933 α’

400 979 446 1030 l.
491 976 612 1030 Non
640 977 745 1030 alia
791 974 948 1041 Filii,
977 975 1081 1027 alia
1131 973 1302 1026 Patris
1342 972 1595 1026 voluntas.
1631 969 1907 1040 Signorum

325 1069 549 1136 operatio
579 1067 688 1120 sine
714 1066 896 1119 uirtute
921 1065 1048 1118 nihil
1072 1064 1275 1134 prodest
1295 1063 1544 1130 aperanti.
1573 1092 1642 1102 —-
1665 1060 1774 1114 Cur
1798 1076 1901 1113 non

324 1160 489 1223 dixit,
517 1158 624 1214 Sed
657 1159 745 1228 qui
778 1157 900 1212 facit
924 1158 1248 1210 voluntatem
1281 1155 1490 1208 meam?
1520 1153 1652 1218 Quia
1693 1151 1792 1207 boc
1826 1152 1907 1203 in-

323 1251 480 1306 terim
531 1259 774 1320 poterant
820 1249 1074 1304 libentius
1103 1248 1360 1316 accipere.
1415 1245 1545 1298 Illud
1588 1246 1728 1299 enim
1781 1258 1902 1312 por-

327 1357 486 1410 pensa
545 1341 750 1395 illorum
808 1341 1110 1394 inﬁrmitate
1157 1349 1279 1392 tunc
1329 1352 1576 1406 magnum
1618 1335 1902 1388 admodum

323 1442 456 1486 erat.
489 1431 736 1502 Alioquin
765 1447 889 1486 vero
922 1447 1012 1499 per
1041 1431 1168 1484 illud
1202 1430 1299 1482 hoc
1332 1430 1500 1498 ipsutn
1531 1428 1689 1480 etiam
1717 1427 1902 1480 subin-

323 1523 536 1577 dicavit.
566 1523 646 1577 Ad
676 1524 788 1577 haec
815 1532 994 1577 autem
1029 1521 1156 1576 illttd
1189 1522 1406 1589 insuper
1440 1518 1722 1573 dicendum
1749 1561 1763 1582 ,
1798 1533 1901 1571 non

323 1629 444 1670 esse
491 1615 647 1668 aliam
687 1613 802 1668 Filii
830 1656 844 1675 ,
877 1614 1034 1666 aliam
1063 1613 1236 1667 Patris
1259 1613 1604 1666 voluntatem.
1641 1611 1734 1665 llic
1774 1625 1903 1664 vero

321 1705 452 1759 mibi
506 1706 738 1758 maxime
785 1705 992 1758 videtur
1033 1703 1244 1759 Juda‘os
1289 1704 1672 1773 perstringere,
1715 1702 1804 1772 qui
1851 1703 1902 1756 in

319 1796 655 1862 dogmatibus
702 1809 960 1848 summam
1005 1811 1180 1848 rerum
1215 1793 1518 1861 ponebant,
1553 1809 1649 1847 nec
1687 1793 1754 1847 de
1797 1794 1902 1846 vita

323 1887 487 1957 probe
518 1885 718 1956 agenda
741 1887 1014 1940 curabant.
1050 1885 1173 1940 ldeo
1199 1888 1313 1940 illos
1346 1886 1542 1940 Paulus
1561 1887 1799 1955 coarguit
1823 1886 1903 1942 di-

320 1991 448 2030 cens
479 1993 490 2027 :
528 1975 656 2029 Ecce
696 1986 748 2029 tu
771 1974 987 2028 Iudaeus
1031 1976 1433 2045 cognomittttris.
1461 1987 1506 2028 et
1547 1976 1811 2041 requiescis
1849 1976 1900 2027 in

320 2069 448 2138 lege,
480 2079 525 2121 et
551 2067 787 2138 gloriaris
817 2069 868 2121 in
892 2067 1016 2130 Deo,
1047 2079 1093 2121 et
1121 2069 1252 2121 nosti
1289 2069 1592 2121 voluntatem
1619 2068 1637 2139 (
1663 2067 1808 2122 Rom.
1841 2071 1895 2122 22.

324 2160 410 2213 l7.
445 2159 553 2229 l8).
582 2159 774 2214 Verum
806 2160 938 2214 nihil
962 2160 1050 2214 tibi
1073 2175 1137 2214 ex
1162 2159 1247 2214 illa
1275 2159 1478 2212 accedit
1498 2201 1511 2222 ,
1544 2160 1752 2228 quando
1781 2161 1900 2212 vita:

319 2260 371 2302 ct.
398 2265 616 2317 operum
656 2251 958 2320 exemplum
987 2268 1091 2305 non
1130 2251 1298 2304 adest.
1331 2251 1423 2305 llle
1465 2261 1640 2305 autem
1671 2268 1774 2306 non
1816 2251 1899 2305 hic

317 2342 586 2408 substitit,
615 2344 706 2396 sed
729 2345 868 2413 quod
903 2345 1068 2398 multo
1096 2346 1264 2411 majus
1289 2353 1402 2399 erat
1425 2345 1555 2398 dixit
1584 2363 1597 2399 :
1628 2345 1716 2398 ‘22.
1747 2345 1900 2398 .llnlti

317 2434 446 2485 enim
474 2434 637 2487 dicent
667 2435 788 2486 nti/ti
817 2437 866 2488 in
903 2436 985 2489 die
1013 2435 1103 2489 illa
1127 2476 1141 2500 ,
1174 2434 1408 2501 Domine,
1457 2435 1690 2502 Domine,
1736 2453 1902 2490 nonne

317 2524 367 2575 in
397 2524 594 2576 nomine
630 2533 712 2576 tuo
751 2525 1198 2594 pt'opltetavinms?
1245 2527 1354 2581 Non
1390 2527 1532 2581 enim
1578 2528 1748 2581 Solum
1771 2570 1784 2591 ,
1817 2529 1898 2581 iu-

316 2614 460 2681 quit.
494 2616 582 2681 qui
628 2614 784 2668 ﬁdem
834 2617 1029 2680 habet,
1064 2619 1107 2670 si
1151 2619 1254 2670 vita
1299 2617 1623 2687 negligatur,
1665 2635 1728 2671 ex
1756 2618 1899 2673 carlis

315 2707 650 2771 excluditur;
679 2709 770 2762 sed
804 2711 1009 2763 etiamsi
1042 2726 1162 2764 cum
1205 2711 1306 2765 lide
1343 2713 1502 2765 tnulta
1533 2713 1682 2781 signa
1713 2712 1900 2766 cdidc-

316 2798 384 2850 rit
408 2839 421 2861 ,
455 2813 554 2852 nec
575 2798 697 2852 boni
721 2800 986 2869 quidpiam
1016 2801 1231 2866 fecerit,
1259 2817 1286 2854 a
1317 2803 1483 2856 sacris
1507 2803 1752 2858 similiter
1778 2819 1901 2873 por—

316 2890 381 2942 tis
411 2891 718 2958 repelletur.
753 2892 906 2946 Multi
931 2894 1061 2947 enim
1099 2895 1223 2947 mihi
1242 2894 1408 2948 dicent
1448 2895 1501 2948 in
1527 2894 1609 2947 die
1635 2895 1758 2961 illa,
1791 2894 1897 2948 Do-

315 2985 466 3049 mine,
507 2983 755 3051 Domine,
804 3003 969 3040 nonne
1012 2989 1062 3040 in
1109 2988 1312 3042 nomine
1340 2998 1425 3042 tuo
1453 2990 1900 3060 prapltetavitttut.?

322 3074 505 3127 Viden“
533 3076 800 3144 quomodo
831 3092 951 3132 sese
997 3078 1219 3132 latenter
1249 3089 1427 3148 postea
1461 3080 1616 3133 simul
1647 3079 1894 3148 inducat,

315 3175 593 3234 postquam
624 3176 783 3221 totam
809 3169 1036 3222 absolvit
1064 3170 1398 3234 concionem,
1437 3186 1495 3224 se
1522 3186 1730 3240 quoque
1751 3171 1895 3239 judi-

313 3273 428 3310 cem
459 3259 729 3312 ostendit?
774 3259 904 3313 Nam
937 3261 1074 3330 quod
1120 3263 1248 3316 ultio
1284 3272 1590 3332 peccatores
1640 3264 1706 3315 sit
1755 3264 1899 3316 inva-

313 3365 460 3413 sura,
489 3351 598 3418 jam
629 3352 773 3420 prius
801 3354 1140 3419 ostenderat;
1169 3355 1287 3424 quis
1311 3366 1488 3410 autetn
1519 3357 1658 3410 ultor
1689 3356 1896 3410 iuturus

311 3453 483 3507 esset,
512 3444 594 3497 hic
621 3445 833 3499 demum
865 3448 1101 3511 revelat;
1134 3464 1231 3502 nec
1257 3450 1396 3503 clare
1423 3449 1573 3510 dixit,
1609 3450 1719 3519 Ego
1740 3464 1856 3502 sum
1880 3467 1893 3510 ;

313 3546 427 3594 seu,
462 3535 615 3588 illiilli
653 3537 816 3590 dicent
843 3538 988 3604 mitti,
1023 3539 1249 3607 idipsum
1282 3556 1465 3594 rursus
1496 3539 1752 3594 iudicans.
1786 3542 1894 3595 Nisi

312 3626 455 3678 enim
488 3630 598 3694 ipse
623 3627 784 3696 judcx
817 3637 978 3696 esset,
1007 3630 1277 3698 quomodo
1304 3630 1528 3686 dixisset
1557 3632 1634 3685 eis
1667 3650 1678 3684 :
1705 3631 1795 3686 25.
1827 3631 1896 3684 Et

285 3729 435 3777 ,tunr.
459 3720 732 3787 conﬁtebor
753 3722 838 3784 eis,
868 3721 1118 3775 Discedite
1145 3739 1176 3775 a
1197 3740 1294 3788 me,
1323 3739 1595 3794 numquam
1635 3724 1749 3778 novi
1770 3741 1854 3777 vos
1872 3725 1898 3778 Ρ

312 3809 429 3863 Νοη
461 3810 632 3864 solum
680 3811 732 3865 in
759 3811 846 3866 die
871 3811 1088 3880 judicii,
1117 3815 1209 3866 sed
1257 3829 1429 3883 neque
1453 3815 1611 3867 etiam
1641 3830 1758 3869 cum
1791 3815 1894 3868 mi-

314 3903 490 3957 racula
523 3901 815 3958 edideritis.
851 3903 1079 3974 Ideoque
1124 3904 1397 3973 discipulis
1443 3905 1655 3960 dicebat
1680 3922 1692 3958 :
1721 3904 1898 3959 Nolite

313 3997 531 4065 gaudere
549 4038 564 4062 ,
592 3997 711 4070 quia
739 3997 989 4050 daemonia
1017 3998 1154 4051 vobis
1174 3998 1526 4068 subjiciuntur,
1549 3999 1638 4051 sed
1662 3999 1779 4068 quia
1805 4016 1898 4052 no-

313 4090 450 4142 mina
476 4100 638 4142 vestra
665 4090 852 4159 scripta
871 4099 988 4142 sunt
1014 4089 1067 4142 in
1097 4091 1232 4144 caelis
1254 4089 1402 4158 (an.
1430 4090 1516 4143 ll).
1549 4090 1664 4160 20).
1699 4091 1757 4143 Et
1783 4090 1897 4143 tibi-

313 4193 420 4248 que
449 4179 666 4232 multam
692 4179 842 4248 jubet
859 4180 980 4233 vitm
1006 4193 1188 4234 curam
1209 4195 1388 4250 agere.
1412 4179 1591 4248 Neque
1613 4179 1753 4233 enim
1782 4179 1894 4233 ﬁeri

316 4285 568 4340 umquam
600 4279 798 4340 potest,
829 4280 885 4324 tit
920 4269 1082 4325 homo
1122 4282 1267 4325 recte
1295 4272 1454 4324 vitam
1499 4270 1778 4326 instituens
1799 4312 1814 4336 ,
1845 4281 1898 4324 et

315 4361 562 4414 omnibus
602 4361 765 4414 animi
813 4361 1012 4415 morbis
1058 4361 1351 4427 liberatus,
1394 4361 1748 4431 despiciatur;
1803 4362 1896 4418 sed

314 4451 415 4504 etsi
443 4452 728 4521 aliquando
757 4453 1019 4507 erraverit
1043 4494 1056 4517 ,
1085 4454 1193 4508 cito
1223 4454 1369 4507 illum
1395 4454 1535 4508 Deus
1559 4454 1624 4508 ad
1655 4456 1895 4510 notitiam

314 4543 556 4597 veritatis
586 4542 876 4613 pertrahet.
908 4543 1103 4599 Verum
1133 4544 1347 4614 quidam
1391 4554 1515 4599 sunt
1552 4545 1639 4614 qui
1669 4543 1852 4599 dicunt
1880 4587 1896 4612 ,

316 4636 461 4704 ipsos
508 4634 580 4689 ita
629 4634 827 4691 dixisse
867 4636 1211 4703 mentiendo,
1265 4637 1493 4707 ideoque
1536 4638 1761 4692 salutem
1791 4654 1896 4691 non

315 4741 436 4780 esse
462 4734 842 4796 consequutos.
890 4726 1029 4796 Ergo
1060 4735 1266 4790 contra,
1297 4742 1454 4797 quam
1497 4729 1736 4782 voluerat
1756 4769 1770 4792 ,
1801 4727 1896 4780 ad-

313 4819 492 4873 struit.
539 4816 668 4873 llltid
696 4820 892 4890 quippe
937 4820 1047 4873 vult
1085 4817 1170 4872 hic
1210 4819 1492 4874 ostendere
1517 4862 1532 4882 ,
1562 4819 1717 4874 ﬁdem
1769 4818 1898 4873 nihil

314 4913 432 4964 sine
460 4910 713 4980 operibus
739 4912 936 4964 valere.
966 4909 1166 4964 Deinde
1205 4909 1255 4964 id
1282 4911 1598 4977 extendens,
1631 4913 1777 4982 signa
1807 4912 1902 4966 ad-

315 5002 485 5057 didit:
511 5003 802 5058 ostendens
842 5019 947 5056 non
989 5000 1147 5056 modo
1179 5001 1368 5070 ﬁdem,
1413 5003 1505 5058 sed
1533 5005 1692 5059 etiam
1718 5005 1899 5074 signo-

316 5111 433 5150 rum
455 5097 818 5166 operationem
844 5096 1086 5164 operanti
1110 5093 1364 5164 prodesse
1390 5095 1517 5149 nihil
1545 5097 1660 5150 sine
1689 5096 1898 5150 virtute.

317 5185 428 5241 Nisi
457 5195 635 5242 autem
686 5186 762 5242 illi
811 5186 959 5256 signa
1007 5184 1289 5250 iecissent,
1318 5186 1586 5257 quomodo
1616 5187 1728 5242 haec
1758 5197 1902 5243 stare

319 5279 421 5332 hoc
452 5280 570 5332 loco
602 5278 939 5347 potuissent?
965 5277 1210 5348 Alioquin
1257 5288 1436 5332 autem
1481 5294 1584 5332 non
1614 5280 1728 5334 ausi
1775 5279 1902 5334 luis-

318 5380 458 5435 sent,
489 5382 750 5440 praesente
773 5369 995 5440 judicio,
1027 5370 1108 5424 bis
1136 5370 1280 5424 illum
1319 5370 1537 5438 alloqui.
1573 5372 1686 5441 Ipsa
1721 5383 1900 5428 autem

322 5463 622 5534 responsio,
648 5471 757 5516 tum
788 5463 950 5518 etiam
978 5461 1117 5532 quod
1147 5463 1245 5532 ipsi
1278 5462 1655 5532 interrogando
1681 5464 1904 5535 loquan-

323 5563 428 5620 tur,
462 5552 695 5609 ostendit
723 5553 867 5622 ipsos
895 5551 947 5608 id
985 5569 1110 5608 vere
1139 5553 1348 5610 fecisse.
1385 5555 1519 5622 Quia
1551 5555 1691 5610 enim
1715 5571 1904 5628 exspe-

325 5637 544 5696 ctationi
572 5652 683 5695 suae
710 5643 1032 5700 contrarium
1082 5643 1241 5700 ﬁnem
1277 5662 1396 5704 esse
1421 5643 1708 5716 videbant,
1732 5657 1786 5706 et
1814 5651 1899 5706 hic

2027 692 2285 748 mirabilia
2316 697 2574 765 patrando
2615 701 2926 769 conspicui,
2959 702 3060 757 illic
3109 717 3166 756 se
3197 705 3453 773 supplicio
3489 713 3601 779 ple-

2015 784 2235 839 ctendos
2279 789 2600 854 cernebant,
2649 792 2928 860 stupefacti
2975 803 3028 847 et
3072 797 3324 850 tnirantes
3370 798 3599 853 dicunt:

2015 873 2252 943 Domine,
2285 877 2520 946 Domine,
2555 898 2719 936 nonne
2739 885 2789 936 in
2816 902 3018 939 nontttte
3047 897 3130 939 tuo
3162 888 3598 957 prOpItetavintus.’

2012 967 2282 1032 quomodo
2327 985 2456 1040 ergo
2504 987 2645 1027 nunc
2692 990 2788 1029 nos
2831 977 3140 1030 aversaris?
3184 978 3309 1048 quid
3358 980 3456 1034 sibi
3487 985 3600 1036 vult.

2013 1055 2410 1126 inexspectatus
2461 1061 2546 1116 ille
2591 1062 2750 1118 ﬁnis?
2794 1065 2897 1120 Sed
2947 1067 3020 1120 illi
3061 1069 3273 1138 quidem
3315 1073 3596 1132 mirantur.

2011 1145 2151 1214 qttod
2185 1159 2302 1216 post
2347 1151 2471 1206 talia
2517 1153 2658 1209 edita
2705 1170 2866 1225 opera
2918 1159 3204 1226 puniantur
3235 1178 3246 1214 :
3277 1171 3329 1214 tu
3373 1177 3596 1218 verone

2011 1239 2242 1292 mireris.
2283 1239 2470 1296 Omnis
2498 1246 2694 1315 quippe
2719 1249 2886 1316 gratia
2915 1265 2977 1303 ex
3005 1249 3183 1304 dantis
3215 1268 3438 1308 munere
3472 1271 3600 1324 pro-

2007 1329 2086 1382 dit
2117 1348 2128 1383 :
2157 1332 2231 1385 illi
2257 1348 2385 1388 vero
2412 1335 2542 1389 nihil
2574 1352 2603 1391 a
2630 1339 2821 1408 seipsis
2849 1341 3176 1410 attulerunt,
3214 1345 3442 1417 ideoque
3477 1349 3598 1417 jure

2009 1423 2268 1492 supplicio
2292 1426 2591 1494 traduntur,
2615 1446 2680 1484 eo
2701 1432 2838 1500 quod
2859 1449 2980 1503 erga
3003 1450 3122 1488 eum
3150 1437 3236 1506 qui
3261 1438 3337 1492 sic
3358 1438 3481 1494 illos
3501 1441 3597 1494 lto-

2010 1527 2312 1582 noraverat,
2338 1529 2394 1572 ut
2415 1521 2644 1591 indignis
2669 1523 2822 1578 talem
2853 1527 3074 1594 gratiam
3100 1530 3380 1596 tribueret,
3405 1533 3594 1604 ingrati

2010 1603 2225 1660 fuerint.
2265 1607 2372 1663 Cur
2404 1626 2552 1680 ergo,
2585 1613 2810 1682 inquies,
2848 1615 3107 1686 iniquitati
3141 1621 3328 1676 dantes
3353 1603 3594 1693 cperam,

2010 1695 2130 1748 talia
2161 1697 2308 1767 signa
2335 1699 2860 1772 edebant?Suntqui
2887 1705 3086 1773 dicant,
3102 1724 3196 1764 eos
3222 1726 3326 1780 quo
3355 1722 3595 1784 tempore

2009 1786 2260 1842 miracula
2284 1791 2580 1858 patrabant,
2603 1793 2780 1864 inique
2804 1811 2907 1849 non
2936 1798 3129 1868 egisse,
3153 1801 3246 1855 sed
3271 1813 3454 1871 postea
3473 1822 3595 1859 nui--

2009 1885 2164 1941 latos,
2189 1880 2326 1934 mala
2347 1881 2506 1936 fuisse
2523 1885 2993 1952 operatos.Verum
3021 1890 3060 1942 si
3092 1889 3192 1946 hoc
3218 1892 3286 1946 ita
3305 1905 3462 1959 esset,
3487 1912 3594 1951 non

2007 1981 2187 2038 posset
2201 1981 2343 2028 stare
2360 1977 2641 2030 sententia.
2658 1977 2788 2032 Nam
2808 1981 2947 2048 quod
2967 1979 3209 2039 Christus
3227 1985 3594 2046 demonstrare

2005 2061 2234 2128 volebat,
2257 2063 2356 2119 hoc
2374 2076 2488 2120 erat
2506 2085 2517 2119 :
2536 2084 2707 2138 neque
2729 2069 2907 2136 ﬁdem,
2928 2088 3099 2143 neque
3123 2076 3374 2132 miracula
3397 2081 3594 2144 valere,

2006 2155 2108 2208 vita
2140 2170 2245 2210 non
2267 2160 2669 2215 consentiente:
2699 2165 2840 2232 quod
2865 2175 2916 2218 et
2934 2165 3129 2220 Paulus
3147 2168 3384 2224 dicebat:
3413 2171 3472 2225 Si
3494 2172 3593 2225 Ita-

2004 2245 2158 2299 buero
2184 2247 2356 2314 ﬁdem,
2377 2249 2446 2302 ita
2474 2261 2526 2303 ut
2556 2263 2747 2306 montes
2776 2257 3162 2326 transferant,et
3192 2276 3373 2314 novere
3402 2275 3589 2332 myste-

2004 2340 2080 2387 ria
2107 2340 2295 2404 omnia,
2319 2350 2364 2392 et
2392 2357 2588 2394 onmem
2618 2344 2866 2409 notitiam,
2891 2348 3151 2400 caritatem
3174 2361 3341 2404 autem
3373 2370 3471 2405 non
3499 2357 3594 2406 Ita-

2005 2429 2166 2496 licam,
2185 2431 2434 2484 niltilsunt
2457 2433 2531 2501 (Ι.
2555 2432 2672 2488 Cor.
2701 2435 2877 2507 15.2).
2901 2438 3125 2505 Quinam
3155 2440 3334 2510 igitttr,
3361 2444 3588 2510 inquies.

2005 2521 2086 2573 isti
2119 2524 2284 2576 sunt?
2311 2523 2459 2578 Mulli
2491 2526 2819 2580 credentium
2861 2528 2999 2584 dona
3031 2545 3382 2600 acceperant;
3417 2536 3591 2604 qualis

2004 2622 2122 2665 erat
2149 2613 2257 2675 ille,
2286 2615 2372 2682 qui
2406 2631 2526 2669 cum
2553 2617 2723 2684 ipsum
2754 2633 2857 2671 non
2899 2632 3234 2689 sequeretur,
3267 2633 3451 2678 tamen
3479 2627 3588 2680 dat-

2006 2703 2179 2755 tnonia
2209 2703 2453 2774 ejiciebat
2483 2724 2496 2770 ;
2527 2709 2698 2775 qualis
2726 2709 3020 2764 eratJudas
3049 2729 3061 2764 :
3097 2728 3215 2766 nam
3240 2714 3326 2768 hic
3353 2731 3586 2787 quoque,

2005 2811 2126 2851 cum
2159 2797 2332 2851 malus
2358 2808 2516 2860 esset.
2542 2801 2738 2854 donum
2770 2813 3067 2872 acceperat.
3099 2805 3152 2858 ln
3182 2807 3344 2861 veteri
3376 2825 3590 2880 quoque

2006 2885 2121 2956 lege
2159 2889 2208 2940 id
2241 2890 2475 2957 reperire
2502 2901 2578 2945 est
2602 2932 2615 2955 ,
2641 2893 2865 2961 gratiam
2891 2910 3079 2964 nempe
3111 2896 3162 2949 in
3192 2897 3420 2968 indignis
3446 2915 3590 2969 su-pe

2003 2991 2312 3048 Operantem
2339 3024 2354 3048 ,
2403 2993 2457 3037 ut
2500 2985 2615 3038 aliis
2659 2986 2916 3041 beneﬁcia
2962 2989 3247 3044 conferret.
3281 2993 3413 3054 Quia
3444 2993 3585 3046 enim

2005 3087 2108 3124 non
2139 3087 2324 3127 omnes
2375 3075 2440 3127 ad
2488 3078 2663 3130 omnia
2716 3077 2890 3132 idonei
2919 3090 3106 3144 erant;
3139 3081 3230 3135 scd
3257 3082 3344 3135 alii
3374 3083 3586 3152 quidem

2003 3163 2164 3216 vitam
2194 3180 2373 3232 pttram
2405 3167 2650 3236 agebant,
2683 3183 2854 3236 neque
2885 3180 3025 3223 tanta
3053 3170 3154 3225 ﬁde
3182 3173 3390 3241 pr:editi
3411 3184 3585 3239 erant,

2001 3253 2090 3307 alii
2121 3271 2248 3308 vero
2275 3271 2306 3309 e
2338 3258 2605 3311 contrario
2639 3277 2652 3312 :
2687 3268 2736 3312 et
2768 3259 2851 3313 bis
2881 3261 3076 3325 utitur,
3105 3273 3159 3315 ut
3193 3264 3310 3317 illos
3337 3276 3547 3319 moueat
3568 3306 3586 3331 ,

2004 3354 2052 3397 ut
2089 3346 2305 3399 multam
2333 3347 2487 3402 ﬁdem
2514 3348 2820 3415 exhibeant,
2847 3362 2901 3405 et
2926 3352 3044 3406 illos
3078 3369 3170 3421 per
3197 3353 3458 3410 iuell‘abile
3489 3356 3588 3413 boc

2003 3437 2198 3488 donum
2229 3446 2446 3502 evocat,
2482 3449 2540 3492 ttt
2570 3440 2817 3494 meliores
2847 3443 3093 3496 evadant.

2073 3527 2126 3581 2.
2161 3528 2392 3582 Potestas
2423 3533 2828 3594 supernaturolis
2853 3534 2959 3586 sine
2990 3537 3167 3588 virtute
3196 3535 3400 3589 exitium
3427 3539 3583 3606 parit.

2016 3621 2222 3674 Virtutis
2250 3624 2614 3692 prterogativte.
2644 3654 2702 3664 ——
2737 3624 2965 3695 Ideoque
2989 3627 3445 3683 abundantissime
3461 3646 3585 3699 gra-

2004 3717 2127 3768 tiatn
2172 3716 2354 3768 dabat.
2407 3715 2642 3782 Virtutes,
2677 3718 2942 3787 inquiunt,
2993 3721 3178 3773 multas
3223 3722 3450 3791 fecimus.
3482 3722 3590 3776 Sed

2003 3808 2277 3876 conﬁtebor
2325 3808 2428 3861 illis
2472 3819 2618 3874 tunc,
2651 3808 2773 3862 Non
2808 3813 2920 3864 novi
2950 3827 3051 3864 vos.
3090 3812 3245 3866 Nunc
3285 3813 3496 3881 quidem
3529 3829 3588 3867 se

2002 3900 2200 3952 amicos
2244 3915 2391 3954 meos
2417 3916 2536 3953 esse
2565 3907 2792 3969 putant;
2831 3910 2953 3954 tunc
2985 3918 3112 3955 vero
3151 3913 3476 3970 cognosci-nt
3503 3918 3588 3956 me

2006 3993 2109 4044 illis
2158 4008 2262 4045 non
2312 4003 2367 4044 ut
2421 3993 2606 4046 amicis
2649 3992 2877 4046 dedisse.
2917 3993 3119 4062 Ecquid
3150 3994 3358 4048 miraris
3385 3994 3428 4046 si
3460 3995 3588 4047 viris

2003 4084 2215 4151 quidem
2246 4083 2296 4135 in
2328 4085 2496 4152 ipsum
2529 4084 2893 4138 credentibus.
2919 4085 3010 4138 sed
3043 4085 3203 4138 vitam
3235 4103 3340 4139 non
3375 4085 3588 4140 baben-

2005 4175 2144 4228 tibtts
2169 4189 2481 4238 consonam,
2507 4193 2724 4228 munera
2758 4176 2844 4229 illa
2875 4177 3038 4240 dedit,
3064 4179 3275 4248 quando
3297 4179 3347 4232 in
3375 4179 3439 4232 iis
3455 4195 3587 4248 quo-

2002 4282 2105 4335 que
2130 4265 2216 4334 qui
2241 4277 2466 4336 utroque
2497 4266 2803 4336 bujusmodi
2838 4270 2977 4323 bono
3007 4271 3155 4325 vacui
3183 4280 3354 4336 erant,
3383 4272 3588 4324 inveni-

2005 4367 2089 4411 tur
2115 4359 2409 4427 operatus?
2440 4359 2652 4413 Balaam
2679 4361 2874 4430 quippe
2898 4371 2952 4417 et
2973 4378 3001 4416 a
3040 4361 3143 4418 ﬁde
3172 4373 3226 4418 et
3251 4380 3281 4417 a
3313 4365 3448 4420 bona
3480 4369 3584 4420 vita

2001 4451 2206 4505 alienus
2234 4460 2351 4504 erat
2385 4450 2404 4522 (
2437 4450 2596 4505 Nunt.
2629 4453 2699 4508 24
2725 4454 2784 4524 );
2831 4463 3064 4510 attamen
3091 4458 3258 4527 gratia
3299 4458 3350 4512 in
3389 4459 3481 4512 illo
3520 4461 3585 4514 ad

2003 4544 2226 4597 aliorum
2259 4559 2347 4598 res
2379 4545 2732 4613 providendas
2759 4557 2977 4615 operata
3005 4556 3104 4602 est.
3140 4549 3422 4619 Etiamque
3452 4551 3588 4605 Pha-

2003 4649 2096 4688 rao
2143 4636 2265 4690 talis
2288 4646 2402 4690 erat
2428 4653 2441 4700 ;
2472 4646 2526 4689 et
2552 4645 2728 4691 tamen
2762 4637 2860 4707 ipsi
2899 4653 3108 4708 quoque
3137 4639 3312 4693 futura
3333 4645 3587 4696 ostendit.

2004 4727 2070 4780 Et
2114 4726 2625 4781 Nabucliodonosori
2670 4728 3003 4798 iniquissimo
3047 4745 3108 4781 ea
3152 4745 3270 4796 qua:
3301 4741 3420 4800 post
3449 4735 3592 4786 mul-

2007 4834 2086 4877 tas
2134 4825 2506 4892 generationes
2549 4823 2724 4877 futura
2771 4833 2926 4877 erant
2972 4823 3437 4896 revelavit(Dan.
3483 4825 3520 4880 2
3550 4827 3590 4897 ).

2009 4915 2175 4984 Ipsius
2206 4930 2419 4984 quoque
2449 4914 2576 4978 ﬁlio,
2606 4913 2696 4984 qui
2726 4922 2932 4984 patrem
2966 4914 3246 4984 iniquitate
3276 4918 3586 4985 superabat,

2009 5007 2180 5062 futura
2230 5006 2499 5066 ostendit:
2535 5005 2806 5059 mirabiles
2844 5020 3171 5077 magnasque
3211 5023 3299 5063 res
3353 5009 3423 5062 ita
3466 5010 3590 5064 δίε-

2008 5113 2236 5168 pensans
2274 5099 2295 5168 (
2327 5097 2459 5150 Dan.
2489 5097 2578 5165 5).
2616 5096 2749 5165 Quia
2795 5097 2952 5166 igitur
2993 5099 3384 5168 praedicationis
3429 5117 3589 5155 exor-

2009 5189 2093 5243 dia
2119 5197 2228 5242 tum
2257 5196 2433 5255 erant,
2465 5187 2738 5258 multaque
2761 5189 3044 5258 oportebat
3082 5189 3196 5259 ejus
3226 5192 3476 5260 potentia:
3504 5208 3578 5243 ar-

2009 5290 2257 5351 gumenta
2289 5279 2611 5345 monstrari,
2638 5278 2787 5333 inulti
2814 5295 2880 5334 ex
2906 5279 3243 5350 indignorum
3292 5287 3455 5337 etiam
3487 5297 3579 5334 nu-

2010 5387 2161 5426 mero
2189 5372 2326 5426 dona
2355 5371 2705 5442 accipiebant.
2733 5373 2981 5427 Attamen
3000 5373 3072 5426 illi
3090 5388 3158 5427 ex
3189 5371 3484 5428 istiusmodi
3515 5372 3578 5424 si-

2008 5467 2125 5537 gnis
2156 5464 2286 5520 nihil
2329 5464 2694 5532 lucrabantur,
2734 5463 2828 5521 sed
2863 5466 3022 5521 etiam
3067 5467 3298 5536 graviori
3332 5465 3590 5535 supplicio

2011 5559 2321 5630 puniuntur.
2374 5557 2604 5629 Ideoque
2653 5559 2793 5614 banc
2838 5559 3128 5614 terribilem
3186 5573 3369 5613 vocem
3416 5559 3590 5617 emisit

2019 5649 2189 5720 ipsis:
2221 5647 2512 5722 Numquam
2543 5651 2656 5706 novi
2684 5666 2789 5706 vos.
2841 5649 3035 5704 Multos
3082 5663 3224 5705 etum
3268 5647 3355 5706 hic
3385 5649 3588 5718 odit,et
