4050 6220
487 266 592 325 395

484 398 612 442 ante
639 382 894 456 judicium
926 385 941 416 ¹
974 392 1268 439 aversatur.
1300 382 1609 437 Timeamus
1636 381 1836 451 itaque,
1868 378 2068 444 dilecti,

491 488 548 532 et
569 476 794 532 multam
823 474 1162 531 instituenda:
1185 474 1308 528 vita:
1331 490 1514 528 curam
1543 472 1950 543 impendamus;
1983 489 2076 527 ne-

487 584 593 638 que
619 577 862 637 putemus
892 568 1068 621 minus
1094 582 1192 620 nos
1221 565 1440 630 habere,
1465 566 1586 636 quia
1618 567 1765 636 signa
1796 580 1938 620 nunc
1968 580 2073 619 non

489 662 735 717 facimus.
763 662 901 715 Nihil
930 662 1074 716 enim
1106 676 1358 729 umquam
1390 660 1623 729 amplius
1648 675 1713 715 ex
1737 660 1900 729 signis
1922 658 2074 713 nobis

491 750 763 816 reddetur,
780 752 916 805 sicut
940 750 1072 805 nihil
1096 752 1273 805 minus
1301 766 1365 805 eo
1380 751 1521 820 quod
1548 751 1697 818 signa
1721 767 1826 803 non
1848 749 2071 803 edamus

489 842 530 893 si
558 832 840 896 virtutibus
861 843 1110 897 omnibus
1133 843 1321 895 demus
1350 858 1590 910 operam.
1612 842 1896 911 Signorum
1922 842 2075 915 quip-

489 949 554 1003 pe
586 936 856 991 debitores
886 952 990 990 non
1010 951 1217 1001 smnus,
1245 950 1341 1003 pro
1370 937 1507 989 bona
1530 943 1706 987 autent
1732 935 1836 987 vita
1861 944 1916 987 et
1945 949 2075 1003 0pc-

488 1025 676 1091 t'ibus,
709 1026 875 1081 Deum
927 1027 1187 1081 habemus
1232 1027 1553 1080 debitorem.
1600 1025 1735 1093 Quia
1778 1025 1937 1095 igitur
1987 1025 2076 1080 ille

486 1127 677 1172 cuncta
709 1118 949 1187 perfecit.
978 1126 1033 1172 et
1061 1117 1128 1171 de
1158 1119 1353 1171 virtute
1380 1117 1781 1171 accuratissime
1804 1116 2072 1180 disseruit,

487 1224 551 1263 ac
568 1208 819 1264 virtutem
851 1210 1165 1263 simulantes
1194 1225 1222 1261 a
1254 1209 1434 1278 probis
1473 1208 1714 1263 diversos
1740 1223 1860 1262 esse
1887 1217 2072 1263 osten-

487 1301 602 1367 dit;
632 1302 750 1357 illos
787 1318 977 1372 nempe
999 1303 1085 1373 qui
1109 1302 1415 1371 jejunarent
1442 1303 1525 1357 vel
1556 1311 1773 1357 orarent
1799 1303 1862 1356 ad
1892 1312 2074 1357 osten-

490 1394 766 1459 tationem,
796 1408 890 1448 eos
929 1396 1018 1462 qui
1049 1395 1148 1447 sub
1198 1395 1336 1460 pelle
1377 1394 1555 1448 ovium
1621 1393 1956 1459 accederent,
1981 1408 2076 1448 eos

490 1485 575 1553 qui
609 1486 858 1540 virtutem
891 1486 1309 1553 labefactarcnt,
1343 1501 1477 1557 quos
1521 1494 1576 1541 et
1604 1500 1796 1555 porcos
1824 1495 1878 1539 et
1915 1499 2073 1539 canes

490 1577 720 1642 vocavit,
751 1576 1042 1631 ostendens
1073 1576 1286 1630 demum
1319 1586 1575 1645 quantum
1606 1585 1751 1631 esset
1775 1576 1858 1631 vel
1892 1576 1942 1629 in
1976 1576 2074 1630 hac

494 1672 600 1723 vita
632 1672 846 1723 virtutis
873 1670 1075 1724 lucrum
1106 1710 1121 1735 ,
1165 1678 1528 1740 quantumque
1557 1678 1855 1739 emergeret
1882 1683 1947 1723 ex
1976 1669 2075 1722 im-

490 1762 751 1829 probitate
803 1775 1178 1818 nocumeutum
1202 1803 1218 1828 ,
1269 1761 1398 1817 dicit
1447 1779 1459 1814 :
1493 1762 1584 1817 ‘24.
1619 1759 1796 1815 Omnis
1823 1762 1909 1831 qui
1932 1761 2075 1814 audit

491 1854 640 1908 verba
663 1871 773 1909 mea
799 1855 906 1909 lucc
930 1896 946 1921 ,
974 1865 1020 1908 et
1050 1856 1172 1927 facit
1196 1872 1276 1921 ea,
1320 1854 1681 1908 assimilubitnr
1710 1855 1814 1908 viro
1834 1854 2070 1923 sapienti.

491 1943 622 1999 Nam
659 1945 750 2015 qui
781 1945 941 2000 verba
971 1945 1085 2015 ejus
1114 1962 1219 1999 non
1249 1944 1555 2010 observant,
1586 1946 1795 2000 etiamsi
1825 1945 1971 2013 signa
1999 1944 2074 1997 ia-

492 2036 658 2101 ciant,
687 2052 806 2104 qua:
827 2037 1033 2105 passuri
1062 2037 1171 2090 sint
1198 2036 1419 2090 audiStis
1447 2052 1460 2087 :
1494 2036 1672 2090 sciatis
1701 2046 1877 2090 autem
1900 2051 2061 2105 opor-

493 2136 589 2192 tet,
623 2129 815 2198 quibus
846 2128 1087 2183 fruentur
1108 2128 1259 2181 bouis
1285 2128 1317 2181 ii
1345 2129 1433 2197 qui
1462 2129 1618 2182 dictis
1643 2129 1891 2181 omnibus
1915 2127 2073 2181 obse-

486 2230 742 2290 quuntur,
774 2235 878 2272 non
911 2220 963 2272 in
992 2218 1169 2273 futuro
1201 2228 1405 2272 tantum
1439 2219 1638 2273 smculo
1658 2260 1673 2282 ,
1703 2218 1797 2273 sed
1824 2219 1984 2272 etiam
2017 2219 2069 2273 in

487 2311 758 2379 presenti.
793 2309 992 2376 Omnis,
1027 2310 1224 2379 inquit,
1258 2310 1344 2379 qui
1371 2311 1515 2362 audit
1555 2307 1704 2362 verba
1730 2326 1841 2363 mea
1865 2312 1990 2372 lucc,
2024 2319 2072 2363 et

484 2402 606 2472 facit
646 2418 703 2454 ea
730 2441 745 2464 ,
794 2401 1156 2455 assimilabitur
1198 2402 1303 2453 viro
1331 2400 1568 2469 sapienti.
1619 2400 1777 2454 Vides
1803 2400 2071 2471 quomodo

483 2509 785 2549 sermonem
812 2495 1005 2558 variet,
1033 2494 1195 2547 ntodo
1225 2493 1412 2546 dicens
1434 2534 1448 2555 ,
1480 2490 1599 2546 Non
1640 2494 1803 2546 omnis
1840 2494 1928 2562 qui
1951 2493 2073 2547 dicit

484 2588 609 2640 mihi
639 2629 655 2653 ,
680 2586 915 2649 Domine,
951 2585 1182 2650 Domine,
1215 2601 1443 2655 seseque
1485 2585 1757 2644 revolans:
1791 2586 1950 2641 modo
1977 2602 2071 2641 au-

484 2689 611 2746 tem,
645 2678 741 2744 Qui
769 2679 892 2749 facit
918 2677 1230 2730 voluntatem
1268 2677 1439 2730 Patris
1466 2677 1580 2739 mei,
1612 2685 1667 2730 ct
1697 2692 1884 2731 rursus
1904 2692 1960 2730 se
1980 2677 2068 2745 ju-

482 2770 652 2825 dicem
683 2770 985 2835 declarans,
1007 2769 1159 2823 Multi
1175 2768 1343 2822 dicent
1365 2768 1491 2821 mihi
1510 2769 1563 2820 in
1584 2767 1676 2821 illa
1691 2766 1772 2822 die
1792 2785 1809 2821 :
1834 2765 2067 2830 Domine,

486 2860 714 2924 Domine,
732 2877 897 2915 nonne
921 2862 973 2914 in
1002 2860 1205 2914 nomine
1234 2872 1318 2913 tuo
1347 2858 1795 2930 prop/teterimae?
1818 2857 1881 2911 Et
1904 2857 2070 2927 dicam

480 2954 584 3017 eis,
610 2951 731 3006 Non
759 2952 871 3005 novi
897 2968 1004 3005 vos.
1053 2950 1151 3005 Hic
1199 2965 1414 3020 quoque
1442 2947 1677 3002 ostendit
1725 2962 1786 3002 se
1833 2948 2068 3001 omniutn

482 3053 798 3114 potestatem
852 3042 1051 3097 habere
1099 3059 1112 3094 :
1156 3050 1480 3111 quapropter
1522 3038 1775 3101 dicebat,
1803 3037 1900 3104 Qui
1928 3038 2072 3091 audit

482 3138 629 3192 verba
659 3154 770 3191 mea
789 3136 916 3190 lucc.
951 3135 1082 3203 Quia
1112 3135 1254 3189 enim
1285 3133 1463 3188 omnia
1491 3131 1557 3186 de
1582 3131 1772 3186 futuris
1797 3130 2066 3194 disseruit,

485 3239 540 3284 et
562 3245 785 3300 regnum
826 3242 1133 3282 memorans
1157 3268 1173 3293 ,
1203 3236 1258 3280 et
1299 3224 1602 3280 mercedem
1646 3221 1990 3286 ineffabilem,
2017 3232 2069 3275 et

481 3322 900 3378 consolationem
924 3327 980 3375 et
1008 3319 1200 3373 similia
1229 3360 1245 3384 ,
1276 3316 1387 3371 vult
1411 3333 1506 3372 eos
1543 3316 1666 3370 hinc
1695 3314 1933 3384 proferre
1958 3314 2068 3367 fru-

482 3424 600 3469 ctus
645 3429 805 3478 suos,
848 3420 903 3466 et
931 3409 1214 3465 05tendere
1256 3418 1450 3479 quanta
1493 3408 1560 3462 sit
1603 3409 1652 3461 in
1684 3408 1930 3477 praesenti
1963 3406 2067 3460 vita

482 3505 690 3559 virtutis
707 3504 805 3557 vis.
834 3501 964 3568 Quae
987 3516 1115 3571 ergo
1135 3510 1215 3556 est
1238 3500 1449 3554 virtutis
1477 3498 1601 3553 vis?
1626 3496 1757 3553 Cum
1784 3497 2069 3553 securitate

481 3597 679 3662 vivere,
713 3593 872 3648 nullis
911 3592 1103 3647 cedere
1130 3592 1414 3655 aarumnis,
1461 3588 1780 3644 laedentibus
1818 3588 2068 3642 omnibus

482 3686 816 3757 superiorem
869 3697 988 3738 esse
1037 3698 1052 3735 :
1104 3682 1188 3734 cui
1243 3679 1369 3749 quid
1416 3695 1511 3750 par
1539 3695 1660 3734 esse
1689 3678 1905 3748 possit?
1934 3678 2064 3732 Illud

482 3779 627 3833 enim
655 3793 724 3831 ne
754 3776 799 3829 is
819 3773 1031 3844 quidem
1058 3773 1147 3842 qui
1166 3770 1468 3825 diademate
1515 3770 1811 3833 redimitur,
1845 3768 1946 3822 sibi
1975 3784 2070 3839 po-

486 3879 944 3937 testcomparare,
976 3863 1068 3919 sed
1099 3863 1187 3918 ille
1213 3862 1360 3929 solus
1389 3864 1477 3932 qui
1508 3860 1691 3916 virtuti
1713 3860 1804 3914 dat
1826 3876 2066 3930 cperant.

484 3963 601 4032 Ipse
624 3960 819 4030 quippe
850 3956 994 4011 solus
1024 3955 1138 4010 hzec
1172 3969 1293 4009 cum
1334 3968 1526 4025 magno
1551 3952 1765 4009 cumulo
1806 3952 2066 4022 possidet,

486 4054 537 4105 in
570 4051 671 4105 hoc
698 4048 1039 4119 prmseutium
1071 4062 1247 4100 rerum
1280 4047 1469 4115 euripo
1514 4044 1676 4099 multa
1711 4045 1892 4099 fruens
1924 4053 2068 4097 tran-

482 4143 763 4215 quillitate.
791 4141 923 4195 Nam
955 4138 1096 4210 quod
1137 4139 1378 4193 mirabile
1405 4146 1506 4203 est,
1544 4152 1664 4193 cum
1696 4138 1838 4193 nulla
1868 4137 2071 4191 sereni-

483 4248 564 4290 tas
587 4237 674 4297 sit.
706 4234 799 4290 sed
825 4242 1111 4302 tempestas
1135 4231 1425 4286 vehemens
1446 4239 1500 4287 et
1531 4231 1692 4285 multa
1717 4231 2065 4300 perturbatio,

482 4331 832 4402 plut-itumque
861 4327 1199 4390 tcntationes,
1228 4342 1330 4377 non
1359 4332 1533 4393 potest
1560 4325 1672 4392 ipse
1701 4323 1781 4377 vel
1804 4323 2065 4377 tantillum

484 4434 689 4476 nutare.
722 4419 853 4473 Nam
904 4418 1016 4482 ait,
1047 4416 1136 4469 ‘25.
1187 4415 1454 4469 Descendit
1484 4414 1671 4480 pluria,
1694 4425 1931 4467 venerunt
1966 4414 2067 4484 ﬂu~

483 4515 652 4575 mina,
693 4513 942 4581 ﬂaverant
971 4510 1118 4570 renti,
1150 4517 1193 4561 et
1218 4509 1475 4560 irruerunt
1500 4507 1552 4559 in
1588 4508 1792 4559 domum
1827 4505 1988 4567 illaut,
2020 4516 2066 4559 et

481 4623 581 4659 non
613 4604 828 4657 cecidit:
860 4601 1071 4670 fundata
1106 4600 1237 4652 enim
1258 4608 1363 4650 crat
1384 4614 1541 4665 supra
1571 4606 1764 4665 petram
1791 4611 1810 4647 :
1840 4596 2064 4664 pluviattt

484 4698 567 4753 hic
598 4708 653 4752 et
680 4697 918 4758 ﬂumina,
949 4704 998 4746 et
1041 4703 1227 4745 ventos
1259 4689 1620 4756 ntetapltorice
1652 4702 1851 4740 vocans
1883 4687 2069 4740 buunt-

486 4805 580 4843 nas
601 4788 932 4841 calamitates
959 4797 1006 4839 et
1034 4794 1324 4846 :rrumuas,
1355 4778 1599 4832 videlicet
1627 4776 1921 4830 calumnias
1943 4817 1955 4836 .
1990 4777 2069 4829 itt-

482 4880 644 4935 sidias
673 4920 687 4943 ,
718 4882 888 4933 luctus
914 4920 926 4938 ,
962 4886 1160 4929 mortes
1182 4916 1195 4938 ,
1225 4872 1518 4927 domestica
1559 4871 1771 4933 damna,
1798 4869 2069 4923 molestias

484 4972 551 5025 ab
581 4971 769 5025 alienis
792 4979 1015 5029 creatas,
1043 4967 1327 5035 omniaque
1355 4972 1546 5017 cmtera
1575 4962 1711 5016 mala
1740 4961 1791 5014 in
1827 4976 2067 5030 praesen-

486 5072 592 5117 tem
625 5066 785 5115 vitam
820 5059 1139 5129 ingruentia.
1172 5058 1275 5112 Sed
1300 5053 1605 5125 hujusmodi
1636 5054 1811 5107 anima
1832 5092 1844 5113 ,
1877 5052 2062 5121 inquit,

494 5157 621 5209 nulli
655 5155 726 5207 rei
767 5152 955 5215 cedit:
990 5150 1145 5218 hujus
1174 5160 1351 5204 autem
1397 5150 1473 5204 rei
1500 5140 1661 5202 causa
1689 5156 1803 5208 est,
1830 5145 1971 5216 quod
2001 5144 2071 5200 sit

485 5262 649 5319 supra
683 5255 883 5317 petram
915 5242 1147 5296 fundata.
1179 5241 1390 5296 Petram
1421 5250 1599 5295 autem
1631 5246 1786 5293 vocat
1809 5238 2069 5293 doctrina:

484 5354 595 5392 sua:
625 5336 949 5391 ﬁrmitatem.
984 5333 1187 5387 Etenim
1214 5344 1357 5401 petra
1386 5329 1603 5385 fortiora
1632 5338 1755 5384 sunt
1779 5338 2067 5400 praecepta,

485 5430 861 5498 hominemque
886 5425 1090 5481 faciunt
1120 5423 1364 5478 humanis
1379 5423 1629 5477 omnibus
1649 5421 1901 5477 ﬂuctibus
1919 5436 2071 5493 supe-

485 5523 704 5576 riorem.
723 5519 825 5590 Qui
854 5518 996 5573 enim
1028 5516 1144 5570 hrcc
1166 5514 1447 5584 diligenter
1472 5512 1740 5581 observat,
1774 5525 1879 5569 non
1907 5510 2068 5571 modo

540 5688 557 5718 ⁸
582 5692 783 5749 Quidam
818 5699 921 5747 Man
932 5698 1146 5758 ascripti,
1164 5697 1209 5742 et
1231 5696 1339 5741 ante
1357 5688 1669 5755 partitionem.

1230 264 1287 321 S.
1325 262 1603 322 JOANNIS
1640 260 2114 319 CHRYSOSTOMI
2154 261 2474 323 ARCHIEP.
2504 267 3038 328 CONSTANTINOP.

3670 281 3790 335 39.5

2184 378 2490 437 hominibus
2515 399 2708 439 nocere
2732 387 3056 441 tentantibus
3083 387 3330 458 superior
3348 389 3469 459 erit,
3487 389 3584 446 sed
3608 394 3789 448 etiam

2184 472 2315 543 ipsis
2341 473 2673 530 daemonibus
2698 477 3091 533 insidiantibus.

2278 565 2330 621 3.
2376 566 2503 622 Sola
2549 568 2705 622 virtus
2732 570 3080 624 inconcussam
3132 574 3267 642 parit
3318 574 3477 627 animi
3526 577 3783 645 quietem.

2180 655 2351 711 Probo
2371 658 2541 713 nullus
2562 670 2719 731 potest
2739 677 2935 714 nocere.
2963 661 2992 714 Ι
2997 663 3191 731 mprobi
3225 664 3408 718 multos
3426 668 3679 721 sustinent
3705 671 3788 721 la-

2180 748 2417 801 bores.—
2435 749 2586 816 Quod
2620 760 2796 805 autem
2829 752 2941 807 haec
2960 768 3064 806 non
3095 768 3192 823 per
3207 753 3518 824 jactantiam
3557 758 3671 812 sint
3706 761 3788 814 di-

2179 843 2464 902 cta,te5tis
2495 842 2647 894 nobis
2677 853 2757 896 est
2788 841 2920 908 Job,
2952 844 3041 913 qui
3079 859 3268 898 omnes
3300 845 3498 899 diaboli
3537 848 3785 917 impetus

2180 933 2429 1002 excepit,
2473 934 2830 1001 immotasth
2879 930 3070 989 mansit
3103 954 3115 988 :
3145 938 3417 991 testiﬁcari
3447 951 3682 1008 possunt
3728 953 3780 997 et

2178 1026 2431 1093 apostoli,
2462 1027 2552 1096 qui
2578 1028 2825 1081 omnibus
2847 1028 2994 1084 orbis
3025 1028 3271 1085 ﬂuctibus
3301 1031 3351 1084 in
3373 1047 3431 1086 se
3461 1034 3767 1104 irrumpen-

2186 1115 2350 1183 tibus,
2386 1120 2596 1187 popnlis
2636 1120 2783 1183 item,
2815 1123 3086 1191 tyrannis,
3120 1123 3429 1201 domesticis
3471 1135 3528 1179 et
3554 1127 3763 1190 alienis,

2178 1208 2531 1272 dmntonibus,
2558 1211 2791 1274 diabolo,
2825 1214 3076 1284 munique
3107 1217 3318 1271 admota
3372 1214 3622 1273 niachina
3646 1263 3659 1279 .
3688 1218 3765 1275 his

2180 1300 2368 1354 solutis
2390 1303 2637 1354 omnilms
2661 1344 2675 1366 ,
2705 1312 2853 1371 petra
2886 1304 3146 1358 ﬁrmiores
3185 1316 3469 1359 Steterunt.
3506 1308 3647 1375 Quid
3678 1310 3765 1379 igi-

2179 1397 2264 1444 tur
2294 1390 2592 1459 ltujusmodi
2623 1393 2727 1446 vita
2745 1393 2953 1447 beatius
2978 1409 3096 1450 esse
3123 1397 3331 1466 possit?
3361 1398 3475 1452 Hoc
3492 1400 3638 1453 enim
3666 1416 3767 1456 non

2177 1482 2396 1549 divitiae,
2425 1501 2529 1540 non
2558 1489 2802 1557 corporis
2845 1492 3013 1544 robur
3032 1532 3047 1556 ,
3077 1507 3182 1544 non
3208 1492 3377 1562 gloria
3399 1534 3416 1558 ,
3446 1510 3548 1548 non
3578 1508 3770 1564 potens

2180 1572 2270 1637 tia,
2300 1591 2470 1645 neque
2495 1578 2637 1631 aliud
2661 1577 2954 1648 quidpiam,
2989 1581 3081 1635 sed
3115 1583 3227 1635 sola
3254 1584 3465 1637 virtutis
3498 1588 3770 1654 possessio

2179 1668 2696 1732 poteritconciliare.
2720 1668 2830 1724 Non
2863 1680 3036 1738 potest
3074 1674 3240 1735 enim,
3282 1690 3389 1727 non
3418 1686 3593 1742 potest
3620 1690 3766 1730 certe

2176 1753 2277 1806 alia
2308 1758 2527 1825 reperiri
2562 1759 2666 1812 vita
2701 1760 2856 1814 malis
2883 1762 3135 1817 omnibus
3164 1763 3347 1827 libera,
3382 1766 3483 1818 nisi
3524 1767 3642 1820 bzec
3671 1783 3768 1820 una

2180 1855 2404 1901 tantum.
2436 1848 2544 1904 Vos
2578 1866 2788 1920 quoque
2821 1861 2983 1908 testes
3008 1857 3161 1919 estis,
3191 1858 3278 1923 qui
3314 1858 3508 1912 videtis
3539 1860 3595 1913 in
3629 1866 3767 1927 regia

2178 1937 2417 2004 insidias,
2438 1943 2524 2010 qui
2558 1944 2817 2000 tumultus
2845 1956 2899 2000 et
2928 1948 3362 2016 perturbationes
3383 1955 3699 2021 conspicitis
3719 1956 3767 2006 itt

2176 2028 2401 2083 divitum
2455 2032 2680 2089 aedibus.
2728 2035 2833 2090 Sed
2887 2037 3025 2105 apud
3076 2041 3346 2108 apostolos
3394 2042 3522 2095 nihil
3572 2043 3764 2098 simile.

2176 2119 2314 2185 Quid
2346 2122 2551 2191 igitur?
2580 2140 2645 2178 an
2674 2126 2805 2179 nihil
2855 2128 2960 2182 tale
2995 2132 3199 2198 experti
3230 2135 3394 2184 sunt?
3424 2134 3628 2189 nihilne
3655 2150 3769 2189 mo-

2176 2210 2366 2265 lestum
2395 2212 2463 2266 ab
2488 2215 2665 2284 aliquo
2694 2228 2817 2270 sunt
2844 2220 3121 2287 perpessi?
3152 2221 3257 2276 Sed
3283 2223 3383 2276 hoc
3404 2226 3643 2278 omnium
3669 2230 3769 2279 mi-

2175 2301 2553 2358 rabilissimum
2581 2309 2830 2377 cst,quod
2861 2310 3056 2364 multas
3078 2313 3217 2380 passi
3247 2314 3352 2366 sint
3380 2314 3770 2386 insidias,qnod

2175 2396 2356 2451 multae
2384 2407 2727 2467 tempestates
2774 2402 2824 2456 in
2866 2418 2961 2457 eos
3010 2405 3335 2474 irrnperint,
3379 2424 3497 2478 quae
3530 2411 3769 2478 ipsorum

2174 2487 2408 2542 animum
2443 2505 2548 2543 non
2578 2502 2917 2557 everterunt,
2953 2510 3124 2565 neque
3153 2495 3363 2550 illorum
3406 2503 3768 2557 constantiam

2175 2576 2446 2649 fregerunt
2471 2595 2485 2642 ;
2519 2582 2625 2634 imo
2654 2583 2813 2636 etiam
2846 2585 3001 2639 nudis
3029 2587 3341 2654 corporibus
3362 2603 3662 2659 pugnantes
3686 2596 3770 2648 vi-

2173 2678 2394 2736 cerunt,
2453 2672 2861 2743 superioresque
2890 2686 3196 2731 evaserunt.
3222 2678 3288 2732 Et
3318 2692 3370 2733 tu
3398 2682 3577 2752 itaque
3606 2685 3651 2736 si
3679 2700 3772 2740 vc-

2174 2761 2240 2816 lis
2270 2760 2389 2817 hate
2416 2774 2665 2818 accurate
2709 2766 3015 2832 observare,
3046 2770 3224 2824 omnia
3251 2771 3524 2827 deridebis
3556 2791 3569 2825 :
3604 2775 3769 2829 modo

2174 2854 2315 2907 enim
2346 2855 2529 2908 harum
2567 2855 3000 2913 adhortationum
3028 2859 3363 2930 philosophia
3399 2865 3639 2918 munitus
3667 2866 3767 2932 sis,

2175 2945 2304 2997 nihil
2336 2953 2389 2999 te
2415 2947 2467 2999 in
2490 2961 2776 3001 maerorem
2799 2948 3067 3018 conjicere
3094 2955 3307 3020 poterit.
3335 2952 3391 3007 In
3420 2971 3526 3022 quo
3547 2957 3692 3010 enim
3720 2967 3772 3012 te

2177 3035 2331 3089 laedet
2360 3036 2403 3089 is
2431 3036 2518 3106 qui
2564 3036 2786 3092 insidias
2809 3042 3103 3094 struxerit?
3133 3057 3200 3095 an
3232 3045 3486 3111 pecunias
3509 3045 3715 3101 auferet
3744 3046 3770 3101 ἲ

2174 3127 2279 3183 Sed
2302 3136 2428 3183 ante
2454 3129 2625 3183 minas
2656 3129 2793 3183 illius
2820 3130 3002 3198 jussus
3031 3147 3090 3186 es
3141 3133 3255 3186 illas
3282 3146 3631 3191 contemnere
3654 3180 3668 3200 .
3720 3149 3774 3193 et

2176 3219 2245 3273 ita
2272 3217 2341 3270 ab
2370 3219 2474 3274 illis
2501 3222 2740 3276 animum
2767 3223 3056 3290 abducere,
3086 3235 3144 3279 ut
3170 3242 3456 3296 numquam
3488 3244 3517 3281 a
3541 3228 3771 3285 Domino

2175 3311 2479 3381 hujusmodi
2511 3313 2780 3383 quidpiam
2816 3325 2987 3385 petas.
3016 3317 3120 3371 Sed
3157 3329 3207 3371 te
3251 3320 3301 3372 in
3329 3334 3600 3375 carcerem
3636 3333 3770 3376 cou-

2166 3401 2360 3468 jiciet?
2389 3404 2458 3457 At
2486 3414 2611 3458 ante
2643 3420 2914 3461 carcerem
2965 3408 3035 3462 ita
3071 3419 3120 3462 te
3149 3409 3333 3465 vivere
3379 3415 3639 3481 praecepit
3662 3454 3677 3476 ,
3709 3424 3768 3468 ut

2172 3496 2370 3550 mundo
2386 3498 2603 3552 omnino
2629 3499 2914 3555 cruciﬁxus
2933 3501 3026 3554 sis.
3054 3501 3156 3557 Sed
3177 3504 3316 3557 male
3338 3503 3405 3560 de
3426 3513 3479 3562 te
3505 3506 3770 3576 loquitur?

2174 3584 2370 3641 Verum
2425 3586 2529 3643 hoc
2572 3598 2623 3643 te
2655 3588 2841 3644 dolore
2889 3590 3138 3646 liberavit
3174 3592 3421 3648 Christus
3446 3638 3461 3662 ,
3496 3596 3627 3653 dum
3666 3597 3765 3655 tibi

2174 3679 2415 3745 multam,
2448 3681 2581 3734 citra
2623 3682 2881 3747 laborem,
2916 3685 3186 3753 patientia.-
3210 3687 3482 3755 pollicitus
3509 3698 3597 3743 est
3621 3705 3767 3744 mer-

2171 3769 2379 3835 cedem,
2402 3780 2561 3840 atque
2590 3773 2659 3825 ita
2689 3782 2739 3827 te
2782 3788 2969 3841 purum
3000 3776 3067 3829 ab
3109 3775 3408 3846 hujusmodi
3467 3780 3546 3834 ira
3587 3792 3645 3836 et
3688 3783 3769 3837 la-

2175 3862 2303 3919 bore
2332 3863 2581 3927 reddidit,
2615 3875 2673 3919 ut
2693 3867 2913 3935 jusserit
2944 3869 3104 3923 etiam
3138 3886 3235 3939 pro
3275 3871 3509 3928 inimicis
3537 3889 3701 3931 orare
3722 3878 3763 3928 ³.

2172 3953 2276 4009 Sed
2303 3954 2449 4023 pellit
2475 3965 2525 4009 te
2541 3963 2595 4008 et
2621 3957 2914 4011 innumeris
2943 3960 3155 4014 obsidet
3183 3961 3337 4016 malis
3359 3964 3383 4013 ’ἒ
3414 3965 3483 4017 At
3515 3964 3765 4033 Splendi-

2172 4046 2374 4101 diorem
2396 4047 2487 4100 tibi
2520 4058 2668 4115 parat
2695 4064 2966 4103 coronam.
2996 4052 3096 4105 Sed
3131 4062 3181 4107 te
3211 4054 3406 4107 occidit
3430 4056 3713 4125 etjugulat
3734 4058 3761 4109 2

2172 4138 2260 4193 Sic
2299 4138 2418 4193 idco
2464 4140 2695 4195 maxime
2728 4140 2819 4194 tibi
2847 4141 3159 4196 beneﬁcium
3190 4153 3427 4212 prmstat,
3456 4158 3763 4218 martyrum

2176 4231 2264 4284 tibi
2298 4232 2511 4300 prannia
2536 4248 2746 4301 parans,
2766 4242 2820 4286 et
2843 4234 2999 4288 citius
3023 4244 3073 4288 te
3101 4235 3318 4289 mittens
3336 4236 3386 4290 in
3408 4240 3757 4307 tranquillum

2176 4332 2405 4392 portum,
2437 4324 2757 4393 majorisque
2800 4324 2892 4377 tibi
2932 4326 3298 4379 retributionis
3343 4328 3476 4381 dans
3517 4331 3767 4385 occasiu-

2174 4432 2318 4481 nem,
2346 4431 2407 4469 ac
2437 4417 2526 4469 tibi
2575 4416 2895 4485 prevideus,
2928 4430 2985 4471 ut
3012 4433 3038 4469 a
3070 4421 3341 4473 communi
3366 4421 3450 4473 illa
3485 4423 3764 4476 reddenda

2176 4509 2379 4562 ratione
2408 4516 2458 4561 te
2488 4507 2756 4576 expedias.
2797 4506 2958 4577 quue
2996 4510 3229 4564 maxime
3271 4513 3513 4565 ontuittnt
3555 4515 3763 4567 miran-

2173 4600 2295 4653 dttm
2327 4609 2430 4664 est,
2460 4601 2598 4669 quod
2632 4615 2822 4668 nempe
2845 4617 2948 4655 non
2977 4602 3133 4656 modo
3153 4603 3283 4656 nihil
3312 4603 3509 4658 laedant
3535 4606 3764 4660 insidia-

2175 4703 2339 4755 tores,
2373 4694 2464 4747 srd
2493 4695 2650 4746 etiam
2677 4694 3067 4762 splendidiores
3094 4696 3212 4749 illos
3239 4697 3465 4751 reddant
3490 4714 3629 4767 quos
3655 4700 3759 4751 im-

2174 4797 2377 4855 petunt.
2424 4783 2518 4838 Cui
2561 4785 2699 4838 bono
2729 4785 2855 4855 quid
2898 4802 2991 4855 par
3036 4803 3283 4855 umquam
3319 4788 3518 4852 fuerit,
3550 4790 3769 4859 quando

2173 4879 2293 4931 talis
2336 4876 2584 4946 deligitur
2625 4877 2749 4939 vita,
2801 4878 2975 4947 qualis
3016 4880 3129 4933 Inrc
3178 4880 3290 4933 sola
3329 4881 3585 4934 exsistit?
3627 4880 3765 4946 Quia

2172 4971 2313 5023 enim
2337 4970 2542 5023 dixerat
2567 4982 2766 5023 arctam
2795 4976 2846 5023 et
2876 4980 3152 5039 angustam
3183 4985 3303 5025 esse
3327 4972 3485 5038 viam
3510 4972 3644 5028 hinc
3673 4974 3758 5025 la.

2174 5063 2318 5117 boris
2337 5063 2752 5117 consolationem
2779 5061 3029 5128 alierens,
3060 5064 3292 5118 ostendit
3320 5080 3565 5134 magnam
3596 5065 3647 5120 in
3666 5065 3761 5119 illa

2174 5171 2294 5211 esse
2322 5158 2685 5220 securitatem,
2721 5172 2961 5225 magnam
2985 5156 3313 5225 voluptatem
3338 5197 3355 5221 ,
3380 5158 3517 5211 sicut
3549 5158 3601 5212 in
3627 5172 3763 5212 con-

2174 5250 2337 5305 traria
2367 5265 2611 5320 magnam
2643 5251 2955 5319 pravitatem
2979 5248 3022 5314 ’,
3049 5252 3235 5321 ingens
3263 5249 3537 5304 damnum.
3569 5250 3764 5317 Quem-

2173 5341 2457 5397 admodum
2486 5342 2628 5396 enim
2660 5342 2782 5395 hinc
2813 5340 3023 5394 virtutis
3052 5343 3269 5410 praemia
3300 5344 3653 5406 monstravit,
3674 5343 3759 5395 sic

2172 5442 2227 5489 et
2242 5432 2492 5504 nequitia:
2512 5433 2937 5488 retributionem.
2963 5431 3094 5487 Nam
3117 5433 3260 5504 quod
3282 5428 3461 5487 dicere
3481 5431 3760 5494 consuevi.

2236 5630 2255 5662 ι
2292 5627 2386 5679 Alii
2403 5642 2502 5678 non
2524 5629 2683 5691 pauci,
2706 5627 2848 5691 ctiam
2873 5640 2961 5690 pro
2982 5626 3066 5679 ilio
3086 5641 3248 5681 orare.

2237 5693 2260 5723 ‘
2291 5691 2406 5751 Alii,
2430 5690 2651 5754 magnam
2674 5690 3002 5740 temeritatem.
