4050 6220
359 270 466 327 3‘25

362 381 464 438 hoc
504 383 667 439 etiam
707 400 845 440 nunc
891 385 1085 454 dicam,
1125 401 1192 442 ex
1241 397 1466 460 utroque
1507 389 1732 445 salutem
1780 391 1935 446 audi-

358 482 536 530 torum
562 476 756 547 ubique
778 487 1045 546 operatur,
1073 494 1143 534 ex
1179 479 1388 533 virtutis
1421 480 1618 546 studio,
1644 490 1700 536 et
1721 496 1785 536 ex
1815 482 1941 537 odio

359 568 627 637 nequitiae.
661 567 791 634 Quia
820 569 963 624 enim
1003 571 1222 641 quidam
1265 571 1426 626 futuri
1470 581 1626 626 erant
1667 575 1759 642 qui
1789 573 1933 630 dicta

361 659 576 728 quidem
622 672 965 729 mirarentur,
1017 679 1188 733 neque
1231 673 1408 720 tamen
1457 665 1594 721 bona
1623 667 1938 724 exhiberem

357 764 540 820 opera,
565 752 682 806 illos
709 755 1048 822 prmveniens
1073 764 1238 811 terret
1277 773 1340 811 ac
1367 757 1496 812 dicit
1527 775 1539 811 :
1574 759 1780 813 etiamsi
1813 761 1934 830 pul-

354 843 478 897 chra
500 844 602 898 sint
621 859 683 899 ea
715 860 834 915 quae
869 847 1140 913 dicuntur,
1172 864 1276 902 non
1305 848 1552 905 sufticere
1578 861 1754 905 tamen
1781 851 1936 906 audi-

355 942 459 989 tum
487 935 552 990 ad
582 938 832 1003 salutem,
860 940 953 994 sed
987 949 1237 1011 Oportere
1269 959 1363 1012 per
1387 959 1547 1014 opera
1568 944 1787 1016 obsequi
1815 965 1826 998 :
1855 955 1934 1000 to-

348 1035 456 1080 tum
484 1036 660 1084 autem
692 1029 791 1084 hac
841 1032 892 1085 in
930 1048 991 1087 re
1031 1035 1296 1104 prmcipue
1325 1047 1586 1092 versatur.
1637 1039 1812 1110 Atque
1843 1040 1931 1096 hic

344 1130 646 1174 sermonem
677 1123 950 1178 concludit
976 1166 991 1190 ,
1019 1126 1360 1198 validumque
1402 1130 1530 1197 ipsis
1561 1131 1812 1187 timorem
1838 1149 1928 1189 re-

343 1205 556 1278 linquit.
586 1211 1041 1278 Quemadmodum
1069 1219 1210 1272 enim
1229 1261 1244 1285 ,
1278 1235 1396 1275 cum
1430 1221 1496 1276 de
1521 1223 1716 1278 virtute
1745 1239 1928 1295 agerc-

341 1307 448 1365 tur,
479 1317 584 1357 non
627 1305 797 1359 solum
851 1323 914 1362 ex
949 1309 1135 1364 futuris
1167 1311 1436 1378 incitabat,
1464 1332 1684 1387 regnum
1714 1335 1923 1374 memo-

340 1404 486 1458 rans,
515 1395 695 1463 etelos,
729 1399 1028 1455 mercedem
1057 1402 1376 1460 ineffabilem
1399 1448 1413 1471 ,
1449 1410 1872 1465 consolationem
1900 1454 1916 1478 ,

339 1482 722 1556 i'nnumeraque
772 1488 932 1555 bona,
987 1493 1080 1547 sed
1108 1494 1267 1549 etiam
1312 1511 1340 1549 a
1394 1501 1768 1568 praesentibus,
1794 1502 1922 1557 dum

337 1572 642 1632 firmitatem
674 1579 1208 1654 immobilitatemque
1249 1595 1415 1656 petra:
1456 1591 1732 1645 ostendit:
1766 1593 1843 1648 sic
1869 1603 1922 1648 et

335 1679 457 1718 eum
488 1665 556 1720 de
581 1669 781 1722 malitia
825 1672 1035 1741 agitur,
1067 1691 1170 1729 non
1215 1677 1375 1731 modo
1401 1688 1567 1735 terret
1610 1681 1679 1736 ab
1709 1683 1773 1737 iis
1801 1699 1920 1753 qua:

333 1766 727 1825 exspectantur,
758 1771 814 1814 ut
837 1763 904 1817 ab
932 1765 1109 1820 excisa
1136 1767 1328 1824 arbore
1348 1811 1362 1834 ,
1406 1773 1526 1840 igne
1569 1773 1919 1844 inexstingui-

331 1845 447 1913 bili,
478 1848 718 1919 ingressu
748 1853 900 1921 regni
929 1854 1236 1922 intercluso,
1261 1859 1329 1913 ab
1350 1859 1450 1916 hoc
1471 1862 1635 1926 dicto,
1662 1863 1782 1918 Non
1799 1868 1914 1920 novi

326 1953 456 2001 vos;
483 1939 574 1994 sed
595 1941 754 1995 etiam
787 1958 850 1996 ex
878 1947 1233 2014 praesentibus
1253 1991 1266 2011 ,
1299 1966 1490 2021 nempe
1538 1968 1602 2007 ex
1633 1955 1783 2008 ruina
1813 1955 1909 2010 do-

326 2043 466 2085 mus.
497 2031 728 2101 Ideoque
755 2050 874 2088 cum
917 2038 1106 2106 majori
1152 2042 1393 2110 emphasi
1422 2058 1725 2102 sermonem
1759 2047 1909 2103 insti-

327 2123 448 2188 tuit,
481 2122 728 2190 parabola
778 2124 926 2179 illum
958 2142 1243 2185 exornans.
1282 2132 1396 2188 Non
1445 2136 1588 2191 enim
1635 2140 1764 2204 satis
1797 2151 1912 2197 erat

327 2210 548 2278 dixisse,
578 2213 771 2271 virtute
801 2218 1077 2285 praeditum
1129 2221 1383 2279 invictum
1437 2226 1574 2294 fore,
1605 2230 1906 2300 improbum

323 2314 482 2374 captu
521 2306 728 2362 facilem
755 2325 769 2374 ;
799 2310 891 2365 sed
923 2320 1124 2380 petram
1156 2317 1352 2382 posuit,
1381 2318 1622 2386 domum,
1656 2324 1899 2393 flumina,

323 2397 554 2466 pluviam
586 2409 640 2454 et
667 2412 906 2469 ventum,
927 2419 990 2459 ac
1017 2406 1229 2461 similia.
1255 2409 1345 2465 26.
1381 2410 1577 2478 ()nmis,
1610 2417 1798 2486 inquit,
1823 2420 1910 2488 qui

321 2490 462 2542 audit
490 2506 741 2546 sermones
766 2495 857 2547 hos
883 2511 1038 2562 meos,
1070 2508 1115 2551 et
1144 2517 1244 2554 non
1275 2505 1398 2572 facit
1421 2520 1524 2567 eos,
1545 2508 1908 2564 assinu'labitur

320 2579 429 2633 uiro
462 2582 637 2649 stulto,
667 2585 754 2652 qui
783 2584 1052 2656 wdiﬁcavit
1079 2590 1283 2646 domum
1311 2611 1455 2648 suam
1489 2614 1640 2667 super
1678 2617 1902 2655 arenam.

320 2668 487 2725 Recte
522 2680 700 2727 autem
731 2677 950 2732 stultum
996 2679 1136 2737 hunc
1163 2685 1389 2738 vocavit.
1430 2686 1568 2754 Quid
1591 2691 1730 2745 enim
1764 2693 1903 2748 stul-

319 2761 424 2817 tius
451 2762 611 2818 fuerit
633 2765 852 2823 homine
877 2783 1038 2840 super
1065 2788 1282 2830 arenam
1313 2779 1643 2850 aedificante,
1674 2792 1727 2839 et
1749 2785 1901 2841 labo-

315 2867 430 2908 rem
451 2854 666 2924 quidem
698 2856 904 2916 ferente
928 2902 942 2928 ,
978 2863 1147 2920 fructu
1178 2883 1306 2923 vero
1342 2879 1396 2924 et
1426 2873 1609 2942 requie
1633 2891 1753 2932 sese
1781 2879 1894 2947 pri-

317 2955 509 3012 vante,
537 2963 742 3020 proque
775 2952 873 3009 hac
898 2970 956 3010 re
1000 2959 1315 3028 supplicium
1361 2966 1702 3024 sustinente?
1744 2971 1896 3040 Quod

315 3046 492 3093 autem
522 3040 556 3093 ii
597 3043 688 3110 qui
732 3046 980 3115 nequitiae
1028 3064 1088 3104 se
1135 3050 1336 3108 dedunt
1373 3056 1644 3124 laborent,
1692 3066 1895 3121 nemini

314 3143 419 3183 non
447 3139 630 3186 notum
659 3144 741 3189 est
774 3154 788 3191 :
814 3152 934 3192 nam
958 3151 1162 3209 raptor,
1193 3145 1487 3215 adulterus,
1520 3153 1852 3224 sycophanta
1873 3198 1888 3223 ,

312 3223 538 3278 multum
585 3225 830 3284 laborant
881 3232 1150 3304 multaque
1191 3238 1475 3306 sustinent,
1529 3252 1587 3298 ut
1640 3223 1895 3304 malitiam

311 3326 460 3368 suam
486 3314 553 3369 ad
583 3316 742 3372 linem
775 3319 1040 3377 deducant
1067 3342 1082 3389 ;
1111 3327 1204 3381 sed
1237 3345 1340 3384 non
1385 3334 1544 3388 modo
1585 3337 1785 3393 nullum
1813 3357 1899 3396 re-

309 3403 489 3460 ferunt
515 3406 764 3473 fructum,
792 3427 976 3470 verum
1007 3417 1164 3473 etiam
1193 3421 1444 3479 damnum
1466 3431 1664 3497 grande
1690 3435 1900 3501 patiun-

307 3502 415 3550 tur.
457 3496 590 3552 Nam
644 3508 698 3555 et
747 3501 944 3559 Paulus
993 3507 1222 3580 idipsum
1279 3515 1620 3575 subindicans
1645 3496 1893 3582 dicebat:

311 3587 412 3652 Qui
436 3590 650 3645 seminat
677 3593 729 3646 in
747 3607 902 3649 carne
920 3615 1030 3664 sua,
1066 3601 1131 3655 de
1152 3619 1304 3660 carne
1324 3625 1416 3662 sua
1444 3623 1591 3667 metet
1616 3622 1894 3689 corruptio-

306 3680 645 3750 nem(Galat.
673 3686 725 3740 6.
758 3687 860 3761 8-).
893 3691 1027 3747 Huic
1066 3695 1266 3752 similes
1293 3712 1424 3756 sunt
1457 3707 1544 3775 qui
1584 3724 1747 3780 super
1768 3680 1892 3770 are-

293 3787 429 3827 nam
461 3774 758 3845 aedificant;
785 3784 928 3838 verbi
957 3789 1127 3856 gratia
1158 3792 1249 3861 qui
1292 3793 1344 3847 in
1377 3794 1751 3872 fornicatione,
1797 3808 1887 3876 qui

304 3867 358 3918 in
384 3865 613 3936 luxuria,
645 3873 734 3941 qui
767 3873 818 3928 in
851 3877 1111 3936 ebrietate
1133 3883 1171 3949 ί,
1200 3885 1369 3954 quiin
1400 3889 1693 3962 iracundia,
1721 3897 1812 3968 qui
1834 3899 1886 3956 in

303 3957 421 4013 aliis
448 3963 720 4018 omnibus.

371 4052 427 4106 4.
466 4051 788 4126 Comparatio
813 4059 980 4116 Achab
1003 4075 1048 4118 et
1069 4066 1221 4136 Elim,
1247 4076 1589 4141 apostolorum
1612 4091 1657 4134 et
1676 4081 1888 4140 Judwo-

301 4156 437 4195 rum.
480 4144 836 4214 Apostolorum
882 4153 1071 4220 ﬁducia
1120 4169 1167 4212 et
1211 4161 1448 4228 ﬁrmitas.
1485 4197 1555 4209 --
1595 4171 1736 4228 Talis
1773 4187 1888 4234 erat

299 4232 515 4300 Achab;
559 4239 652 4293 sed
697 4256 800 4296 non
836 4245 954 4300 talis
999 4249 1158 4305 Elias.
1206 4253 1415 4312 Etenim
1467 4277 1498 4316 e
1534 4266 1748 4335 regione
1785 4287 1885 4341 po-

297 4335 488 4381 nentes
515 4329 732 4386 virtutes
763 4343 817 4388 et
847 4336 968 4391 vitia
994 4381 1008 4403 ,
1043 4341 1248 4399 illorum
1279 4347 1628 4410 differentiam
1665 4373 1885 4418 accura-

299 4413 402 4470 tius
421 4431 787 4487 agnoscemus.
813 4424 905 4481 Ille
928 4445 1156 4501 namque
1174 4451 1336 4507 super
1357 4453 1558 4510 petram
1580 4449 1883 4523 ardi'ficavit,

299 4503 310 4523 .
336 4506 377 4523 ._

294 4503 382 4560 hic
410 4523 540 4562 vero
565 4524 726 4580 super
752 4530 968 4573 arenam
1005 4541 1018 4575 :
1057 4523 1282 4597 ideoque
1312 4547 1404 4587 rex
1435 4549 1554 4591 cum
1585 4552 1727 4596 esset
1753 4559 1880 4613 pro-

293 4598 507 4667 phetam
535 4607 803 4663 metuebat
829 4620 882 4665 et
910 4612 1260 4686 formidabat,
1291 4627 1378 4694 qui
1402 4629 1657 4699 propheta
1687 4598 1880 4695 melote

293 4698 496 4747 tantum
543 4707 658 4751 erat
701 4699 933 4758 indutus.
984 4706 1143 4764 Tales
1187 4725 1338 4770 erant
1379 4698 1582 4790 Judaei;
1633 4729 1728 4782 sed
1771 4747 1876 4787 non

288 4788 516 4853 apostoli
548 4805 561 4841 :
588 4794 930 4859 quamobrem
961 4798 1014 4853 hi
1054 4806 1204 4871 pauci
1240 4824 1359 4864 cum
1391 4826 1569 4870 essent
1595 4830 1646 4874 et
1673 4823 1832 4879 vineti
1857 4869 1871 4891 ,

287 4878 591 4937 firmitatem
625 4896 787 4954 petra:
814 4894 1198 4965 ostendebant;
1246 4903 1317 4957 illi
1355 4922 1480 4964 vero
1506 4913 1604 4965 etsi
1646 4918 1796 4973 multi
1823 4929 1877 4975 et

285 4976 514 5041 armati,
558 4978 916 5038 infirmitatem
965 5001 1162 5044 arenae.
1213 4994 1465 5053 Dicebant
1508 5006 1648 5058 enim
1692 5013 1876 5076 :Quid

286 5068 530 5134 faciemus
565 5071 851 5128 hominibus
879 5077 985 5131 istis
1016 5081 1033 5148 (
1057 5081 1168 5134 Act.
1197 5085 1250 5138 4.
1282 5089 1347 5143 16
1371 5089 1430 5156 )?
1464 5093 1643 5151 Viden‘
1671 5100 1787 5157 illos
1819 5104 1870 5160 in

284 5160 526 5227 angustia
563 5165 798 5230 versari;
828 5182 932 5222 non
963 5180 1138 5227 autem
1167 5191 1260 5232 eos
1299 5183 1387 5249 qui
1423 5188 1613 5255 captivi
1641 5203 1790 5248 erant
1817 5205 1872 5251 et

283 5249 446 5304 vincti
469 5294 482 5316 ,
513 5253 606 5308 sed
635 5256 721 5325 qui
753 5257 1062 5317 detinebant
1087 5276 1137 5320 et
1160 5249 1610 5348 vinxeranthtto
1639 5284 1762 5352 quid
1793 5287 1870 5342 in-

281 5340 541 5398 Solentius
566 5346 846 5404 videatur?
886 5351 962 5406 Tu
988 5354 1196 5414 detines
1221 5371 1276 5416 et
1302 5340 1557 5424 dubitas?
1594 5340 1721 5430 lure
1747 5380 1866 5446 qui-

281 5430 426 5485 dem.
455 5433 588 5502 Quia
617 5439 757 5493 enim
783 5444 960 5498 omnia
993 5460 1153 5518 super
1187 5466 1403 5510 arenam
1433 5459 1823 5523 mdificaverant
1847 5489 1862 5538 ;

278 5523 404 5579 ideo
429 5525 1022 5593 intirmiores‘omuibus
1047 5553 1216 5598 erant.
1261 5544 1463 5606 Idcirco
1492 5551 1740 5614 dicebant
1766 5560 1861 5618 de-

1761 5680 1773 5708 l

343 5697 360 5728 ⁸
396 5703 478 5747 Ha.-
504 5710 664 5761 voces,
689 5701 842 5765 quiin
869 5703 1108 5774 ebrietate,
1131 5711 1313 5771 ἀρειῇ.
1338 5718 1393 5773 La
1412 5722 1577 5775 Morel.

1289 274 1355 332 IN
1392 276 1802 338 MATTIIEUM
1840 279 2071 339 HOMIL.
2115 284 2302 342 XXIV.
2345 289 2416 342 al.
2459 291 2623 347 XXV.

3527 320 3632 382 326

2047 409 2156 448 nuo
2180 413 2193 449 :
2223 398 2360 465 Quid
2378 404 2545 472 facitis
2567 407 2779 465 volentes
2800 413 3032 472 inducere
3049 438 3202 494 super
3222 443 3312 483 nos
3330 435 3628 501 sanguinem

2044 484 2260 542 hominis
2286 491 2440 562 hujus
2465 497 2602 564 (Act.
2624 499 2678 554 5.
2702 502 2832 572 28)?
2860 508 2992 575 Quid
3016 484 3184 570 dicit?
3208 518 3286 574 Tu

2042 590 2158 641 res,
2182 579 2360 648 laedis,
2393 595 2446 640 et
2475 597 2526 642 tu
2561 592 2759 649 times?
2784 607 2835 651 tu
2860 601 3086 672 iudicas,
3120 620 3172 664 et
3201 621 3253 666 tu
3283 620 3508 676 tremis?
3535 621 3626 682 Sic

2041 667 2249 727 inﬁrma
2277 684 2360 728 est
2389 681 2607 736 malitia.
2638 685 2741 742 Sed
2768 695 2993 760 apostoli
3019 713 3123 752 non
3149 704 3225 758 sic
3252 723 3266 758 :
3298 708 3415 764 Non
3441 731 3623 784 possu-

2039 774 2150 812 mus
2170 778 2261 815 nos
2281 781 2392 834 qum
2411 772 2690 830 audivimus
2709 789 2755 832 et
2778 779 2990 840 vidimus
3011 805 3110 843 non
3131 793 3270 865 loqui
3287 796 3416 866 (Act.
3436 772 3620 874 £4.20).

2039 849 2281 874 IY:.I:-.!,.9
2318 872 2329 874 _
2384 859 2394 870 ο
2654 868 2663 874 .
2689 869 2718 874 --

3193 849 3207 865 1
3288 849 3416 866 \”"'
3448 849 3620 874 ““⁵ν¹’

2039 849 2281 908 Vidistin"
2311 859 2542 916 animum
2583 868 2906 929 sublimem?
2943 879 3173 937 vidistin‘
3199 895 3397 956 petram
3427 895 3622 956 ﬂuctus

2036 944 2334 1004 ridentem?
2355 953 2585 1010 vidiSIin’
2608 960 2824 1020 domum
2851 944 3217 1033 immobilem?
3237 982 3490 1057 Quodque
3514 993 3618 1047 mi-

2034 1037 2252 1094 rabilius
2278 1083 2291 1107 ,
2325 1059 2428 1100 non
2475 1050 2633 1106 modo
2663 1055 2830 1111 timidi
2877 1076 2982 1116 non
3013 1078 3164 1122 erant
3187 1113 3202 1136 ,
3241 1077 3382 1143 quod
3407 1037 3618 1138 insidia:

2032 1131 2161 1206 ipsis
2202 1149 2531 1209 pararentur,
2563 1148 2656 1200 sed
2681 1151 2842 1206 etiam
2879 1158 3132 1226 majorem
3162 1163 3406 1224 fiduciam
3436 1176 3616 1244 capie-

2032 1221 2154 1244 [-...
2247 1227 2297 1244 PII
2507 1235 2518 1244 ·
2694 1241 2704 1244 ³

2961 1221 2975 1226 -
3307 1221 3314 1222 ί
3359 1221 3406 1224 "'
3441 1221 3586 1244 "'l‘""’

2030 1221 2195 1290 bant,
2245 1227 2467 1300 illosque
2507 1235 2557 1289 in
2603 1241 2856 1310 majorem
2902 1256 3195 1319 angustiam
3238 1262 3614 1330 conjiciebant.

2028 1311 2159 1368 Nam
2190 1321 2276 1386 qui
2303 1322 2637 1382 adamantem
2667 1338 2910 1403 percutit,
2936 1342 3047 1410 ipse
3069 1350 3258 1418 estqui
3284 1358 3611 1427 percutitur;

2029 1416 2083 1462 et
2103 1411 2190 1480 qui
2213 1424 2394 1469 contra
2418 1419 2686 1478 stimulmn
2708 1429 2968 1501 calcitrat,
2995 1436 3105 1506 ipse
3126 1453 3205 1496 est
3226 1446 3313 1515 qui
3343 1453 3610 1522 pungitur,

2028 1510 2081 1555 et
2108 1507 2284 1572 gravia
2316 1512 2507 1581 accipit
2533 1519 2784 1587 vulnera;
2811 1533 2863 1578 et
2889 1528 2977 1596 qui
3002 1531 3196 1589 virtute
3221 1507 3612 1606 prdit-litigiosi:

2026 1591 2202 1649 diatur
2223 1639 2238 1661 ,
2273 1598 2385 1668 ipse
2409 1612 2490 1658 est
2519 1609 2606 1676 qui
2635 1591 2982 1678 periclitatur.
3016 1591 3435 1702 Malitia‘quippe
3464 1646 3610 1693 tanto

3259 1682 3271 1698 ,
3291 1682 3434 1702 --ην

2023 1682 2287 1744 infirmior
2305 1693 2546 1764 efficitur,
2570 1713 2764 1770 quanto
2785 1711 2950 1780 magis
2971 1724 3150 1770 contra
3170 1721 3414 1780 virtutem
3436 1731 3604 1786 aciem

2022 1775 2256 1837 instruit.
2303 1785 2380 1840 Ac
2404 1792 2849 1856 quemadmodum
2875 1775 2965 1872 qui
2996 1804 3170 1874 ignem
3202 1812 3327 1882 ligat
3365 1816 3415 1871 in
3445 1824 3605 1875 vesti-

2021 1882 2204 1924 mento
2227 1914 2240 1938 ,
2285 1874 2548 1934 flammam
2588 1886 2801 1954 quidem
2833 1907 2936 1946 non
2969 1901 3294 1972 exstinguit,
3324 1909 3416 1962 scd
3447 1915 3607 1968 vesti-

2018 1963 2254 2018 mentum
2298 1973 2564 2027 consumit
2595 1992 2608 2028 :
2634 1975 2712 2032 sic
2749 1982 2837 2050 qui
2884 1984 3078 2043 virtute
3121 1995 3374 2061 praeditos
3418 2001 3600 2071 Ιευάῑι,

2016 2052 2238 2122 detinet,
2274 2058 2428 2129 ligat;
2458 2063 2580 2120 illos
2604 2070 2814 2138 quidem
2842 2052 3229 2145 splendidiores
3256 2089 3417 2147 efﬁcit
3438 2136 3452 2160 ,
3483 2052 3602 2154 sese

2015 2159 2144 2200 vero
2183 2151 2378 2218 Perdit.
2432 2156 2639 2214 Etenim
2671 2176 2868 2233 quanto
2902 2175 3143 2240 graviora
3175 2195 3361 2249 passus
3400 2185 3599 2258 fueris,

2906 2236 2928 2240 -
3175 2236 3188 2249 .
3281 2236 3288 2237 ί
3343 2236 3356 2238 -
3400 2236 3599 2258 --ν-·-ι

2014 2236 2138 2292 dum
2168 2242 2334 2309 probe
2362 2246 2520 2302 vitam
2551 2250 2733 2321 ducis,
2764 2267 2910 2314 tanto
2937 2262 3124 2322 fortior
3152 2274 3370 2332 evadis:
3402 2292 3601 2348 quanto

2015 2331 2182 2399 magis
2209 2335 2348 2388 enim
2383 2338 2770 2411 philosophiam
2801 2351 3038 2410 colemus
3059 2399 3074 2424 ,
3105 2368 3253 2416 tanto
3283 2371 3448 2437 magis
3476 2375 3602 2427 nul.-

2012 2419 2114 2475 lius
2143 2426 2448 2497 egebimus;
2477 2442 2530 2488 et
2549 2447 2746 2504 quanto
2774 2445 2939 2514 magis
2965 2450 3112 2506 nullo
3135 2456 3428 2527 egebimus,
3453 2472 3599 2522 tanto

2011 2511 2260 2571 fortiores
2294 2521 2492 2577 erimus
2515 2566 2528 2590 ,
2570 2536 2623 2581 et
2659 2535 2905 2590 omnibus
2933 2544 3254 2610 superiores.
3307 2551 3448 2608 Talis
3482 2568 3599 2613 erat

2009 2603 2263 2662 Joannes.
2298 2611 2653 2679 Quamobrem
2684 2640 2842 2682 nemo
2883 2631 2956 2685 illi
3001 2637 3294 2696 molestiam
3335 2651 3592 2717 creabat,

2009 2694 2096 2717 ιη,
2417 2707 2428 2717 .

3248 2694 3294 2696 κη
3341 2694 3592 2717 ---ηυ-.,

2009 2694 2100 2750 ille
2123 2708 2299 2756 autem
2323 2707 2579 2764 molestus
2601 2725 2714 2770 erat
2742 2717 2969 2788 IIerodi;
2998 2737 3049 2781 et
3075 2731 3162 2799 qui
3191 2733 3323 2789 nihil
3348 2739 3592 2808 habebat,

2009 2787 2192 2808 -.Ι----μ
2633 2806 2642 2808 ⁴

2957 2787 2963 2788 ,
3091 2787 3108 2799 ,
3309 2787 3323 2789 -
3349 2787 3592 2808 "ww".

2006 2787 2265 2847 adversus
2291 2809 2598 2866 regnantem
2631 2806 2948 2880 iusurrexit;
2991 2819 3079 2888 qui
3107 2822 3405 2884 diademate
3425 2874 3438 2897 ,
3469 2848 3595 2902 pur-

2007 2895 2170 2953 pura,
2197 2888 2469 2962 multoque
2497 2907 2686 2952 ornatu
2715 2901 2941 2973 fulgens,
2970 2913 3214 2969 omnibus
3242 2888 3494 2978 nudatum
3528 2927 3593 2982 ti-

2003 2975 2189 3032 mebat
2227 2977 2650 3058 forntidabatque
2671 3031 2685 3055 ,
2719 3009 2890 3065 neque
2917 2999 3064 3057 illmn
3096 3008 3267 3076 capite
3294 3019 3589 3074 truncatum

2005 3077 2215 3137 poterat
2257 3073 2372 3128 sine
2416 3088 2556 3133 metu
2587 3085 2871 3152 respicere.
2922 3092 3071 3158 Quod
3109 3073 3248 3152 enim
3282 3104 3439 3159 etiam
3474 3120 3590 3178 post

2002 3171 2230 3218 mortem
2262 3181 2366 3221 non
2409 3183 2573 3237 parvo
2616 3175 2804 3232 timore
2841 3180 3062 3241 allectus
3093 3200 3273 3257 esset,
3305 3197 3425 3251 andi
3463 3202 3588 3269 quid

2002 3251 2144 3308 dicat
2171 3273 2182 3308 :
2215 3256 2314 3311 Hic
2342 3269 2411 3313 est
2439 3263 2662 3320 Joannes
2684 3311 2697 3333 ,
2729 3287 2875 3337 quem
2905 3278 3066 3333 occidi
3093 3298 3183 3351 ego
3209 3284 3227 3356 (
3250 3251 3374 3342 huc.

2003 3341 2131 3366 mw.
2157 3356 2303 3366 ---.-.
2408 3351 2447 3366 ι.
2516 3357 2580 3366 ...

1999 3341 2132 3398 Illud
2154 3356 2330 3403 autem
2356 3392 2371 3416 ,
2404 3351 2580 3409 Occidi
2602 3400 2617 3424 ,
2649 3376 2752 3416 non
2781 3374 2862 3418 est
2889 3382 2989 3422 vox
3015 3385 3135 3428 sese
3158 3376 3425 3438 elferentis
3448 3426 3463 3452 ,
3492 3390 3584 3444 sed

1999 3531 2370 3593 recordaretur
2395 3536 2662 3598 homicidii
2693 3545 2744 3600 in
2788 3549 2932 3606 illum
2967 3565 3271 3628 perpetrati.
3305 3567 3471 3626 Tanta
3502 3586 3585 3628 est

1998 3620 2209 3677 virtutis
2233 3624 2505 3698 fortitudo,
2536 3644 2592 3689 ut
2616 3639 2772 3694 etiam
2795 3655 2916 3711 post
2943 3620 3167 3706 mortem
3193 3657 3489 3717 viventibus
3515 3667 3584 3721 sit

1998 3715 2283 3778 potentior.
2335 3720 2562 3794 Ideoque
2598 3728 2663 3784 ad
2699 3747 2817 3788 eum
2849 3735 2974 3793 dum
3006 3743 3206 3802 viveret
3229 3789 3243 3812 ,
3285 3753 3370 3821 qui
3405 3758 3581 3813 multis

1996 3816 2148 3860 erant
2188 3814 2425 3879 pecuniis
2456 3818 2732 3891 instructi,
2769 3830 3082 3890 accedentes
3121 3838 3409 3899 dicebant:
3445 3849 3580 3917 Quid

1994 3900 2237 3968 faciemus
2263 3906 2412 3979 (Luc.
2440 3912 2492 3967 5.
2517 3915 2640 3986 l0)?
2669 3918 2764 3973 Tot
2796 3921 3000 3980 habetis
3020 3969 3034 3992 ,
3062 3938 3116 3984 et
3143 3933 3210 3985 ab
3238 3949 3302 3990 eo
3329 3940 3416 4006 qui

1992 3990 2154 4050 habet
2183 4001 2344 4055 vultis
2383 4004 2621 4063 ediscere
2648 4009 2783 4066 viam
2825 4026 3014 4074 vestra:
3053 3990 3364 4083 felicitatis?
3392 4049 3420 4086 a
3455 4050 3580 4101 pau-

1993 4096 2122 4154 pere
2149 4088 2378 4145 divites?
2424 4095 2491 4148 ab
2521 4112 2586 4150 eo
2609 4140 2624 4162 ,
2672 4102 2761 4171 qui
2799 4121 2865 4160 ne
2894 4107 3106 4166 domum
3139 4116 3348 4185 quidem
3379 4088 3574 4193 habet,

1990 4176 2226 4234 milites?
2272 4180 2414 4237 Talis
2442 4201 2651 4258 quoque
2676 4202 2792 4247 erat
2830 4195 3005 4255 llclias
3036 4219 3048 4254 :
3080 4176 3422 4273 quamobrem
3453 4176 3574 4272 cun;

1991 4267 2177 4323 eadem
2225 4271 2470 4332 libertate
2514 4294 2578 4335 ac
2623 4282 2812 4340 fiducia
2860 4292 3054 4360 populo
3097 4267 3434 4368 loquebatur.
3485 4308 3577 4365 Ille

1991 4373 2220 4431 namque
2246 4363 2474 4435 dicebat,
2510 4369 2775 4429 Cenimina
2801 4379 3083 4448 viperarum
3113 4387 3130 4457 (
3154 4387 3340 4446 Matth.
3373 4397 3422 4450 5.
3458 4399 3490 4452 ’ῖ
3515 4401 3532 4468 )
3559 4423 3573 4467 ;

1991 4450 2077 4507 hic
2107 4469 2233 4510 vero
2254 4499 2268 4522 ,
2319 4457 2584 4535 Usquequo
2612 4468 2908 4527 claudicatis
2944 4485 3154 4547 utroque
3182 4485 3371 4553 poplite
3413 4503 3572 4546 vestro

1989 4541 2064 4614 (5.
2096 4543 2222 4616 Reg.
2251 4549 2334 4604 18.
2360 4551 2487 4625 2I)?
2513 4556 2608 4611 llic
2632 4559 2756 4614 item
2783 4562 3010 4633 dicebat,
3043 4541 3304 4640 Occidisti,
3333 4588 3379 4630 ct
3401 4541 3573 4648 posse;

1987 4635 2106 4690 dun
2131 4639 2206 4709 (δ.
2239 4641 2366 4715 Reg.
2397 4646 2485 4701 ει.
2518 4649 2642 4722 19);
2673 4654 2762 4710 ille
2789 4672 2943 4722 vero,
2975 4659 3094 4716 Non
3127 4665 3239 4719 licet
3269 4635 3358 4724 ubi
3390 4635 3573 4731 habere

1985 4745 2192 4786 uxorem
2234 4734 2465 4809 Philippi
2495 4745 2670 4813 fratris
2705 4749 2776 4800 tui
2813 4750 2830 4819 (
2858 4751 3041 4806 Matth.
3073 4756 3157 4810 14.
3188 4760 3221 4813 4
3325 4764 3568 4823 Vidistin’

1983 4827 2233 4888 petram?
2277 4830 2511 4886 vidistin‘
2555 4851 2769 4892 arenam
2815 4847 3078 4911 quomodo
3120 4827 3271 4912 facile
3317 4857 3566 4919 decidat?

1981 4917 2250 4982 quomodo
2275 4922 2659 4984 calamitatibus
2685 4933 2870 5002 cedat,
2900 4945 3165 5008 quomodo
3191 4950 3529 5010 subvertatur
3547 4998 3562 5020 ,

1981 5009 2078 5061 etsi
2122 5012 2261 5078 apud
2306 5030 2484 5086 regem
2511 5060 2524 5082 ,
2555 5023 2654 5076 etsi
2696 5029 2834 5095 apud
2884 5034 3135 5103 populum
3175 5041 3279 5109 sit,
3313 5048 3412 5101 etsi
3442 5065 3562 5104 cum

1979 5103 2250 5166 potentia?
2281 5106 2406 5162 Illos
2431 5111 2571 5165 enim
2600 5116 2687 5184 qui
2717 5133 2772 5172 se
2800 5122 2996 5180 adeunt
3022 5133 3258 5188 omnium
3287 5139 3563 5197 stolidissi-

1978 5205 2094 5244 mos
2123 5194 2311 5250 reddit.
2361 5199 2542 5270 Neque
2572 5208 2740 5261 solum
2770 5212 2959 5270 decidit
2985 5259 3000 5284 ,
3033 5223 3126 5277 sed
3156 5236 3209 5280 et
3237 5243 3354 5282 cum
3396 5235 3559 5288 multa

1977 5283 2296 5342 calamitate.
2343 5291 2549 5349 Etenim
2577 5298 2666 5352 27.
2696 5301 2859 5358 Facta
2895 5308 3000 5374 est,
3045 5313 3245 5385 inquit,
3277 5321 3424 5374 ruina
3451 5325 3559 5392 ejus

1976 5392 2161 5448 magna
2187 5383 2349 5438 valde.
2396 5386 2577 5459 Neque
2602 5396 2741 5448 enim
2771 5398 2822 5453 in
2849 5417 2906 5456 re
2936 5405 3054 5459 vilis
3079 5410 3232 5477 pretii
3263 5414 3554 5479 periculum

1974 5479 2055 5524 est
2076 5513 2089 5534 ,
2121 5474 2214 5528 sed
2244 5475 2310 5532 de
2331 5480 2502 5536 anima
2533 5487 2736 5555 agitur,
2766 5491 2832 5548 de
2857 5495 3141 5554 amissione
3180 5503 3432 5558 emtorum
3453 5547 3467 5568 ,
3499 5519 3551 5564 et

1971 5559 2231 5620 bonorum
2281 5568 2658 5632 immortalium
2702 5582 2739 5636 ί.
2770 5583 2881 5640 lmo
2924 5603 3052 5642 vero
3093 5589 3251 5646 etiam
3295 5605 3422 5651 ante
3463 5597 3550 5657 illa

2037 5742 2052 5772 ι
2089 5748 2213 5806 Mss,
2243 5759 2524 5803 coronarum
2547 5755 2907 5815 immortaliwn.
