4050 6220
427 280 532 336 5'37

425 394 603 450 omnia
634 387 968 445 miseriorem
997 381 1081 434 hic
1113 380 1269 431 vitam
1299 375 1455 428 ducet
1485 370 1574 424 ille
1604 367 1817 423 malitia:
1841 373 2014 419 secta-

429 499 534 553 tor,
556 488 607 541 in
631 479 968 540 meroribus,
991 471 1217 528 assiduis
1236 466 1534 529 timoribus,
1551 458 2015 520 sollicitudinibus,

426 549 810 635 certaminibus
854 570 1011 623 vitam
1053 579 1216 632 agens
1257 575 1270 612 :
1312 557 1453 629 quod
1499 554 1712 624 sapiens
1755 549 2016 622 quispiam

430 669 771 728 subindicans
799 661 1009 718 dicebat
1037 675 1050 710 :
1086 655 1238 726 Fugit
1267 651 1473 721 impius,
1501 646 1698 702 nemine
1724 655 2021 713 persequen-

429 775 479 818 te
507 759 690 834 (Prov.
710 761 803 817 28.
837 754 862 808 1
887 757 927 823 ).
963 746 1276 818 llujusmodi
1305 742 1500 811 quippe
1530 736 1778 834 homines
1804 732 2021 786 umbras

427 827 664 906 tremunt
682 891 698 914 ,
729 846 930 900 amicos
957 847 1237 910 suspectos
1266 834 1462 887 habent
1488 870 1502 893 ,
1541 827 1721 882 hostes
1748 867 1760 887 ,
1791 836 1974 877 servos
1999 860 2014 884 ,

433 951 588 998 notos
615 939 716 995 sibi
742 977 754 1000 .
785 938 992 1008 ignotos
1015 974 1028 996 ,
1066 941 1121 985 et
1150 937 1272 982 ante
1301 923 1618 992 supplicium
1647 918 1732 970 hic
1757 925 2022 970 extremas

428 1035 558 1088 dant
606 1004 829 1102 pmnas:
862 1026 990 1080 lltrc
1033 1036 1190 1090 porro
1226 1017 1404 1071 omnia
1446 1011 1751 1080 significans
1776 1004 2022 1058 Christus

430 1124 642 1178 dicebat
673 1140 684 1175 :
717 1119 764 1173 Ε
765 1119 838 1172 uit
870 1117 1018 1169 ruina
1057 1113 1194 1166 illius
1221 1124 1405 1177 magna
1445 1105 1589 1158 valde
1619 1116 1638 1155 :
1663 1104 2024 1153 consentanea

439 1219 543 1271 line
572 1216 686 1270 lucc
711 1210 933 1284 pulchra
964 1213 1224 1277 prmcepta
1256 1198 1526 1258 claudens,
1551 1202 1606 1248 et
1629 1191 1710 1245 vel
1739 1185 2024 1243 admodum

443 1282 733 1362 incredulis
757 1301 988 1356 suadens
1016 1298 1175 1352 etiam
1203 1309 1268 1348 ex
1298 1287 1544 1361 prmsenti
1573 1297 1747 1339 rerum
1777 1289 1938 1343 statu,
1970 1282 2028 1329 ut

1105 267 1160 319 S.
1199 258 1475 319 J().\N.\'IS
1513 250 1980 311 CHRYSOSTOMI
2021 247 2338 304 ARCIIIEP.
2378 243 2909 302 CONSTANTINOP.

2123 361 2325 432 fugiant
2355 359 2662 431 nequitiam.
2715 357 2936 414 Etiamsi
2962 355 3105 412 enim
3137 353 3308 424 major
3332 351 3400 407 sit
3424 349 3493 405 de
3521 346 3736 403 futuris

2122 467 2322 518 sermo,
2346 459 2581 507 attamen
2613 451 2699 505 hic
2723 451 2890 520 magis
2919 448 3143 504 idoneus
3167 459 3344 503 sermo
3361 451 3446 500 est
3467 441 3536 497 ad
3563 454 3738 497 cras-

2121 544 2294 598 siores
2319 542 2563 598 homines
2585 541 2914 597 cohibendos
2942 551 2998 596 et
3024 556 3055 594 a
3084 537 3318 609 nequitia
3347 531 3736 590 abducendos.

2127 634 2354 704 Ideoque
2384 634 2471 688 tali
2505 636 2610 689 tinc
2634 649 2814 689 sermo
2839 633 3050 690 clausus
3075 640 3194 696 est,
3223 638 3280 685 ut
3305 627 3472 684 menti
3501 625 3699 680 haereo
3716 652 3739 662 ο

2125 735 2230 780 tem
2277 725 2401 779 hinc
2448 725 2727 780 utilitatem
2772 733 3079 795 carperent.
3143 723 3268 777 llaec
3316 721 3494 790 itaque
3536 719 3737 773 omnia

2125 820 2376 880 scientes,
2411 827 2518 872 tam
2548 819 2827 887 praesentia
2855 833 3015 887 quam
3042 816 3238 880 futura,
3269 813 3532 885 fugiamus
3563 811 3739 866 mali-

3609 232 3730 286 39.8

2129 907 2256 960 tiam
2281 949 2297 973 ,
2326 907 2504 961 virtuti
2536 908 2845 964 studeamus
2867 950 2882 974 ,
2917 922 2984 964 ne
3026 908 3218 962 frustra
3254 904 3557 960 laboremus
3581 945 3598 967 ,
3633 901 3737 958 sed

2128 1008 2182 1053 et
2228 997 2313 1052 hic
2343 998 2630 1054 seen-ritate
2667 1000 2904 1055 fruamur
2928 1041 2943 1063 ,
2985 1010 3039 1054 et
3083 999 3189 1054 illic
3223 998 3408 1069 gloria:
3442 1005 3740 1062 consortes

2130 1090 2298 1144 simus
2331 1108 2343 1142 :
2372 1105 2532 1160 quam
2563 1092 2763 1145 utinam
2791 1105 2980 1146 omnes
3006 1103 3400 1160 consequamur
3424 1128 3439 1153 ν
3470 1089 3647 1158 Grai-53
3677 1097 3737 1142 ει

2132 1180 2461 1251 benignitate
2492 1182 2700 1238 Domini
2739 1185 2906 1238 nostri
2936 1184 3063 1239 Jesu
3092 1182 3327 1247 Christi,
3359 1185 3442 1236 cui
3473 1181 3654 1252 gloria
3679 1191 3740 1237 et

2138 1271 2423 1341 imperium
2461 1272 2512 1326 in
2544 1275 2735 1329 saecula
2765 1274 3104 1329 szeculorum.
3139 1277 3326 1327 Amen.

434 1408 3730 1458 Mm

1567 1493 1914 1560 HOMILIA
1957 1489 2168 1550 XXV.
2213 1491 2300 1551 al.
2346 1492 2583 1552 XXVI.

438 1667 568 1722 CAP.
611 1667 664 1720 7.
709 1680 759 1715 v.
798 1661 889 1717 28.
931 1659 998 1712 Et
1060 1660 1251 1727 factum
1303 1659 1412 1714 est,
1460 1662 1575 1699 cum
1634 1642 2028 1696 consummasset

509 1761 657 1816 Iesus
684 1770 935 1814 sermones
963 1753 1104 1818 istos,
1136 1746 1451 1801 mirabantur
1481 1738 1638 1796 turba:
1662 1751 1813 1806 super
1841 1731 2026 1786 doctri-

507 1872 574 1910 na
602 1855 734 1923 ejus.

509 1949 562 2002 1.
603 1945 763 1997 Certe
787 1948 1124 2006 consequens
1149 1939 1264 1988 erat
1287 1971 1302 1998 ,
1334 1936 1392 1984 ut
1420 1925 1488 1981 de
1516 1933 1747 1978 oneroso
1781 1926 2031 1972 sermone

445 2038 691 2092 dolerent
715 2075 729 2098 ,
785 2036 1164 2100 torperentque
1202 2024 1270 2078 oh
1309 2025 1693 2092 praeceptorum
1731 2008 2030 2100 sublimita-

445 2143 552 2186 tem
579 2145 592 2192 ;
628 2127 740 2198 jam
769 2099 898 2180 vero
927 2129 1067 2175 tanta
1099 2124 1212 2172 erat
1239 2111 1478 2169 docentis
1508 2109 1674 2163 virtus
1696 2145 1709 2160 .
1752 2110 1808 2157 ut
1836 2099 2032 2198 multos

443 2190 888 2285 eorum'caperct,
913 2221 1071 2281 atque
1095 2209 1147 2262 in
1169 2203 1574 2260 admirationem
1604 2198 1869 2266 ingentem
1892 2190 2035 2245 abri-

443 2322 629 2386 peret,
665 2308 1020 2376 suaderetque
1067 2307 1285 2372 prOptcr
1325 2295 1651 2363 voluptatem
1681 2303 1746 2386 (ερχ
1786 2298 2034 2386 sermone

445 2373 649 2476 partam
675 2443 692 2468 ,
721 2410 775 2454 ut
811 2413 878 2454 ne
901 2373 1228 2464 {postquam
1259 2389 1416 2443 finem
1445 2381 1658 2438 dicendi
1701 2379 1899 2434 fecerat
1920 2373 2034 2476 ,Iab

447 2466 540 2551 illo
561 2466 918 2550 discederent.
944 2487 1126 2556 Neque
1145 2483 1286 2538 enim
1309 2493 1431 2534 cum
1450 2491 1512 2530 ex
1537 2483 1717 2528 monte
1739 2466 2034 2530 descendit»,

448 2585 720 2642 auditores
743 2581 1107 2641 abcesserunt,
1132 2573 1223 2629 sed
1253 2580 1419 2625 totum
1443 2566 1741 2621 auditorum
1770 2561 2035 2616 theatrum

446 2684 728 2746 sequutum
771 2677 897 2726 est:
932 2674 1133 2722 tantum
1183 2663 1286 2716 illis
1329 2657 1591 2714 indiderat
1627 2652 1884 2709 doctrinae
1927 2664 2038 2703 sua:

447 2782 706 2824 amorem.
741 2760 1152 2819 Admirabantur
1179 2764 1357 2811 autem
1386 2749 1615 2806 maxime
1639 2747 1780 2802 illius
1807 2751 2040 2814 potesta-

451 2874 577 2919 tem.
602 2860 717 2916 Non
744 2857 888 2913 enim
912 2853 978 2909 ad
1003 2853 1164 2908 alium
1191 2849 1326 2903 dicta
1355 2843 1593 2900 referens
1621 2838 1954 2913 loquebatur,
1984 2841 2040 2892 ut

455 2950 732 3023 propheta:
745 2959 797 3004 et
809 2945 1122 3018 Moyses(a),
1137 2943 1228 2998 sed
1244 2941 1442 3009 ubique
1458 2935 1776 2992 ostendebat
1790 2933 2031 3004 seipsutu

458 3059 580 3099 esse
606 3042 700 3112 qui
732 3039 1106 3094 auctoritatem
1127 3033 1370 3087 haberet.
1407 3029 1540 3084 Nam
1559 3043 1680 3081 cum
1717 3027 1861 3095 leges
1894 3039 2037 3093 saepe

457 3127 1178 3205 pronuntiaret,aijieiebat,
1197 3122 1306 3193 Ego
1325 3132 1498 3175 autem
1516 3120 1633 3173 dico
1650 3116 1790 3172 vobis
1811 3124 1894 3170 :et
1910 3130 2033 3169 eum

460 3225 603 3280 diem
625 3223 770 3278 illam
789 3214 1514 3284 commemoraret,scipsum
1543 3205 2039 3277 moustrabatjudi-

460 3328 601 3378 cem,
621 3321 674 3367 et
690 3327 783 3382 per
805 3308 1066 3379 supplicia
1087 3317 1139 3360 et
1160 3321 1254 3376 per
1267 3303 1509 3374 praemia.
1531 3300 1690 3368 Atqui
1706 3299 1831 3352 hinc
1843 3309 2040 3352 conse-

453 3419 625 3476 quens
664 3401 946 3462 videbatur
985 3413 1143 3464 esse,
1185 3404 1246 3452 ut
1289 3394 1364 3449 illi
1412 3392 1772 3447 turbarentur.
1819 3386 1949 3442 Nam
1996 3382 2042 3436 si

450 3495 664 3565 scribas,
697 3497 782 3567 qui
811 3495 1054 3550 viderant
1080 3489 1228 3545 illum
1257 3501 1352 3557 per
1381 3498 1541 3555 opera
1573 3479 1857 3553 potentiam
1890 3490 2041 3530 suam

455 3589 770 3652 ostendere,
799 3584 1060 3656 lapidibus
1090 3595 1209 3636 eum
1237 3576 1578 3647 itnpctierunt
1601 3579 1657 3626 et
1681 3571 1998 3640 expulerunt
2026 3583 2040 3618 :

457 3679 725 3754 quomodo
755 3678 844 3733 ubi
871 3675 1031 3730 verba
1060 3680 1261 3727 tantum
1290 3676 1441 3724 erant
1465 3706 1481 3732 ,
1513 3678 1629 3734 quae
1657 3662 1798 3717 illam
1826 3657 2044 3714 exhibe-

459 3750 578 3829 rent
598 3815 612 3839 ,
646 3785 750 3825 non
776 3765 1068 3824 verisimile
1101 3771 1217 3818 erat
1251 3760 1365 3814 haec
1394 3757 1497 3812 illis
1526 3751 1846 3809 olfendiculo
1887 3750 1999 3804 fore
2023 3789 2040 3815 ,

457 3879 577 3919 cum
607 3861 837 3927 maxime
879 3858 994 3913 hac
1025 3857 1078 3910 in
1109 3852 1329 3908 exordio
1354 3850 1658 3904 dicerentur
1681 3888 1696 3911 ,
1739 3844 2041 3914 priusquam

459 3960 545 4013 ille
594 3955 843 4028 potentire
881 3966 993 4006 suae
1040 3947 1462 4020 experimentum
1492 3940 1765 3996 dedisset?
1795 3938 2042 3991 Attamen

456 4052 586 4106 nihil
610 4050 796 4106 horum
821 4044 1155 4119 patiebantur
1182 4057 1196 4096 :
1219 4038 1432 4111 quando
1451 4035 1592 4093 enim
1615 4032 1824 4088 animus
1847 4029 2042 4101 probus

453 4155 508 4199 et
559 4143 693 4215 frugi
721 4151 840 4207 est,
891 4137 1130 4194 veritatis
1181 4133 1437 4190 doctrina:
1486 4129 1641 4184 facile
1688 4127 2039 4196 obtemperat.

455 4238 788 4304 Quapropter
819 4231 890 4285 illi
923 4229 1158 4300 quidem,
1189 4224 1395 4280 etiamsi
1425 4222 1540 4292 ejus
1570 4219 1859 4290 potentiam
1891 4218 2040 4288 signa

455 4327 842 4397 prmdicarent,
874 4320 1312 4381 otl'endehantur;
1343 4315 1400 4368 hi
1429 4327 1555 4369 vero
1579 4324 1882 4366 sermonem
1920 4316 2040 4363 tau-

453 4428 563 4472 tum
594 4415 872 4469 audientes
895 4452 911 4477 ,
940 4407 1378 4477 obtemperabant
1407 4414 1462 4458 et
1499 4403 1880 4473 sequebantur.
1931 4401 2040 4456 lloc

451 4510 594 4565 enim
636 4505 978 4561 suhindicans
1013 4500 1337 4571 evangelista
1377 4496 1622 4560 dicebat,
1660 4494 1902 4566 Sequatur
1925 4504 2041 4548 sunt

454 4619 566 4656 eum
595 4599 754 4654 turbae
784 4597 957 4650 multa:
981 4637 996 4661 ,
1027 4609 1131 4647 non
1159 4592 1318 4662 aliqui
1341 4606 1407 4644 cx
1438 4588 1734 4658 principum
1761 4595 1814 4641 et
1835 4586 2039 4641 scriba-

451 4711 572 4751 rum
611 4707 834 4748 numero
857 4733 872 4758 ,
917 4689 1012 4746 sed
1055 4695 1316 4759 quotquot
1342 4700 1372 4740 a
1402 4683 1632 4755 nequitia
1665 4683 1816 4737 liberi
1845 4691 2036 4749 erant,

452 4787 766 4856 sinceraque
795 4784 993 4838 animo.
1037 4780 1139 4835 Per
1172 4787 1332 4833 totum
1369 4785 1547 4831 autem
1577 4773 1907 4844 evangelium
1940 4772 2039 4828 hos

451 4876 604 4934 vides
643 4876 741 4946 ipsi
768 4876 1054 4928 haerentes.
1101 4871 1233 4926 Nam
1272 4883 1392 4925 cum
1436 4867 1776 4936 loqueretur,
1820 4864 2039 4919 silentes

449 4967 774 5030 audiebant,
819 4980 924 5020 non
970 4965 1453 5032 intcrrumpentes,
1499 4974 1604 5014 non
1637 4956 2039 5026 interpellautes

449 5059 781 5128 loquentem,
810 5071 915 5109 non
943 5063 1232 5121 tentantes,
1257 5069 1355 5108 nec
1379 5052 1712 5106 occasionem
1740 5055 2036 5118 captantes,

457 5149 900 5224 quemadmodum
942 5147 1194 5204 Pharisa-i
1236 5164 1248 5200 :
1283 5156 1400 5217 post
1443 5144 1672 5200 habitam
1712 5156 1872 5213 porro
1911 5155 2038 5196 con-

474 5503 484 5516 .
535 5447 605 5501 (τι)
632 5438 1014 5516 ρςιίμόΑὶιιοῗόῆςίι
1037 5439 1338 5516 deligh’risto
1358 5456 1470 5516 cum
1499 5451 1749 5516 potestate
1785 5449 2045 5516 loquente,

464 5503 702 5572 jam.ante
726 5514 899 5572 neque
919 5502 1076 5550 semel
1115 5502 1268 5572 dixit,
1279 5503 1369 5572 ,nbi
1392 5502 1538 5572 etiam
1561 5505 1629 5557 ait
1643 5509 1791 5572 illum
1809 5502 2048 5572 quemadé

471 5559 670 5642 intidem
689 5559 964 5642 prophetas
993 5575 1095 5632 non
1119 5563 1182 5612 de
1225 5559 1339 5642 alio,
1365 5569 1452 5642 sed
1489 5567 1553 5616 de
1581 5567 1750 5642 seipso
1783 5559 2045 5642 loquntur];

471 5624 646 5694 fuisse.
689 5624 886 5694 yidesis
927 5624 1133 5687 primam
1186 5626 1552 5678 adnotationem
1619 5624 1864 5683 Friderici
1901 5631 2048 5684 Field

473 5685 530 5731 ad
551 5686 678 5735 hanc
697 5685 950 5737 humiliam
978 5700 1090 5737 xxv.

2131 1631 2341 1689 cionem
2371 1635 2740 1692 admirabundi
2767 1638 3147 1708 sequebantur.
3177 1638 3255 1692 Tu
3286 1652 3412 1693 vero
3439 1636 3574 1690 mihi
3605 1651 3740 1690 con-

2133 1725 2339 1783 sideres
2382 1727 2540 1782 velim
2582 1727 2792 1782 Domini
2833 1727 3168 1798 prudentiam
3193 1769 3207 1793 ,
3251 1727 3522 1800 quomodo
3557 1729 3741 1782 variet

2129 1817 2203 1874 ad
2245 1818 2572 1874 audientium
2617 1819 2898 1874 utilitatem
2923 1859 2939 1885 ,
2967 1819 3239 1889 quomodo
3277 1834 3308 1874 a
3349 1818 3629 1873 miraculis
3672 1819 3740 1870 ad

2138 1910 2332 1976 verba,
2366 1919 2420 1964 et
2462 1925 2586 1964 mox
2615 1926 2645 1964 a
2674 1911 2851 1965 verbis
2890 1910 2955 1964 ad
2999 1911 3253 1965 miracula
3295 1918 3550 1964 transeat.
3605 1909 3742 1963 Nam

2140 2003 2447 2072 priusquam
2473 2003 2540 2058 ad
2573 2011 2807 2060 montem
2834 2003 3168 2068 ascenderet,
3199 2003 3395 2057 multos
3419 2002 3654 2063 curavit.
3684 2010 3742 2056 ut

2141 2093 2204 2147 iis
2253 2107 2374 2162 quae
2418 2093 2642 2149 dicenda
2690 2103 2844 2149 erant
2878 2093 3016 2147 viam
3063 2104 3293 2161 pararet.
3341 2093 3410 2146 Et
3451 2102 3743 2162 postquam

2139 2184 2274 2240 hanc
2303 2186 2512 2256 longam
2543 2187 2890 2254 quaestionem
2918 2184 3240 2248 absolverat,
3267 2197 3454 2237 rursus
3479 2182 3545 2237 ad
3577 2184 3744 2236 mira-

2138 2276 2256 2330 cula
2289 2277 2470 2342 venit,
2507 2270 2672 2330 factis
2715 2274 2854 2330 dicta
2891 2274 3236 2330 confirmans.
3282 2275 3414 2342 Quia
3457 2275 3605 2328 enim
3645 2273 3744 2330 29.

2143 2369 2418 2439 Tamquam
2449 2379 2740 2440 potestatem
2768 2370 2954 2425 habens
2983 2370 3208 2426 docebat
3229 2411 3242 2434 ,
3273 2386 3339 2424 ne
3379 2369 3474 2425 hic
3509 2370 3746 2425 docendi

2141 2462 2330 2516 modus
2363 2461 2556 2516 fastum
2603 2472 2815 2532 saperet
2855 2472 2946 2518 aut
2983 2464 3394 2520 ostentationem
3419 2505 3435 2526 ,
3482 2465 3744 2533 operibus

2140 2555 2372 2625 idipsum
2399 2555 2544 2617 facit,
2567 2563 2620 2610 et
2647 2565 2912 2625 tamquam
2940 2564 3256 2624 potestatem
3285 2555 3488 2610 habens
3513 2555 3740 2610 morbos

2139 2653 2327 2711 curat,
2361 2653 2419 2700 ut
2465 2659 2533 2700 nc
2576 2645 2714 2700 ultra
2767 2646 3106 2704 turbarentur
3156 2647 3328 2718 ipsum
3375 2645 3624 2705 ridentes
3663 2650 3741 2703 ita

2141 2736 2444 2802 docentem,
2475 2753 2596 2792 cum
2625 2737 2882 2796 miracula
2917 2742 2997 2795 sic
3024 2740 3226 2796 ederet.
3257 2740 3427 2811 (Cap.
3467 2739 3608 2794 VIII
3634 2741 3654 2811 )
3685 2742 3744 2806 j.

2143 2827 2266 2886 Cum
2307 2829 2640 2887 descendisset
2685 2833 2827 2887 enim
2871 2832 2934 2886 de
2962 2841 3129 2886 monte
3150 2871 3166 2898 ,
3205 2841 3428 2902 sequuta
3467 2841 3586 2885 sunt
3629 2848 3746 2886 eum

2145 2924 2304 2979 turba:
2330 2925 2518 2980 multm.
2547 2924 2601 2979 2.
2632 2923 2700 2977 Et
2727 2925 2932 2979 accessit
2961 2923 3189 2993 leprosus
3225 2924 3399 2978 dicens
3426 2939 3445 2977 :
3472 2922 3699 2978 Domine
3724 2963 3746 2988 ,

2142 3019 2187 3072 si
2229 3020 2336 3082 vis,
2377 3027 2518 3089 potes
2554 3032 2634 3070 me
2675 3016 2939 3069 mundare.
2991 3014 3174 3086 Magna
3207 3015 3486 3084 prudentia
3513 3023 3570 3070 et
3605 3014 3748 3072 fides

2145 3109 2468 3166 accedentis.
2496 3107 2679 3178 Neque
2714 3107 2855 3162 enim
2895 3105 3192 3162 doctrinam
3225 3105 3616 3176 interpellavit,
3645 3121 3738 3163 ne-

2145 3219 2249 3275 que
2276 3201 2576 3257 auditorum
2607 3201 2870 3255 theatrum
2899 3199 3100 3266 secuit,
3134 3197 3228 3254 sed
3253 3208 3616 3268 opportunum
3652 3213 3748 3254 ex-

2145 3294 2404 3366 spectavit
2431 3303 2656 3364 tempus,
2687 3302 2745 3349 et
2773 3292 2862 3348 ubi
2891 3291 3140 3347 Christus
3167 3290 3534 3346 descendisset
3559 3304 3746 3345 acces-

2146 3387 2232 3442 sit.
2259 3385 2368 3442 Nec
2396 3384 2774 3456 perfunctorie,
2806 3383 2900 3439 sed
2931 3383 3098 3438 multo
3122 3397 3242 3436 cum
3274 3381 3504 3445 fervore,
3531 3390 3588 3437 ct
3612 3392 3746 3436 ante

2145 3492 2314 3549 genua
2362 3478 2478 3546 ejus
2523 3476 2621 3546 ipsi
2669 3475 2960 3546 supplicat,
3004 3483 3062 3529 ut
3106 3474 3181 3527 ait
3229 3471 3368 3527 alter
3413 3472 3747 3541 evangelista

2145 3569 2335 3642 (Marc.
2358 3570 2408 3624 1.
2428 3565 2542 3639 40),
2564 3582 2626 3622 ac
2649 3583 2768 3622 cum
2795 3567 3002 3622 sincera
3028 3565 3154 3628 fide,
3183 3573 3238 3620 et
3260 3565 3574 3634 congruenti
3601 3565 3746 3620 circa

2146 3661 2293 3715 illum
2323 3659 2594 3730 opinione.
2619 3658 2800 3730 Neque
2825 3659 2966 3713 enim
2993 3657 3158 3721 dixit,
3187 3656 3233 3711 si
3278 3656 3446 3711 Deum
3494 3666 3746 3725 precatus

2145 3749 2332 3817 fueris,
2352 3763 2540 3820 neque,
2567 3746 2623 3802 Si
2645 3743 2911 3812 oraveris;
2929 3745 3045 3813 sed,
3065 3743 3124 3800 Si
3140 3746 3235 3812 vis,
3258 3754 3397 3815 potes
3420 3762 3499 3800 me
3524 3746 3740 3799 uitanda-

2145 3858 2219 3896 re.
2253 3841 2436 3910 Neque
2462 3839 2625 3904 dixit,
2657 3839 2899 3904 Domine,
2928 3837 3123 3892 munda
3148 3853 3266 3903 me;
3293 3836 3389 3892 sed
3417 3837 3520 3908 ipsi
3547 3847 3746 3892 cuncta

2145 3933 2474 3998 committit,
2534 3939 2690 4001 atque
2732 3929 2952 3984 curandi
3002 3930 3276 3984 dominum
3321 3930 3471 3984 illum
3517 3944 3642 3984 esse
3685 3942 3746 3986 et

2147 4034 2462 4097 potestatem
2509 4023 2624 4093 ejus
2661 4036 2922 4076 summam
2969 4021 3302 4076 testificatur.
3350 4019 3489 4086 Quid
3535 4021 3744 4090 igitur,

2145 4115 2352 4186 inquies
2376 4153 2394 4180 ,
2425 4113 2470 4168 si
2505 4111 2633 4166 falsa
2663 4120 2779 4166 erat
2807 4110 3003 4179 leprosi
3031 4109 3253 4179 opinio?
3281 4109 3428 4164 Illam
3457 4109 3746 4166 confutare

2145 4208 2399 4277 oportuit,
2423 4207 2702 4277 ipsumque
2725 4205 3001 4275 increpare
3025 4220 3087 4260 ac
3105 4205 3394 4275 corrigere.
3416 4203 3552 4258 Num
3578 4205 3746 4275 igitur

2145 4299 2270 4354 illud
2317 4297 2479 4354 fecit?
2521 4297 2866 4368 Nequaquam
2905 4314 2918 4350 :
2961 4296 3069 4350 imo
3109 4295 3308 4352 dictum
3354 4297 3641 4352 conﬁrmat
3683 4308 3742 4351 et

2143 4393 2378 4448 roborat.
2407 4390 2635 4461 Ideoque
2664 4405 2768 4445 non
2799 4389 2968 4455 dixit,
3000 4389 3277 4455 Mundare,
3310 4388 3405 4445 sed
3429 4430 3444 4457 ,
3476 4390 3530 4445 '5.
3580 4388 3738 4456 Volo,

2143 4484 2426 4548 mundare;
2455 4491 2513 4538 ut
2542 4497 2646 4536 non
2679 4481 2821 4536 illius
2849 4481 3102 4550 opinione
3121 4522 3135 4546 ,
3169 4480 3260 4536 sed
3291 4479 3489 4536 Christi
3518 4491 3740 4536 senten-

2145 4575 2214 4628 tia
2242 4575 2434 4644 dogma
2461 4573 2783 4628 firmaretur.
2811 4573 2882 4628 At
2911 4589 3013 4627 non
3057 4573 3136 4627 sic
3175 4572 3402 4642 apostoli
3435 4591 3448 4626 :
3479 4571 3574 4627 sed
3601 4589 3736 4640 quo-

2142 4667 2342 4722 modo?
2386 4665 2518 4733 Quia
2563 4666 2788 4735 populus
2831 4674 2971 4720 totus
3007 4665 3288 4734 stupebat,
3321 4663 3573 4719 dicebant
3613 4664 3730 4718 illi:

2146 4760 2281 4828 Quid
2309 4759 2448 4813 nobis
2473 4759 2727 4813 attenditis
2744 4799 2758 4821 ,
2783 4758 2928 4828 quasi
2953 4757 3159 4828 propria
3188 4758 3366 4810 virtute
3384 4758 3460 4810 vel
3485 4767 3733 4826 potestate

2141 4851 2405 4921 fecerimus
2437 4851 2570 4904 hunc
2594 4849 2854 4903 ambulare
2883 4849 3018 4918 (Act.
3049 4848 3102 4902 5.
3135 4845 3266 4917 1‘2)?
3296 4846 3553 4902 Dominus
3577 4862 3726 4912 vero,

2140 4945 2242 4999 etsi
2289 4943 2453 4998 multa
2498 4941 2740 4997 modeste
2782 4956 2925 5011 srepe
2963 4939 3207 5005 dixerat,
3238 4955 3356 5010 qute
3393 4939 3577 5010 gloria:
3615 4955 3727 4994 sate

2141 5037 2404 5094 inferiora
2444 5047 2652 5102 essent,
2692 5036 2821 5107 quid
2858 5035 3099 5091 dicithic
3116 5044 3174 5089 ut
3209 5033 3559 5090 confirmaret
3596 5030 3720 5101 opi-

2141 5131 2360 5183 nionem
2409 5144 2597 5182 eorum
2632 5128 2724 5198 qui
2767 5127 2834 5183 de
2869 5134 3138 5196 potestate
3168 5125 3340 5196 ipsius
3382 5121 3720 5193 stupebant?

2150 5218 2296 5284 Volo,
2325 5219 2591 5272 mundare.
2624 5215 2734 5271 Etsi
2763 5231 2882 5271 cum
2911 5224 2987 5270 tot
3013 5223 3262 5284 tantaque
3288 5214 3437 5285 signa
3466 5214 3721 5285 fecisset,

2138 5327 2430 5384 numquam
2455 5311 2532 5366 sic
2559 5311 2804 5380 loquutus
2833 5307 2995 5364 fuisse
3019 5307 3278 5364 videatur.

2209 5403 2264 5458 2.
2293 5402 2389 5458 llic
2429 5417 2557 5457 vero
2579 5442 2593 5466 ,
2626 5409 2684 5455 ut
2709 5409 2762 5456 ct
2787 5399 2964 5471 populi
3008 5408 3063 5454 et
3112 5397 3310 5469 leprosi
3354 5397 3422 5453 de
3456 5408 3721 5468 potestate

2138 5509 2232 5550 sua
2260 5493 2564 5564 opinionem
2596 5490 2848 5557 firmaret,
2884 5490 3003 5545 ideo
3039 5491 3315 5561 praemisit,
3353 5487 3504 5544 Volo.
3528 5488 3715 5559 Neque

2137 5588 2291 5652 dixit,
2321 5594 2380 5639 ut
2417 5598 2521 5639 non
2548 5582 2786 5647 faceret;
2814 5580 2906 5636 sed
2938 5582 3114 5635 statim
3149 5595 3282 5649 opus
3303 5588 3588 5648 sequutum
3603 5588 3703 5634 est.

2137 5680 2192 5737 Si
2209 5692 2336 5735 vero
2358 5675 2444 5733 ille
2473 5689 2579 5731 non
2607 5675 2742 5733 bene
2767 5673 3010 5739 dixisset,
3040 5673 3083 5728 si
3105 5669 3492 5741 blasphemiam
3515 5676 3703 5739 protu-
