4050 6220
335 351 439 408 39.9

333 465 505 532 lisset,
551 461 901 520 cohibendum
931 468 1045 515 erat
1072 474 1224 530 opus.
1268 460 1415 516 Nunc
1442 471 1616 516 autem
1637 463 1782 532 jussa
1811 481 1906 518 ua-

333 568 452 612 tura
500 557 660 612 cessit
686 571 802 609 cum
828 569 886 607 ea
934 569 1034 622 qua
1084 568 1178 621 par
1205 562 1320 606 erat
1345 553 1643 620 celeritate,
1675 555 1780 608 imo
1811 572 1913 609 ma-

328 649 471 718 jore,
496 664 650 717 quam
679 647 995 714 evangelista
1016 643 1359 711 expresserit.
1383 643 1512 697 Nam
1540 645 1668 698 illud
1701 645 1908 712 Statim,

334 744 490 812 longe
520 742 714 794 tardius
740 751 817 792 est
846 779 860 804 ,
909 753 1064 807 quam
1106 737 1284 805 operis
1309 736 1554 790 celeritas
1583 735 1700 790 fuit.
1728 735 1910 807 Neque

334 832 500 886 solum
547 830 696 893 dixit,
743 829 886 890 Volo,
940 827 1220 890 mundare;
1263 826 1354 880 sed
1408 827 1588 891 etiam,
1625 826 1910 882 Extendeus

335 941 532 978 inamnn
579 922 909 994 apprehendit
959 937 1070 974 eum
1107 937 1125 973 :
1165 919 1305 990 quod
1349 921 1517 989 magis
1570 921 1909 989 inquisuione

330 1015 541 1085 dignum
569 1023 671 1068 est.
712 1015 818 1066 (Zur
837 1012 978 1066 enim
1029 1011 1301 1065 voluntate
1344 1025 1407 1064 ac
1436 1010 1600 1064 verbo
1629 1025 1820 1064 curans
1848 1012 1907 1063 il—

330 1109 458 1172 lum,
492 1122 678 1160 manus
710 1114 904 1159 tactum
945 1102 1174 1172 adjecit?
1202 1101 1316 1156 Non
1332 1102 1432 1156 alia
1462 1100 1529 1156 de
1553 1117 1734 1165 causa,
1765 1101 1907 1155 arbi-

324 1207 458 1262 tror,
484 1212 642 1266 quam
678 1206 735 1250 ut
764 1195 1020 1250 iudicaret
1051 1236 1066 1260 ,
1099 1209 1157 1248 se
1182 1209 1287 1247 non
1315 1191 1420 1262 legi
1446 1192 1744 1260 subjectum
1767 1233 1781 1255 ,
1810 1192 1906 1246 sed

323 1303 486 1356 supra
519 1289 685 1358 legem
713 1302 867 1350 esse;
896 1301 959 1342 ac
999 1284 1196 1340 mundo
1238 1285 1490 1352 deinceps
1517 1284 1645 1338 nihil
1672 1285 1904 1338 immun-

318 1381 449 1434 dum
478 1379 606 1436 fore.
655 1379 880 1434 Elisceus
915 1378 1110 1447 quippe
1138 1377 1237 1446 legi
1287 1377 1625 1446 obsequens,
1664 1375 1908 1431 Neu-ma-

325 1487 448 1524 num
479 1471 492 1501 '
524 1485 592 1525 ne
621 1470 856 1539 respexit
883 1467 1097 1538 quidem
1124 1485 1140 1532 ;
1170 1476 1227 1520 ut
1256 1475 1434 1521 autem
1465 1466 1726 1521 oliensum
1757 1465 1906 1519 audi-

321 1563 415 1628 vit,
470 1561 608 1632 quod
640 1576 746 1615 non
798 1574 1048 1630 egressus
1073 1567 1240 1624 esset,
1275 1572 1374 1612 nec
1421 1571 1480 1612 se
1536 1557 1816 1627 tetigisset,
1850 1564 1906 1610 ut

320 1655 490 1724 legem
517 1661 762 1707 accurate
785 1658 1044 1714 servaret,
1075 1648 1222 1703 domi
1249 1663 1491 1714 manens,
1522 1648 1664 1701 misit
1690 1663 1811 1702 eum
1838 1646 1904 1700 ad

315 1748 628 1812 Iordanem,
679 1755 734 1800 ut
763 1759 882 1799 sese
934 1741 1216 1810 ablueret(
1242 1742 1292 1795 4.
1328 1739 1456 1812 Reg.
1495 1741 1591 1808 5).
1649 1741 1905 1795 Dominus

322 1860 454 1902 vero
479 1840 772 1900 ostendens
787 1851 846 1893 se
873 1850 980 1890 non
998 1843 1056 1887 ut
1071 1844 1308 1895 servum,
1327 1829 1421 1884 sed
1439 1827 1791 1883 utdominum
1805 1845 1899 1885 cu-

326 1953 469 2003 rare,
495 1936 654 1991 etiam
678 1930 850 2000 tangit
869 1929 1166 1996 leprosum.
1204 1921 1389 1990 Neque
1416 1921 1561 1975 enim
1593 1936 1788 1975 manus
1806 1938 1899 1990 per

318 2025 521 2094 lepram
558 2019 826 2075 immunda
863 2018 998 2072 facta
1042 2024 1156 2079 est,
1189 2013 1283 2069 sed
1333 2013 1603 2081 leprosum
1639 2025 1832 2080 corpus
1869 2024 1900 2064 a

319 2123 501 2168 sancta
529 2127 687 2166 tnanu
715 2109 1022 2164 mundatum
1047 2114 1149 2161 est.
1182 2103 1295 2159 Non
1326 2103 1468 2158 enim
1495 2115 1717 2169 corpora
1748 2116 1901 2153 cura-

319 2214 468 2259 turus
499 2211 700 2257 tantum
727 2201 1035 2261 advenerat,
1069 2196 1162 2252 sed
1189 2197 1418 2249 animam
1451 2208 1661 2263 quoque
1685 2192 1750 2246 ad
1781 2192 1898 2260 phi-

316 2296 616 2365 losophiam
644 2293 988 2349 deducturus.
1030 2291 1178 2346 Sicut
1216 2302 1342 2358 ergo
1366 2299 1470 2341 non
1497 2286 1621 2340 lotis
1647 2284 1894 2338 manibus

313 2389 677 2450 manducare,
725 2401 828 2440 non
876 2385 1011 2438 ultra
1059 2381 1383 2451 prohibitum
1421 2393 1540 2434 esse
1579 2378 1726 2444 dicit,
1777 2392 1896 2430 cum

311 2479 567 2548 Optimam
597 2478 738 2530 illam
774 2476 840 2530 de
870 2475 1109 2529 ciborum
1148 2470 1498 2527 indifferentia
1529 2469 1697 2539 legem
1746 2467 1900 2522 indu-

316 2569 388 2623 cit
418 2585 430 2620 :
460 2569 537 2623 sic
566 2577 620 2622 et
641 2568 742 2621 hoc
763 2567 881 2621 loco
908 2566 1034 2636 agit,
1075 2563 1336 2633 docetque
1377 2562 1610 2617 animam
1651 2569 1898 2630 Oportcre

313 2658 526 2725 curari,
581 2658 910 2727 sublatisque
964 2655 1201 2710 externis
1237 2653 1343 2708 illis
1402 2651 1889 2722 puriﬁcationihus,

311 2750 456 2804 illam
487 2764 610 2804 esse
661 2746 1066 2817 abstergendam
1089 2785 1106 2811 ,
1148 2744 1419 2814 ipsiusque
1459 2752 1662 2798 tantum
1694 2741 1896 2812 lepram

311 2856 432 2896 esse
477 2839 788 2902 timendam,
843 2855 964 2909 qua:
1005 2847 1090 2892 est
1131 2845 1404 2906 peccatum
1454 2834 1597 2906 (nam
1629 2835 1894 2905 leprosum

310 2949 430 2990 esse
453 2932 966 2988 nulltunad-salutem
990 2929 1428 3001 impedimentum
1450 2928 1626 3000 alicrt)
1649 2946 1662 2996 ;
1695 2929 1897 2999 primus

309 3027 424 3095 ipse
481 3026 746 3094 leprosum
789 3023 990 3092 tangit,
1042 3031 1096 3076 et
1124 3037 1282 3076 nemo
1327 3021 1660 3076 criminatur.
1712 3020 1894 3090 Ncquc

309 3121 450 3170 enim
473 3124 778 3184 corruptmu
805 3123 920 3168 erat
951 3112 1202 3176 tribunal,
1235 3127 1407 3182 neque
1434 3111 1628 3165 invidia
1655 3112 1889 3180 correpti

309 3208 680 3277 spectatores‘
709 3213 879 3258 erant.
926 3204 1156 3273 Ideoque
1200 3218 1305 3258 non
1352 3201 1511 3258 modo
1549 3218 1652 3256 non
1696 3202 1895 3256 calum-

310 3299 438 3353 niati
464 3309 606 3361 sunt,
641 3296 733 3352 sed
773 3305 992 3365 stupore
1034 3294 1262 3364 perculsi
1297 3292 1364 3348 de
1395 3294 1672 3360 miraculo,
1703 3308 1890 3348 cesse-

309 3399 452 3456 runt,
484 3405 549 3444 ex
577 3388 732 3442 dictis
769 3395 822 3441 et
851 3385 1003 3441 factis
1033 3385 1282 3440 invictam
1312 3385 1428 3454 ejus
1472 3385 1760 3453 potentiam
1793 3385 1888 3440 ad-

308 3491 546 3536 orantes.
571 3478 705 3535 Cum
729 3493 924 3548 corpus
967 3493 1094 3548 ergo
1122 3484 1397 3541 curasset,
1428 3477 1717 3547 praecepit,
1745 3479 1798 3532 4.
1832 3487 1889 3533 ut

307 3573 508 3630 nemini
540 3573 763 3639 diceret,
795 3571 888 3627 sed
924 3571 1232 3627 ostenderet
1271 3586 1331 3626 se
1360 3570 1626 3626 sacerdoti
1657 3612 1672 3638 ,
1695 3580 1752 3626 et
1775 3587 1888 3626 mu-

307 3682 412 3723 nus
451 3665 689 3734 oii'erret,
742 3666 890 3733 Quod
917 3665 1155 3736 praecepit
1184 3663 1408 3735 Moyses,
1459 3665 1512 3718 in
1554 3665 1892 3719 testimonium

306 3760 431 3814 illis.
459 3757 902 3827 Quidamdicunt,
931 3757 1050 3812 ideo
1080 3756 1226 3810 illum
1257 3756 1578 3826 praecepisse
1605 3767 1662 3810 ut
1693 3758 1891 3812 nemini

311 3838 514 3906 diceret
535 3892 550 3917 ,
584 3866 652 3905 ne
682 3850 910 3919 maligne
937 3857 1158 3919 agerent
1199 3849 1340 3903 circa
1374 3848 1737 3903 mundationis
1760 3865 1890 3904 exa-

307 3959 468 4009 men;
513 3943 609 3998 sed
665 3943 780 3997 hate
826 3942 1138 4009 insipienter
1191 3941 1477 3995 admodum
1532 3941 1888 4008 suspicantur.

305 4035 490 4104 Neque
509 4035 650 4088 enim
681 4035 750 4088 ita
773 4031 1066 4093 mundavit,
1090 4040 1148 4084 ut
1167 4031 1360 4100 aliquis
1384 4040 1625 4085 maneret
1644 4031 1710 4086 de
1729 4048 1889 4086 ιιιιιιι⁴

303 4127 520 4183 datione
562 4125 836 4181 dubitandi
877 4125 1065 4178 locus:
1099 4123 1192 4178 sed
1244 4122 1445 4177 nemini
1495 4123 1673 4179 dicere
1714 4125 1886 4192 jubet,

303 4221 504 4276 docens
527 4229 583 4274 ut
610 4235 640 4274 a
668 4219 803 4272 l'astu
824 4228 878 4273 et
905 4217 1194 4272 ambitione
1213 4217 1564 4271 abstineatur.
1597 4218 1754 4273 Certe
1782 4233 1851 4273 no
1866 4244 1887 4258 -

303 4323 455 4368 verat
481 4313 587 4378 ille,
619 4312 791 4381 ipsum
816 4327 924 4365 non
952 4325 1074 4366 esse
1105 4310 1412 4374 taciturum,
1454 4310 1548 4365 sed
1578 4311 1887 4366 benefacto-

303 4421 420 4461 rcm
459 4419 576 4460 esse
605 4403 996 4459 celebraturum
1025 4419 1038 4456 :
1067 4411 1301 4456 attamen
1330 4400 1471 4471 quod
1501 4417 1664 4472 penes
1690 4417 1748 4456 se
1772 4412 1888 4457 erat

303 4497 448 4553 fecit.
473 4496 582 4551 Cur
608 4511 770 4565 ergo,
809 4495 1036 4565 inquies,
1072 4493 1195 4548 alibi
1235 4493 1506 4562 publicare
1544 4493 1745 4564 jussit?
1770 4493 1885 4548 Non

302 4605 485 4646 secum
516 4602 774 4660 pugnans,
810 4602 980 4657 neque
1006 4585 1269 4642 contraria
1293 4584 1507 4653 jubens,
1535 4584 1632 4640 sed
1655 4592 1710 4638 ut
1728 4583 1888 4639 doce-

305 4690 390 4738 ret
407 4690 589 4752 gratos
615 4694 736 4734 esse
769 4688 1038 4747 oportere.
1067 4675 1250 4746 Neque
1278 4675 1420 4730 enim
1450 4675 1521 4730 ibi
1546 4674 1800 4746 praecepit
1829 4684 1887 4730 ut

302 4789 362 4829 se
386 4772 738 4834 celebrarent,
771 4775 866 4826 sed
888 4777 946 4823 ut
971 4768 1159 4823 darent
1183 4767 1410 4838 gloriam
1445 4767 1552 4822 Deo
1580 4783 1595 4821 :
1623 4783 1722 4838 per
1742 4766 1885 4823 hunc

300 4868 515 4939 quidem
548 4861 817 4932 leprosum
838 4859 1038 4914 docens
1066 4873 1161 4912 nos
1189 4899 1203 4923 ,
1231 4866 1288 4912 ut
1315 4858 1430 4912 sine
1457 4857 1592 4912 fastu
1622 4858 1787 4914 simus
1833 4866 1888 4913 et

301 4969 493 5009 vanam
521 4952 742 5022 gloriam
770 4949 1030 5020 fugiamus
1053 4964 1068 5014 ;
1105 4964 1196 5017 per
1226 4948 1376 5002 illum
1403 4963 1554 5015 vero,
1593 4956 1649 5002 ut
1675 4948 1806 5017 grati
1833 4956 1887 5002 et

302 5043 688 5100 beneficiorum
717 5054 984 5095 memores
1015 5056 1027 5091 :
1056 5048 1217 5108 atque
1244 5053 1340 5092 nos
1375 5038 1660 5093 instituens
1691 5038 1885 5108 ubique

299 5145 360 5190 ut
410 5133 619 5188 laudem
654 5130 878 5186 Domino
904 5129 1218 5184 referamus.
1247 5128 1380 5195 Quia
1421 5128 1563 5184 enim
1615 5128 1879 5195 homines,

300 5237 358 5280 ut
386 5226 692 5295 plurimum,
721 5237 843 5278 cum
870 5220 1056 5276 morbo
1087 5220 1352 5288 laborant,
1386 5221 1476 5276 Dei
1507 5221 1878 5288 recordantur,

299 5317 492 5373 morbo
511 5327 686 5371 autem
713 5313 935 5385 depulso
956 5355 971 5379 ,
1003 5313 1277 5383 segniores
1305 5311 1536 5367 evadunt
1575 5331 1587 5366 :
1613 5312 1805 5382 jubens
1829 5321 1884 5368 et

297 5425 473 5480 agros
503 5424 556 5464 et
595 5421 754 5462 sanos
783 5406 995 5462 assidue
1039 5406 1090 5458 in
1121 5414 1298 5458 mente
1350 5402 1630 5458 Dominum
1659 5403 1877 5470 habere,

297 5502 430 5559 dicit
460 5519 473 5557 :
503 5500 586 5555 Da
610 5502 823 5572 gloria’m
848 5499 953 5554 Deo
976 5498 1152 5572 (Jama.
1185 5498 1238 5554 9.
1268 5498 1338 5552 Ἡ
1358 5500 1400 5569 ).

365 5771 381 5807 ι
417 5774 556 5833 .tuxta
577 5765 975 5833 alioslegeudum
1005 5771 1152 5823 esset,
1177 5772 1478 5814 sermonum.

361 5835 385 5870 ³
413 5831 499 5880 Sat
514 5832 587 5896 il.,
607 5829 870 5879 auditores.

1287 345 1349 400 IN
1387 347 1787 405 ΜΑΤΪΗᾹΞΒΜ
1822 350 2046 408 llOMlL.
2091 353 2253 410 XXV.
2296 360 2364 411 al.
2409 358 2596 416 XXVI.

3496 376 3600 433 τω

2092 468 2322 524 Christus
2351 473 2498 526 modo
2525 472 2680 544 legem
2702 475 2946 541 serrabat,
2970 487 3116 534 modo
3136 496 3235 536 non
3261 489 3595 542 servabat..—.

2017 558 2124 614 Cur
2162 570 2336 616 autem
2378 567 2628 635 prteeepit
2669 576 2724 621 ut
2769 569 3075 626 ostenderet
3110 588 3168 630 se
3198 578 3483 644 sacerdoti,
3543 592 3614 638 et.

2016 652 2214 708 donum
2244 655 2460 712 oﬂerret
2483 660 2504 712 ?
2528 658 2698 714 Utliic
2729 660 2896 733 legem
2929 664 3189 732 impleret.
3241 667 3424 740 Neque
3453 675 3594 729 enim

2018 745 2212 815 ubique
2243 749 2486 804 solvebat
2513 751 2679 819 illam,
2727 761 2784 806 ut
2818 769 2915 809 nec
2944 770 3156 825 semper
3185 764 3464 828 servabat;
3499 768 3593 821 sed

2015 837 2173 891 modo
2197 839 2345 905 illud,
2371 843 2528 896 modo
2558 844 2697 898 aliud
2725 862 2738 897 :
2764 845 2914 911 illud,
2946 857 3001 902 ut
3028 847 3218 904 futtn'w
3237 852 3592 925 philosophite

2015 928 2152 982 viam
2183 942 2428 998 pararet;
2470 933 2630 999 istud,
2671 946 2725 989 ut
2757 937 3116 1006 impudentem
3148 942 3357 997 interim
3387 946 3597 1002 Judmu-

2015 1037 2131 1074 rnm
2155 1023 2384 1091 linguam
2407 1037 2702 1092 coerceret,
2732 1038 2785 1082 et
2810 1029 2874 1083 ad
2908 1031 3118 1086 illorum
3162 1034 3516 1092 inﬁrmitatem
3537 1055 3602 1095 se;

2014 1111 2342 1168 demitteret.
2373 1117 2572 1187 Ecquid
2601 1120 2812 1174 miraris
2835 1161 2849 1185 ,
2880 1122 2924 1175 si
2954 1122 3007 1176 in
3036 1124 3294 1194 principio
3322 1128 3372 1182 id
3404 1133 3592 1199 egerit.

2011 1206 2224 1274 quando
2244 1219 2296 1262 et
2317 1211 2540 1277 apostoli
2571 1221 2852 1282 postquam
2879 1213 3013 1282 jussi
3050 1226 3175 1272 sunt
3197 1219 3263 1273 ad
3290 1232 3474 1289 gentes
3498 1225 3596 1276 uii-

2011 1311 2184 1364 grare,
2215 1309 2266 1352 et
2303 1309 2481 1367 portas
2529 1303 2738 1369 aperire
2766 1303 2831 1356 ad
2867 1304 3161 1360 doctrinam
3190 1323 3285 1377 per
3315 1317 3478 1364 totum
3509 1330 3594 1366 or-

2009 1394 2135 1450 bern
2190 1394 2587 1466 spargendam,
2637 1394 2806 1465 legem
2861 1397 3185 1464 excludere,
3236 1414 3378 1453 nova
3432 1401 3589 1457 insli—

2011 1495 2182 1551 tuere,
2209 1496 2386 1540 vetera
2415 1486 2682 1556 abrogare
2704 1489 2922 1548 omnla;
2949 1492 3109 1547 modo
3137 1491 3308 1563 legem
3339 1504 3581 1558 servare,

2011 1572 2170 1626 modo
2200 1572 2342 1626 illam
2373 1573 2665 1640 transgredi
2687 1572 3183 1642 deprehenduntur.
3217 1577 3430 1647 thuid
3466 1577 3587 1641 hoc,

2013 1667 2258 1737 inquies,
2310 1667 2375 1720 ad
2428 1668 2560 1737 legis
2609 1667 2902 1721 custodiam
2955 1668 3181 1733 confert,
3231 1668 3371 1736 quod
3428 1669 3590 1734 dicat,

2013 1758 2232 1812 Ostende
2280 1768 2328 1811 te
2368 1760 2613 1812 sacerdoti
2654 1759 2796 1831 (Leu.
2833 1759 2957 1827 lli)?
2986 1759 3100 1812 Non
3139 1774 3322 1827 parum
3363 1761 3589 1815 confert.

2011 1849 2138 1902 Erat
2163 1850 2356 1919 quippe
2385 1850 2463 1904 lex
2497 1859 2666 1913 vetus,
2711 1859 2768 1903 ut
2795 1850 3036 1919 leprosus
3061 1850 3345 1904 mundatus
3373 1867 3442 1907 nc
3487 1853 3589 1906 sibi

2008 1941 2298 2009 probanda:
2345 1942 2700 1996 mtmdationis
2746 1944 3116 1997 auctoritatem
3165 1956 3471 2011 arrogaret;
3500 1944 3591 1998 sed

2006 2047 2065 2087 se
2089 2032 2394 2087 ostenderet
2421 2033 2683 2087 sacerdoti
2711 2076 2724 2097 ,
2757 2033 3028 2102 ipsiusque
3073 2034 3148 2088 rei
3181 2033 3594 2090 demonstratio-

2005 2140 2126 2178 nem
2156 2125 2415 2193 prmbcret
2441 2165 2454 2188 ,
2491 2133 2546 2177 ut
2587 2125 2749 2192 ipsius
2798 2125 3002 2177 calculo
3034 2124 3246 2178 mundis
3273 2140 3592 2179 annumera-

2006 2227 2172 2270 retur.
2200 2215 2313 2270 Nisi
2357 2217 2499 2270 enim
2529 2216 2778 2270 sacerdos
2817 2215 3059 2284 dixisset,
3093 2219 3400 2272 mundatum
3431 2217 3592 2272 fuisse

2006 2307 2295 2377 leprosum,
2336 2308 2380 2362 is
2412 2323 2534 2362 cum
2576 2306 2861 2362 immundis
2900 2317 3052 2362 extra
3082 2317 3255 2363 castra
3286 2310 3592 2364 mansisset.

2008 2399 2130 2454 Ideo
2159 2399 2272 2466 ait,
2322 2399 2542 2454 Ostende
2581 2409 2627 2451 te
2655 2398 2903 2452 sacerdoti
2921 2439 2934 2461 ,
2965 2408 3011 2453 et
3050 2398 3179 2466 offer
3204 2400 3428 2463 donum,
3459 2400 3590 2469 quod

2005 2489 2240 2559 prwcepit
2271 2489 2494 2560 Moyses.
2523 2489 2636 2544 Non
2679 2489 2830 2555 dixit,
2878 2490 3028 2558 Quod
3057 2491 3286 2560 prtecepi
3330 2506 3463 2561 ego;
3495 2494 3590 2544 sed

2005 2581 2215 2634 interim
2259 2580 2325 2634 ad
2368 2581 2538 2650 legem
2569 2581 2812 2646 remittit,
2868 2591 2924 2636 ut
2966 2582 3198 2653 undique
3247 2597 3308 2636 os
3354 2583 3594 2652 ipsorum

2004 2671 2235 2726 claudat.
2281 2671 2360 2727 Ne
2405 2672 2649 2728 dicerent
2689 2673 2868 2737 enim,
2901 2674 3074 2743 ipsum
3124 2673 3225 2728 sibi
3253 2674 3590 2730 sacerdotum

2004 2762 2266 2819 honorem
2307 2764 2571 2833 rapuisse,
2621 2779 2754 2834 opus
2786 2766 2898 2834 ipse
2929 2764 3191 2834 implevit,
3220 2764 3592 2835 probationem

2005 2857 2133 2928 ipsis
2164 2858 2386 2923 remisit,
2438 2866 2494 2913 et
2537 2858 2656 2913 illos
2702 2858 3080 2913 miraculorum
3127 2873 3341 2912 suorum
3385 2858 3592 2928 judices

2003 2950 2298 3004 constituit.
2329 2949 2558 3004 Tantum
2590 2948 2761 3013 abest,
2795 2949 2984 3019 inquit,
3017 2957 3076 3004 ut
3102 2965 3327 3020 pugnem
3359 2930 3440 3005 vel
3468 2965 3590 3005 cum

2002 3044 2206 3117 Moyse,
2233 3046 2315 3100 vel
2341 3061 2460 3101 cum
2489 3045 2877 3113 sacerdotibus,
2903 3057 2959 3101 ut
2989 3062 3103 3113 eos,
3135 3048 3224 3117 qui
3253 3062 3283 3101 a
3311 3063 3398 3103 me
3427 3047 3590 3104 bene-

2004 3136 2126 3192 ﬁcio
2151 3136 2324 3192 allecti
2354 3145 2515 3204 sunt,
2546 3137 2774 3203 mittam,
2800 3137 2890 3207 qui
2924 3138 3026 3192 illis
3055 3138 3445 3208 obtemperent.

2075 3228 2128 3282 5.
2162 3227 2299 3296 Quid
2344 3243 2506 3299 porro
2548 3228 2677 3284 illud
2706 3237 2824 3296 est,
2861 3227 2926 3282 In
2971 3230 3308 3284 testimonium
3354 3231 3499 3284 illis?
3527 3231 3582 3285 lu

2001 3320 2453 3392 redargutionem,
2501 3321 2550 3374 in
2591 3321 3008 3388 accusationem,
3053 3321 3098 3375 si
3154 3337 3258 3376 non
3315 3323 3480 3392 probe
3530 3338 3588 3378 se

2001 3415 2283 3485 gesserint.
2313 3415 2445 3482 Quia
2475 3415 2618 3468 enim
2641 3414 2909 3482 dicebant,
2938 3413 3009 3469 Ut
3034 3414 3371 3470 seductorem
3403 3425 3457 3471 et
3485 3416 3586 3472 de-

2001 3516 2273 3575 ceptorem
2303 3507 2673 3576 persequimur
2694 3545 2708 3566 ,
2742 3515 2800 3559 ut
2830 3505 2939 3560 Deo
2968 3505 3337 3562 adversarium
3366 3516 3420 3561 et
3447 3507 3581 3577 legis

2002 3607 2451 3668 transgressorem
2478 3615 2490 3650 :
2517 3597 2597 3651 Tu
2628 3596 2780 3662 mihi,
2803 3597 2994 3666 inquit,
3019 3598 3173 3651 testis
3197 3598 3303 3652 eris
3331 3599 3421 3652 illo
3451 3609 3587 3652 tem—

2000 3705 2152 3760 pore,
2177 3705 2263 3745 me
2291 3704 2396 3743 non
2427 3703 2547 3744 esse
2582 3688 2715 3757 legis
2757 3697 3206 3758 transgressorem
3239 3707 3252 3742 :
3286 3704 3405 3742 nam
3435 3698 3586 3758 post-

1999 3796 2157 3851 quam
2191 3789 2239 3835 te
2269 3780 2471 3847 curavi,
2509 3789 2560 3836 te
2581 3779 2646 3834 ad
2679 3779 2850 3850 legem
2880 3779 3116 3843 remitto,
3139 3789 3296 3848 atque
3316 3781 3380 3832 ad
3403 3794 3596 3834 sacer-

1997 3872 2179 3926 dotum
2209 3871 2578 3943 probationem
2602 3888 2616 3935 ;
2640 3870 2691 3924 id
2732 3870 2875 3941 quod
2906 3879 3020 3925 erat
3048 3871 3273 3925 colentis
3309 3871 3499 3939 legem,
3528 3879 3594 3924 et-

1995 3965 2228 4037 Moysem
2253 3964 2585 4029 honorantis,
2623 3978 2721 4018 nec
2747 3963 2980 4031 antiquis
3020 3962 3353 4030 dogmatibus
3383 3962 3576 4015 adver-

1995 4059 2182 4112 santis.
2212 4055 2362 4124 Quod
2406 4056 2450 4110 si
2499 4053 2627 4108 nihil
2659 4053 2782 4107 inde
2828 4053 2956 4106 lucri
2988 4053 3265 4122 percipere
3290 4052 3580 4118 debebant,

1997 4149 2122 4204 hinc
2178 4147 2416 4202 maxime
2471 4155 2647 4200 tamen
2709 4143 2884 4198 discas
2931 4151 3158 4212 quantus
3211 4157 3374 4211 penes
3431 4143 3580 4198 illum

1994 4241 2064 4295 sit
2089 4240 2217 4310 legis
2245 4238 2416 4292 honor
2443 4277 2459 4304 ,
2487 4237 2607 4307 quia
2653 4251 2772 4290 cum
2822 4235 3096 4304 prmseiret
3136 4235 3257 4289 illos
3286 4234 3422 4288 nihil
3455 4234 3582 4289 inde

1994 4332 2199 4387 fructus
2225 4339 2571 4400 percepturos
2607 4341 2724 4383 esse
2745 4369 2760 4393 ,
2796 4334 2970 4381 tamen
3002 4341 3120 4396 quae
3149 4340 3316 4396 penes
3341 4341 3400 4380 se
3425 4334 3580 4380 erant

1993 4427 2169 4481 omnia
2194 4425 2470 4494 implebat.
2505 4422 2633 4477 Nam
2678 4422 2780 4476 hoc
2807 4421 2978 4487 ipsum
3012 4420 3328 4491 prresciebat
3357 4428 3410 4474 et
3437 4435 3578 4489 prat-

1993 4519 2223 4575 dicebat.
2253 4516 2433 4587 Neque
2477 4515 2618 4570 enim
2657 4514 2869 4569 dicebat
2891 4554 2906 4578 ,
2940 4513 2999 4567 In
3023 4512 3450 4568 emendationem
3487 4526 3581 4566 eo.

1994 4627 2133 4678 rum,
2164 4624 2354 4679 neque,
2388 4609 2445 4663 In
2490 4606 2788 4661 doctrinam
2838 4620 3024 4660 cormn
3052 4620 3066 4668 ;
3113 4603 3229 4670 sed,
3261 4603 3327 4657 In
3355 4604 3578 4656 testimo-

1992 4703 2135 4758 nium
2159 4701 2281 4762 illis,
2311 4700 2362 4754 id
2390 4707 2491 4765 cst,
2530 4697 2586 4752 In
2616 4696 3036 4759 accusationem,
3066 4693 3119 4748 in
3156 4693 3576 4749 confutet-iuueni

1991 4805 2046 4852 et
2076 4796 2129 4850 in
2160 4793 2545 4857 testimonium,
2585 4789 2726 4860 quod
2756 4789 2902 4843 tibia
2948 4803 3034 4842 me
3074 4787 3251 4842 omnia
3287 4786 3419 4842 facta
3447 4790 3574 4843 sint.

1990 4888 2125 4946 Cum
2156 4887 2460 4955 prmscirem
2500 4896 2594 4936 eos
2620 4881 2740 4936 sine
2763 4877 3138 4934 emendatione
3167 4893 3472 4945 mansuros,
3508 4897 3576 4936 ne

1991 4982 2070 5036 sic
2097 4979 2312 5050 quidem
2341 4992 2460 5046 qua:
2489 4975 2664 5028 facere
2710 4971 2994 5042 Oportebat
3036 4970 3189 5024 omisi
3216 4987 3230 5037 ;
3260 4971 3334 5025 illi
3364 4987 3490 5027 vero
3521 4973 3572 5026 in

1991 5073 2190 5130 malitia
2218 5086 2314 5126 sua
2336 5067 2703 5140 perstiterunt.
2736 5063 2848 5119 Hoc
2873 5073 2926 5119 ct
2946 5064 3070 5118 alibi
3102 5063 3296 5118 dicitur
3329 5081 3341 5118 :
3368 5063 3575 5119 Prwdi-

1990 5167 2185 5220 cabitur
2208 5164 2300 5216 hoc
2342 5159 2654 5231 evangelium
2679 5158 2730 5211 in
2775 5157 3004 5211 universo
3034 5155 3242 5220 mundo,
3270 5157 3320 5209 in
3345 5157 3570 5210 testimo-

1990 5260 2131 5312 nium
2161 5253 2391 5309 erunibus
2421 5251 2670 5323 gentibus,
2700 5258 2744 5302 et
2767 5259 2884 5302 tunc
2911 5249 3068 5302 veniet
3091 5249 3207 5316 ﬁnis
3238 5247 3448 5319 (Matth.
3479 5247 3572 5300 2i.

1991 5350 2080 5420 Li)
2107 5367 2120 5403 :
2151 5346 2396 5417 gentibus
2424 5343 2646 5408 scilicet,
2679 5357 2784 5396 non
2807 5341 3200 5404 obedientibus,
3233 5352 3336 5393 n0n
3366 5340 3575 5393 obtem-

1991 5440 2320 5514 perantibus.
2343 5436 2421 5492 Ne
2441 5435 2560 5506 quis
2577 5434 2715 5488 enim
2741 5434 2965 5497 diceret,
2985 5434 3091 5487 Cur
3107 5431 3354 5486 omnibus
3376 5429 3574 5499 praedi-

1989 5551 2102 5601 cas,
2125 5547 2246 5587 cum
2278 5545 2382 5585 non
2425 5543 2614 5583 omnes
2642 5527 2893 5582 credituri
2926 5525 3071 5579 sint?
3101 5523 3168 5578 Ut
3211 5524 3390 5574 omnia
3425 5536 3562 5585 mea,

1989 5628 2083 5690 ait,
2109 5622 2420 5696 praestitisse
2457 5620 2658 5685 videar,
2701 5628 2756 5673 et
2798 5632 2957 5674 nemo
2982 5631 3068 5670 me
3113 5623 3294 5684 postea
3328 5612 3574 5667 incusare

1990 5716 2181 5790 possit,
2205 5713 2346 5787 quod
2373 5729 2478 5769 non
2505 5710 2752 5766 audierit.
2793 5709 2925 5763 Nam
2952 5707 3063 5774 ipsa
3090 5702 3398 5773 praedicatio
3421 5702 3572 5757 testi-

1998 5809 2235 5867 monium
2265 5815 2449 5865 contra
2486 5805 2617 5862 feret
2656 5821 2669 5858 :
2716 5817 2813 5857 nec
2849 5805 3098 5871 poterunt
3145 5803 3326 5871 postea
3371 5792 3572 5860 dicere,
