4050 6220
427 352 524 408 331

432 475 551 532 Non
587 465 886 525 audivimus
918 482 931 518 :
978 477 1101 519 nam
1141 474 1320 517 sermo
1361 458 1571 529 pietatis
1610 457 1662 512 in
1695 455 1828 513 ﬁnes
1856 455 2002 511 orbis

432 578 590 622 teme
612 573 921 633 progressus
942 564 1024 611 est
1049 551 1223 623 (Ρωι.
1244 554 1330 607 18.
1354 552 1433 622 5).

497 653 715 710 Muralis
742 648 1046 706 exhortatio.
1079 644 1321 714 Beneficii
1366 642 1615 706 custodia,
1643 649 1718 695 est
1746 642 1854 711 ejus
1897 655 2001 691 nte-

427 747 609 802 moria.
644 740 963 798 Eucharistia
1013 754 1105 793 cur
1149 738 1222 791 sic
1263 735 1563 806 appelletur.
1594 762 1665 772 --
1692 732 1816 786 Haec
1846 731 2006 801 igitur

430 853 529 893 nos
552 849 762 907 quoque
791 832 1087 901 cogitantes
1111 869 1125 894 ,
1158 843 1276 897 quae
1304 834 1484 881 nostra
1524 834 1649 879 sunt
1672 823 1849 877 omnia
1879 837 2005 892 erga

427 928 725 999 proximum
772 922 1089 993 impleamus
1115 962 1129 985 ,
1164 920 1378 987 Deoque
1404 932 1619 985 semper
1659 916 1858 986 gratias
1881 928 2007 984 aga-

419 1034 558 1075 mus.
580 1016 792 1071 Etenim
818 1011 1109 1069 absurdum
1140 1018 1304 1072 esset.
1345 1024 1464 1063 cum
1506 1007 1741 1078 quotidie
1766 1007 1880 1077 ejus
1908 1005 2002 1060 be-

427 1110 633 1166 neﬁciis
664 1107 923 1168 fruamur,
958 1118 1024 1158 ne
1053 1103 1214 1157 verbo
1241 1100 1458 1173 quidem
1484 1099 1601 1168 ejus
1621 1098 1847 1167 gratiam
1875 1112 2002 1151 eon-

425 1202 583 1267 ﬁteri,
615 1215 737 1255 cum
763 1198 991 1252 maxime
1017 1194 1285 1250 confessio
1316 1193 1405 1248 illa
1457 1208 1653 1249 novam
1711 1189 1868 1245 nobis
1897 1188 2003 1244 uti-

419 1293 621 1346 litatem
652 1289 840 1344 aiIerat
866 1291 906 1342 ¹.
946 1287 1126 1356 Neque
1156 1286 1295 1339 enim
1326 1284 1413 1338 ille
1441 1283 1602 1338 rebus
1629 1291 1750 1353 eget
1779 1281 1998 1345 nostris,

422 1384 516 1439 sed
546 1398 641 1437 nos
672 1380 787 1450 ejus
808 1379 998 1450 opibus
1023 1393 1259 1448 egemus.
1289 1376 1421 1431 Nam
1442 1376 1732 1445 gratiarum
1756 1372 1895 1427 actio
1924 1371 2002 1426 illi

424 1475 637 1547 quidem
681 1472 813 1529 nihil
854 1470 1064 1539 adjicit,
1110 1468 1202 1523 sed
1234 1482 1330 1522 nos
1365 1467 1465 1536 ipsi
1507 1466 1676 1535 magis
1714 1463 2003 1519 familiares

420 1567 563 1621 facit.
614 1564 746 1619 Nam
799 1562 843 1616 si
888 1561 1158 1614 hominum
1204 1556 1457 1612 beneﬁcia
1502 1556 1554 1611 in
1585 1563 1819 1611 mentem
1849 1568 2001 1609 revo-

418 1672 621 1720 cemus,
656 1654 824 1725 magis
846 1667 1028 1709 eorum
1051 1666 1233 1704 amore
1258 1647 1632 1703 succendimur
1657 1666 1666 1698 :
1693 1646 1861 1701 multo
1888 1661 2001 1699 ma-

414 1750 498 1822 gis
542 1749 586 1804 si
618 1748 826 1803 Domini
866 1759 990 1815 erga
1033 1759 1130 1799 nos
1176 1742 1430 1796 beneﬁcia
1457 1740 1668 1795 assidue
1714 1741 1767 1793 in
1824 1748 2001 1793 mente

414 1856 727 1902 versemus,
774 1838 843 1892 ad
882 1836 997 1906 ejus
1037 1835 1285 1889 mandata
1333 1832 1597 1887 servanda
1648 1832 1998 1885 studiosiores

414 1935 633 1988 erimus.
666 1931 790 1985 Ideo
816 1929 1013 1983 Paulus
1042 1924 1253 1980 dicebat
1287 1940 1301 1978 :
1331 1923 1473 1978 Grati
1503 1932 1657 1976 estote
1687 1919 1905 1989 (Coloss.
1941 1920 1994 1974 5.

415 2024 485 2079 15
504 2028 547 2093 ).
577 2019 826 2075 Beneﬁcii
850 2018 992 2073 enim
1017 2016 1213 2086 optima
1235 2014 1475 2069 custodia
1505 2024 1587 2068 est
1608 2011 1849 2068 beneﬁcii
1884 2026 1998 2065 me-

415 2115 602 2177 moria,
635 2121 689 2167 et
716 2110 924 2165 assidua
962 2109 1249 2178 gratiarum
1280 2106 1438 2160 actio.
1469 2104 1699 2174 Ideoque
1732 2102 1998 2157 horrenda

415 2207 505 2260 illa
532 2203 806 2275 mysteria,
840 2212 944 2255 tam
978 2200 1228 2255 salutaria
1261 2213 1380 2268 quae
1410 2197 1461 2250 in
1500 2196 1723 2266 singulis
1760 2194 1999 2248 collectis

415 2295 773 2358 celebramus,
802 2290 1137 2346 Eucharistia
1172 2288 1525 2358 appellantur,
1556 2287 1682 2356 quia
1705 2285 1995 2343 beneﬁcio-

415 2402 532 2441 rum
565 2384 853 2440 multorum
882 2380 1322 2437 commemoratio
1354 2387 1499 2444 sunt,
1531 2388 1794 2447 caputque
1825 2378 1996 2446 ipsum

414 2480 606 2534 divinae
664 2476 1009 2548 providentia:
1057 2473 1389 2537 ostendunt,
1426 2486 1630 2541 nosque
1677 2485 1774 2542 per
1820 2470 1997 2525 omnia

413 2578 672 2641 apparant
714 2568 780 2621 ad
817 2567 1015 2638 gratias
1042 2563 1298 2635 agendas.
1331 2562 1463 2617 Nam
1495 2564 1541 2616 si
1571 2578 1633 2616 ex
1668 2562 1873 2632 virgine
1902 2575 1998 2614 na-

413 2663 491 2718 sci
537 2675 787 2730 magnum
830 2666 914 2713 est
955 2656 1305 2721 miraculum,
1345 2669 1409 2709 ac
1452 2662 1670 2723 stupore
1724 2653 1997 2722 perculsus

412 2751 738 2823 evangelista
784 2749 1029 2813 dicebat,
1084 2746 1198 2801 Hoc
1251 2756 1420 2800 autem
1478 2754 1636 2799 totum
1685 2748 1874 2815 factum
1925 2752 1997 2797 est

415 2846 635 2915 (Matth.
660 2846 713 2899 1.
741 2842 851 2913 22)
878 2861 890 2899 :
922 2840 1185 2896 immolari
1215 2855 1312 2910 pro
1340 2839 1493 2894 nobis
1522 2838 1573 2892 in
1610 2852 1735 2907 quo,
1776 2851 1991 2907 quaeso,

412 2914 708 2992 statuemus
736 2933 897 2989 loco?
936 2932 1068 2987 Nam
1102 2932 1146 2986 si
1184 2929 1331 2985 nasci
1363 2928 1547 2983 Totum
1588 2937 1844 2993 vocatur,
1875 2941 2001 2981 cru-

412 3027 548 3097 cifigi
588 3067 604 3092 ,
630 3036 683 3082 et
707 3022 1016 3095 sanguinem
1050 3035 1145 3091 pro
1175 3019 1327 3074 nobis
1358 3017 1656 3084 eﬁ‘undere,
1681 3031 1743 3073 ac
1761 3018 1998 3086 seipsum

411 3119 541 3172 dare
585 3118 636 3171 i
657 3116 835 3171 cibum
863 3124 918 3169 et
957 3112 1263 3168 convivium
1300 3109 1595 3179 spirituale,
1625 3123 1730 3178 quo
1781 3109 1997 3163 nomine

410 3206 821 3279 appellandum?
850 3204 1059 3261 Gratias
1084 3218 1213 3273 ergo
1238 3202 1314 3256 illi
1359 3200 1573 3256 assidue
1610 3214 1864 3269 agamus;
1897 3200 1997 3255 hoc

413 3300 679 3371 praecedat
730 3307 785 3353 et
819 3298 981 3353 verba
1031 3305 1083 3352 et
1111 3309 1276 3365 opera
1325 3303 1528 3349 nostra.
1575 3293 1786 3350 Gratias
1814 3304 1993 3349 autem

410 3407 631 3462 agamus
657 3406 763 3446 non
804 3404 901 3460 pro
928 3388 1125 3443 nostris
1153 3397 1378 3453 tantum,
1423 3387 1515 3442 sed
1546 3389 1704 3443 etiam
1738 3402 1834 3457 pro
1862 3389 1992 3442 alie-

411 3485 496 3538 nis
541 3482 733 3544 bonis;
778 3482 851 3537 ita
876 3481 1018 3537 enim
1049 3491 1103 3536 et
1150 3479 1402 3534 invidiam
1449 3479 1636 3534 tollere
1681 3479 1992 3549 poterimus,

411 3574 791 3643 caritatemque
832 3573 1033 3637 fovere,
1081 3570 1536 3639 sincerioremque
1582 3568 1778 3624 facere.
1814 3568 1994 3638 Neque

412 3668 554 3721 enim
578 3666 777 3736 poteris
802 3664 1055 3733 deinceps
1084 3663 1308 3717 invideri
1351 3664 1403 3717 in
1435 3662 1522 3729 iis,
1560 3662 1627 3718 de
1655 3663 1850 3732 quibus
1877 3678 1999 3732 gra-

416 3760 516 3813 tias
543 3761 658 3828 agis
685 3756 931 3811 Domino.
975 3754 1178 3810 Idcirco
1203 3753 1456 3811 sacerdos
1480 3770 1578 3825 pro
1606 3754 1737 3809 orbe
1759 3794 1776 3821 ,
1808 3768 1903 3822 pro
1930 3753 1995 3808 iis

410 3850 501 3920 qui
524 3857 646 3903 ante
668 3848 899 3910 fuerunt,
924 3861 1023 3917 pro
1045 3847 1107 3901 iis
1128 3846 1219 3916 qui
1241 3860 1382 3900 nunc
1402 3855 1545 3910 sunt,
1564 3860 1661 3915 pro
1688 3844 1753 3899 iis
1772 3845 1859 3914 qni
1884 3844 1993 3911 jam

412 3939 543 4004 nati,
578 3954 675 4008 pro
704 3938 910 4001 futuris,
946 3952 1043 3991 nos
1067 3937 1269 4007 gratias
1308 3951 1466 4007 agere
1508 3936 1699 4005 jubet,
1732 3935 1995 3991 sacriﬁcio

411 4032 506 4087 illo
531 4031 825 4101 proposito.
867 4029 980 4085 Hoc
1002 4030 1146 4084 enim
1180 4043 1278 4085 nos
1304 4036 1360 4082 et
1386 4042 1415 4081 a
1447 4037 1587 4084 terra
1613 4027 1823 4093 liberat,
1856 4035 1909 4082 et
1940 4027 1993 4080 in

422 4124 613 4179 cadum
669 4120 946 4187 transfert,
1003 4120 1331 4192 angelosque
1380 4136 1450 4175 ex
1507 4119 1806 4175 hominibus
1848 4118 1990 4173 facit.

411 4217 545 4272 Nam
566 4224 622 4271 et
648 4216 740 4280 illi,
774 4224 972 4270 statuto
994 4213 1182 4275 choro,
1209 4230 1303 4284 pro
1325 4214 1597 4269 beneﬁciis
1616 4213 1766 4267 nobis
1788 4213 1993 4267 collatis

413 4308 610 4377 gratias
637 4316 800 4377 agunt
850 4306 979 4369 Deo,
1007 4305 1243 4360 dicentes
1277 4323 1289 4359 :
1322 4304 1497 4358 Gloria
1524 4306 1577 4357 in
1606 4305 1813 4358 excelsis
1843 4303 1949 4357 Deo
1976 4344 1990 4367 ,

413 4410 459 4453 et
487 4402 539 4453 in
583 4411 714 4452 terra
747 4414 881 4465 pax,
931 4397 984 4450 in
1029 4397 1309 4449 hominibus
1348 4396 1712 4464 beneplacitum
1742 4396 1759 4465 (
1785 4394 1908 4446 Luc.
1936 4394 1991 4447 2.

414 4494 526 4563 14).
563 4492 627 4546 Et
656 4491 781 4560 quid
805 4491 870 4544 ad
902 4505 1001 4545 nos
1024 4531 1040 4555 ,
1077 4490 1303 4558 inquies,
1339 4488 1425 4556 qui
1460 4502 1557 4541 nec
1601 4488 1650 4539 in
1684 4496 1823 4541 terra
1848 4527 1860 4549 ,
1898 4500 1993 4539 nec

414 4587 658 4641 homines
706 4588 833 4638 sunt
867 4582 879 4635 Ξ
936 4582 1047 4636 Imo
1069 4580 1300 4635 maxime
1327 4578 1391 4632 ad
1422 4593 1556 4633 nos:
1592 4593 1711 4631 nam
1738 4578 1807 4629 ita
1841 4578 1992 4629 ἰιιδιὶ-

415 4678 511 4731 tuti
533 4691 737 4741 sumus,
796 4684 852 4728 ut
898 4686 1191 4727 conservos
1225 4670 1531 4749 diligamus,
1583 4669 1650 4722 ita
1682 4677 1737 4723 ut
1783 4667 1993 4721 illorutn

416 4774 576 4836 bona,
606 4782 786 4827 nostra
812 4785 932 4825 esse
960 4768 1352 4824 existimemus.

486 4865 542 4919 ι.
572 4863 695 4917 Ideo
723 4873 775 4916 et
801 4861 992 4915 Paulus
1020 4861 1073 4913 in
1104 4857 1355 4929 Epistolis
1377 4856 1489 4911 suis
1516 4856 1708 4926 ubique
1732 4869 1829 4925 pro
1851 4853 1996 4910 orbis

418 4955 581 5010 totius
607 4953 759 5007 bouis
781 4953 981 5022 gratias
1009 4952 1130 5021 agit.
1177 4948 1284 5003 Nos
1316 4950 1490 5017 itaque
1518 4961 1614 5015 pro
1640 4945 1832 5000 nostris
1854 4985 1869 5009 ,
1898 4959 1996 5014 pro

417 5045 604 5101 alienis
629 5084 645 5107 ,
682 5058 778 5113 pro
811 5042 989 5111 parvis
1009 5081 1023 5103 ,
1055 5055 1151 5109 pro
1178 5039 1383 5110 magnis
1408 5037 1620 5092 assidue
1657 5038 1853 5108 gratias
1875 5051 1999 5105 aga-

416 5152 555 5192 mus.
587 5135 806 5190 Etiamsi
825 5133 965 5187 enim
986 5148 1200 5201 parvum
1223 5132 1290 5185 sit
1315 5132 1365 5185 id
1392 5130 1534 5201 quod
1555 5130 1740 5194 datur,
1769 5129 1851 5183 vel
1876 5129 1998 5183 hinc

417 5242 666 5298 magnum
709 5224 938 5280 efﬁcitur
977 5223 1116 5294 quod
1143 5239 1172 5279 a
1206 5224 1314 5277 Deo
1359 5223 1536 5278 datum
1569 5222 1674 5286 sit;
1728 5222 1833 5276 imo
1874 5235 1998 5275 vero

418 5321 553 5377 nihil
596 5333 819 5391 parvum
858 5318 925 5370 ab
966 5316 1055 5370 illo
1098 5316 1285 5378 datur,
1315 5331 1419 5369 non
1454 5315 1622 5369 solum
1648 5314 1788 5383 quod
1816 5312 1999 5367 abillo

418 5413 755 5483 prabeatur,
786 5408 880 5464 sed
908 5408 1067 5463 etiam
1096 5407 1207 5476 ipsa
1233 5416 1419 5460 natura
1450 5422 1565 5460 sua.
1596 5404 1668 5463 Ut
1690 5415 1866 5459 autem
1897 5403 1997 5457 alia

416 5505 595 5560 uinnia
635 5503 878 5567 mittam,
916 5514 1035 5570 quae
1071 5512 1287 5553 arenam
1331 5512 1553 5552 numero
1586 5498 1803 5551 vincunt
1835 5514 1847 5548 :
1875 5495 1997 5565 quid

418 5612 519 5667 par
539 5603 623 5651 est
645 5609 747 5665 pro
768 5592 925 5649 nobis
950 5590 1105 5649 facta
1126 5588 1462 5656 oeconomize,
1484 5586 1596 5643 sive
1616 5586 1999 5642 iuearnationi‘t

490 5755 894 5822 .‘..Quidam,“ciun
927 5756 1139 5810 maxime
1188 5749 1425 5817 cmifestio
1472 5747 1561 5802 illa
1600 5760 1825 5814 magnam
1867 5743 2004 5796 nobis

430 5816 687 5868 utilitatem
710 5818 901 5883 σπίναι.

1228 348 1286 405 3.
1341 342 1616 404 JOANNIS
1652 338 2126 398 CHRYSOSTOMI
2165 340 2480 398 ARCHIEP.
2520 341 3057 401 CONSTANTINOP.

3581 347 3708 402 ὅδε

2115 451 2264 519 Quod
2297 454 2439 509 enim
2482 454 2554 509 illi
2594 454 3040 525 pretiosissimum
3068 453 3306 509 omnium
3336 464 3470 518 erat,
3502 457 3710 527 unige-

2114 544 2281 598 nitum
2310 543 2347 597 Ρ
2352 544 2495 598 ilium
2521 559 2617 612 pro
2646 545 2800 600 nobis
2825 544 3052 599 inimicis
3071 544 3213 600 dedit
3243 560 3380 600 :nec
3406 546 3555 601 dedit
3585 564 3718 600 m0-

2111 634 2181 689 do
2223 635 2394 702 nobis,
2428 635 2520 690 sed
2571 645 2626 690 et
2669 637 2814 690 illum
2857 635 2910 690 in
2955 651 3189 690 mensam
3231 638 3386 692 nobis
3427 639 3708 709 apposuit,

2111 731 2287 783 omnia
2310 744 2405 797 pro
2428 729 2578 783 nobis
2606 729 2822 792 faciens,
2851 740 2905 785 et
2931 729 3126 793 dando,
3148 738 3202 784 et
3222 744 3321 785 nos
3346 745 3442 799 pro
3467 730 3552 784 his
3576 746 3712 801 gra-

2112 828 2196 877 tos
2241 819 2537 875 efﬁciendo.
2585 820 2716 887 Quia
2757 822 2897 874 enim
2940 831 2999 875 ut
3039 821 3323 890 plurimum
3353 822 3586 891 ingratus
3619 832 3711 876 est

2114 916 2272 966 homo
2294 953 2308 975 ,
2337 912 2533 982 ubique
2563 913 2677 981 ipse
2699 913 2919 981 suscipit
2945 922 2995 967 et
3027 921 3246 981 apparat
3274 927 3334 965 ea
3365 928 3481 982 qua:
3507 914 3572 965 ad
3602 928 3708 967 no-

2111 1013 2274 1059 stram
2311 1013 2437 1059 sunt
2465 1004 2769 1059 utilitatem.
2810 1005 2877 1059 Et
2903 1004 3044 1076 quod
3076 1006 3126 1059 in
3155 1004 3355 1061 Iudaeis
3383 1006 3595 1075 agebat,
3630 1023 3701 1061 ex

2110 1097 2262 1162 locis,
2294 1096 2620 1166 temporibus
2658 1106 2711 1150 et
2751 1097 2898 1151 festis
2941 1096 3195 1152 beneﬁeta
3235 1097 3365 1166 ipsis
3401 1097 3452 1151 in
3491 1113 3703 1151 memo-

2110 1185 2243 1241 riam
2275 1200 2530 1242 revocans
2553 1227 2567 1250 ,
2608 1186 2833 1254 idipsum
2862 1188 3023 1241 etiam
3049 1186 3135 1243 hic
3164 1186 3324 1254 fecit,
3352 1202 3420 1243 ex
3447 1188 3699 1242 sacriﬁcii

2109 1275 2270 1331 modo
2295 1277 2361 1330 ad
2395 1292 2685 1345 perennem
2713 1276 2959 1331 beneﬁcii
2993 1278 3213 1347 hujusce
3250 1280 3563 1335 memoriam
3593 1295 3700 1335 nos

2110 1370 2385 1424 inducens.
2414 1369 2502 1423 Sic
2530 1384 2688 1423 nemo
2719 1369 2786 1422 ita
2821 1369 3041 1434 studuit,
3070 1384 3168 1425 nos
3198 1369 3395 1439 probus
3416 1412 3431 1436 ,
3469 1385 3700 1440 magnos

2107 1469 2161 1514 ct
2202 1475 2295 1529 per
2336 1459 2514 1513 omnia
2552 1467 2731 1528 gratos
2770 1458 2985 1514 efﬁcere
3005 1501 3018 1523 ,
3048 1468 3105 1513 ut
3128 1460 3219 1529 qui
3251 1474 3349 1514 nos
3379 1460 3502 1514 fecit
3530 1461 3699 1515 Deus.

2106 1550 2439 1619 Quapropter
2464 1565 2560 1604 nos
2588 1559 2644 1604 et
2673 1550 2866 1605 invitos
2893 1565 3035 1620 smpe
3058 1560 3112 1607 et
3138 1550 3364 1620 plurima
3387 1551 3702 1621 ignorantes

2107 1642 2378 1697 beneﬁciis
2405 1642 2584 1697 afﬁcit.
2616 1643 2671 1698 Si
2688 1653 2862 1697 autem
2887 1644 2937 1698 id
2960 1645 3099 1715 quod
3123 1645 3326 1700 dictum
3348 1654 3429 1699 est
3445 1646 3695 1708 miraris;

2107 1752 2211 1789 non
2246 1737 2296 1789 in
2326 1735 2555 1790 obscuro
2584 1737 2831 1805 quopiam
2863 1737 2978 1791 viro
2997 1780 3011 1802 ,
3042 1737 3136 1792 sed
3178 1738 3231 1792 in
3264 1739 3417 1794 beato
3446 1739 3613 1794 Paulo
3642 1739 3696 1793 id

2106 1829 2392 1897 enntigisse
2429 1828 2730 1883 ostendam.
2774 1830 2979 1883 Etenim
3016 1830 3201 1886 beatus
3230 1830 3319 1887 ille
3346 1832 3527 1886 multis
3553 1832 3698 1902 peri-

2106 1921 2239 1975 culis
2263 1930 2317 1975 et
2345 1922 2595 1975 :rrumnis
2626 1923 2965 1988 exercitatus,
2997 1938 3139 1993 sa-pe
3166 1925 3384 1994 rogabat
3415 1926 3605 1991 Deum,
3637 1936 3697 1979 ut

2105 2011 2172 2066 ab
2200 2028 2257 2067 se
2285 2014 2602 2066 tcntatioues
2632 2013 2863 2068 auferret
2893 2032 2904 2066 :
2931 2025 3294 2070 verumtamen
3325 2033 3427 2069 non
3456 2017 3520 2070 ad
3552 2018 3699 2086 peti-

2108 2104 2304 2158 tionem
2328 2146 2340 2165 ,
2371 2102 2463 2157 sed
2505 2103 2569 2157 ad
2612 2104 2889 2159 utilitatem
2922 2106 3037 2175 ejus
3063 2110 3297 2176 respexit
3329 2108 3495 2173 Deus;
3531 2110 3698 2180 idque

2109 2191 2389 2246 declarans
2418 2193 2492 2245 ait
2522 2209 2535 2246 :
2569 2192 2764 2263 Suﬁicit
2787 2194 2876 2247 tibi
2898 2196 3061 2265 gratia
3088 2213 3196 2249 mea
3220 2213 3239 2250 :
3261 2213 3377 2250 nam
3400 2199 3557 2251 virtus
3578 2217 3696 2253 mea

2102 2282 2157 2335 in
2186 2283 2480 2350 inﬁrmitate
2506 2285 2765 2353 perﬁcitur
2790 2286 2808 2354 (
2831 2286 2884 2338 2.
2912 2285 3029 2340 Cor.
3056 2286 3142 2341 1‘2.
3171 2285 3262 2358 9).
3307 2288 3490 2358 Itaque
3517 2290 3697 2358 prius-

2104 2390 2260 2445 quam
2290 2376 2362 2429 illi
2394 2391 2608 2431 causam
2637 2378 2946 2447 explicaret,
2979 2379 3202 2434 invitum
3231 2381 3499 2436 alliciebat
3525 2383 3697 2438 bene-

2104 2466 2244 2532 ﬁcio,
2272 2468 2432 2521 etiam
2461 2467 2813 2537 ignorantem.
2843 2469 2979 2535 Quid
3012 2470 3173 2539 igitur
3199 2487 3447 2542 magnum
3478 2474 3650 2543 poscit
3674 2515 3691 2538 ,

2104 2574 2222 2613 cum
2252 2559 2320 2614 de
2346 2570 2487 2613 tanta
2518 2560 2847 2631 providentia
2872 2573 3053 2633 gratos
3087 2579 3183 2619 nos
3209 2580 3330 2619 esse
3352 2566 3543 2635 jubet?
3571 2567 3690 2621 0b-

2105 2660 2460 2720 temperemus
2491 2653 2687 2723 itaque,
2716 2662 2770 2707 et
2802 2654 2898 2709 hoc
2929 2655 3120 2726 ubique
3148 2671 3442 2712 servemus.
3474 2659 3691 2713 Etenim

2101 2742 2316 2797 Iudaeos
2342 2743 2469 2796 nihil
2492 2744 2571 2798 sic
2601 2744 2865 2813 perdidit,
2894 2760 3050 2815 quam
3075 2747 3215 2816 quod
3247 2747 3436 2818 ingrati
3460 2760 3643 2803 essent
3675 2767 3690 2801 :

2103 2835 2404 2905 multasque
2434 2835 2552 2889 illas
2571 2845 2623 2891 et
2650 2834 2954 2905 frequentes
2981 2837 3160 2908 plagas
3190 2839 3319 2892 nihil
3348 2840 3489 2893 aliud
3520 2856 3687 2910 quam

2102 2927 2205 2983 hoc
2234 2928 2440 2983 induxit
2473 2946 2485 2981 :
2520 2928 2627 2983 imo
2657 2930 2817 2984 etiam
2846 2940 2970 2985 ante
3005 2933 3186 3001 plagas
3225 2933 3455 2987 animam
3498 2950 3692 2989 eorum

2100 3020 2332 3092 perdidit
2357 3029 2411 3075 et
2436 3019 2791 3075 labefactavit.
2826 3022 3027 3092 Ingrati
3051 3023 3182 3076 enim
3205 3040 3318 3092 spes
3342 3034 3393 3078 ut
3415 3025 3695 3081 Iube-malis

2103 3114 2287 3182 pruina
2314 3112 2468 3182 (Sap.
2499 3113 2584 3167 16.
2610 3111 2723 3183 29),
2754 3112 2922 3183 inquit
2952 3132 2964 3168 :
2997 3115 3068 3168 ita
3096 3124 3306 3183 torpere
3329 3128 3380 3170 et
3409 3119 3574 3171 emori
3604 3135 3694 3173 c0-

2100 3205 2177 3275 git
2203 3205 2453 3270 animam,
2487 3215 2545 3258 ut
2574 3204 2659 3267 illa
2688 3220 2934 3275 corpora.
2963 3206 3076 3261 Hoc
3100 3222 3229 3261 vero
3250 3208 3482 3276 procedit
3514 3224 3577 3264 ex
3603 3228 3694 3265 ar-

2100 3297 2339 3366 rogantia
2365 3337 2380 3361 ,
2411 3296 2553 3362 quod
2582 3310 2639 3350 se
2665 3296 2783 3366 quis
2814 3306 2962 3366 putet
2992 3297 3209 3367 dignum
3234 3297 3515 3354 beneficio.
3544 3299 3693 3355 Cou-

2102 3389 2256 3443 tritus
2285 3398 2483 3453 autem,
2509 3405 2613 3443 non
2638 3404 2734 3457 pro
2757 3390 2911 3444 bonis
2944 3400 3165 3448 tantum.
3189 3390 3281 3445 sed
3310 3392 3470 3445 etiam
3497 3408 3594 3462 pro
3624 3396 3692 3449 iis

2101 3496 2218 3549 qua:
2248 3478 2468 3533 adversa
2500 3487 2751 3548 putantur
2772 3521 2786 3544 ,
2815 3481 3013 3549 gratias
3044 3479 3256 3535 habebit
3287 3480 3419 3545 Deo,
3444 3493 3500 3536 et
3519 3500 3692 3553 quan-

2102 3570 2295 3626 tumvis
2323 3571 2571 3640 patiatur,
2593 3586 2695 3624 non
2718 3586 2778 3625 se
2800 3581 2976 3626 tamen
3003 3571 3199 3641 aliquid
3223 3572 3439 3642 indigne
3469 3589 3687 3641 passum

2102 3662 2324 3734 putabit.
2371 3662 2439 3717 Et
2470 3676 2567 3716 nos
2596 3662 2769 3733 itaque
2798 3672 2999 3733 quanto
3027 3663 3193 3733 magis
3218 3662 3270 3717 in
3296 3664 3492 3718 virtute
3524 3669 3690 3733 preli-

2101 3757 2304 3812 ciemus
2328 3798 2343 3820 ,
2387 3764 2533 3809 tanto
2562 3757 2728 3824 magis
2763 3770 2859 3809 nos
2896 3758 3037 3824 ipsos
3067 3766 3410 3811 conteramus
3441 3774 3454 3810 :
3482 3760 3689 3813 etenim

2102 3848 2206 3903 hoc
2235 3848 2464 3902 maxime
2495 3848 2659 3901 virtus
2682 3856 2782 3901 est.
2805 3847 2953 3903 Sicut
2973 3846 3115 3901 enim
3146 3857 3344 3917 quanto
3369 3851 3579 3903 acutius
3612 3852 3690 3903 vi-

2101 3940 2310 4006 demus,
2340 3948 2486 3992 tanto
2514 3939 2681 4008 magis
2711 3938 2997 3993 ediscimus
3021 3947 3276 4008 quantum
3305 3954 3335 3991 a
3359 3938 3492 3993 caelo
3512 3939 3689 3994 diste-

2101 4045 2219 4085 mus
2250 4049 2262 4085 :
2294 4030 2373 4085 sic
2410 4037 2609 4099 quanto
2654 4030 2818 4098 magis
2857 4028 2909 4081 in
2950 4029 3145 4083 virtute
3175 4029 3503 4099 proﬁcimus,
3539 4039 3691 4087 tanto

2103 4124 2269 4191 magis
2288 4122 2543 4176 docemur
2569 4131 2822 4190 quantum
2848 4122 2917 4174 sit
2947 4122 3085 4175 inter
3110 4122 3275 4176 Deum
3304 4131 3358 4177 et
3384 4138 3482 4178 nos
3513 4125 3689 4178 inter—

2100 4215 2317 4267 vallum.
2350 4213 2458 4268 Nec
2484 4227 2613 4266 sane
2640 4213 2855 4265 minima
2888 4226 3011 4281 pars
3037 4220 3120 4266 est
3144 4213 3493 4283 philosOpbiaa
3517 4256 3533 4281 ,
3561 4230 3688 4269 cum

2101 4307 2349 4361 meritum
2376 4314 2615 4359 nostrum
2643 4302 2954 4372 dignoscere
2984 4317 3289 4372 possumus.
3315 4303 3411 4359 Hic
3437 4305 3585 4358 enim
3610 4320 3705 4361 se-

2102 4401 2276 4470 ipsum
2328 4398 2559 4452 maxime
2607 4397 2773 4460 novit,
2816 4396 2905 4464 qui
2952 4410 3011 4450 se
3055 4395 3186 4450 nihil
3234 4410 3354 4451 esse
3392 4399 3684 4451 existimat.

2101 4491 2332 4560 Ideoque
2361 4488 2521 4542 David
2550 4495 2605 4542 et
2631 4485 2919 4550 Abraham,
2950 4501 3068 4541 cum
3089 4486 3154 4540 ad
3185 4502 3449 4541 summum
3472 4490 3692 4542 virtutis

2105 4584 2369 4653 fastigium
2398 4581 2783 4645 ascendissent,
2817 4588 2943 4633 tunc
2972 4580 3200 4634 maxime
3230 4579 3366 4634 hanc
3387 4595 3690 4635 exercuere

2095 4679 2351 4732 virtutem
2375 4693 2386 4729 :
2406 4684 2459 4729 et
2490 4673 2575 4727 hic
2596 4674 2807 4743 quidem
2825 4688 2882 4727 se
2906 4672 3176 4742 pulverem
3199 4682 3252 4727 et
3270 4673 3504 4727 cinerem
3525 4674 3685 4746 (Gen.

2104 4771 2192 4825 18.
2222 4768 2313 4839 2'1)
2337 4810 2350 4835 ,
2390 4766 2478 4822 ille
2505 4781 2631 4820 vero
2660 4780 2718 4819 se
2744 4780 2980 4819 vermem
3010 4764 3233 4819 vocabat
3275 4765 3442 4835 (Psal.
3473 4765 3567 4820 21.
3593 4767 3648 4835 7)
3674 4785 3689 4820 :

2102 4878 2164 4917 ac
2194 4861 2439 4917 similiter
2463 4872 2653 4913 omnes
2678 4863 2843 4911 sancti
2871 4873 2928 4912 se
2954 4857 3183 4911 miseros
3209 4858 3497 4927 praedicant
3521 4876 3535 4911 :
3558 4874 3692 4915 eon-

2103 4964 2181 5010 tra
2215 4968 2341 5007 vero
2384 4953 2429 5006 is
2470 4952 2556 5022 qui
2603 4950 2903 5020 arrogantia
2947 4949 3252 5013 extollitur,
3296 4964 3415 5004 sese
3456 4952 3693 5007 maxime

2103 5047 2340 5102 omnium
2365 5045 2590 5114 ignorat.
2614 5042 2967 5109 Quamobrem
2986 5040 3053 5094 de
3070 5041 3311 5110 superbis
3332 5040 3489 5112 vulgo
3509 5040 3697 5097 dicere

2105 5139 2339 5193 solemus
2372 5154 2384 5189 :
2410 5135 2527 5189 Non
2555 5149 2613 5189 se
2648 5134 2813 5197 novit,
2842 5146 2901 5187 se
2927 5146 3147 5201 prorsus
3178 5131 3405 5201 ignorat.
3430 5132 3531 5197 Qui
3563 5148 3698 5187 vero

2106 5249 2165 5289 se
2192 5234 2417 5302 ignorat,
2443 5244 2600 5299 quem
2632 5227 2812 5281 novit?
2838 5224 3298 5293 Quemadmodum
3323 5226 3465 5279 enim
3486 5227 3577 5295 qui
3605 5241 3698 5281 se-

2106 5327 2277 5396 ipsum
2306 5322 2534 5387 noverit,
2567 5320 2742 5375 omnia
2769 5325 3059 5389 cognoscet
3089 5333 3102 5369 :
3127 5318 3205 5372 sic
3231 5317 3319 5386 qui
3350 5332 3411 5372 se
3438 5317 3655 5388 ignorat
3677 5356 3697 5381 ,

2108 5432 2280 5488 neque
2301 5415 2401 5470 alia
2433 5413 2658 5468 noverit.
2692 5410 2833 5467 'I‘alis
2860 5410 2949 5465 ille
2974 5418 3091 5464 erat
3113 5410 3204 5480 qui
3229 5408 3441 5464 dicebat
3476 5430 3488 5464 :
3517 5409 3700 5480 Supra

2108 5512 2257 5567 caelos
2286 5524 2471 5577 ponam
2495 5507 2677 5562 solium
2702 5522 2868 5560 meum
2896 5502 3064 5576 (Isai.
3098 5504 3187 5559 14.
3216 5503 3283 5560 13
3383 5504 3520 5570 Quia
3547 5505 3698 5561 enim

2109 5604 2340 5673 seipsum
2371 5599 2650 5672 ignoravit,
2674 5605 2864 5653 caetera
2886 5610 3096 5666 quoque
3116 5595 3295 5651 omnia
3318 5596 3601 5666 ignoravit.
3631 5598 3697 5655 At

2108 5711 2214 5751 non
2241 5693 2460 5759 Paulus,
2486 5690 2573 5761 qui
2600 5703 2659 5745 se
2684 5688 2980 5744 abortivum
3005 5698 3060 5743 et
3083 5688 3357 5742 minimum
3386 5697 3698 5744 sanctorum

2115 5786 2432 5857 appellabat,
2459 5796 2628 5853 neque
2656 5791 2773 5851 post
2802 5788 2881 5836 tot
2905 5788 3155 5851 tantaque
3176 5779 3430 5853 praeclara
3452 5795 3621 5852 opera
3642 5797 3702 5838 sc
