4050 6220
177 354 279 411 551

179 469 373 542 ρυξις,
421 470 518 525 καὶ
545 470 645 525 οὐκ
679 471 746 526 ἂν
776 469 950 542 ἔχοιεν
995 470 1132 541 μετά
1170 471 1342 527 ταῦτα
1383 475 1590 537 εἰπεῖν,
1617 475 1700 526 ὅτι
1744 475 1858 527 Οὐκ

175 550 531 622 ἠκούσαμεν·
560 554 696 624 πρὸς
725 553 832 624 γὰρ
863 553 930 606 τὰ
961 554 1174 626 πέρατα
1198 555 1298 626 τῆς
1343 557 1669 628 οἰκουμένης
1703 559 1731 610 6
1771 556 1859 610 λό-

176 655 278 709 γος
308 640 468 712 ἐξέϐη
487 642 533 673 ⁸³
566 641 666 710 τῆς
696 640 999 704 εὐσεϐείας.

255 726 302 758 ⁸³
333 726 513 780 Ταῦτα
544 723 633 781 οὖν
661 727 968 792 ἐννοοῦντες
1011 727 1105 781 καί⁵
1146 729 1329 799 ἡμεῖς,
1376 730 1446 784 τά
1489 733 1618 802 παρ’
1648 731 1857 784 ἑαυτῶν

185 812 402 866 ἅπαντα
440 813 730 884 πληρῶμεν
766 817 846 880 εἰς
895 816 1023 878 τοὺς
1075 815 1325 886 πλησίον,
1369 817 1462 870 καὶ
1489 817 1565 888 τῷ
1597 817 1714 887 Θεῷ
1743 819 1856 871 δια-

189 901 388 964 παντὸς
413 902 844 973 εὐχαριστῶμεν.
879 904 988 956 Kal
1011 903 1121 975 γὰρ
1142 906 1360 968 ἄτοπον,
1391 905 1538 977 ἔργῳ
1568 907 1669 976 τῆς
1697 908 1856 977 εὐερ-

191 987 375 1054 γεσίας
421 989 584 1041 αὐτοῦ
629 989 751 1042 καθ’
796 991 1033 1062 ἐκάστην
1073 991 1444 1056 ἀπολαύοντας
1475 993 1572 1064 τὴν
1616 994 1852 1064 ἡμέραν,

189 1076 324 1144 μηδὲ
369 1076 509 1147 λόγῳ
536 1081 757 1150 χάριν³⁵
785 1081 1084 1151 ὁμολογεῖν,
1118 1083 1211 1135 καί
1242 1082 1412 1136 ταῦτα
1444 1083 1543 1153 τῆς
1569 1082 1860 1154 ὁμολογίας·

185 1162 345 1216 πάλιν
363 1163 408 1195 ⁸⁵
442 1169 577 1235 ἡμῖν
607 1166 705 1237 τὴν
734 1167 1000 1236 ὠφέλειαν
1033 1169 1324 1240 φερούσης.
1359 1170 1494 1223 Οὐδὲ
1545 1171 1652 1242 γὰρ
1689 1171 1850 1235 αὐτὸς

177 1249 348 1303 δεῖται
380 1253 489 1306 τῶν
514 1257 796 1327 ἡμετέρων
823 1257 986 1321 τινὸς,
1017 1259 1131 1312 ἀλλ’
1153 1262 1311 1331 ἡμεῖς
1330 1261 1560 1332 δεόμεθα
1581 1261 1689 1317 τῶν
1711 1263 1853 1316 ἐκεί-

175 1353 270 1390 νου
302 1339 577 1395 ἀπάντων.
622 1343 732 1395 Kal
775 1343 880 1416 γὰρ
925 1347 958 1415 ἡ
999 1347 1320 1416 εὐχαριστία
1359 1347 1551 1418 ἐκείνῳ
1579 1349 1677 1417 μὲν
1700 1350 1852 1404 οὐδὲν

175 1426 560 1496 προστίθησιν,
595 1430 740 1499 ἡμᾶς
773 1431 827 1484 δὲ
855 1433 1218 1506 οἰκειοτέρους
1248 1435 1397 1505 αὐτῴ
1428 1437 1850 1501 κατασκευάζει.

170 1511 244 1563 Εἰ
283 1511 393 1584 γὰρ
436 1515 742 1586 ἀνθρώπων.
785 1518 866 1582 εἰς
919 1521 1140 1591 μνήμην
1197 1521 1451 1585 λαϐόντες
1509 1523 1850 1594 εὐεργεσίας,

171 1595 590 1670 θερμαινόμεθα
633 1602 894 1672 μειζόνως
922 1604 1000 1674 τῷ
1041 1606 1279 1677 φίλτρῳ·
1316 1606 1498 1676 πολλῷ
1531 1609 1728 1678 μᾶλλον
1757 1609 1849 1662 τοῦ

167 1687 453 1739 Δεσπότου
485 1690 824 1760 μεμνημένοι
848 1691 1110 1761 διηνεκῶς
1143 1692 1250 1746 τῶν
1280 1695 1720 1766 κατορθωμάτων
1738 1695 1848 1749 τῶν

164 1773 261 1834 εἰς
290 1775 458 1843 ἡμᾶς,
502 1777 908 1850 σπουδαιότεροι
939 1780 1077 1848 πρὸς
1113 1781 1210 1845 τὰς
1242 1782 1461 1846 ἐντολὰς
1490 1785 1589 1847 τὰς
1632 1784 1848 1837 ἐκείνου

164 1859 435 1930 ἐσόμεθα.
461 1863 561 1916 Διά
587 1863 746 1918 τοῦτο
780 1867 874 1920 καί¹
917 1869 946 1919 6
986 1855 1196 1932 Παῦλος
1236 1867 1421 1936 ἔλεγεν
1441 1885 1454 1899 ⁸
1481 1869 1846 1938 Εὑχάριστοι

161 1945 440 2012 γίνεσθε.
468 1949 686 2021 Φυλακὴ
727 1952 833 2021 γὰρ
858 1951 1176 2023 εὐεργεσίας
1203 1953 1398 2024 ἀρίστη
1432 1957 1464 2025 ἡ
1487 1954 1585 2024 τῆς
1622 1955 1846 2027 εὐεργε-

161 2031 302 2094 σίας
332 2034 539 2106 μνήμη,
587 2038 678 2090 καὶ
710 2037 960 2108 διηνεκὴς
990 2040 1038 2072 ⁸⁸
1079 2041 1417 2112 εὐχαριστία.
1451 2042 1552 2094 Διά
1589 2041 1653 2113 δὴ
1685 2043 1846 2096 τοῦτο

160 2121 274 2172 καὶ
314 2120 383 2174 τὰ
413 2123 657 2196 φρικώδη
695 2128 986 2198 μυστήρια,
1033 2128 1128 2182 καὶ
1171 2129 1371 2200 πολλῆς
1400 2129 1638 2200 γέμοντα
1679 2130 1779 2201 τῆς
1794 2131 1839 2163 ⁸⁷

160 2208 478 2278 σωτηρίας,
510 2211 579 2264 τά
604 2212 726 2266 καθ’
749 2214 985 2285 ἑκάστην
1010 2215 1306 2286 τελούμενα
1332 2216 1572 2282 σύναξιν,
1607 2218 1844 2288 Εὐχαρι-

155 2292 298 2347 στία
331 2295 596 2364 καλεῖται,
643 2300 725 2353 ὅτι
759 2300 968 2354 πολλῶν
1013 2305 1162 2356 ἐστιν
1202 2304 1659 2376 εὐεργετημάτων
1703 2307 1850 2360 ἀνάρ-

159 2398 393 2452 μνησις,
439 2385 534 2439 καὶ
578 2387 641 2439 τὸ
679 2389 973 2458 κεφάλαιον
1011 2390 1113 2460 τῆς
1143 2389 1238 2444 τοῦ
1269 2391 1404 2444 Θεοῦ
1453 2392 1708 2462 προνοίας
1749 2395 1838 2446 ἐν-

154 2468 446 2524 δείκνυται
469 2513 483 2538 ,
517 2474 610 2528 καὶ
641 2473 730 2528 διά
760 2476 978 2530 πάντων
1025 2479 1435 2548 παρασκευάζει
1470 2481 1834 2551 εὐχαριστεῖν.

159 2557 237 2611 Εἰ.
281 2557 388 2628 γὰρ
430 2559 492 2613 τὸ
537 2563 863 2634 γεννηθῆναι
901 2565 964 2619 ἐκ
997 2565 1264 2637 παρθένου
1311 2567 1496 2637 θαῦμα
1544 2568 1706 2637 μέγα,
1745 2568 1839 2621 καὶ

155 2645 606 2717 ἐκπληττόμενος
646 2652 676 2703 6
709 2651 1106 2724 εὐαγγελιστὴς
1153 2653 1306 2722 ἔλεγε
1326 2693 1340 2718 ,
1387 2654 1564 2708 Τοῦτο
1592 2653 1660 2706 δὲ
1689 2653 1839 2707 ὅλον

155 2731 407 2799 γέγονε·
450 2735 512 2788 τὸ
543 2736 637 2789 καὶ
671 2739 949 2809 σφαγῆναι
995 2741 1097 2793 ποῦ
1145 2740 1412 2812 θὴσομεν;
1450 2740 1572 2793 εἰπέ
1605 2757 1714 2810 μοι.
1771 2741 1835 2793 Εἰ

157 2817 280 2888 γὰρ
297 2819 356 2872 τὸ
382 2819 532 2894 [511]
561 2824 888 2895 γεννηθῆναι
915 2827 1092 2881 τοῦτο
1125 2827 1274 2882 ὅλον
1303 2829 1565 2894 καλεῖται,
1589 2828 1650 2881 τὸ
1678 2845 1836 2882 σταυ-

160 2905 433 2977 ρωθῆναι,
469 2909 564 2962 καί
608 2910 668 2964 τὸ
710 2907 851 2982 αἷμα
892 2913 1074 2984 ἐκχεῖν
1089 2915 1154 2978 ⁸⁸,
1188 2915 1282 2968 καὶ
1325 2914 1387 2968 τὸ
1432 2914 1623 2969 ἐαυτὸν
1655 2913 1835 2969 δοῦναι

157 2996 303 3063 ἡμῖν
337 2997 416 3058 εἰς
447 2996 686 3050 ἑστίασιν
712 3000 806 3052 καὶ
837 3000 1069 3071 εὐωχίαν
1093 3003 1486 3073 πνευματικὴν,
1518 3003 1570 3056 τί
1601 3002 1668 3056 ἂν
1701 3005 1834 3073 κληα

160 3080 326 3150 θείη;
359 3083 786 3156 Εὐχάριστῶμεν
816 3088 998 3142 τοίνυν
1035 3090 1184 3160 αὐτῷ
1220 3090 1506 3161 διηνεκῶς,
1538 3092 1630 3146 καὶ
1657 3093 1835 3162 ῥημά-

157 3182 279 3220 των
309 3170 403 3223 καί
426 3169 604 3241 ἐργων
633 3172 743 3225 τῶν
773 3175 1055 3246 ἡμετέρων
1075 3177 1421 3248 προηγείσθω
1443 3179 1618 3232 τοῦτο.
1656 3181 1832 3249 Εὐχα-

161 3253 444 3324 ριστῶμεν
476 3255 534 3308 δέ
582 3257 656 3326 μὴ
700 3257 840 3330 ὑπὲρ
884 3259 993 3314 τῶν
1043 3262 1257 3316 οἰκείων
1309 3263 1504 3332 μόνων,
1554 3263 1690 3319 ἀλλά
1739 3265 1836 3318 καὶ

163 3340 312 3413 ὐπέρ
342 3341 451 3420 τῶν
480 3342 777 3415 ἀλλοτρίων
804 3346 1024 3414 ἀγαθῶν
1047 3365 1062 3380 ’
1084 3348 1226 3402 οὓτω
1251 3349 1359 3420 γάρ
1389 3351 1482 3403 καὶ⁹
1511 3351 1609 3420 τήν
1634 3352 1836 3421 βασκα-

161 3427 286 3481 νίαν
338 3429 546 3484 ἀνελεῖν
576 3431 938 3504 δυνησόμεθα,
971 3436 1064 3489 καὶ
1107 3437 1206 3508 τὴν
1251 3438 1472 3508 ἀγάπην
1514 3439 1835 3507 ἐπισφίγξαι

163 3514 264 3568 καὶ
293 3519 666 3592 γνησιωτέραν
718 3521 964 3592 ποιῆσαι.
1003 3524 1138 3578 Οὐδὲ
1184 3527 1294 3596 γάρ
1324 3525 1531 3598 δυνήσῃ
1563 3526 1834 3597 βασκῆναι

160 3601 353 3657 λοιπὸν
386 3605 634 3674 ἐκείνοις,
677 3608 819 3679 ὑπὲρ
855 3603 930 3664 ὧν
959 3612 1302 3683 εὐχαριστεῖς
1337 3613 1414 3682 τῷ
1439 3615 1707 3688 Δεσπότῃ.
1744 3616 1835 3670 Διὸ

159 3691 229 3761 δὴ
260 3693 354 3745 καὶ
377 3695 405 3746 6
442 3695 621 3765 ἱερεὺς
662 3697 802 3770 ὑπὲρ
832 3699 933 3770 τῆς
960 3702 1303 3773 οἰκουμένης,
1339 3704 1482 3774 ὑπὲρ
1504 3704 1612 3757 τῶν
1641 3707 1836 3776 προτέ-

164 3796 300 3848 ρων,
329 3780 468 3853 ὐπέρ
489 3781 598 3836 τῶν
619 3783 736 3851 νῦν,
768 3787 906 3859 ὑπὲρ
932 3787 1040 3842 τῶν
1067 3791 1403 3860 γενηθέντων
1419 3793 1464 3824 ⁸⁵
1497 3792 1828 3864 ἔμπροσθεν,

164 3866 308 3939 ὑπὲρ
341 3866 449 3922 τῶν
484 3870 625 3940 μετὰ
671 3871 843 3926 ταῦτα
881 3875 1159 3945 ἐσομένων
1202 3879 1282 3941 εἰς
1312 3879 1460 3948 ἡμᾶς
1490 3880 1834 3952 εὐχαριστεῖν

163 3955 416 4019 κελεύει,
459 3957 558 4027 τῆς
591 3957 782 4024 θυσίας
795 3961 839 3995 ⁹⁰
869 3963 1236 4034 προκειμένης
1268 3967 1502 4036 ἐκείνης.
1531 3968 1699 4021 Τοῦτο
1724 3969 1833 4040 γὰρ

163 4041 318 4110 ἡμᾶς
363 4043 458 4095 καὶ
501 4044 598 4114 τῆς
638 4046 741 4116 γῆς
772 4048 1125 4113 ἀπαλλάττει,
1168 4054 1262 4104 καὶ
1297 4051 1431 4122 πρὸς
1474 4053 1566 4107 τὸν
1605 4054 1834 4125 οὐρανὸν

164 4127 508 4200 μετατίθησι,
538 4133 630 4186 καὶ
661 4134 925 4201 ἀγγέλους
962 4134 1022 4201 ἐξ
1049 4137 1350 4206 ἀνθρώπων
1392 4143 1553 4194 ποιεῖ.
1588 4142 1698 4194 Kal
1725 4141 1834 4213 γὰρ

162 4214 262 4266 καὶ
295 4217 514 4282 ἐκεῖνοι,
543 4220 703 4291 χορὸν
731 4225 1082 4294 στησάμενοι,
1112 4226 1250 4297 ὑπὲρ
1271 4226 1378 4280 τῶν
1400 4230 1478 4290 εἰς
1507 4229 1654 4299 ἡμᾶς
1692 4229 1832 4299 ἀγα-

163 4301 276 4354 θῶν
298 4303 678 4375 εὐχαριστοῦσι
700 4309 778 4380 τῷ
805 4310 942 4382 Θεῷ,
971 4312 1220 4382 λέγοντες
1236 4329 1250 4342 ·
1283 4315 1438 4378 Δόξα
1460 4316 1528 4368 ἐν
1553 4318 1836 4384 ὑψίστοις

165 4386 312 4453 Θεῷ,
348 4392 445 4445 καὶ
469 4393 568 4446 ἐπὶ
590 4395 702 4465 γῆς
722 4398 952 4467 εἰρήνη,
991 4399 1062 4454 ἐν·
1085 4399 1417 4470 ἀνθρώποις
1435 4402 1697 4459 εὐδοκία.
1726 4405 1836 4458 Kal

158 4473 216 4525 τί
241 4475 378 4543 πρὸς
403 4479 550 4549 ἡμᾶς
571 4483 614 4513 ⁹¹
639 4485 764 4547 τοὺς
796 4486 897 4538 οὐκ
925 4487 1017 4540 ἐπὶ
1053 4489 1178 4557 γῆς,
1207 4488 1327 4541 οὐδέ
1343 4487 1663 4559 ἀνθρώπους
1683 4508 1697 4554 ;
1718 4492 1836 4546 Μά-

160 4559 324 4614 λιστα
349 4563 448 4633 μέν
468 4562 561 4620 οὖν
593 4568 729 4639 πρὸς
757 4572 902 4640 ἡμᾶς
921 4590 935 4604 ·
961 4571 1103 4626 οὕτω
1137 4573 1245 4644 γὰρ
1278 4574 1676 4647 ἐπαιδεύθημεν
1710 4578 1834 4642 τοὺς

163 4648 488 4736 συνδούλους
517 4655 688 4724 φιλεῖν
709 4695 726 4724 ,
763 4657 838 4721 ὡς
871 4661 966 4712 καὶ
1006 4660 1076 4714 τὰ
1116 4662 1341 4716 ἐκείνων
1374 4661 1554 4730 ἀγαθά
1590 4663 1835 4736 ἡμέτερα

159 4733 304 4792 εἶναι
334 4742 594 4812 νομίζειν.

205 4824 297 4918 -6'.
332 4830 425 4918 διὸ
463 4833 558 4885 καὶ
605 4834 815 4900 Παῦλος
858 4837 1132 4908 πανταχοῦ
1178 4839 1286 4892 τῶν
1335 4841 1663 4895 Ἐπιστολῶν
1696 4843 1834 4916 ὑπὲρ

159 4911 421 4994 τῶνητῆς
465 4914 788 4988 οἰκουμένης
843 4920 1154 4991 εὐχαριστεῖ
1215 4923 1673 4994 κατορθωμάτων.
1726 4911 1835 4980 Kal

161 4992 327 5078 ἡμεῖς
341 4993 518 5078 τοίνυν
541 4996 642 5049 ὐπὲ
648 5016 681 5068 ρ
697 4999 804 5052 τῶν
823 5001 1036 5056 οἰκείων
1060 5005 1151 5057 καὶ
1167 5005 1212 5035 ’³
1234 4992 1373 5074 ὐπὲ
1393 4992 1496 5058 τῶν
1517 5006 1831 5078 ἀλλοτρίων,

162 5074 268 5166 καὶ
301 5076 699 5166 ὑπὲρ-μικρῶν
731 5083 826 5136 καὶ
869 5085 1007 5166 ὑπὲρ
1039 5086 1290 5154 μεγάλων
1319 5087 1583 5159 διηνεκῶς
1608 5074 1831 5162 εὐχαρι-

162 5164 404 5226 στῶμεν.
449 5164 567 5216 Κᾶν
595 5165 698 5237 γὰρ
735 5165 927 5238 μικρὸν
1032 5168 1094 5222 τὸ
1130 5169 1300 5233 δοθὲν,
1346 5173 1492 5242 μέγα
1518 5173 1726 5242 γίνεται
1757 5174 1833 5245 τῷ

160 5245 320 5334 παρά
342 5249 435 5300 τοῦ
453 5251 588 5305 Θεοῦ
611 5253 874 5307 δεδόσθαι·
898 5256 1162 5325 μᾶλλονδὲ
1182 5259 1332 5312 οὐδὲν
1361 5259 1554 5333 μικρὸν
1571 5261 1678 5314 τῶν
1702 5265 1832 5334 παρ’

159 5331 400 5418 ἐκείνου,
429 5338 488 5390 οὐ
519 5338 596 5409 τῷ
626 5345 755 5415 παρ’
781 5343 990 5397 ἐκείνου
1023 5345 1183 5414 μόνον
1213 5331 1718 5418 παρέχεσθαι,ἀλλὰ
1741 5331 1832 5402 καὶ

158 5417 305 5507 αὐτῇ
342 5425 407 5492 τῇ
435 5424 615 5493 φύσει.
658 5429 768 5482 Kal
812 5429 898 5483 ἵνα
949 5434 1017 5485 τὰ
1057 5431 1194 5487 ἄλλα
1236 5417 1412 5488 πάντα
1461 5436 1640 5506 παρῶ,
1669 5435 1705 5489 ὃ.
1732 5436 1830 5507 τὴν

113 5579 116 5583 Ι
157 5500 352 5573 ἄμμον
379 5510 505 5579 νικᾷ
533 5509 608 5580 τῷ
635 5511 863 5584 πλήθει·
889 5515 943 5568 τί
976 5516 1088 5570 ἴσον
1117 5516 1215 5586 τῆς
1236 5517 1379 5588 ὑπὲρ
1411 5500 1570 5589 ήμῶν
1603 5500 1829 5590 γενομέ-

1251 353 1316 408 1N
1357 351 1770 414 ill-ATTHA‘IUM
1809 355 2042 414 HOMIL.
2085 356 2250 413 XXV.
2289 359 2360 412 al.
2403 356 2594 412 XXVI.

3524 362 3630 416 332

1959 490 2056 546 νης
2084 473 2423 543 οἰκονομίαςς
2461 476 2526 526 Ὀ
2556 472 2664 545 γάρ
2701 468 2768 544 ἦν
2810 473 2959 544 αὐτῷ
2997 473 3320 546 τιμιώτερον
3349 475 3626 540 ἁπάντων,

1959 558 1986 609 6
2004 557 2296 626 μονογενὴς
2316 557 2471 620 Παῖς,
2489 555 2679 609 τοῦτον
2705 557 2904 610 ἔδωκεν
2927 558 3066 627 ὑπὲρ
3085 559 3240 628 ἡμῶν
3265 559 3373 612 τῶν
3396 559 3626 630 ἐχθρῶν·

1958 641 2050 693 καί
2074 639 2172 692 οὐκ
2198 640 2364 692 ἔδωκε
2393 639 2572 709 μόνον,
2597 639 2732 693 ἀλλά
2761 641 2856 692 καὶ
2893 641 3028 709 μετά
3051 641 3110 693 τὸ
3137 642 3316 695 δοῦναι
3343 643 3626 715 τράπεζαν

1959 727 2089 796 ἡμῖν
2122 725 2282 778 αὐτὸν
2305 725 2606 796 παρέθηκε,
2624 725 2800 780 πάντα
2821 727 2981 790 αὐτὸς
3002 727 3070 780 τά
3097 727 3239 798 ὑπὲρ
3261 729 3416 798 ἡμῶν
3433 729 3624 794 ποιῶν,
3689 751 3700 762 ·

1957 813 2048 865 καί
2077 813 2137 865 τὸ
2165 812 2369 876 δοῦναι,
2397 814 2490 866 καὶ
2511 813 2572 866 τὸ
2599 813 2956 883 εὐχαρίστους
2986 815 3126 884 ὑπὲρ
3147 815 3348 870 τούτων
3379 817 3624 886 ποιῆσαι.

1969 900 2183 971 Ἐπειδὴ
2216 901 2323 969 γὰρ
2357 899 2431 963 ὼς
2464 900 2534 952 τά
2563 901 2734 954 πολλὰ
2762 901 3055 972 ἀχάριστός
3085 904 3231 954 ἐστιν
3259 905 3286 956 6
3321 902 3623 975 ἄνθρωπος,

1956 988 2233 1058 πανταχοῦ
2282 988 2444 1052 αὐτὸς
2475 990 2796 1058 ἀναδέχεται
2824 989 2913 1041 καί
2945 990 3343 1054 κατασκευάζει
3384 991 3455 1043 τὰ
3486 993 3625 1061 ὑπὲρ

1955 1075 2131 1146 ἡμῶν.
2163 1076 2273 1130 Καὶ
2295 1078 2431 1149 ὅπερ
2454 1077 2545 1130 ἐπὶ
2568 1076 2674 1129 τῶν
2711 1077 2979 1130 Ἰουδαίων
3007 1078 3278 1149 ἐποίησεν,
3307 1077 3414 1130 ἀπὸ
3447 1079 3627 1131 τόπων

1955 1163 2050 1218 καὶ
2096 1164 2303 1234 χρόνων
2350 1165 2443 1218 καὶ
2478 1163 2680 1234 ἑορτῶν
2707 1166 3138 1235 ἀναμιμνήσκων
3173 1165 3370 1228 αὐτοὺς
3403 1165 3510 1217 τῶν
3541 1167 3627 1216 εὐ-

1956 1250 2248 1321 εργεσιῶν,
2276 1251 2433 1305 τοῦτο
2455 1252 2550 1304 καί
2581 1251 2814 1305 ἐνταῦθα
2839 1253 3152 1322 εἰργάσατο,
3175 1251 3284 1305 ἀπὸ
3311 1252 3403 1304 τοῦ
3424 1253 3624 1323 τρόπου

1951 1340 2052 1409 τῆς
2093 1339 2285 1403 θυσίας
2329 1342 2409 1403 εἰς
2451 1340 2675 1410 διηνεκῆ
2719 1343 2818 1411 τῆς
2871 1340 3010 1410 ὑπὲρ
3064 1340 3269 1394 τούτων
3311 1340 3627 1410 εὐεργεσίας

1957 1427 2175 1496 μνήμην
2209 1428 2356 1496 ἡμᾶς
2382 1426 2684 1496 ἐμϐάλλων.
2720 1428 2906 1490 Οὕτως
2940 1427 3114 1489 οὐδεὶς
3156 1426 3456 1480 ἐσπούδακε
3482 1427 3626 1479 δοκί-

1956 1529 2088 1582 μους
2114 1512 2367 1580 γενέσθαι
2418 1514 2514 1566 καὶ
2547 1513 2819 1584 μεγάλους
2847 1512 2938 1566 καὶ
2969 1513 3056 1566 διὰ
3082 1514 3298 1567 πάντων
3343 1511 3626 1582 εὐγνώμο-

1953 1615 2085 1661 νας,
2113 1598 2188 1661 ὡς
2221 1601 2249 1652 6
2275 1601 2510 1670 ποιήσας
2559 1601 2708 1670 ἡμᾶς
2745 1599 2896 1662 Θεός.
2946 1599 3046 1652 Διά
3082 1599 3239 1652 τοῦτο
3272 1600 3366 1651 καὶ
3395 1600 3626 1662 ἄκοντας

1953 1687 2105 1755 ἡμᾶς
2127 1687 2406 1757 εὐεργετεῖ
2432 1687 2708 1750 πολλάκις,
2737 1689 2827 1740 καὶ
2850 1686 3174 1754 ἀγνοοῦντας
3201 1686 3269 1740 τά
3301 1686 3536 1742 πλείονα.
3565 1686 3624 1737 Εἰ

1952 1771 2008 1824 δὲ
2041 1772 2343 1842 θαυμάζεις
2367 1773 2428 1826 τὸ
2455 1774 2764 1845 εἰρημένον,
2789 1774 2889 1826 οὐκ
2915 1772 3132 1827 ἐπὶτῶν
3159 1772 3430 1842 τυχόντων
3457 1771 3623 1834 τινὸς.

1951 1855 2065 1907 ἀλλ’
2100 1858 2192 1909 ἐπὶ
2219 1856 2311 1910 τοῦ
2346 1858 2620 1929 μακαρίου
2659 1856 2870 1910 Παύλου
2905 1856 3152 1925 δείκνυμι
3178 1874 3258 1909 σοι
3293 1856 3452 1909 τοῦτο
3487 1872 3626 1924 συμ-

1950 1941 2070 1996 ϐάν.
2097 1944 2205 1996 Kal
2236 1943 2343 2013 γὰρ
2377 1945 2405 1996 ὁ
2441 1945 2708 2014 μακάριος
2731 1944 2941 2005 ἐκεῖνος
2976 1942 3146 1996 πολλὰ
3178 1942 3504 1996 κινδυνεύων
3531 1943 3624 1995 καί

1950 2029 2287 2100 θλιϐόμενος,
2318 2031 2577 2094 πολλάκις
2614 2029 2914 2099 παρεκάλει
2943 2029 3032 2083 τδν
3061 2029 3213 2092 Θεὸν,
3246 2028 3548 2098 ἀποστῆναι
3574 2029 3622 2061 ’³

1950 2117 2098 2190 [512]
2127 2118 2289 2172 αὐτοῦ
2319 2119 2444 2183 τοὺς
2474 2117 2841 2190 πειρασμούς·
2871 2117 2985 2172 ἀλλ’
3020 2118 3168 2187 ὅμως
3203 2116 3262 2170 οὐ
3303 2119 3367 2188 τῇ
3411 2117 3620 2188 αἰτήσει

1945 2208 2108 2261 αὐτοῦ
2132 2249 2148 2274 ,
2180 2208 2315 2263 ἀλλὰ
2351 2209 2418 2280 τῇ
2445 2208 2746 2279 λυσιτελείᾳ
2773 2209 3060 2279 προσεῖχεν
3090 2209 3118 2260 6
3145 2206 3276 2271 Θεός
3304 2223 3319 2239 ο
3343 2209 3438 2261 καὶ
3463 2207 3622 2261 τοῦτο

1945 2293 2158 2358 δεικνὺς
2177 2295 2359 2364 ἔλεγεν
2379 2312 2393 2327 ·
2420 2294 2602 2363 Ἀρκεῖ
2628 2310 2726 2349 σοι
2755 2297 2792 2364 ἡ
2817 2294 2984 2366 χάρις
2997 2311 3116 2363 μου
3139 2307 3154 2322 ⁸
3171 2295 3209 2362 ἡ
3241 2293 3351 2362 γὰρ
3369 2293 3620 2363 δύναμίς

1938 2398 2058 2450 μου
2078 2382 2147 2434 ἐν
2164 2383 2446 2449 ἀσθενείᾳ
2471 2382 2992 2437 τελειοῦται.⁹⁹Ωστε
3023 2381 3150 2453 πρὶν
3164 2381 3337 2434 εἰπεῖν
3359 2380 3506 2452 αὐτῴ
3521 2381 3620 2452 τήν

1943 2473 2142 2538 αἰτίαν,
2157 2473 2354 2527 ἄκοντα
2366 2475 2643 2546 εὐεργετεῖ
2662 2473 2753 2527 καὶ
2767 2474 2867 2526 οὐκ
2889 2472 3081 2526 εἰδότα.
3099 2471 3164 2524 Τί
3181 2464 3280 2525 οῦν
3299 2471 3438 2541 μέγα
3455 2472 3618 2535 αἰτεῖ,

1943 2559 2064 2613 ἀντ)⁸
2098 2561 2196 2630 τῆς
2233 2561 2499 2632 τοσαύτης
2543 2560 2866 2631 κηδεμονίας
2897 2559 3247 2629 εὐχαρίστους
3279 2558 3515 2612 κελεύων
3540 2553 3621 2612 εῖ-

1943 2663 2066 2712 ναι;
2094 2646 2416 2718 Πειθώμεθα
2436 2647 2634 2713 τοίνυν,
2659 2648 2752 2700 καὶ
2779 2644 3053 2714 πανταχοῦ
3077 2645 3232 2698 τοῦτο
3250 2645 3617 2716 διατηρῶμεν.

1944 2734 2049 2788 Καὶ
2076 2733 2182 2806 γὰρ
2213 2735 2339 2797 τοὺς
2399 2735 2679 2797 Ἰουδαίους
2707 2734 2857 2787 οὐδὲν
2894 2733 3065 2796 οὕτως
3107 2732 3385 2786 ἀπώλεσεν
3406 2769 3421 2796 ,
3446 2731 3520 2795 ὠς
3557 2731 3618 2784 τὸ

1943 2821 2266 2892 ἀχαρίστους
2300 2817 2459 2885 εἶναι,
2486 2820 2696 2883 καὶτὰς
2729 2819 2928 2882 πολλὰς
2966 2817 3062 2874 καὶ
3104 2817 3438 2889 ἐπαλλήλους
3475 2818 3618 2870 ἐκεί-

1943 2927 2039 2974 νας
2084 2908 2295 2978 πληγάς
2343 2909 2491 2962 οὐδὲν
2525 2909 2709 2979 ἕτερον
2741 2907 2772 2976 ἦ
2818 2905 2978 2959 τοῦτο
3016 2906 3261 2976 ἐπήγαγε
3283 2921 3295 2932 ·
3322 2904 3522 2974 μᾶλλον
3558 2905 3616 2958 δὲ

1941 2998 2036 3051 καὶ
2059 2996 2163 3068 πρὸ
2193 2995 2300 3049 τῶν
2339 2995 2563 3065 πληγῶν
2592 2995 2692 3065 τὴν
2736 2993 2913 3063 ψυχὴν
2965 2992 3144 3044 αὐτῶν
3173 2992 3327 3044 τοῦτο
3368 2989 3614 3044 ἀπώλεσε

1941 3086 2035 3139 καὶ
2075 3083 2399 3155 διέφθειρεν.
2439 3083 2796 3151 Ἀχαρίστου
2824 3082 2933 3150 γὰρ
2961 3079 3129 3144 ἐλπίς
3155 3080 3236 3144 ὡς
3267 3077 3470 3146 πάχνη
3498 3095 3617 3146 χει-

1933 3172 2138 3242 μέριος
2157 3170 2224 3237 ⁸⁸,
2243 3170 2408 3241 φησίν
2429 3191 2442 3203 ο
2463 3168 2606 3223 οὕτω
2629 3169 2836 3240 ναρκᾷν
2860 3167 2954 3220 καί
2974 3165 3298 3238 νεκροῦσθαι
3318 3166 3416 3236 τὴν
3439 3165 3614 3235 ψυχήν

1940 3265 2101 3327 ποιεῖ,
2137 3262 2325 3333 ὥσπερ
2374 3261 2555 3331 ἐκείνη
2585 3259 2653 3313 τά
2698 3258 2945 3330 σώματα.
2978 3257 3148 3310 Τοῦτο
3191 3256 3248 3309 δὲ
3295 3255 3501 3324 γίνεται
3555 3255 3616 3320 ἐξ

1939 3349 2323 3412 ἀπονοίας,καί
2351 3347 2443 3401 τοῦ
2472 3345 2706 3418 νομίζειν
2735 3345 2923 3399 ἑαυτὸν
2951 3344 3099 3412 ἄξιον
3129 3338 3266 3396 εἷναί
3299 3359 3464 3405 τινος.
3483 3341 3540 3394 '0
3555 3341 3613 3394 δὲ

1943 3436 2415 3507 συντετριμμένος,
2446 3437 2543 3505 οὐχ
2569 3435 2707 3505 ὑπὲρ
2730 3433 2947 3504 ἀγαθῶν
2981 3433 3160 3502 μόνον,
3187 3430 3320 3484 ἀλλά
3355 3431 3448 3484 καὶ
3472 3429 3612 3498 ὐπέρ

1939 3522 2046 3576 τῶν
2093 3522 2352 3575 ἐναντίων
2394 3521 2691 3574 δοκούντων
2743 3515 2912 3582 εἶναι,
2941 3517 3292 3589 εὐχαριστίας
3341 3516 3610 3568 εἰσεταιθδ

1938 3609 2017 3680 τῷ
2049 3607 2186 3678 Θεῷ,
2213 3608 2307 3661 καί⁵
2336 3609 2434 3661 ὅσα
2470 3607 2535 3660 ἂν
2580 3605 2748 3678 πάθῃ,
2778 3605 2928 3659 οὐδὲν
2960 3605 3226 3676 ἡγήσεται
3256 3601 3471 3666 ἀνάξιον
3509 3619 3610 3654 πε-

1942 3696 2218 3750 πονθέναι.
2258 3697 2366 3748 Kal
2407 3696 2566 3766 ἡμεῖς
2615 3694 2814 3758 τοίνυν,
2855 3693 2963 3763 ὅσῳ
2996 3691 3062 3744 ἂν
3092 3689 3227 3761 πρὸς
3253 3689 3451 3761 ἀρετὴν
3486 3691 3611 3741 ὲπι-

1938 3784 2138 3855 δῶμεν,
2180 3782 2418 3854 τοσούτῳ
2449 3782 2646 3854 μᾶλλον
2688 3781 2912 3843 ἐαυτοῦς
2944 3778 3319 3850 συντρίψωμεν
3341 3796 3356 3810 ·
3380 3777 3499 3830 ἐπεὶ
3520 3778 3613 3830 καὶ
3712 3827 3737 3848 κ

1939 3872 2095 3925 τοῦτο
2126 3872 2359 3942 μάλιστα
2411 3871 2601 3940 ἀρετή.
2638 3869 2850 3939 ’Ὠσπερ
2885 3867 2994 3938 γὰρ
3020 3867 3239 3936 ὅσῳπερ
3267 3863 3332 3918 ἀν
3361 3862 3613 3932 ὀξύτερον

1942 3958 2140 4028 ἴδωμεν
2165 3999 2181 4021 ,
2219 3957 2455 4026 τοσούτῳ
2488 3956 2686 4026 μᾶλλον
2730 3954 3070 4025 μανθάνομεν
3098 3953 3219 4004 ὅσον
3247 3951 3612 4018 διεστήκαμεν

1939 4046 2033 4099 τοῦ
2085 4044 2313 4116 οὐρανοῦ
2340 4060 2352 4074 ’
2399 4042 2570 4105 οὕτως
2615 4042 2722 4112 ὅσῳ
2764 4040 2830 4093 ἂν
2878 4038 3148 4108 ἐπιδῶμεν
3188 4035 3323 4106 πρὸς
3373 4035 3612 4106 ἀρετὴν,

1938 4130 2177 4200 τοσούτῳ
2208 4129 2407 4200 μᾶλλον
2438 4126 2799 4198 παιδευόμεθα
2837 4125 3034 4178 εἰδέναι
3063 4121 3157 4176 τοῦ
3187 4119 3322 4175 Θεοῦ
3355 4122 3416 4173 τὸ
3448 4121 3615 4190 μέσον

1939 4217 1999 4270 τὸ
2027 4217 2159 4289 πρὸς
2184 4218 2348 4287 ἡμᾶς.
2393 4217 2466 4270 Οὐ
2499 4215 2691 4286 μικρὸν
2725 4213 2780 4266 δὲ
2811 4211 2969 4266 τοῦτο
2992 4211 3037 4243 ⁸⁸
3077 4209 3241 4281 μέρος
3274 4206 3610 4278 φιλοσοφίας,

1938 4288 2232 4376 δυνηθῆναι
2268 4303 2500 4357 συνιδεῖν
2524 4302 2620 4373 τὴν
2648 4302 2802 4368 ἀξίαν
2832 4300 2932 4371 τὴν
2965 4297 3261 4370 ἡμετέραν.
3306 4288 3473 4357 Οὗτος
3503 4295 3612 4365 γὰρ

1939 4391 2174 4462 μάλιστά
2232 4393 2378 4444 ἐστιν
2419 4393 2448 4444 6
2491 4389 2679 4443 ἐαυτὸν
2729 4387 2916 4452 εἰδὼς,
2953 4389 2981 4440 6
3036 4385 3202 4456 μηδὲν
3245 4378 3383 4435 εἶναι
3420 4380 3613 4433 ἑαυτὸν

1935 4479 2190 4550 νομίζων.
2214 4478 2313 4531 Διά
2344 4478 2408 4549 δὴ
2454 4477 2610 4531 τοῦτο
2636 4478 2730 4530 καὶ
2767 4477 2795 4529 6
2818 4474 2982 4529 Δαυίδ
3030 4472 3124 4526 καὶ
3154 4473 3182 4525 6
3221 4468 3490 4542 Ἀϐραὰμ,
3519 4468 3612 4520 ὅτε

1937 4567 2071 4639 πρὸς
2123 4565 2220 4637 τὴν
2265 4566 2438 4637 ἄκραν
2489 4564 2761 4635 ἀνέϐησαν
2807 4564 2905 4634 τῆς
2949 4562 3150 4633 ἀρετῆς
3179 4557 3455 4628 κορυφήν,
3486 4554 3612 4606 τότε

1939 4653 2173 4724 μάλιστα
2215 4653 2372 4708 τοῦτο
2413 4652 2819 4724 κατώρθωσαν·
2852 4650 2944 4704 καὶ
2983 4651 3012 4700 6
3052 4647 3152 4718 μὲν
3193 4646 3297 4714 γῆν
3335 4643 3429 4696 καί
3474 4659 3612 4695 σπο-

1935 4741 2022 4794 δὸν
2049 4780 2063 4805 ,
2095 4742 2123 4793 6
2158 4741 2214 4794 δὲ
2265 4741 2524 4812 σκώληκα
2572 4739 2759 4792 ἑαυτὸν
2814 4735 2996 4790 ἐκάλει
3035 4750 3051 4766 ο
3080 4733 3171 4786 καί
3212 4731 3414 4794 πάντες
3455 4729 3512 4781 δὲ
3558 4729 3616 4781 οἱ

1937 4824 2081 4891 ἆγιοι
2124 4825 2326 4895 ὁμοίως
2373 4823 2580 4885 τούτοις
2633 4819 2857 4882 ἑαυτοὺς
2908 4815 3283 4879 ταλανίζουσιν
3319 4828 3336 4846 ο
3373 4812 3448 4874 ὡς
3477 4812 3504 4865 ὃ
3543 4826 3611 4878 γε

1935 4910 2073 4982 πρὸς
2126 4911 2439 4976 ἀλαζονείαν
2497 4909 2803 4980 αἰρόμενος,
2857 4904 3060 4967 ἐκεῖνός
3105 4903 3254 4955 ἐστιν
3299 4901 3327 4953 6
3377 4899 3614 4970 μάλιστα

1934 4998 2151 5051 πάντων
2190 4998 2380 5050 ἐαυτὸν
2414 4995 2646 5065 ἀγνοῶν.
2693 4994 2786 5046 Διὸ
2824 4994 2918 5045 καί
2950 4991 3092 5045 κατὰ
3129 4990 3229 5060 τὴν
3256 4988 3441 5059 κοινήν
3479 5004 3607 5039 συν-

1935 5084 2123 5155 ήθειαν
2172 5084 2292 5148 ἔθος
2336 5085 2466 5154 ἡμῖν
2515 5083 2694 5151 λέγειν
2725 5082 2852 5152 περί
2899 5079 3008 5133 τῶν
3065 5075 3464 5148 ὑπερηφάνων·
3493 5073 3613 5127 Οὐκ

1933 5170 2072 5226 οἶδεν
2103 5173 2311 5236 ἐαυτὸν,
2337 5173 2522 5240 ἀγνοεῖ
2552 5171 2763 5224 ἐαυτὸν.
2815 5169 2874 5222 Ὀ
2919 5169 2977 5222 δὲ
3013 5166 3202 5220 ἑαυτὸν
3227 5164 3457 5233 ἀγνοῶν,
3485 5161 3610 5214 τίνα

1933 5259 2236 5328 γνώσεται;
2268 5260 2480 5330 ’Ὥσπερ
2509 5258 2618 5328 γάρ
2638 5259 2665 5311 ὁ
2687 5256 2877 5311 ἐαυτὸν
2917 5253 3093 5317 εἰδὼς,
3119 5254 3332 5307 ἅπαντα
3366 5248 3608 5300 εἴσεται·

1932 5346 2104 5410 οὕτως
2127 5349 2158 5399 6
2186 5346 2344 5400 τοῦτο
2378 5345 2451 5417 μὴ
2485 5345 2660 5410 εἰδὼς,
2683 5344 2804 5398 οὐδέ
2825 5343 2892 5397 τὸ.
2923 5343 3056 5398 ἄλλα
3096 5339 3320 5392 εἵσεται.
3356 5331 3609 5393 Τοιοῦτος

1931 5429 1999 5504 ἧν
2032 5437 2234 5498 ἐκεῖνος
2269 5435 2296 5487 6
2325 5433 2530 5502 λέγων·
2579 5433 2803 5486 Ἐπάνω
2838 5431 2958 5486 τῶν
3007 5424 3270 5497 οὐρανῶν
3303 5423 3468 5486 θήσω
3499 5417 3608 5470 τόν

1938 5523 2155 5591 θρόνον
2175 5540 2313 5592 μου.
2346 5521 2566 5594 Ἐπειδὴ
2599 5521 2706 5593 γὰρ
2727 5521 2990 5592 ἠγνόησεν
3016 5513 3226 5579 ἐαυτὸν,
3259 5509 3352 5561 xal
3380 5506 3450 5560 τὰ
3473 5504 3607 5559 ἄλλα

225 5614 282 5703 ἔ¹
314 5615 663 5703 έεῆἔθὲβάἀ·
737 5623 1233 5703 ⁸⁸ξιθιιςοΝιβοτι
1260 5628 1352 5703 δεῖ,
1368 5629 1594 5703 πάντοτε
1617 5631 1958 5703 εὐχεριστεῐγ
1983 5629 2204 5703 τῷβεεῑ)
2225 5649 2237 5660 ·
2262 5632 2356 5703 καὶ
2377 5633 2459 5703 δη
2481 5631 2574 5703 ἐὰν
2596 5631 2776 5703 μήτις
2798 5629 3005 5703 mm
3029 5624 3137 5703 £5“
3169 5615 3434 5703 βεῳτικβῖ
3452 5629 3608 5703 (ἕρφ’

159 5683 346 5772 Ξίδων,
375 5683 436 5741 οὐ
459 5689 691 5772 ,δύναται
715 5694 914 5772 γνῶναι
933 5697 1154 5772 ἐαρτόν.
1271 5770 1284 5772 _
1311 5683 1671 5772 73516916:va

1947 5701 1952 5730 ‘
1984 5683 2398 5772 πάλινΓπολλὴν
2579 5683 2775 5758 έοῖι
2969 5683 3024 5751 ἐί
3040 5683 3180 5772 (ξειες
3210 5686 3381 5772 "fel
3399 5688 3436 5772 ,ἡ

164 5751 238 5843 Ξῖ.
254 5756 381 5843 5:1"-
459 5759 502 5791 ⁸⁷
531 5761 628 5843 ἰῆς
653 5751 848 5843 (mi-A-
870 5751 1204 5843 Ρελούμεναις
1221 5751 1343 5824 ἐπιδ.
1371 5751 1669 5839 λέγωἚὰά.
1697 5751 1836 5825 ἐῖκέ

1947 5751 2175 5843 ῖνγειᾲάΐ
2199 5751 2312 5843 sua
2323 5751 3213 5843 μῖαςῖᾱὶὶῗῐδᾶεὖὴόέντῳνλδίε.
3253 5758 3310 5838 [ι.
3341 5751 3432 5843 [φ’
3451 5751 3602 5843 ιξρηι.

375 5824 739 5911 γεννηθέντων
766 5834 888 5902 (sic)
926 5834 982 5888 Ε.
1024 5824 1140 5906 Ilua:
1173 5824 1319 5909 'facm
1362 5824 1482 5892 sm'u
1513 5844 1662 5896 Arm.

162 5893 297 5950 hev.
334 5914 435 5955 nec
459 5901 648 5962 legisse
680 5903 890 5958 videtur
915 5905 1009 5958 Ge.
1050 5905 1184 5962 Cum
1223 5911 1694 5962 eodeacitArm.
1770 5915 1814 5943 9°

1947 5824 2675 5911 reévnOéVtwvllPalukrﬁost
2711 5824 2786 5901 εἰς
2828 5824 2953 5892 εἶηιθ

1947 5909 2047 5962 ἰαςί
2082 5911 2208 5962 add.
2243 5913 2343 5962 Mn
2382 5913 2444 5962 Α.
2521 5914 2562 5943 ἰ
2591 5911 2733 5962 ὑμᾶς
2758 5908 2818 5962 F.
2858 5911 2953 5962 ἠμί

1771 5915 1814 5943 ⁵³⁰
1838 5912 2026 5963 θυσίας

162 5909 435 5999 Ξανθιοο
459 5909 648 5972 legisse
680 5909 900 5984 vidclm:
915 5909 1009 5958 Ge.
1050 5909 1184 5962 Cum
1223 5911 1694 5966 codeacitArm.
1770 5915 1814 5943 9°
1838 5909 2047 5980 θυσίας]
2082 5909 2208 5965 add.
2243 5913 2344 5982 ήδη
2381 5913 2444 5966 Α.
2521 5909 2569 5943 ’ί
2591 5911 2733 5978 ὑμᾶς
2758 5909 2818 5962 F-
2858 5909 3026 5977 ἡμᾶς]
3055 5909 3120 5960 ad

152 6028 163 6038 _
241 5984 335 6023 και
361 5987 467 6027 om.
499 5975 563 6028 Α.
640 5973 1003 6040 “amat-ma:
1039 5975 1100 6031 E.
1167 5979 1210 6013 ⁸⁸
1240 5981 1313 6044 ὼς
1348 5983 1628 6047 χειμερινὴ
1668 5985 1841 6047 πάχνη
1873 5980 1932 6034 Ε.
2011 5982 2055 6013 ⁸⁵
2091 5982 2279 6050 εὐχαρ.
2313 5980 2537 6049 εἴσεται]
2572 5980 2948 6048 ε’)χαριστὴσει
2984 5979 3047 6032 Α.
3109 6047 3120 6052 α

162 5893 435 5972 ξρνςηὲο
459 5893 648 5972 legisse
680 5893 890 5958 videlui'
915 5905 1009 5958 Ge.
1037 5893 1188 5962 'Cum'
1223 5911 1379 5964 codd.
1400 5911 1526 5965 facit
1545 5893 1694 5966 Αἶπυ.

3033 5824 3134 5905 ad;
3181 5824 3359 5905 uncisj'
3385 5824 3604 5905 inclusit

2082 5896 2208 5965 inde.
2243 5896 2344 5982 ῆδὴ
2381 5913 2444 5966 Α.
2521 5896 2569 5943 θῖ
2591 5911 2733 5978 ὑμᾶς
2758 5896 2818 5962 ἰν.
2858 5896 3178 5977 ἡμᾶς]ἰι‹1ι1.
3210 5898 3342 5979 φησί
3375 5898 3438 5951 Α.
3466 5896 3602 5948 διν.

2091 5982 2278 6026 εὐναῆ-
2313 5980 2536 6026 εἵσεταιῖ
2572 5980 2948 6026 ε’)γαοιστῇςει
2984 5979 3047 6026 Α.
3126 5976 3170 6008 ⁹⁶
3201 5987 3354 6024 ’τιςνάτο
3380 5981 3504 6026 om.
3535 5963 3609 6019 Ασ
