4050 6220
254 380 360 440 ὥς

255 493 485 567 apostoli
525 491 741 548 nomine
767 489 984 560 dignum
1011 502 1130 542 esse
1156 489 1374 558 putabat
1404 488 1480 558 (t.
1505 487 1625 542 Cor.
1656 487 1746 542 I5.
1773 487 1826 542 8.

254 588 336 657 9).
374 586 524 640 llunc
554 585 729 654 itaque
756 581 1066 636 aemulemur
1095 588 1150 635 et
1179 579 1467 634 imitemur.
1502 577 1831 632 Imitabimur

256 690 437 736 autem
458 679 500 734 si
531 693 558 730 a
586 687 723 734 terra
761 689 825 729 ac
855 672 1077 730 terrenis
1105 672 1328 741 negotiis
1364 671 1666 726 liberemur.
1692 669 1832 725 Nihil

259 770 402 827 enim
425 771 496 824 ita
523 766 868 838 ignorantiam
899 765 978 819 sui
1013 764 1182 833 parit,
1213 772 1271 817 ut
1297 763 1628 817 saecularium
1652 776 1832 816 rerum

259 863 480 917 allectus
505 878 518 915 ε
544 858 782 927 nihilque
809 858 881 910 ita
906 855 1237 910 saecularium
1268 870 1448 909 rerum
1475 853 1718 908 affectum
1743 867 1834 922 pa-

260 957 366 1017 rit,
395 961 450 1006 ut
476 949 771 1020 ignorantia
799 948 878 1002 sui
912 965 925 1001 :
953 946 1214 1016 siquidem
1243 961 1407 1000 unum
1438 944 1633 1014 pendet
1654 943 1722 996 ab
1749 943 1830 996 εδι-

261 1056 390 1100 tero.
413 1042 560 1098 Sicut
580 1040 724 1096 enim
746 1041 789 1095 is
813 1040 901 1109 qui
923 1048 1196 1094 externam
1212 1037 1434 1107 gloriam
1458 1045 1602 1090 amat
1621 1043 1674 1091 et
1698 1050 1834 1104 pra:-

253 1137 419 1192 sentia
449 1150 639 1205 magna
669 1148 787 1188 esse
810 1140 978 1202 putat,
999 1131 1208 1185 etiamsi
1236 1130 1284 1184 id
1311 1129 1504 1184 millies
1528 1127 1829 1193 tentaverit,

253 1230 379 1284 huic
408 1244 515 1282 non
547 1227 780 1296 seipsum
807 1239 967 1280 nosse
991 1223 1302 1279 conceditur
1329 1239 1343 1276 :
1375 1222 1453 1277 sic
1479 1221 1568 1292 qui
1595 1220 1832 1290 seipsum

253 1321 500 1392 despicit,
527 1333 585 1375 se
609 1318 762 1373 facile
785 1323 1088 1387 cognoscet.
1112 1315 1247 1370 Cum
1270 1328 1395 1370 vero
1417 1328 1537 1369 sese
1561 1311 1827 1379 didicerit,

1190 372 1256 428 IN
1293 371 1694 429 ΜΑΤΤΗΔΕΠΜ
1734 371 1962 428 HOMIL.
2002 370 2191 427 XXVI.
2232 370 2305 425 al.
2347 370 2560 428 XXVII.

3409 373 3516 429 εει

1935 485 2002 541 ad
2031 494 2252 541 caeteras
2280 501 2468 542 omnes
2487 483 2698 540 virtutis
2722 494 2898 554 partes
2924 489 3196 555 procedet.
3238 487 3310 546 Ut
3357 490 3517 559 igitur

1935 577 2210 647 pulchram
2244 577 2381 633 hanc
2409 577 2687 633 scientiam
2712 577 3070 648 adipiscamur
3095 621 3108 642 ,
3139 581 3343 636 liberati
3372 597 3402 636 a
3434 597 3519 636 re—

1934 667 2033 723 bus
2057 668 2212 722 ﬂuxis
2233 668 2501 735 omnibus,
2526 684 2644 738 quae
2665 683 2910 738 magnam
2935 670 2985 724 in
3009 672 3164 726 nobis
3190 673 3518 727 succendunt

1936 757 2225 822 ﬂammam,
2248 768 2302 814 et
2330 760 2586 815 vilitatem
2617 770 2853 815 nostram
2882 771 3060 817 notam
3091 763 3369 829 habentes,
3403 781 3516 820 0m-

1937 867 2058 906 nem
2085 851 2428 908 exhibeamus
2449 853 2802 909 humilitatem
2831 865 2989 925 atque
3015 856 3429 926 philosophiam,
3461 868 3522 912 ut

1939 952 1992 997 et
2023 945 2305 1012 praesentia
2335 954 2390 999 et
2417 946 2591 1000 futura
2623 945 2760 1001 bona
2790 961 3215 1016 consequamur,
3257 949 3425 1019 gratia
3467 958 3524 1003 et

1936 1035 2301 1090 misericordia
2331 1037 2536 1091 Domini
2562 1039 2728 1092 nostri
2753 1038 2884 1094 Jesu
2909 1038 3106 1094 Christi
3131 1081 3146 1105 ,
3173 1040 3386 1108 quicum
3418 1040 3520 1093 Pa-

1939 1128 2003 1181 tri
2029 1128 2220 1197 gloria,
2255 1129 2557 1199 imperium,
2588 1130 2780 1196 honor,
2805 1145 2925 1186 eum
2952 1141 3161 1195 sancto,
3191 1131 3333 1186 bono
3361 1140 3414 1184 et
3439 1131 3522 1184 vi-

1938 1220 2094 1276 viﬁco
2118 1222 2338 1291 Spiritu,
2364 1238 2505 1279 nunc
2544 1233 2599 1279 et
2643 1239 2857 1294 semper
2899 1232 2952 1280 et
2992 1224 3045 1278 in
3080 1224 3271 1279 saecula
3299 1225 3523 1279 saeculo-

1937 1327 2079 1368 rum.
2106 1315 2296 1369 Amen.

1342 1549 1695 1612 HOMILIA
1737 1550 1975 1616 XXVI.
2018 1551 2104 1616 al.
2143 1548 2414 1614 XXVII.

253 1725 383 1782 CAP.
413 1720 466 1776 8.
492 1735 544 1772 v.
574 1717 627 1772 5.
680 1713 804 1769 Cum
846 1722 1011 1765 autem
1048 1712 1298 1778 ingressus
1333 1713 1456 1759 esset
1495 1702 1833 1771 Capernaum,

329 1811 536 1870 accessit
571 1809 638 1862 ad
677 1823 790 1860 eum
820 1803 1064 1867 centurio,
1084 1815 1280 1869 rogans
1308 1813 1440 1860 eum,
1465 1796 1518 1848 6.
1546 1803 1594 1846 et
1623 1794 1792 1846 dicens
1816 1808 1836 1846 :

326 1905 562 1968 Domine,
588 1916 711 1972 puer
738 1913 877 1951 meus
891 1896 1028 1965 jacet
1047 1893 1100 1945 in
1118 1893 1266 1946 domo
1283 1888 1613 1960 paralyticus,
1641 1895 1684 1940 et
1707 1884 1837 1938 male

331 2006 606 2066 torquetur.

329 2090 381 2144 1.
413 2087 680 2154 Leprosus
707 2079 944 2150 quidem,
977 2090 1096 2129 cum
1133 2070 1494 2127 descendisset
1524 2067 1590 2122 de
1621 2074 1858 2130 monte,‘

257 2173 483 2236 accessit
514 2196 526 2231 :
559 2175 646 2229 hic
688 2186 816 2226 vero
857 2167 1096 2223 centurio
1121 2207 1135 2231 ,
1177 2173 1453 2232 postquam
1500 2161 1748 2213 intrasset
1784 2155 1837 2210 in

255 2272 612 2340 Capernaum.
643 2265 750 2319 Cur
787 2276 912 2330 ergo
935 2301 950 2324 ,
983 2272 1154 2327 neque
1182 2255 1266 2309 hic
1292 2268 1464 2322 neque
1494 2251 1582 2305 ille
1612 2251 1664 2303 in
1688 2263 1840 2302 mon-

259 2371 364 2416 tem
403 2353 779 2412 accesserunt?
825 2351 940 2404 Non
985 2349 1054 2402 ob
1101 2345 1422 2416 segnitiem:
1455 2356 1574 2394 nam
1616 2347 1838 2406 uterque

257 2450 364 2506 ﬁde
388 2445 678 2510 ardebat‘;
711 2441 803 2497 sed
826 2455 892 2494 ne
917 2439 1195 2493 docentem
1225 2432 1647 2502 interpellarent.
1671 2431 1841 2482 Acce-

256 2542 390 2598 dens
419 2547 598 2593 autem
624 2535 756 2589 dixit
783 2551 796 2586 :
826 2532 963 2586 Puer
994 2545 1134 2582 meus
1160 2530 1300 2597 jacet
1327 2527 1381 2578 in
1409 2527 1557 2578 domo
1585 2520 1838 2592 paralyti-

258 2651 371 2700 cns,
390 2641 436 2686 et
459 2631 590 2684 male
613 2635 887 2698 torquetur.
913 2623 1137 2690 Quidam
1164 2622 1346 2675 dicunt
1367 2634 1508 2682 eum,
1534 2626 1590 2670 ut
1618 2629 1735 2668 sese
1756 2628 1841 2666 ex-

257 2734 490 2790 cusaret,
536 2737 750 2778 causam
797 2719 1014 2782 dixisse,
1061 2731 1156 2770 cur
1194 2729 1316 2768 eum
1363 2726 1467 2765 non
1509 2708 1837 2764 adduxisset.

259 2817 374 2873 Non
399 2815 537 2871 enim
566 2819 792 2882 poterat,
823 2809 1084 2878 inquiunt,
1107 2803 1424 2874 paralyticos
1443 2799 1530 2870 qni
1561 2797 1843 2867 torqueba-

263 2921 378 2974 tur,
413 2916 463 2962 et
495 2914 790 2962 extremum
817 2902 927 2970 jam
955 2899 1168 2954 efﬂabat
1194 2896 1414 2950 halitum
1450 2891 1666 2963 gestari.
1707 2889 1836 2943 Nam

261 3018 382 3058 eum
401 3001 509 3070 jam
541 2999 591 3052 in
619 2995 873 3052 extremis
904 2994 1064 3047 fuisse
1090 2999 1271 3045 narrat
1297 2989 1366 3042 ita
1396 2986 1564 3040 Lucas
1595 3001 1606 3037 :
1641 2983 1707 3036 Et
1733 2997 1842 3036 mo-

260 3097 452 3150 riturus
483 3101 589 3146 erat
615 3090 764 3160 (Luc.
795 3089 844 3141 7.
874 3085 948 3158 2).
982 3085 1092 3155 Ego
1115 3097 1243 3138 vero
1268 3081 1317 3134 id
1345 3087 1469 3149 puto
1494 3077 1700 3146 signum
1723 3087 1842 3128 esse

261 3201 468 3254 magnae
497 3183 635 3236 illius
664 3182 807 3244 ﬁdei,
837 3187 889 3232 et
914 3176 1080 3231 multo
1109 3172 1344 3242 majoris,
1365 3184 1521 3240 quam
1545 3181 1728 3222 eorum
1751 3163 1840 3233 qui

261 3295 359 3348 per
387 3285 582 3331 tectum
609 3271 932 3327 demiserunt
959 3267 1145 3338 (Marc.
1169 3265 1222 3318 2.
1249 3265 1326 3333 4).
1355 3261 1487 3327 Quia
1514 3259 1655 3314 enim
1677 3257 1842 3327 probe

260 3368 466 3425 sciebat
487 3365 602 3419 solo
626 3361 831 3417 Domini
857 3368 1120 3430 prmcepto
1137 3358 1399 3426 jacentcm
1423 3365 1640 3422 surgere
1662 3361 1838 3418 posse,

262 3458 592 3531 superﬂuum
624 3455 838 3525 pttlnbal
866 3467 984 3507 esse
1012 3452 1185 3519 ipsum
1213 3448 1498 3502 adducere.
1525 3441 1661 3509 Quid
1688 3441 1844 3510 igitur

261 3554 458 3616 Jesus?
500 3549 651 3618 Quod
700 3562 956 3616 nusquam
990 3545 1215 3606 fecerat,
1251 3542 1332 3596 hic
1372 3539 1510 3593 fecit.
1545 3538 1672 3591 Cum
1700 3534 1844 3589 cnim

268 3647 461 3715 ubique
488 3641 894 3714 supplicantium
922 3639 1246 3693 voluntatem
1276 3640 1604 3702 sequeretur,
1626 3628 1712 3681 hic
1729 3639 1846 3696 pro-

265 3739 406 3803 silit,
435 3751 531 3790 nec
565 3749 622 3788 se
652 3743 957 3787 curaturum
989 3739 1188 3783 tantum
1213 3769 1226 3791 ,
1262 3724 1355 3780 sed
1385 3725 1599 3778 domtun
1633 3731 1844 3790 quoque

263 3841 544 3888 venturum
574 3829 868 3899 pollicetur.
903 3826 953 3878 Id
984 3841 1109 3878 vero
1133 3823 1275 3887 facit,
1302 3829 1360 3874 ut
1385 3814 1711 3872 centurionis
1738 3813 1843 3866 vir-

268 3933 437 3978 tutem
461 3921 746 3975 discamus.
769 3917 880 3971 Nisi
909 3915 1050 3969 enim
1075 3914 1174 3967 hoc
1203 3909 1548 3981 promisisset,
1571 3905 1665 3961 sed
1683 3903 1845 3958 dixis-

266 4024 367 4078 set,
406 4010 570 4074 Vade,
599 4017 812 4062 sanetur
837 4023 969 4076 puer
1001 4014 1120 4058 tuus
1153 4019 1165 4055 :
1197 4001 1322 4055 nihil
1347 4004 1532 4052 horum
1563 4007 1846 4064 cognosce-

266 4117 469 4160 remus.
505 4099 734 4168 ldipsum
768 4097 925 4150 etiam
954 4109 1077 4163 erga
1108 4090 1435 4145 thnissam
1462 4085 1737 4139 mulierem
1765 4081 1844 4135 Ie-

266 4197 359 4254 cit,
390 4191 489 4246 etsi
533 4188 799 4243 contrario
846 4185 1004 4240 modo
1053 4181 1258 4256 (Marc.
1302 4181 1352 4233 7.
1391 4179 1478 4232 26.
1532 4175 1700 4248 sqq.).
1748 4173 1845 4227 Hic

267 4285 409 4340 enim
437 4298 533 4336 nec
559 4288 772 4334 vocatus
795 4277 845 4330 in
867 4275 1106 4339 dommn,
1129 4287 1187 4326 se
1211 4285 1330 4326 esse
1355 4277 1631 4323 venturum
1659 4274 1846 4336 sponte

266 4377 414 4440 dicit,
443 4383 499 4428 ut
519 4373 691 4427 discas
712 4366 1037 4423 centurionis
1059 4363 1215 4419 ﬁdem
1242 4362 1564 4428 multamque
1589 4357 1848 4413 humilita-

271 4478 418 4526 tem:
449 4467 500 4520 in
532 4463 806 4518 thnissa
847 4474 974 4514 vero
1011 4457 1208 4512 donum
1251 4455 1479 4524 denegat
1502 4495 1516 4520 ,
1572 4452 1846 4520 ipsamque

265 4565 700 4630 perseverantem
733 4553 785 4607 in
815 4549 1032 4605 dubium
1053 4547 1284 4617 conjicit.
1312 4544 1442 4598 Nam
1469 4559 1586 4598 cum
1611 4556 1768 4611 sagax
1793 4548 1848 4595 et

268 4650 472 4719 peritus
498 4646 566 4700 sit
592 4643 848 4706 medicus,
869 4639 1132 4697 contraria
1154 4637 1436 4693 contrariis
1463 4637 1656 4691 elicere
1678 4635 1844 4690 novit.

268 4741 339 4794 Et
367 4739 454 4793 hic
482 4737 694 4808 quidem
721 4751 815 4804 per
843 4742 1192 4802 spontaneum
1221 4732 1504 4786 adventum
1531 4773 1544 4794 ,
1581 4730 1687 4783 illic
1717 4743 1846 4783 vero

267 4847 366 4902 per
387 4829 690 4884 diuturnam
719 4826 1046 4885 dilationem,
1071 4831 1124 4876 et
1142 4823 1404 4890 repulsam
1431 4821 1585 4875 tidem
1611 4818 1847 4873 mulieris

268 4923 461 4994 aperit.
486 4921 572 4976 Sic
594 4920 754 4976 etiam
774 4931 898 4986 erga
925 4913 1286 4969 Abrahamum
1309 4912 1430 4966 fecit
1459 4912 1644 4966 dicens
1678 4929 1690 4963 :
1727 4909 1847 4963 Non

267 5015 439 5070 celabo
460 5028 672 5084 puerum
694 5025 856 5064 meum
876 5006 1130 5060 Abraham
1158 5004 1308 5074 (Gen.
1334 5006 1419 5060 IS.
1446 5005 1536 5075 I7)
1558 5023 1570 5058 :
1597 5013 1652 5058 ut
1675 5004 1847 5059 discas

270 5106 414 5161 illius
437 5118 670 5158 amorem
691 5143 708 5169 ,
737 5109 792 5156 et
814 5107 1062 5170 quantam
1092 5096 1160 5152 de
1186 5096 1433 5151 Sodomis
1462 5096 1846 5165 providentiam

269 5203 501 5267 gereret.
532 5195 598 5250 Et
617 5192 706 5264 qui
728 5191 794 5246 ad
820 5190 1007 5245 Lotum
1030 5188 1176 5243 missi
1200 5196 1370 5253 erant,
1401 5187 1603 5256 ingredi
1633 5187 1848 5242 domum

273 5289 394 5358 eius
428 5287 633 5352 nolunt,
667 5292 724 5338 ut
746 5283 872 5354 justi
901 5280 1314 5350 hospitalitatem
1346 5277 1635 5333 ediscercs.

348 5378 664 5433 Centurionis
685 5376 830 5447 ﬁdes.
849 5405 921 5415 —-
939 5373 1075 5440 Quid
1099 5373 1258 5444 igitur
1271 5373 1344 5428 ait
1364 5373 1638 5426 centurio?
1663 5373 1716 5427 8.
1744 5371 1852 5425 Do-

273 5473 430 5536 mine,
455 5487 555 5524 non
581 5487 692 5524 sum
713 5469 914 5540 dignus,
942 5477 996 5521 ut
1023 5467 1176 5520 intres
1203 5465 1294 5519 sub
1320 5473 1500 5519 tectum
1531 5480 1713 5517 meum.
1745 5470 1852 5518 Au-

273 5563 486 5620 diamus
529 5566 785 5627 quotquot
829 5558 1071 5611 volumus
1129 5555 1402 5610 Christum
1462 5555 1744 5624 excipere,
1793 5563 1852 5608 ut

279 5667 422 5710 nunc
462 5651 622 5706 etiam
661 5663 958 5719 possumus.
1011 5648 1301 5703 Audiamus
1340 5656 1392 5704 et
1441 5648 1742 5715 imitemur,
1791 5663 1852 5702 ac

351 5808 372 5840 ⁸
402 5805 620 5868 Quidam,
636 5802 855 5870 utrinque
878 5812 1008 5856 recta
1032 5806 1168 5871 (ales.

1943 1717 2064 1758 cum
2092 1705 2202 1773 pari
2233 1703 2382 1760 illum
2407 1706 2583 1761 studio
2604 1704 2621 1738 ί
2649 1709 2971 1779 excipiamus
3003 1729 3014 1765 :
3047 1726 3165 1766 cum
3205 1712 3346 1766 enim
3390 1728 3523 1783 pau-

1942 1811 2154 1865 perem,
2184 1798 2505 1852 esurientem
2529 1809 2582 1854 et
2610 1800 2808 1854 nudum
2837 1802 3040 1871 excipis
3060 1845 3074 1867 ,
3106 1803 3250 1857 illum
3279 1813 3332 1858 et
3362 1800 3522 1859 exec-

1943 1887 2068 1957 pisti
2095 1897 2148 1942 et
2175 1891 2372 1943 alursti.
2404 1890 2512 1944 Sed
2534 1901 2726 1945 tantum
2749 1894 2830 1947 dic
2856 1895 3020 1957 verbo,
3045 1905 3092 1948 et
3117 1898 3377 1950 sanabitur
3402 1915 3525 1967 puer

1943 1995 2110 2034 meus.
2151 1980 2282 2034 Vide
2307 1983 2672 2038 centurionem
2707 1985 2925 2052 perinde
2949 1995 3107 2056 atque
3134 1987 3403 2056 leprosum
3431 2004 3525 2043 ve-

1942 2086 2054 2124 ram
2083 2071 2150 2126 de
2176 2073 2386 2128 Christo
2413 2075 2657 2130 habuisse
2680 2077 3005 2146 Opinionem.
3037 2078 3166 2131 Nam
3188 2089 3242 2133 et
3264 2080 3376 2147 ipse
3397 2095 3528 2147 mio—

1944 2176 2046 2229 que
2095 2178 2200 2217 non
2242 2164 2394 2228 dixit,
2432 2166 2609 2236 Iloga;
2653 2183 2756 2220 non
2786 2168 2938 2234 dixit,
2973 2169 3218 2232 Precare,
3253 2170 3524 2238 supplit-a;

1945 2251 2037 2305 sed
2060 2253 2254 2318 solum,
2280 2253 2506 2323 Impera.
2532 2256 2734 2310 Deinde
2763 2258 2978 2320 timens,
3005 2274 3070 2312 ne
3093 2275 3188 2327 per
3213 2259 3526 2312 modestiam

1943 2353 2214 2407 reuueret,
2244 2343 2375 2398 dixit
2405 2364 2417 2398 :
2447 2346 2500 2400 9.
2534 2345 2671 2399 Nam
2693 2358 2739 2400 et
2763 2365 2852 2418 ego
2876 2349 3024 2402 homo
3045 2367 3155 2402 sum
3177 2351 3264 2404 sub
3287 2361 3528 2421 potestate

1945 2433 2268 2499 constitutus,
2299 2436 2484 2490 habens
2504 2440 2593 2490 sub
2623 2455 2701 2492 me
2727 2441 2946 2505 milites;
2977 2450 3021 2493 et
3048 2441 3160 2494 dico
3189 2442 3323 2502 huic,
3363 2441 3523 2508 Vade,

1945 2535 1991 2578 et
2018 2526 2151 2578 vadit
2177 2541 2195 2577 :
2219 2535 2267 2579 et
2295 2528 2403 2590 alii,
2441 2529 2580 2595 Veni,
2609 2540 2656 2583 et
2686 2533 2815 2584 venit
2843 2551 2859 2585 :
2885 2543 2930 2586 et
2956 2549 3094 2586 servo
3122 2551 3250 2599 meo,
3278 2535 3386 2587 Fac
3406 2538 3521 2598 hoc,

1947 2627 1994 2670 et
2023 2618 2166 2686 facit.
2200 2617 2267 2671 Et
2296 2619 2420 2688 quid
2445 2620 2586 2686 inde,
2609 2623 2833 2693 inquies,
2854 2625 2899 2679 si
2921 2627 3159 2680 centurio
3185 2629 3261 2682 sic
3288 2629 3496 2696 suspica
3514 2657 3529 2668 ς

1951 2716 2034 2761 tus
2060 2708 2164 2762 sit?
2191 2708 2321 2763 Nam
2349 2709 2399 2764 id
2429 2712 2706 2780 quaeritur,
2739 2715 2781 2767 si
2817 2715 2916 2769 hoc
2944 2715 3185 2770 Christus
3215 2717 3526 2785 protulerit,

1948 2805 2003 2852 et
2026 2799 2437 2854 conlirmavcrit.
2465 2800 2696 2857 Pulchre
2724 2812 2778 2858 et
2805 2805 3088 2859 admodum
3120 2807 3410 2875 prudenter
3443 2809 3528 2861 di-

1948 2888 2046 2943 cis.
2087 2889 2228 2958 Ergo
2257 2889 2357 2944 hoc
2387 2891 2556 2961 ipsum
2588 2893 2862 2949 videamus
2892 2913 2904 2949 :
2937 2911 3059 2950 nam
3090 2897 3419 2952 inveniemus
3447 2899 3529 2952 id-

1951 2982 2120 3050 ipsum
2147 2983 2288 3052 quod
2317 2984 2370 3038 in
2400 2985 2609 3055 leproso
2636 2986 2722 3041 hic
2757 2987 2954 3043 frictum
2990 3004 3130 3045 esse.
3174 2991 3530 3058 Quemadmo-

1948 3075 2072 3129 dum
2101 3076 2241 3129 enim
2268 3077 2511 3146 leprosus
2534 3121 2548 3144 ,
2581 3079 2642 3134 Si
2678 3081 2749 3134 vis
2769 3121 2782 3146 ,
2825 3081 2957 3136 dixit
2987 3083 3005 3151 (
3023 3099 3193 3153 neque
3223 3099 3287 3139 ex
3319 3085 3530 3154 leproso

1950 3175 2151 3222 tantum
2193 3170 2536 3225 continuatur
2575 3170 2767 3226 Christi
2816 3174 3047 3242 potentia
3072 3215 3087 3239 ,
3131 3174 3225 3230 sed
3264 3175 3423 3230 etiam
3464 3193 3530 3232 ex

1948 3257 2145 3313 Christi
2176 3274 2304 3314 voce
2338 3277 2352 3314 :
2382 3277 2486 3314 non
2531 3261 2689 3317 modo
2729 3264 2872 3317 enim
2911 3264 3026 3334 ejus
3069 3266 3372 3335 opinionem
3423 3282 3527 3322 nor.

1950 3349 2223 3417 refutavit,
2250 3352 2343 3406 sed
2375 3353 2533 3406 etiam
2562 3354 2916 3423 conﬁrmavit,
2946 3371 3065 3410 cum
3098 3357 3148 3411 id
3179 3359 3319 3428 quod
3343 3375 3531 3428 super-

1950 3444 2118 3498 ﬂuum
2138 3445 2414 3498 videbatur
2433 3461 2550 3500 esse
2575 3446 2786 3516 adjecit,
2815 3457 2868 3502 et
2897 3449 3052 3514 dixit,
3087 3448 3232 3516 Volo,
3262 3453 3527 3518 mundare,

1951 3545 2005 3591 ut
2035 3537 2148 3606 ejus
2174 3539 2492 3592 sententiam
2525 3537 2799 3608 ﬁrmaret)
2836 3562 2848 3596 :
2877 3541 2955 3596 sic
2983 3551 3034 3596 et
3065 3541 3164 3598 hoc
3193 3544 3309 3598 loco
3342 3545 3530 3613 explo-

1949 3627 2173 3681 randum
2200 3639 2280 3682 est
2304 3670 2319 3694 ,
2352 3645 2478 3683 num
2507 3629 2630 3700 quid
2658 3631 2830 3686 simile
2860 3633 3052 3687 factum
3079 3634 3146 3688 sit
3179 3650 3193 3688 :
3227 3650 3348 3689 nam
3379 3635 3531 3690 inve-

1953 3718 2161 3774 niemus
2191 3721 2418 3790 idipsum
2448 3721 2533 3776 hic
2556 3722 2830 3778 accidisse.
2859 3724 2990 3779 Cum
3015 3726 3155 3780 enim
3187 3728 3424 3782 centurio
3450 3737 3529 3780 ta-

1950 3813 2018 3866 lia
2046 3813 2284 3880 dixisset,
2315 3824 2553 3870 ettanta:
2585 3819 2829 3886 potestati
2864 3820 3221 3874 testimonium
3249 3821 3524 3886 dedisset,

1952 3922 2056 3961 non
2086 3907 2247 3960 modo
2279 3924 2382 3964 non
2415 3908 2755 3977 reprehendit
2777 3950 2790 3971 ,
2829 3911 2922 3964 sed
2961 3919 3012 3964 et
3041 3911 3386 3979 approbavit,
3423 3911 3531 3964 imo

1951 3999 2178 4068 amplius
2207 4000 2476 4068 quidpiam
2507 4001 2648 4054 fecit.
2679 3999 2864 4069 Neque
2899 4001 3070 4053 solum
3101 4001 3234 4054 dixit
3261 4001 3529 4070 evangeli-

1952 4099 2053 4152 sta,
2084 4089 2353 4143 Christum
2387 4092 2502 4158 ejus
2525 4089 2666 4144 dicta
2697 4089 2972 4155 laudasse;
3000 4089 3094 4145 sed
3125 4101 3178 4145 et
3203 4092 3372 4146 laudis
3401 4093 3532 4146 sub-

1951 4181 2230 4235 limitatem
2261 4179 2500 4235 indicans
2524 4179 2676 4247 dixit,
2699 4196 2819 4235 eum
2846 4181 3161 4236 admiratum
3194 4197 3334 4246 esse,
3361 4197 3534 4254 neque

1955 4283 2155 4329 tantum
2177 4273 2495 4328 admiratum
2526 4289 2664 4341 esse,
2686 4274 2778 4329 sed
2800 4275 2958 4330 etiarn
2983 4275 3124 4329 omni
3149 4283 3414 4346 praesente
3440 4291 3535 4346 po-

1954 4367 2098 4437 pulo,
2129 4367 2249 4420 aliis
2277 4367 2577 4436 exemplum
2609 4366 2822 4420 dedisse
2847 4407 2860 4430 ,
2897 4376 2952 4421 ut
2985 4367 3134 4421 illum
3175 4368 3531 4422 imitarentur.

1954 4458 2141 4513 Viden’
2177 4456 2448 4527 quomodo
2472 4457 2664 4527 singuli
2692 4456 2783 4527 qui
2820 4457 3241 4512 testiﬁcabantur
3268 4458 3366 4528 ipsi
3393 4491 3406 4523 -,
3438 4473 3536 4528 po-

1954 4552 2173 4606 tentiam
2220 4549 2384 4620 ipsius
2428 4548 2790 4604 mirabantur?
2833 4549 2898 4604 Et
2939 4550 3222 4620 stupebant
3261 4550 3429 4604 turba:
3466 4551 3540 4606 de

1952 4641 2192 4696 doctrina
2228 4639 2364 4708 ejus,
2406 4641 2527 4711 quia
2569 4649 2836 4711 tamquam
2866 4650 3179 4711 potestatem
3207 4642 3410 4697 habens
3437 4643 3536 4698 do-

1953 4733 2138 4797 cebat;
2173 4747 2271 4787 nec
2289 4733 2460 4787 solum
2489 4749 2594 4788 non
2623 4733 2987 4803 reprehendit,
3013 4735 3106 4788 sed
3128 4736 3285 4789 etiam
3309 4750 3428 4790 cum
3457 4737 3536 4792 eis

1957 4823 2023 4879 de
2055 4833 2236 4879 monte
2265 4824 2561 4892 descendit,
2589 4839 2651 4878 ac
2681 4825 2892 4894 Ieproso
2923 4825 3193 4889 mundata,
3229 4826 3440 4884 illorum
3467 4827 3543 4884 de

1955 4933 2013 4972 se
2041 4917 2345 4986 opinionem
2375 4915 2620 4969 ﬁrmavit.
2651 4915 2865 4968 Dicebat
2906 4915 2994 4970 ille
3013 4956 3028 4978 ,
3060 4915 3122 4970 Si
3159 4917 3260 4983 vis,
3293 4928 3432 4986 potes
3458 4937 3541 4974 me

1955 5009 2237 5072 mundare;
2282 5023 2380 5062 nec
2407 5006 2565 5060 modo
2593 5006 2737 5059 illum
2768 5021 2872 5060 non
2901 5007 3225 5076 increpavit,
3255 5009 3348 5063 sed
3373 5007 3544 5064 etiam.

1958 5110 2014 5154 ut
2043 5103 2156 5170 ipse
2181 5101 2404 5163 dixerat,
2438 5098 2516 5152 sic
2541 5097 2629 5152 ille
2656 5098 2877 5152 curavit.
2909 5098 3138 5153 Rursum
3165 5098 3251 5154 hic
3278 5109 3534 5155 centena-

1957 5194 2067 5247 rius
2095 5191 2306 5247 dicebat
2329 5208 2341 5243 :
2367 5188 2462 5243 llic
2483 5187 2627 5242 verbo
2649 5197 2859 5255 tantum,
2873 5199 2919 5243 et
2939 5189 3196 5244 sanabitur
3215 5208 3341 5260 puer
3360 5207 3498 5245 meus
3518 5207 3541 5245 :

1909 5349 1912 5352 _
1958 5294 2011 5339 ct
2039 5283 2306 5337 admirans
2332 5281 2505 5350 ipsum
2526 5278 2736 5334 dicebat
2766 5295 2779 5332 :
2811 5279 2895 5334 10.
2926 5278 3047 5334 Non
3076 5280 3240 5335 inveni
3259 5291 3452 5334 tantam
3475 5281 3540 5348 [i-

1959 5377 2070 5431 dem
2101 5376 2153 5428 in
2183 5372 2367 5427 Israel.

2029 5469 2083 5521 2.
2117 5467 2186 5521 Ut
2207 5476 2379 5519 autem
2405 5463 2673 5519 contrario
2701 5463 2942 5533 exemplo
2971 5462 3094 5518 illud
3121 5463 3326 5518 ediscas
3358 5479 3370 5514 :
3398 5477 3533 5530 quo-

1959 5561 2100 5615 niam
2143 5555 2343 5610 Martha
2389 5554 2519 5609 nihil
2559 5554 2747 5608 horum
2781 5555 3007 5619 dixerat,
3057 5553 3148 5607 sed
3188 5550 3541 5614 contrarium,

1963 5647 2327 5718 Quodcumque
2369 5646 2652 5716 poposceris
2691 5662 2722 5698 α
2765 5643 2892 5710 Deo,
2933 5643 3067 5698 dabit
3105 5642 3191 5696 tibi
3226 5639 3402 5712 (Joan.
3447 5640 3542 5696 IL

2027 5805 2042 5836 ⁸
2078 5801 2272 5864 Quidam
2293 5801 2494 5864 habent,
2517 5799 2634 5865 ﬁde,
2659 5813 2762 5864 pro,
2787 5797 2961 5849 studio.
