4050 6220
550 378 656 440 335

547 494 680 564 22):
710 505 816 548 non
847 489 1004 546 modo
1031 503 1135 543 non
1165 485 1374 542 laudata
1399 494 1503 552 est,
1530 484 1741 540 etiamsi
1766 493 1890 540 nota
1915 485 2129 540 Christo

549 593 693 641 esset
717 584 786 639 ab
804 598 973 653 eoque
1007 581 1334 651 diligeretur,
1374 588 1428 634 et
1462 578 1572 648 ipsa
1603 577 1889 633 admodum
1932 579 2134 634 coleret

548 693 705 737 eum;
737 674 831 731 sed
857 676 1015 731 etiam
1044 672 1113 728 ab
1158 673 1274 742 ipso
1317 671 1599 726 emendata
1641 670 1823 725 fuitut
1861 686 1982 740 qua:
2026 685 2132 725 non

550 768 686 822 bene
715 765 957 820 dixisset.
986 762 1117 818 Nam
1144 760 1357 817 dicebat
1385 760 1461 815 illi
1490 777 1504 811 :
1535 759 1722 814 Nonne
1749 759 1968 814 dicebam
1997 760 2084 812 tibi
2112 774 2132 814 :

549 857 610 912 Si
635 855 928 919 credideris,
963 853 1147 907 uidebis
1179 853 1392 922 gloriam
1429 850 1522 904 Dei
1553 849 1732 921 (Joan.
1759 851 1844 905 ll.
1879 849 2012 920 40)?
2055 851 2134 904 sie.

547 948 693 1002 illam
745 946 1144 1017 reprehendens
1187 943 1328 1014 quod
1381 942 1615 997 nondum
1660 941 1996 998 credidisset.
2053 943 2131 998 Ac

548 1055 758 1094 rursum
784 1040 903 1108 quia
935 1038 1143 1093 dicebat
1175 1055 1190 1092 :
1221 1037 1558 1104 Quantumque
1587 1036 1785 1104 petieris
1812 1051 1845 1088 a
1877 1033 2001 1100 Deo,
2033 1034 2129 1088 da-

543 1132 614 1186 bit
646 1133 732 1186 tibi
764 1131 901 1187 Deus
933 1132 1117 1186 :illam
1146 1146 1176 1186 a
1208 1131 1296 1186 tali
1328 1130 1578 1200 opinione
1606 1130 1874 1185 abducens
1899 1129 2130 1185 docens-

545 1239 670 1293 que,
701 1223 800 1277 sibi
827 1238 932 1277 non
959 1237 1093 1292 epos
1118 1237 1237 1277 esse
1267 1231 1324 1275 ut
1349 1222 1416 1276 ab
1443 1221 1546 1275 alio
1571 1221 1858 1291 acciperet,
1887 1220 1980 1275 sed
2012 1234 2131 1276 esse

547 1329 607 1368 se
639 1315 895 1367 bonormn
942 1313 1160 1377 fontem,
1213 1313 1388 1366 dixit:
1422 1311 1528 1382 Ego
1577 1329 1690 1364 sum
1741 1313 2037 1366 resurrectio
2083 1321 2131 1366 et

547 1406 648 1458 vita
681 1405 839 1475 (Ibid.
867 1421 914 1460 υ.
948 1403 1063 1475 25).
1105 1403 1158 1457 ld
1186 1413 1286 1470 est,
1325 1403 1440 1456 Non
1487 1401 1554 1457 ab
1596 1404 1700 1457 alio
1728 1402 1981 1471 operandi
2021 1403 2128 1458 vim

545 1505 824 1563 exspecto,
853 1495 944 1549 sed
977 1511 1042 1548 ex
1071 1495 1275 1563 meipso
1301 1494 1477 1548 omnia
1507 1494 1661 1547 facio.
1692 1493 1975 1562 Propterea
2002 1509 2130 1549 cen-

547 1585 811 1640 turionem
859 1585 1102 1650 miratur,
1135 1585 1335 1654 totique
1384 1584 1580 1653 populo
1617 1584 1787 1654 ipsum
1829 1586 2126 1656 anteponit,

546 1679 689 1747 regni
720 1677 922 1732 honore
943 1677 1125 1740 donat,
1153 1678 1393 1748 aliosque
1417 1676 1481 1731 ad
1509 1692 1631 1732 eum
1665 1676 1979 1732 imitandum
2002 1693 2127 1745 pro-

544 1779 715 1824 vocat.
745 1768 958 1824 Utvero
984 1768 1160 1824 discas
1190 1770 1360 1840 ipsum
1394 1769 1512 1824 ideo
1538 1769 1652 1822 lnec
1684 1768 1905 1834 dixisse,
1943 1780 1998 1821 ut
2025 1784 2130 1822 em-

545 1872 688 1915 teros
713 1860 779 1914 ad
805 1859 963 1914 fidem
991 1860 1215 1914 similem
1262 1860 1582 1921 institueret,
1622 1859 1744 1913 audi
1790 1859 2128 1928 evangelista:

541 1953 889 2023 diligentiam,
935 1952 1202 2022 quomodo
1243 1968 1433 2022 nempe
1483 1951 1710 2021 idipsum
1755 1952 2127 2007 subiudicave-

543 2044 654 2097 rit:
687 2059 808 2098 nam
841 2044 935 2110 ait,
977 2044 1254 2098 Conversus
1292 2043 1463 2108 Iesus,
1512 2044 1828 2114 sequentibus
1865 2060 1917 2097 se
1954 2044 2128 2098 dixit:

541 2138 666 2194 Non
691 2141 855 2194 inveni
901 2149 1092 2194 tantum
1139 2140 1292 2208 fidem
1336 2141 1388 2193 in
1427 2138 1608 2193 Israel.
1650 2139 1790 2210 Ergo
1831 2153 2019 2210 magna
2059 2138 2127 2195 de

555 2225 997 2299 illoexistimare,
1021 2232 1073 2287 id
1096 2232 1334 2288 maxime
1353 2233 1475 2290 ﬁdei
1491 2241 1592 2300 est,
1609 2248 1946 2305 regnumque
1971 2235 2130 2289 caelo-

540 2339 659 2378 rum
713 2331 766 2378 et
792 2323 894 2377 alia
945 2323 1082 2377 bona
1131 2323 1399 2376 conciliat.
1445 2321 1624 2392 Neque
1655 2322 1798 2376 enim
1842 2321 2126 2376 verborum

539 2425 696 2470 tenus
734 2415 904 2485 ipsum
934 2415 1184 2481 laudavit,
1215 2413 1309 2468 sed
1348 2423 1562 2482 propter
1587 2413 1743 2467 Iidem
1771 2413 1887 2483 ejus
1923 2429 2123 2483 aegrum

541 2507 640 2575 ipsi
672 2522 858 2560 sanum
889 2506 1140 2571 restituit,
1176 2504 1614 2573 splendidamque
1651 2503 1747 2573 ipsi
1782 2505 1946 2558 nectit
1970 2520 2125 2558 coro-

539 2616 686 2665 nam,
713 2615 776 2655 ac
799 2615 985 2668 magna
1013 2599 1273 2669 promittit
1297 2596 1433 2651 dona
1467 2596 1549 2650 his
1583 2597 1800 2651 verbis:
1834 2597 1920 2650 ll.
1972 2595 2124 2649 Multi

551 2693 616 2744 ab
642 2692 840 2744 oriente
877 2701 926 2744 et
966 2693 1232 2744 occidente
1266 2692 1488 2756 venient,
1520 2702 1571 2747 et
1604 2695 1974 2746 recumbentin
2009 2698 2125 2746 sinu

546 2785 816 2839 Abraham
833 2784 910 2838 ‘et
925 2783 956 2838 Ι
959 2802 1084 2838 suac
1096 2795 1145 2839 et
1157 2783 1194 2838 Ι
1197 2785 1347 2838 acob:
1365 2785 1546 2853 l2ﬁlii
1557 2795 1733 2839 autem
1753 2787 1898 2856 regni
1911 2787 2126 2854 ejicien-

533 2886 615 2931 tur
643 2877 799 2946 foras.
833 2877 965 2946 Quia
994 2877 1134 2932 enim
1166 2877 1328 2930 multa
1359 2875 1670 2932 exhibuerat
1700 2875 1970 2942 miracula,
2000 2889 2120 2929 cum

536 2970 724 3040 majori
752 2970 1004 3040 deinceps
1033 2968 1226 3024 liducia
1266 2979 1322 3024 et
1361 2968 1608 3024 libertate
1647 2969 1789 3036 ipsos
1813 2969 2117 3037 alloquitur.

534 3062 754 3126 Deinde,
789 3078 855 3118 ne
883 3062 1002 3133 quis
1035 3070 1240 3130 putaret
1266 3077 1326 3116 se
1359 3076 1426 3115 ex
1456 3059 1758 3114 adulatione
1784 3061 1870 3114 illa
1897 3061 2114 3127 dixisse,

533 3163 694 3222 utque
719 3169 906 3208 omnes
935 3154 1218 3219 discerent,
1247 3152 1336 3205 illo
1363 3167 1486 3206 vere
1523 3151 1701 3206 animo
1747 3151 1906 3206 fuisse
1935 3161 2121 3206 centu—

531 3244 758 3307 rionem,
790 3245 864 3298 ait
891 3261 904 3295 :
931 3245 1016 3298 15.
1063 3243 1098 3290 V
1103 3244 1230 3306 ade;
1259 3253 1312 3296 ut
1340 3241 1615 3309 credidisti,
1647 3244 1739 3312 ﬁat
1767 3243 1872 3296 tibi.
1902 3243 2120 3297 Statim-

530 3351 636 3404 que
667 3335 837 3402 ipsum
861 3349 994 3402 opus
1021 3346 1300 3404 sequutum
1332 3344 1432 3400 est,
1461 3333 1602 3404 quod
1639 3334 1779 3389 illius
1803 3335 2036 3388 animum
2061 3344 2118 3389 et

531 3427 853 3480 voluntatem
888 3427 1279 3481 testilicaretur.
1325 3425 1390 3478 Et
1419 3437 1626 3480 sanatus
1656 3437 1727 3480 est
1755 3443 1879 3496 puer
1916 3429 2025 3498 ejus
2052 3427 2114 3479 ab

530 3516 655 3569 hora
681 3517 790 3570 illa.
820 3516 970 3585 Quod
993 3518 1154 3572 etiam
1182 3520 1232 3571 in
1259 3519 1664 3589 Fyrophmuissa
1695 3520 1909 3588 contigit
1949 3537 1961 3572 :
1991 3535 2111 3574 nam

527 3609 659 3664 dixit
687 3610 757 3664 illi
787 3627 800 3665 :
834 3609 878 3664 0
906 3610 1105 3673 mulier,
1137 3628 1320 3681 magna
1347 3620 1418 3663 est
1446 3611 1571 3678 ﬁdes
1599 3621 1683 3662 tua
1711 3627 1728 3673 ;
1756 3611 1846 3679 ﬁat
1871 3611 1956 3663 tibi
1983 3611 2114 3666 sicut

527 3701 621 3755 vis.
650 3701 714 3754 Et
742 3711 920 3755 sanata
944 3712 1017 3754 est
1048 3703 1156 3769 ﬁlia
1182 3719 1291 3770 ejus
1322 3700 1533 3768 (Matth.
1565 3702 1650 3756 15.
1683 3701 1794 3771 28).
1825 3701 1954 3769 Quia
1984 3717 2112 3756 vero

526 3793 695 3848 Lucas
737 3793 887 3862 (Cap.
939 3795 992 3861 7)
1037 3793 1136 3849 hoc
1177 3794 1486 3847 miraculum
1535 3809 1772 3858 narrans,
1818 3795 1917 3848 alia
1948 3795 2110 3850 multa

525 3883 731 3946 inserit,
761 3901 878 3954 qua":
921 3885 1168 3939 videntur
1208 3884 1440 3954 aliquam
1477 3884 1668 3940 oﬂ'erre
1707 3885 2105 3951 ditior-entiam;

525 3974 638 4028 haec
678 3977 994 4031 excutienda
1027 3990 1079 4032 et
1121 3977 1374 4032 solvenda
1421 3978 1576 4033 nobis
1617 3987 1758 4032 sunt.
1800 3979 1935 4046 Quid
1978 3996 2107 4050 ergo

521 4065 650 4119 dicit
680 4065 888 4120 Lucas?
916 4067 1092 4136 Ipsum
1130 4069 1337 4122 misisse
1372 4067 1613 4124 seniores
1645 4068 1970 4133 Judworum,
2016 4087 2106 4124 ro-

520 4167 708 4228 gantes
749 4169 806 4212 ut
856 4161 1078 4213 veniret.
1137 4160 1414 4215 Matthmus
1460 4175 1589 4215 vero
1641 4163 1712 4214 ait
1761 4162 2104 4216 accedentem

523 4249 694 4318 ipsum
727 4249 941 4314 dixisse,
986 4250 1106 4303 Non
1133 4268 1244 4305 sum
1269 4253 1472 4322 dignus.
1505 4253 1729 4318 Quidam
1758 4268 1886 4308 vero
1926 4254 2108 4309 dicunt

525 4355 629 4392 non
656 4354 775 4392 esse
801 4339 1046 4393 eumdem
1078 4341 1270 4408 ipsum,
1297 4343 1394 4396 etsi
1423 4343 1589 4396 multa
1615 4343 1724 4397 sint
1759 4343 2007 4414 utrinque
2033 4345 2106 4398 si-

522 4431 686 4483 milia.
733 4431 808 4485 De
853 4431 945 4485 illo
989 4448 1215 4503 namque
1245 4433 1375 4488 dicit
1407 4453 1420 4488 :
1454 4435 1781 4507 Synagogam
1808 4439 1951 4491 nobis
1976 4438 2104 4492 tedi-

521 4521 708 4588 ﬁcavit,
754 4531 800 4574 et
831 4532 1026 4593 gentem
1071 4524 1234 4594 diligit
1263 4522 1412 4594 (Luc.
1459 4526 1512 4578 7.
1553 4527 1646 4596 5);
1681 4527 1746 4582 de
1786 4527 1887 4583 hoc
1927 4539 2102 4584 autem

520 4611 828 4668 dicitJesus
859 4632 872 4667 :
908 4612 1083 4682 Neque
1113 4615 1164 4667 in
1202 4615 1369 4669 Israel
1407 4625 1596 4670 tantam
1635 4617 1787 4686 ﬁdem
1816 4619 1998 4673 inveni.
2029 4621 2106 4676 De

522 4701 612 4755 illo
642 4715 818 4758 autem
849 4721 953 4758 non
985 4705 1138 4772 dixit,
1169 4705 1320 4760 Multi
1354 4708 1546 4760 venient
1576 4709 1636 4760 ab
1675 4710 1862 4762 oriente
1893 4712 1935 4775 ¹,
1967 4709 2105 4766 unde

521 4795 806 4850 verisimile
829 4798 897 4850 sit
932 4798 1100 4867 ipsum
1137 4797 1378 4853 Judmum
1414 4797 1597 4854 fuisse.
1630 4799 1766 4866 Quid
1810 4816 1937 4870 ergo
1962 4801 2106 4856 dice-

522 4889 680 4940 mus?
708 4887 794 4942 Sic
829 4888 1038 4943 facilem
1068 4906 1188 4945 esse
1215 4891 1534 4945 solutionem
1571 4909 1583 4944 :
1613 4891 1870 4961 quzeritur
1903 4901 2101 4959 autem,

523 4987 696 5031 utrum
737 4979 807 5031 sit
851 4994 996 5033 vera.
1042 4980 1166 5034 Mihi
1210 4990 1355 5036 certe
1393 4980 1604 5036 videtur
1638 4981 1884 5036 eumdem
1931 4983 2102 5052 ipsmn

520 5085 660 5125 esse.
712 5070 993 5136 Quomodo
1041 5087 1190 5142 ergo,
1238 5073 1472 5144 inquies,
1524 5072 1800 5130 Matthzeus
1838 5075 2102 5131 dicentem

522 5161 670 5215 illum
697 5163 960 5232 perhibet,
994 5163 1115 5218 Non
1151 5181 1261 5218 sum
1305 5167 1486 5237 (lignus
1527 5179 1580 5220 ut
1620 5169 1774 5222 intres
1800 5169 1889 5222 sub
1921 5180 2103 5223 tectum

521 5273 682 5309 meum
713 5273 732 5311 :
757 5256 926 5312 Lucas
952 5273 1081 5313 vero
1108 5259 1200 5322 ait,
1243 5260 1452 5315 misisse
1482 5271 1722 5314 vocatum
1767 5271 1820 5315 ut
1861 5263 2104 5316 veniret?

524 5349 742 5404 Videtur
785 5350 913 5406 mihi
944 5351 1114 5406 Lucas
1147 5352 1504 5407 adulationem
1549 5351 1821 5409 Judaicam
1867 5354 2105 5409 subindi—

516 5457 661 5507 care,
693 5441 1043 5516 hominesque
1082 5446 1132 5498 in
1182 5444 1482 5500 calamitate
1513 5454 1786 5499 versantes
1831 5445 2104 5500 instabiles

529 5552 670 5602 esse,
685 5538 1014 5610 subindcque
1026 5539 1306 5593 consilium
1329 5547 1556 5592 mutare.
1580 5537 1879 5593 Verisimile
1905 5541 2102 5610 quippe

569 5703 598 5768 _‘
641 5703 742 5763 Αιίἱ,
769 5705 1054 5768 γρσιηηὺιτηιΔ
1105 5712 1236 5768 cum
1272 5701 1527 5768 Abraham.
1563 5701 1707 5768 Paulo
1724 5710 1833 5766 post
1851 5702 2016 5763 iidem,
2043 5700 2098 5764 ﬁ-

525 5761 574 5811 ηδ
590 5761 757 5827 autem
784 5767 921 5827 reqni
943 5765 1270 5827 eiicienturgin
1289 5766 1506 5814 tenebras
1533 5761 1817 5827 exterioi-es.

586 5826 602 5853 ²
636 5831 742 5876 .uss.
765 5823 977 5889 plurimi,
1001 5826 1141 5878 multi
1160 5825 1222 5877 ab
1236 5826 1419 5879 oriente
1442 5833 1487 5877 et
1508 5824 1754 5880 occidente
1772 5823 1975 5877 venient.

1275 371 1330 426 S.
1371 367 1648 425 JO.\.\‘NIS
1685 365 2154 424 CllllYSOSTOMl
2195 366 2509 424 ARCIIIEP.
2549 369 3082 426 (IONSTANTINOP.

2242 491 2324 538 est
2357 486 2720 540 centurionem
2753 500 2874 540 cum
2905 485 3052 540 abire
3094 484 3250 541 vellet
3285 484 3557 540 detentum
3601 485 3780 540 fuisse
3809 503 3837 540 a

2237 573 2436 630 ludatis
2479 576 2817 630 adulantibus
2863 576 3266 646 dicentibusque
3306 592 3321 628 :
3367 575 3474 629 Nos
3527 575 3724 628 ihimns
3784 588 3834 630 cl

2237 666 2564 721 adducemus
2590 682 2732 722 eum.
2766 665 2898 722 Vide
2942 667 3118 736 itaque
3144 666 3573 721 adhortationem
3606 667 3836 721 illorum

2237 755 2538 812 adulatione
2557 762 2787 827 plenam.
2821 757 2999 826 Diligit
3028 759 3180 824 enim,
3213 759 3476 828 inquiunt,
3504 769 3702 829 gentem
3731 777 3837 812 no—

2235 857 2412 910 stram,
2442 859 2487 902 et
2527 866 2835 922 synagogam
2871 849 3016 904 nobis
3065 851 3361 904 construxit.
3413 848 3593 918 Neque
3645 850 3836 904 seiunt

2239 940 2378 995 unde
2403 943 2572 998 virum
2620 945 2834 1002 laudare
2874 963 2968 1017 par
3014 947 3103 1001 sit.
3155 943 3286 999 Nam
3330 959 3453 998 cum
3497 943 3839 1014 oportuisset

2235 1031 2436 1100 dicere,
2473 1035 2648 1090 Voluit
2674 1038 2787 1108 ipse
2827 1039 2904 1094 ire
2946 1048 3208 1108 rogatum,
3246 1049 3344 1090 nos
3387 1043 3562 1088 autem
3590 1034 3841 1088 retinui-

2237 1139 2376 1188 mus,
2399 1128 2757 1186 calamitatem
2787 1130 3191 1186 considerantes
3220 1137 3276 1184 et
3301 1142 3496 1197 corpus
3518 1127 3648 1181 illud
3673 1126 3838 1182 domi

2231 1218 2411 1286 jacere
2447 1221 2725 1287 videntes;
2756 1232 2914 1293 atque
2953 1223 3031 1277 sic
3069 1222 3185 1291 ejus
3235 1219 3359 1275 lidei
3399 1218 3838 1290 magnitudinem

2235 1325 2502 1379 exponere
2535 1330 2548 1366 :
2579 1313 2652 1367 illi
2696 1315 2878 1384 utique
2917 1314 3016 1369 hoc
3060 1329 3165 1367 non
3202 1312 3415 1376 dicunt;
3465 1326 3641 1379 neque
3675 1311 3834 1364 enim

2236 1404 2503 1470 volebant,
2535 1406 2729 1462 invidia
2768 1422 2960 1478 nempe
2997 1407 3146 1472 moti,
3179 1406 3278 1459 viri
3319 1404 3475 1459 (idem
3497 1404 3782 1458 declarare
3816 1425 3829 1457 :

2235 1495 2328 1551 sed
2359 1497 2660 1554 maluerunt
2686 1499 2802 1568 ejus
2839 1499 3086 1553 virtutem
3121 1497 3392 1567 obtegere,
3421 1510 3519 1565 pro
3549 1509 3658 1564 quo
3695 1509 3831 1562 sup~

2237 1587 2399 1657 plices
2424 1588 2768 1656 accedebant,
2803 1605 2871 1646 ne
2913 1591 3186 1644 videretur
3226 1602 3451 1658 magnus
3487 1603 3608 1642 esse
3653 1587 3699 1640 is
3733 1588 3826 1655 qui

2234 1689 2464 1745 regaret,
2508 1697 2610 1736 neu
2655 1682 2808 1737 [idem
2848 1683 2966 1751 ejus
3009 1682 3383 1752 praedicantes,
3426 1679 3504 1734 sic
3544 1694 3682 1742 rem,
3727 1694 3826 1746 pro

2233 1785 2335 1838 qua
2367 1780 2644 1835 venerant,
2671 1772 3007 1841 perlicerent.
3036 1773 3191 1826 Livor
3219 1771 3361 1826 enim
3385 1781 3620 1824 mentem
3654 1784 3821 1822 exem-

2232 1876 2356 1916 care
2380 1862 2535 1918 solet.
2568 1863 2672 1918 Sed
2702 1863 2792 1934 qui
2836 1847 3041 1918 secreta
3088 1865 3256 1928 novit,
3301 1861 3480 1915 invitis
3518 1859 3625 1914 illis
3652 1859 3822 1914 virum

2233 1953 2536 2008 celebravit.
2566 1955 2716 2021 Quod
2746 1965 2921 2009 autem
2952 1953 3080 2008 illud
3118 1968 3300 2008 verum
3334 1952 3424 2016 sit,
3457 1950 3581 2005 audi
3625 1950 3822 2004 Lucam

2233 2044 2404 2114 ipsum
2457 2046 2800 2116 interpretem
2845 2048 2935 2118 qui
2988 2049 3064 2102 sic
3125 2046 3240 2101 ait:
3270 2046 3360 2100 illo
3393 2059 3499 2098 non
3535 2045 3695 2114 longe
3739 2045 3824 2096 di-

2231 2145 2427 2199 stante,
2461 2138 2670 2193 misisse
2699 2137 2765 2192 ad
2795 2138 2939 2192 illum
2981 2137 3070 2208 qui
3097 2137 3338 2192 dicerent
3380 2155 3393 2190 :
3439 2133 3680 2199 Domine,
3714 2137 3824 2187 noli

2232 2229 2440 2282 vexari:
2468 2246 2567 2283 non
2621 2231 2753 2283 enim
2805 2247 2916 2284 sum
2969 2231 3150 2301 dignus
3193 2240 3246 2282 ut
3298 2230 3389 2284 sub
3428 2238 3612 2282 tectum
3657 2245 3826 2280 meum

2231 2319 2386 2372 intres
2430 2319 2599 2390 (Luc.
2647 2323 2698 2375 7.
2733 2322 2829 2389 6).
2875 2320 3009 2376 Cum
3050 2323 3190 2376 enim
3226 2334 3255 2375 a
3300 2319 3607 2375 Judmorum
3648 2320 3828 2372 mole-

2231 2409 2330 2462 SIia
2357 2410 2490 2464 liber
2517 2410 2635 2476 fuit,
2669 2421 2792 2466 tunc
2817 2412 2961 2466 misit
2987 2412 3074 2482 qui
3115 2411 3359 2467 dicerent
3388 2429 3401 2464 :
3426 2410 3502 2464 Ne
3539 2422 3694 2480 putes
3738 2427 3828 2465 me

2229 2516 2293 2554 ex
2322 2501 2544 2570 segnitie
2586 2517 2688 2556 non
2729 2503 2940 2558 venisse
2965 2521 2980 2570 ;
3010 2503 3106 2558 sed
3137 2520 3223 2558 me
3249 2519 3353 2558 non
3385 2502 3602 2573 dignum
3629 2504 3826 2556 existi-

2232 2595 2390 2660 mavi,
2418 2596 2507 2665 qui
2540 2605 2589 2652 te
2620 2597 2913 2666 reciperem
2942 2596 3108 2651 domi.

2298 2688 2350 2743 3.
2382 2689 2493 2743 Etsi
2525 2704 2651 2744 vero
2681 2689 2960 2745 Matthmus
2995 2691 3133 2746 dicat
3172 2705 3275 2744 non
3319 2704 3417 2758 per
3456 2687 3678 2754 amicos,
3721 2688 3821 2742 sed

2228 2779 2373 2834 illum
2408 2782 2578 2851 ipsum
2608 2780 2721 2835 ha'c
2749 2781 2968 2846 dixisse,
2997 2781 3128 2836 nihil
3161 2781 3210 2835 id
3238 2780 3303 2836 ad
3334 2796 3447 2835 rem
3471 2780 3596 2835 facit
3622 2799 3634 2832 :
3663 2796 3818 2850 qum-

2227 2872 2360 2927 ritur
2386 2873 2527 2927 enim
2550 2875 2721 2930 solum
2752 2891 2876 2929 num
2908 2885 3133 2945 uterque
3164 2875 3265 2929 viri
3305 2875 3595 2930 studiosam
3617 2873 3819 2928 volun-

2228 2972 2387 3018 tatem
2414 2963 2786 3032 declaraverit,
2817 2976 3338 3036 eonsentaneamque
3367 2966 3506 3020 circa
3533 2965 3816 3020 Christum

2224 3057 2340 3124 ejus
2394 3056 2722 3126 opinionem.
2785 3057 3089 3112 Verisimile
3133 3065 3310 3112 autem
3358 3065 3472 3123 est,
3526 3046 3816 3127 postquam

2223 3148 2424 3202 amicos
2444 3149 2696 3217 misisset,
2726 3151 2938 3206 venisse
2965 3151 3134 3220 ipsum
3158 3150 3390 3220 illudque
3415 3149 3634 3205 dixisse.
3657 3150 3815 3216 Quod

2221 3239 2266 3293 si
2288 3238 2390 3293 hoc
2416 3255 2522 3295 non
2553 3241 2748 3296 dixerit
2775 3241 2962 3306 Lucas,
3003 3250 3059 3296 at
3101 3258 3272 3313 neque
3308 3243 3436 3296 illud
3477 3243 3767 3297 Matthmus
3797 3261 3812 3297 :

2223 3345 2327 3385 non
2357 3333 2503 3402 quod
2549 3342 2732 3389 mutuo
2772 3334 2824 3388 in
2869 3338 3173 3390 narratione
3227 3344 3481 3406 pugnent,
3523 3336 3619 3391 sed
3664 3338 3812 3408 quod

2219 3426 2356 3480 alter
2385 3428 2741 3496 prmtermissa
2781 3427 2850 3482 ab
2878 3427 3048 3483 altero
3081 3439 3280 3483 narret.
3325 3428 3456 3482 Vide
3481 3438 3661 3482 autem
3699 3445 3812 3499 quo

2220 3524 2374 3585 pacto
2401 3515 2558 3570 ﬁdem
2589 3518 2704 3585 ejus
2747 3517 2918 3573 Lucas
2954 3519 3059 3573 alio
3097 3518 3254 3573 modo
3293 3519 3548 3588 prmdicet
3572 3519 3763 3573 dicens
3795 3562 3808 3573 .

2219 3604 2500 3660 Mor-iturus
2525 3617 2632 3661 erat
2661 3625 2804 3676 puer.
2834 3610 3080 3664 Attamen
3108 3625 3279 3679 neque
3310 3611 3410 3664 hoc
3433 3611 3576 3664 illum
3621 3611 3673 3664 in
3707 3611 3798 3664 de-

2217 3698 2577 3766 sperationem
2627 3700 2885 3769 conjecit,
2951 3717 3020 3757 ne
3077 3718 3106 3756 a
3149 3717 3243 3772 spe
3285 3703 3544 3767 detrusit;
3588 3703 3684 3758 sed
3730 3708 3809 3759 sic

2215 3789 2375 3843 etiam
2407 3790 2749 3858 superstitem
2791 3793 2900 3846 fore
2937 3794 3194 3863 speravit.
3237 3794 3386 3862 Quod
3425 3795 3466 3847 si
3518 3795 3807 3848 Mattha-ns

2214 3880 2427 3950 quidem
2469 3891 2650 3937 narret
2672 3881 2939 3938 Christmn
2973 3883 3190 3951 dixisse,
3229 3901 3288 3939 se
3317 3896 3515 3939 tantam
3546 3887 3598 3939 in
3641 3885 3806 3944 Israel

2215 3989 2320 4027 non
2347 3974 2616 4030 invenisse
2655 3974 2833 4041 ﬁdem,
2862 3991 2966 4046 quo
3015 3976 3250 4032 declarat
3289 3977 3460 4046 ipsum
3502 3977 3802 4033 Israelizam

2215 4082 2319 4121 non
2369 4067 2566 4134 fuisse;
2617 4069 2785 4124 Lucas
2833 4085 2979 4134 vero,
3030 4071 3199 4140 ipsmn
3249 4087 3569 4142 synagogam
3627 4061 3801 4126 rediti-

2211 4173 2365 4214 casse
2397 4176 2408 4212 :
2442 4175 2614 4230 neque
2646 4160 2761 4216 hrcc
2804 4163 3086 4231 pugnantia
3118 4171 3261 4216 sunt.
3308 4162 3485 4217 Potuit
3513 4164 3658 4217 enim
3693 4181 3802 4218 non

2211 4250 2426 4307 Iudaeus
2454 4267 2774 4323 synagogam
2819 4263 3044 4318 struere,
3078 4263 3397 4323 gentemque
3435 4253 3678 4324 diligere.
3723 4255 3803 4310 Tu

2211 4358 2339 4397 vero
2365 4359 2430 4398 ne
2462 4345 2819 4413 perfunctorie
2858 4346 2996 4400 dicta
3027 4345 3144 4415 ejus
3169 4348 3438 4415 explores,
3466 4347 3557 4402 sed
3603 4349 3803 4417 priete-

2210 4445 2414 4490 cmram
2447 4436 2559 4506 ejus
2586 4437 2777 4506 adjiee,
2809 4447 2863 4491 et
2893 4446 3016 4491 tunc
3058 4437 3154 4491 viri
3191 4438 3438 4492 virtutem
3483 4440 3801 4508 perSpieies.

2211 4529 2416 4584 Etenim
2447 4538 2624 4585 tantus
2661 4531 2816 4599 vulgo
2849 4540 2930 4585 est
2976 4545 3159 4584 eorum
3196 4531 3284 4600 qui
3326 4529 3666 4599 prrel'ecturas
3710 4548 3804 4602 ge-

2211 4630 2333 4674 runt
2364 4618 2549 4686 fastus,
2581 4631 2732 4675 utne
2763 4621 2972 4690 quidem
3015 4621 3064 4674 in
3111 4620 3499 4674 calamitatibus
3538 4637 3660 4675 sese
3701 4624 3802 4679 de-

2211 4713 2460 4782 primant.
2513 4713 2640 4767 Nam
2680 4714 2757 4777 is,
2811 4714 2897 4783 qui
2941 4713 3078 4782 apud
3131 4713 3394 4768 Joannem
3444 4724 3800 4779 memoratur,

2212 4802 2358 4855 illum
2387 4803 2438 4856 in
2466 4803 2684 4858 domum
2717 4804 2878 4857 trahit
2905 4813 2958 4857 et
2983 4805 3112 4859 dicit
3145 4823 3157 4858 :
3193 4803 3470 4868 Descende,
3503 4808 3803 4876 priusquam

2211 4897 2348 4965 [ilius
2379 4914 2515 4951 meus
2547 4899 2791 4951 moriatur
2817 4897 2994 4970 (Joan.
3024 4899 3078 4952 4.
3111 4898 3224 4967 49).
3255 4898 3352 4954 Hic
3383 4915 3510 4955 vero
3540 4915 3649 4955 non
3678 4901 3754 4954 ita
3789 4919 3803 4953 :

2209 4988 2302 5042 sed
2333 4997 2436 5041 tam
2469 4987 2577 5051 illo,
2603 5003 2759 5055 qua.“
2786 4990 2868 5053 iis,
2892 4989 2978 5059 qui
3002 5004 3095 5058 per
3118 4998 3317 5044 tectum
3348 4989 3600 5046 lectulum
3631 4991 3808 5047 demi-

2210 5087 2414 5142 serunt,
2447 5080 2781 5147 praestantior
2823 5089 2920 5135 cst.
2952 5080 3065 5135 Non
3109 5081 3251 5136 enim
3289 5084 3624 5152 corporalem
3665 5100 3810 5154 prae-

2210 5173 2432 5226 sentiazn
2468 5172 2710 5241 requirit,
2744 5187 2914 5242 neque
2944 5188 3111 5243 prope
3135 5173 3400 5230 medicum
3418 5185 3681 5244 aegrotum
3712 5180 3814 5233 de-

2211 5263 2360 5326 tulit;
2393 5264 2443 5317 id
2472 5264 2611 5334 quod
2642 5273 2815 5319 tamen
2836 5281 2938 5318 non
2972 5281 3187 5333 parvam
3215 5267 3666 5322 existimationem
3696 5285 3812 5339 pra:

2209 5367 2268 5408 se
2298 5354 2487 5420 ferret;
2519 5353 2614 5408 sed
2641 5370 2700 5408 ea
2732 5371 2848 5424 qua:
2891 5355 3056 5409 Deum
3096 5355 3320 5411 decebat
3344 5357 3600 5426 Opinione
3642 5361 3814 5416 lnltns

2209 5446 2283 5498 ait
2314 5463 2327 5498 :
2364 5445 2457 5500 Dic
2487 5446 2631 5500 verbo
2670 5447 2848 5499 solum.
2897 5445 3082 5516 Neque
3113 5447 3263 5502 initio
3291 5448 3442 5517 diett,
3494 5449 3592 5503 Dic
3629 5454 3812 5518 verba,

2209 5539 2301 5593 sed
2325 5538 2691 5608 aegritudinem
2714 5547 2915 5592 tantum
2932 5538 3168 5594 declarat
3198 5557 3212 5593 :
3239 5532 3308 5595 ob
3329 5557 3576 5611 magnam
3606 5545 3817 5615 quippe

2209 5630 2558 5686 humilitatem
2588 5647 2692 5684 non
2739 5631 2954 5701 putabat
2995 5628 3266 5686 Christum
3308 5633 3486 5687 statim
3518 5649 3635 5690 rem
3667 5653 3816 5691 con-

2209 5736 2504 5782 cessurum,
2540 5733 2594 5777 et
2621 5722 2836 5776 domum
2862 5723 3146 5794 petiturum
3170 5737 3309 5778 esse.
3340 5722 3462 5778 Ideo
3482 5739 3607 5779 cum
3629 5728 3817 5796 ipsum

2210 5815 2415 5872 audivit
2441 5816 2723 5881 dicentem,
2769 5814 2876 5886 Ego
2906 5815 3102 5871 ueniens
3132 5816 3317 5872 curabo
3355 5833 3492 5886 eum,
3532 5826 3662 5875 tunc
3721 5821 3828 5884 ait,
