4050 6220
372 247 473 304 557

378 359 470 412 Die
497 356 662 412 verba.
690 354 872 426 Neque
892 353 1038 409 illum
1064 353 1134 408 ita
1160 365 1360 408 mmror
1379 354 1628 422 turbavit,
1656 353 1750 408 sed
1783 355 1943 409 etiam

372 453 425 506 in
454 450 760 506 calamitate
804 445 1296 518 philusopliabatur,
1345 461 1453 500 non
1501 455 1608 501 tam
1657 446 1950 515 respiciens

371 543 439 597 ad
470 542 618 612 pueri
649 539 1022 607 valetudinem,
1053 551 1209 608 quam
1237 551 1306 592 ne
1332 536 1459 608 quid
1493 537 1606 606 ipse
1645 536 1820 592 minus
1851 536 1948 593 de-

373 643 558 689 center
600 633 815 688 faceret.
865 630 1196 700 Quamquam
1235 643 1342 682 non
1393 628 1508 698 ipse
1557 629 1804 698 petebat,
1855 628 1946 684 sed

373 724 616 780 Christus
641 738 757 778 sese
781 721 973 776 obtulit
1001 739 1014 774 :
1044 729 1274 774 attamen
1305 719 1381 774 sic
1425 734 1634 789 quoque
1680 720 1852 774 timuit
1880 735 1949 775 ne

375 816 508 872 ultra
554 829 707 884 quam
737 813 965 883 dignitas
1011 827 1105 866 sua
1146 811 1436 882 postularet
1477 811 1759 882 acciperet,
1811 827 1947 867 neve

375 922 484 960 rem
512 920 726 975 gravem
753 905 976 958 subiret.
1000 903 1246 957 Vidistin’
1272 902 1388 972 ejus
1419 902 1786 971 prudentiam?
1815 904 1945 958 Per-

374 995 541 1066 pende
564 995 868 1050 Judaeorum
891 993 1170 1048 stultitiam
1201 992 1509 1057 dicentium,
1541 993 1738 1064 Dignus
1768 1005 1839 1047 est
1867 995 1948 1048 cui

368 1090 581 1159 gratiam
607 1091 840 1158 conferas
868 1085 1019 1154 (Luc.
1044 1085 1095 1138 7.
1119 1085 1198 1154 6).
1227 1085 1361 1139 Cum
1391 1093 1661 1154 oporteret
1685 1083 1750 1138 ad
1780 1084 1945 1139 mise-

365 1179 650 1234 ricordiam
675 1177 800 1233 Jesu
833 1177 1134 1247 confugere,
1179 1176 1252 1230 illi
1284 1176 1591 1246 dignitatem
1629 1176 1942 1241 obtendunt,

366 1286 538 1340 neque
561 1285 666 1340 quo
705 1278 860 1339 pacto
901 1268 1190 1323 obtendere
1233 1268 1464 1337 Oportuit
1503 1271 1700 1323 sciunt.
1749 1269 1943 1322 Verum

366 1377 473 1416 non
502 1363 570 1414 ita
600 1361 719 1425 ille;
753 1359 843 1414 sed
881 1375 941 1414 se
979 1359 1198 1414 omnino
1241 1359 1514 1430 indignum
1551 1359 1761 1415 dicebat
1801 1373 1941 1426 esse,

365 1468 470 1506 non
513 1451 671 1506 modo
715 1451 981 1518 beneﬁcii,
1028 1451 1122 1507 sed
1163 1451 1320 1505 etiam
1361 1450 1449 1520 qui
1501 1448 1771 1505 Christum
1800 1450 1943 1505 domi

365 1543 644 1612 reciperet.
677 1541 1034 1610 Quamobrem
1064 1557 1185 1597 cum
1225 1541 1468 1606 dixisset,
1514 1539 1652 1595 Puer
1680 1559 1816 1596 meus
1849 1543 1942 1612 ja-

365 1644 460 1700 cet,
491 1648 594 1688 non
627 1633 918 1702 snbjunxit,
968 1633 1081 1697 Dic,
1111 1641 1378 1699 metuens,
1409 1648 1475 1687 ne
1520 1633 1765 1703 indignus
1803 1642 1946 1689 esset

364 1729 456 1782 tali
480 1727 620 1782 dono
654 1745 667 1780 :
697 1727 790 1780 sed
831 1725 1185 1780 calamitatem
1233 1724 1403 1780 solum
1451 1725 1756 1780 declaravit.
1811 1725 1942 1793 Quia

365 1836 496 1878 vero
526 1818 651 1872 vidit
690 1817 960 1871 Christum
1006 1831 1124 1871 sese
1167 1815 1232 1870 ad
1271 1816 1504 1872 eundum
1537 1829 1835 1886 parantem,
1874 1832 1942 1873 ne

363 1915 441 1969 sic
465 1913 677 1983 quidem
707 1909 797 1966 ille
825 1907 878 1962 in
907 1923 1018 1962 rem
1049 1907 1279 1962 oblatam
1313 1907 1518 1973 insiliit,
1547 1907 1640 1963 sed
1684 1907 1858 1962 adhuc
1887 1912 1939 1963 in

361 2005 527 2074 gradu
555 2004 652 2058 sibi
683 1999 994 2074 congruenti
1019 1998 1230 2056 mansit.
1256 1997 1309 2053 Si
1339 1999 1458 2068 quis
1488 2014 1616 2054 vero
1645 1999 1804 2064 dicat,
1833 1999 1941 2055 Cur

361 2098 605 2152 Christus
644 2096 792 2151 illum
837 2110 942 2150 non
985 2096 1183 2165 pariter
1212 2091 1530 2148 honoravit?
1563 2091 1786 2146 dixerim
1817 2106 1937 2162 ego,

361 2205 609 2260 magnum
635 2190 732 2259 ipsi
756 2189 1012 2244 honorem
1041 2189 1307 2243 retulisse.
1337 2185 1517 2242 Primo
1539 2185 1774 2254 quidem,
1800 2186 1940 2255 quod

361 2280 596 2332 animum
627 2293 951 2349 pronamque
979 2278 1299 2334 voluntatem
1332 2274 1643 2342 ostenderit,
1674 2290 1792 2344 qua:
1822 2291 1937 2330 ma-

360 2371 504 2424 xime
524 2369 786 2438 apparuit,
818 2369 938 2438 quia
980 2369 1092 2438 ipse
1132 2369 1185 2422 in
1211 2369 1430 2424 domum
1471 2368 1585 2438 ejus
1615 2383 1720 2423 non
1754 2366 1936 2431 venit;

359 2459 613 2524 secundo,
647 2459 787 2529 quod
827 2460 973 2512 illum
1022 2460 1074 2514 in
1122 2475 1341 2529 regnum
1387 2458 1760 2525 introduxerit,
1789 2476 1940 2515 euin-

360 2569 463 2623 quc
485 2553 575 2608 toti
604 2551 838 2608 Iudaicae
871 2552 1013 2621 genti
1041 2552 1409 2622 praeposuerit.
1440 2551 1573 2620 Quia
1603 2553 1743 2607 enim
1775 2567 1832 2608 se
1859 2553 1939 2606 in-

359 2647 573 2715 dignum
621 2644 952 2714 judicaverat
993 2645 1082 2716 qui
1132 2644 1401 2699 Christum
1454 2645 1597 2699 domi
1653 2645 1934 2714 reciperet,

361 2739 518 2792 etiam
549 2752 712 2808 regno
738 2735 926 2807 dignus
950 2736 1171 2791 ellectus
1199 2745 1297 2800 est,
1329 2746 1382 2790 et
1401 2735 1584 2790 eadem
1610 2751 1729 2806 quae
1765 2735 1937 2789 Abra-

362 2828 481 2882 ham
509 2836 865 2897 consequutus
887 2835 971 2881 est
996 2827 1150 2882 bona.
1177 2825 1244 2880 Et
1264 2841 1367 2896 qua
1401 2826 1468 2880 de
1492 2841 1670 2892 causa,
1709 2826 1936 2896 inquies,

361 2919 625 2989 leprosus,
670 2919 756 2988 qui
802 2919 886 2973 his
923 2917 1123 2986 majora
1167 2917 1496 2984 exhibuerat,
1545 2933 1650 2972 non
1701 2918 1941 2972 laudatus

360 3014 474 3066 est?
500 3011 683 3081 Neque
706 3012 844 3066 enim
869 3011 999 3065 dixit
1025 3010 1133 3078 ille,
1159 3009 1256 3064 Dic
1282 3009 1426 3064 verba
1449 3026 1468 3075 ;
1502 3011 1592 3065 sed
1623 3012 1761 3081 quod
1785 3012 1941 3082 longe

361 3107 532 3176 majus
559 3117 692 3172 erat,
723 3105 868 3160 Velis
899 3103 1263 3158 tantummodo
1295 3121 1307 3155 :
1339 3103 1391 3157 id
1418 3103 1556 3174 quod
1585 3104 1652 3160 de
1675 3105 1829 3160 Patre
1867 3106 1941 3160 ait

359 3198 660 3268 propheta:
697 3193 914 3260 Omnia,
969 3211 1291 3265 quaecumque
1342 3194 1530 3256 voluit,
1595 3195 1712 3267 fecit
1767 3195 1936 3265 (Psal.

360 3289 482 3342 115.
512 3288 564 3341 5.
599 3284 758 3357 UH).
789 3286 983 3340 Verum
1015 3286 1106 3340 ille
1134 3299 1344 3354 quoque
1379 3285 1624 3339 laudatus
1664 3293 1764 3340 est.
1807 3285 1938 3341 Cum

359 3379 500 3433 enim
524 3377 676 3442 dixit,
709 3375 851 3443 Oﬂer
870 3375 1078 3442 donum,
1104 3377 1238 3447 quod
1259 3377 1494 3445 prwcepit
1524 3376 1744 3446 Moyses,
1776 3378 1828 3431 in
1870 3388 1942 3431 te-

359 3470 648 3525 stimonium
687 3469 809 3536 illis,
840 3467 973 3522 nihil
999 3468 1140 3522 aliud
1172 3476 1285 3523 erat
1319 3483 1474 3538 quam
1506 3469 1703 3536 dicere,
1743 3471 1822 3524 Tu
1848 3485 1940 3525 ac-

360 3559 574 3616 cusabis
608 3560 745 3625 illos,
786 3559 908 3630 quia
947 3558 1242 3614 credidisti.
1287 3559 1536 3629 Alioquin
1573 3575 1678 3615 non
1720 3561 1940 3630 perinde

359 3661 476 3707 erat
519 3651 782 3715 Judzeum,
829 3660 986 3721 atque
1033 3660 1342 3706 extraneum
1394 3650 1643 3720 gentilem
1696 3652 1937 3708 credere.

361 3743 513 3811 Quod
541 3743 680 3798 enim
707 3742 946 3796 centurio
974 3741 1189 3797 Judaaus
1217 3756 1324 3798 non
1350 3752 1512 3809 esset,
1551 3743 1602 3798 id
1649 3743 1817 3813 liquet
1855 3743 1941 3815 vel

360 3850 423 3891 ex
449 3850 514 3890 eo
535 3835 674 3904 quod
701 3835 942 3888 centurio
971 3841 1132 3900 esset,
1165 3842 1218 3888 et
1257 3833 1398 3904 quod
1431 3833 1672 3890 Christus
1697 3833 1890 3890 dixerit
1923 3853 1937 3890 :

362 3925 542 3997 Neque
568 3927 620 3979 in
653 3924 811 3978 Israel
836 3933 1026 3978 tantam
1051 3925 1204 3992 ﬁdem
1229 3924 1415 3979 inveni.

430 4021 486 4074 4.
516 4019 746 4088 Eratque
785 4017 1021 4086 profecto
1059 4032 1142 4070 res
1173 4031 1383 4085 magna,
1424 4015 1692 4071 hominem
1731 4018 1818 4087 qui
1849 4032 1943 4072 ex-

361 4123 440 4168 tra
470 4111 772 4167 Judarorum
795 4109 1090 4178 catalogum
1119 4118 1254 4175 erat,
1286 4116 1430 4162 tanta
1450 4108 1517 4162 de
1552 4107 1767 4163 Christo
1793 4110 1942 4179 cogi-

362 4216 522 4259 tasse.
554 4204 706 4267 Nam,
737 4211 792 4257 ut
828 4201 958 4255 mihi
995 4201 1220 4262 videtur,
1249 4214 1511 4268 supernos
1551 4199 1640 4253 ille
1677 4200 1944 4254 exercitus

363 4304 541 4350 mente
569 4302 920 4362 conceperat;
969 4290 1308 4359 morbosque,
1343 4301 1566 4344 mortem
1595 4289 1802 4359 aliaque
1829 4305 1944 4344 om-

363 4389 448 4444 nia
481 4389 549 4442 ita
575 4385 787 4442 Christo
825 4385 1063 4454 subjecta
1094 4399 1230 4448 esse,
1263 4393 1320 4437 ut
1354 4382 1548 4437 milites
1586 4383 1707 4438 sibi.
1743 4383 1943 4449 Quam-

363 4483 547 4536 ohrcm
576 4480 783 4535 diccbat
813 4495 825 4532 :
858 4478 994 4532 Nam
1021 4495 1112 4549 ego
1141 4479 1289 4531 homo
1307 4493 1419 4531 sum
1445 4476 1534 4531 sub
1564 4487 1804 4548 potestate
1827 4495 1946 4532 con-

363 4578 605 4638 stitutus;
655 4575 753 4628 hoc
799 4584 900 4638 est,
949 4573 1026 4626 Tu
1075 4573 1232 4636 Deus,
1283 4587 1380 4642 ego
1423 4572 1582 4625 homo
1629 4589 1642 4626 :
1695 4587 1795 4643 ego
1847 4571 1946 4626 sub

365 4674 649 4738 potestate,
681 4674 734 4718 tu
766 4681 868 4718 non
896 4664 994 4718 sub
1034 4672 1315 4732 potestate.
1343 4661 1398 4718 Si
1428 4678 1526 4732 ego
1563 4663 1740 4732 igitur,
1787 4662 1946 4717 homo

363 4769 418 4814 et
445 4758 546 4812 sub
592 4765 872 4826 potestate,
911 4764 1056 4808 tanta
1099 4769 1313 4824 possum
1348 4771 1361 4807 :
1396 4755 1560 4808 multo
1608 4755 1774 4825 magis
1810 4754 1943 4822 ipse,

367 4854 454 4922 qni
483 4862 536 4908 et
569 4851 705 4905 Deus
733 4858 893 4906 estet
922 4847 1019 4902 sub
1064 4856 1324 4916 potestate
1364 4863 1468 4902 non
1513 4856 1628 4913 est;
1663 4847 1777 4902 vult
1804 4849 1946 4902 enim

367 4962 432 5001 ex
476 4959 681 4999 summa
731 4941 1128 5012 prmeminentia
1172 4940 1276 4995 hoc
1318 4939 1391 4994 illi
1445 4941 1691 5008 suadere,
1733 4957 1793 4996 se
1837 4957 1944 4996 non

367 5038 541 5092 simile
570 5035 870 5104 exemplum
925 5032 1134 5097 allerre,
1175 5033 1268 5087 sed
1297 5034 1370 5086 rei
1415 5033 1572 5102 longe
1599 5034 1944 5089 sublimioris.

367 5129 498 5184 Nam
541 5129 586 5182 si
617 5143 737 5197 ego,
770 5126 956 5195 inquit,
1010 5124 1098 5193 qui
1143 5139 1236 5192 par
1265 5123 1516 5193 subjectis
1562 5139 1700 5190 sum,
1756 5134 1808 5179 et
1848 5126 1949 5181 sub

369 5229 632 5292 potestate
675 5219 1011 5280 constitutus,
1041 5217 1110 5270 ob
1138 5231 1352 5287 parvam
1401 5227 1574 5270 tamen
1625 5216 1949 5287 prmfectnrre

370 5313 758 5380 auctoritatem,
794 5320 936 5365 tanta
971 5324 1184 5380 possunt
1216 5309 1428 5362 nemine
1464 5318 1823 5377 repugnante;
1854 5309 1950 5364 sed

371 5421 487 5476 qua?
518 5406 720 5474 iinpcro
765 5404 962 5468 omnia,
1013 5402 1228 5456 diversa
1270 5401 1391 5454 licet
1421 5401 1544 5463 sint,
1581 5399 1949 5470 exsequutioni

371 5495 718 5560 mandantur;
752 5495 852 5548 Alii
881 5496 1010 5548 euim
1037 5494 1171 5556 dico,
1203 5491 1359 5556 Vade,
1386 5501 1432 5545 et
1452 5492 1586 5544 vadit
1616 5507 1632 5544 :
1657 5492 1767 5556 alii,
1803 5491 1949 5558 Vent,

371 5587 573 5640 etvenit
607 5601 624 5639 :
654 5587 810 5655 longe
845 5586 1042 5652 majora
1091 5595 1142 5638 tu
1185 5585 1401 5655 poteris.
1429 5582 1652 5651 Quidam
1695 5582 1836 5637 hunc
1875 5583 1954 5636 lo-

373 5693 496 5734 cum
518 5678 587 5733 ita
614 5679 793 5747 legunt
823 5698 836 5735 :
869 5677 929 5734 Si
958 5679 1087 5732 enim
1116 5693 1207 5749 ego
1234 5676 1382 5731 homo
1409 5691 1521 5729 cum
1547 5675 1664 5744 sim,
1694 5682 1747 5730 et
1785 5673 1952 5730 inter-

1323 241 1390 297 lN
1427 239 1830 298 MATTIIEUM
1871 237 2102 294 l-lOMlL.
2142 237 2327 295 XXVI.
2370 242 2438 296 al.
2480 242 2694 299 XXVI}.

3531 253 3636 308 358

2054 352 2340 420 punetione
2363 357 2535 424 posita
2563 356 2905 427 snbjungunt,
2944 358 3034 413 sub
3061 368 3302 428 potestate
3325 362 3510 419 habens
3544 367 3636 420 sub

2052 462 2132 499 me
2158 448 2357 502 milites.
2379 449 2458 503 Tu
2485 465 2612 504 vero
2629 451 2935 506 consideres
2961 453 3140 520 velim,
3168 455 3436 524 quomodo
3453 464 3634 514 osten-

2052 534 2143 590 dat
2166 537 2337 606 ipsum
2371 540 2526 593 etiam
2557 542 2712 594 morti
2746 549 2802 594 ut
2839 557 2992 596 servo
3040 543 3322 612 imperare,
3359 554 3414 600 et
3440 529 3631 616 praeei-

2052 641 2180 696 pere
2207 636 2264 681 ut
2288 627 2582 684 dominum.
2613 629 2746 684 Cum
2768 633 2910 686 enim
2937 632 3081 695 dicit,
3121 632 3267 700 Veni,
3299 646 3347 690 et
3376 637 3526 703 venit,
3555 646 3630 705 ct,

2062 715 2220 780 Vade,
2249 727 2294 771 et
2327 721 2483 785 vadit,
2531 720 2585 774 id
2630 721 2893 790 signiﬁcat
2925 742 2935 776 :
2971 723 3025 777 Si
3052 723 3276 792 jusseris
3306 741 3411 781 non
3451 729 3633 783 venire

2051 818 2276 862 mortem
2309 825 2470 879 super
2503 828 2644 876 eum,
2672 829 2776 866 non
2813 815 3006 868 veniet.
3050 815 3232 870 Viden‘
3261 832 3416 886 quam
3463 820 3630 876 ﬁdelis

2049 903 2226 955 esset?
2251 902 2402 969 Quod
2438 905 2580 958 enim
2629 907 2875 960 omnibus
2929 916 3108 976 postea
3150 907 3352 963 clarmn
3397 910 3629 967 futurum

2051 1001 2184 1057 erat,
2219 993 2569 1064 omnibusque
2597 1006 2804 1060 notum,
2837 996 2923 1050 hic
2948 998 3056 1066 jam
3086 999 3256 1066 palam
3286 999 3430 1066 facit,
3460 1001 3628 1069 ipsum

2051 1096 2242 1152 nempe
2284 1083 2481 1140 habere
2517 1094 2828 1155 potestatem
2881 1088 3067 1142 mortis
3105 1097 3157 1142 et
3197 1091 3339 1157 vitaz,
3373 1107 3634 1163 posseqne

2049 1172 2114 1226 ad
2149 1183 2326 1241 portas
2353 1176 2538 1230 mortis
2561 1177 2826 1232 deducere
2854 1193 2915 1232 ac
2936 1179 3210 1235 reducere.
3240 1181 3422 1250 Neque
3449 1184 3513 1244 de
3537 1185 3634 1238 mi-

2051 1266 2230 1322 litibus
2259 1269 2430 1324 solum
2475 1269 2626 1333 dixit,
2656 1269 2750 1324 sed
2782 1271 2939 1324 etiam
2970 1271 3036 1326 de
3063 1273 3250 1338 servis,
3284 1274 3424 1343 quod
3467 1275 3634 1344 majo-

2049 1360 2123 1415 ris
2153 1361 2516 1432 obsequentia:
2538 1370 2670 1416 erat.
2715 1363 2962 1418 Attamen
2993 1373 3192 1418 tantam
3223 1365 3424 1420 habens
3449 1366 3628 1432 ﬁdem,

2050 1466 2110 1506 se
2155 1452 2422 1522 indignum
2451 1454 2666 1523 putabat
2692 1470 2706 1519 ;
2750 1453 2994 1510 Christus
3024 1466 3200 1511 autem
3231 1458 3520 1513 ostendens
3549 1460 3631 1514 di-

2049 1556 2212 1610 gnum
2254 1543 2398 1596 illum
2441 1559 2582 1610 esse,
2614 1545 2766 1614 cujus
2792 1544 3008 1599 don'mm
3041 1545 3284 1614 intraret,
3317 1549 3483 1602 multo
3521 1564 3633 1603 ma-

2043 1632 2162 1703 jora
2212 1634 2260 1688 ei
2309 1637 2556 1698 contulit,
2586 1637 2758 1706 ipsum
2810 1637 3080 1693 admirans
3125 1648 3282 1708 atque
3315 1640 3628 1709 przedieans,

2050 1723 2307 1793 pluraque
2355 1723 2488 1778 dans
2526 1740 2684 1795 quam
2714 1727 2960 1795 petierat.
3011 1726 3166 1782 Venit
3197 1729 3338 1783 enim
3392 1729 3633 1798 corporis

2047 1816 2274 1870 salutem
2308 1831 2470 1886 puero
2510 1832 2775 1886 qumrens,
2806 1827 2859 1872 et
2904 1828 3124 1888 accepto
3162 1835 3327 1890 regno
3363 1821 3628 1876 discessit.

2050 1905 2238 1960 Viden’
2276 1906 2544 1977 quomodo
2569 1907 2678 1976 jam
2732 1908 3006 1977 impletum
3062 1919 3170 1962 erat
3227 1911 3376 1975 illud,
3413 1909 3635 1976 Qum-ite

2046 2013 2254 2068 regnum
2273 1998 2531 2061 cwlomm,
2558 2007 2603 2050 et
2624 1997 2730 2051 hwc
2754 1998 2924 2050 omnia
2939 1998 3243 2067 adjicimtur
3261 1998 3395 2053 vobis
3419 2000 3630 2072 (Matth.

2049 2089 2100 2143 6.
2130 2090 2258 2160 55)?
2297 2089 2432 2156 Quia
2459 2088 2600 2143 enim
2630 2089 2849 2143 multam
2887 2088 3042 2144 ﬁdem
3073 2099 3126 2145 et
3161 2091 3512 2145 humilitatem
3539 2108 3632 2146 cx-

2047 2181 2314 2244 hibuerat,
2344 2191 2399 2236 et
2427 2181 2616 2237 caelum
2642 2180 2809 2247 dedit,
2833 2190 2886 2236 et
2911 2183 3061 2252 pueri
3082 2183 3362 2238 sanitatem
3393 2163 3588 2254 adjecit
3613 2201 3625 2236 ε

2046 2289 2146 2328 nec
2167 2275 2337 2344 ipsum
2366 2275 2454 2329 illo
2486 2284 2686 2328 tantum
2711 2273 2866 2328 modo
2889 2273 3189 2340 honoravit,
3213 2275 3306 2330 sed
3328 2275 3486 2329 etiam
3513 2291 3633 2328 cum

2045 2367 2278 2422 ostendit
2325 2367 2518 2436 quibus
2562 2367 2746 2436 ejectis
2797 2367 2884 2420 ille
2940 2366 3387 2422 introduceretur.
3457 2367 3632 2436 Atque

2045 2459 2238 2514 exinde
2267 2460 2514 2514 omnibus
2561 2470 2740 2514 n0tum
2783 2459 2926 2525 facit,
2957 2474 3022 2514 ex
3077 2459 3178 2514 ﬁde
3222 2461 3444 2514 salutem
3492 2475 3628 2522 esse,

2043 2567 2151 2608 non
2182 2567 2246 2604 ex
2273 2551 2337 2605 iis
2366 2566 2483 2620 quae
2513 2551 2801 2605 secundum
2830 2551 2998 2620 legem
3031 2560 3182 2605 erant
3200 2551 3465 2620 operibus.
3496 2552 3634 2617 Qua-

2045 2655 2260 2720 pr0pter
2289 2645 2616 2704 nouJudaeis
2655 2655 2880 2712 tantum,
2923 2647 3014 2702 sed
3043 2649 3199 2700 etiam
3247 2649 3494 2717 gentibus
3535 2649 3634 2700 hoc

2044 2739 2244 2793 donum
2300 2742 2627 2810 propositum
2668 2744 2796 2802 erit:
2846 2737 2950 2793 imo
2982 2735 3064 2790 his
3095 2736 3268 2805 potius
3307 2753 3464 2806 quam
3507 2738 3631 2791 illis.

2044 2831 2121 2888 Ne
2143 2833 2337 2901 putetis
2375 2833 2537 2897 enim,
2583 2832 2770 2901 inquit,
2803 2832 2852 2886 id
2897 2836 2948 2886 in
2978 2828 3288 2882 centurione
3329 2837 3526 2880 tantum
3560 2827 3636 2880 [ιι-

2045 2931 2187 2977 etum
2217 2939 2355 2985 esse,
2390 2924 2482 2976 scd
2512 2925 2563 2977 in
2597 2932 2708 2978 toto
2737 2924 2866 2979 orbe
2888 2925 3115 2992 idipsnm
3155 2919 3277 2979 erit.
3319 2919 3428 2973 line
3457 2928 3632 2973 autem

2045 3013 2198 3077 dixit,
2243 3029 2338 3084 per
2373 3016 2703 3085 prophetiam
2747 3015 2812 3070 de
2843 3017 3087 3086 gentibus
3127 3018 3372 3087 loquens,
3400 3013 3635 3086 ipsisque

2046 3103 2239 3158 bonam
2294 3120 2440 3173 spem
2481 3105 2732 3161 oli'erens.
2775 3106 2982 3161 Etenim
3031 3123 3097 3161 ex
3145 3107 3362 3163 Galilrca
3392 3109 3628 3178 gentium

2046 3197 2305 3266 erantqui
2333 3198 2690 3266 sequebantur
2727 3214 2867 3252 eum.
2898 3198 3022 3252 Haec
3049 3214 3209 3268 porro
3237 3199 3467 3264 dicebat,
3500 3214 3632 3268 geu-

2048 3293 2130 3340 tes
2159 3300 2263 3339 non
2309 3287 2491 3341 sinens
2530 3287 2765 3340 animum
2820 3285 3174 3356 despondere,
3223 3287 3634 3356 Judaeorttmque

2049 3375 2240 3430 fastum
2270 3376 2592 3445 deprimens.
2622 3376 2699 3431 Ne
2726 3387 2902 3431 autem
2933 3378 3014 3432 his
3040 3377 3194 3432 dictis
3221 3378 3515 3433 oﬂ'enderet
3540 3393 3634 3432 au-

2047 3466 2268 3528 ditores,
2302 3483 2436 3521 neve
2470 3468 2801 3521 occasionem
2836 3468 3097 3537 prmberet
3122 3469 3316 3534 ullam;
3348 3485 3448 3523 non
3485 3471 3632 3539 prius

2049 3556 2116 3609 dc
2141 3557 2383 3626 gentibus
2412 3557 2679 3627 loquutus,
2713 3558 2806 3612 sed
2851 3561 3129 3612 occasione
3159 3569 3308 3628 capta
3338 3576 3402 3614 ex
3441 3570 3628 3614 centu-

2048 3648 2218 3712 rione,
2250 3663 2315 3701 ne
2343 3663 2532 3701 nomen
2556 3648 2767 3717 quidem
2786 3649 3020 3718 gentium
3047 3659 3229 3718 aperte
3256 3649 3421 3719 ponit.
3447 3648 3630 3719 Neque

2047 3741 2191 3794 enim
2221 3739 2370 3805 dixit,
2397 3740 2536 3794 Multi
2569 3756 2635 3794 ex
2676 3741 2957 3810 gentibus;
3001 3740 3115 3806 sed,
3145 3740 3298 3795 Multi
3345 3758 3406 3795 ea:
3443 3743 3632 3796 oriente

2049 3842 2095 3886 et
2124 3833 2396 3896 occidente,
2429 3833 2568 3901 quod
2610 3845 2796 3904 gentes
2840 3834 3021 3903 utique
3065 3835 3416 3904 signiﬁcabat,
3461 3851 3634 3905 neque

2047 3935 2223 3980 tamen
2254 3925 2559 3980 olTendehat
2589 3926 2890 3992 auditores;
2927 3926 3220 3980 involutum
3248 3928 3389 3980 enim
3415 3937 3531 3981 erat
3556 3927 3632 3980 di-

2048 4028 2211 4073 ctum.
2243 4019 2424 4088 Neque
2457 4018 2558 4073 hoc
2598 4027 2798 4072 tantum
2827 4019 2985 4073 modo
3015 4021 3146 4074 lenit
3171 4019 3310 4074 hanc
3335 4036 3524 4074 novam
3547 4021 3632 4074 in-

2047 4110 2365 4178 solitamque
2401 4109 2720 4176 doctrinam,
2751 4109 2844 4164 sed
2883 4110 3023 4180 quod
3069 4111 3242 4164 sinum
3271 4110 3500 4166 Abrahae
3537 4127 3634 4182 pro

2050 4216 2215 4270 regno
2247 4202 2505 4270 posuerit.
2536 4201 2719 4270 Neque
2747 4202 2889 4256 enim
2930 4201 3031 4256 hoc
3059 4203 3186 4271 ipsis
3215 4213 3398 4257 notum
3436 4219 3632 4258 nomen

2049 4304 2166 4348 erat
2196 4309 2210 4347 :
2243 4294 2515 4364 magisque
2549 4294 2668 4348 illos
2696 4294 2978 4349 mordebat
3008 4295 3273 4351 Abraham
3305 4296 3358 4350 in
3399 4295 3632 4350 medium

2050 4385 2328 4439 adductus.
2379 4385 2714 4455 Quapropter
2750 4384 2980 4440 Joannes
3027 4386 3157 4440 nihil
3196 4387 3374 4441 statim
3429 4386 3496 4441 de
3537 4401 3634 4457 ge-

2052 4478 2226 4533 henna
2270 4477 2440 4542 dixit;
2469 4477 2562 4532 sed
2609 4477 2749 4547 quod
2781 4479 2944 4548 magis
2988 4479 3107 4534 illos
3147 4479 3412 4548 pungebat
3435 4479 3633 4545 attulit,

2054 4572 2232 4627 Nolite
2252 4573 2432 4635 dicere,
2470 4569 2675 4626 Patrem
2696 4571 2934 4626 habemus
2955 4571 3207 4626 Abraham
3239 4571 3448 4642 (Matth.
3473 4571 3523 4624 5.
3555 4572 3631 4641 9).

2052 4665 2183 4721 Cum
2215 4665 2296 4718 his
2321 4662 2465 4717 aliud
2493 4664 2650 4718 etiam
2683 4663 2946 4733 providet,
2975 4679 3042 4718 ne
3067 4662 3310 4718 videatur
3348 4663 3514 4718 veteri
3553 4664 3636 4717 vi-

2052 4757 2208 4813 vendi
2236 4758 2476 4811 instituto
2502 4756 2800 4811 contrarius
2829 4769 2969 4810 esse.
3002 4754 3134 4809 Nam
3177 4754 3266 4824 qui
3309 4752 3637 4823 patriarchas

2053 4849 2369 4914 admiratur,
2397 4861 2688 4915 eorumque
2727 4847 2872 4902 sinus
2901 4855 3101 4900 sortem
3152 4846 3411 4901 bonorum
3451 4846 3636 4914 appel-

2053 4940 2148 5004 lat,
2197 4940 2332 4993 hanc
2373 4937 2730 5006 suspicionem
2775 4937 2995 4990 omnino
3066 4945 3118 4991 et
3176 4936 3428 4990 radicitus
3478 4937 3632 4992 tollit.

2053 5029 2219 5084 Nemo
2255 5031 2429 5098 itaque
2466 5043 2623 5082 unam
2668 5042 2787 5082 esse
2819 5037 2964 5096 putet
3003 5029 3468 5084 comminationem
3497 5045 3510 5080 :
3540 5028 3632 5082 du-

2053 5125 2174 5194 plex
2201 5124 2396 5192 quippe
2429 5131 2511 5176 est
2557 5120 2664 5175 illis
2681 5118 3241 5192 supplicium,dnplex
3286 5121 3366 5176 his
3410 5121 3629 5175 laetitia:

2056 5216 2161 5270 illis
2188 5214 2418 5284 quidem,
2464 5228 2568 5267 non
2608 5212 2748 5282 quod
2785 5212 3079 5267 exciderint
3111 5225 3336 5279 tantum,
3365 5214 3455 5268 sed
3495 5212 3639 5283 quod

2056 5323 2121 5362 ex
2155 5306 2380 5376 propriis
2410 5304 2730 5368 exciderint;
2761 5304 2841 5358 his
2872 5319 2999 5360 vero
3030 5321 3132 5360 non
3161 5307 3301 5376 quod
3328 5315 3524 5360 sortem
3552 5320 3636 5356 ac-

2057 5399 2318 5468 ceperint,
2364 5397 2456 5450 sed
2487 5396 2625 5466 quod
2656 5411 2812 5466 quam
2855 5412 2958 5451 non
3005 5398 3380 5467 exspectabant
3416 5409 3636 5468 accepe-

2058 5491 2166 5546 rint
2197 5507 2210 5542 :
2246 5487 2326 5543 his
2349 5489 2501 5543 tertia
2522 5488 2788 5556 adjicitur,
2819 5489 2958 5559 quod
2985 5487 3037 5542 hi
3065 5503 3125 5544 ea
3153 5503 3271 5556 quae
3300 5486 3364 5539 ad
3388 5485 3506 5538 illos
3530 5499 3638 5554 per-

2058 5581 2301 5637 tinebant
2331 5580 2652 5649 acceperint.
2696 5579 2861 5635 Filios
2903 5589 3079 5635 autem
3123 5578 3269 5648 regni
3314 5585 3469 5630 vocat
3499 5575 3634 5642 illos,

2065 5673 2256 5746 quibus
2274 5686 2492 5744 regnum
2526 5681 2762 5744 paratum
2794 5679 2943 5738 erat;
2975 5668 3114 5742 quod
3145 5670 3372 5724 maxime
3395 5667 3512 5726 illos
3535 5665 3638 5721 do-
