4050 6220
457 252 565 308 359

462 368 576 421 lore
601 363 886 420 afﬁciebat.
915 362 1199 432 Postquam
1232 361 1462 416 ostendit
1484 360 1625 413 enim
1651 358 1769 412 illos
1811 371 1874 412 ex
1920 369 2042 425 pro-

459 459 721 513 missione
747 459 797 510 in
820 457 942 510 sinu
979 453 1207 509 Abralue
1237 467 1375 516 esse,
1418 451 1543 506 hinc
1581 451 1701 504 illos
1727 448 1906 502 statim
1948 462 2045 502 ex-

461 550 648 604 cludit.
687 549 906 612 Deinde,
947 545 1068 615 quia
1116 543 1217 597 hoc
1264 543 1464 597 dictum
1491 543 1593 596 lata
1621 540 1882 596 sententia
1908 547 2045 605 erat,

463 643 514 697 id
543 643 693 712 signa
717 640 1013 702 conﬁrmat,
1050 636 1495 708 quemadmodum
1527 644 1580 689 et
1625 635 1773 703 signa
1813 648 1879 688 ex
1911 646 2048 700 prm-

466 734 700 787 dictione
728 745 902 786 rerum
927 744 1044 800 qua:
1066 739 1248 798 postea
1275 735 1566 782 evenerunt
1597 734 1924 780 asseruntur.

537 843 589 897 5.
639 842 736 910 Qui
785 842 940 911 igitur
1002 856 1108 895 non
1157 841 1322 894 credit
1372 849 1498 893 tunc
1545 847 1786 893 sanatum
1828 848 2047 904 puerum

465 934 649 998 fuisse,
681 934 725 988 is
751 934 832 986 vel
863 949 926 986 ex
957 931 1253 1001 prophetia,
1289 946 1406 1000 quae
1427 930 1536 997 jam
1569 928 1782 996 impleta
1816 926 1928 990 fuit,
1963 927 2047 979 in-

464 1027 690 1081 ducatur
718 1033 774 1077 ut
799 1024 1000 1078 credat.
1050 1021 1181 1076 Nam
1212 1020 1490 1092 prophetia
1524 1029 1647 1074 ante
1689 1027 1935 1072 eventum
1984 1030 2048 1070 ex

465 1122 618 1190 signo
643 1131 767 1173 tunc
797 1119 933 1172 facto
958 1127 1078 1170 uola
1109 1114 1356 1169 omnibus
1383 1115 1495 1167 fuit.
1532 1112 1760 1181 Ideoque
1782 1127 1900 1164 eum
1937 1108 2054 1162 haec

465 1221 591 1265 ante
621 1209 955 1279 prazdixisset
988 1250 1002 1271 ,
1032 1217 1157 1260 tunc
1184 1205 1534 1276 paralyticum
1567 1202 1761 1266 erexit,
1792 1212 1847 1254 ut
1880 1201 2050 1252 futura

467 1317 529 1355 ex
561 1298 913 1370 prznsentibus
941 1306 1312 1351 assererentur
1337 1337 1351 1360 ,
1382 1306 1429 1349 et
1465 1311 1493 1347 a
1527 1293 1711 1362 majori
1745 1293 1920 1344 minus
1960 1291 2053 1343 lir-

465 1402 721 1447 marelur.
755 1390 885 1444 Nam
917 1387 1057 1459 quod
1090 1387 1286 1441 virtute
1337 1385 1539 1455 pra-diti
1572 1383 1725 1437 bonis
1774 1382 2013 1434 l'ruanlnr
2035 1420 2052 1445 ,

469 1483 659 1552 hisque
699 1480 924 1550 oppositi
974 1495 1155 1549 poenas
1189 1478 1378 1542 luant,
1431 1477 1478 1528 id
1526 1493 1554 1528 a
1595 1471 2056 1530 verisimilitudine

469 1591 574 1628 non
603 1574 895 1627 abhorret:
931 1572 1035 1624 imo
1065 1581 1118 1624 ct
1150 1571 1337 1623 rationi
1369 1577 1421 1622 et
1448 1568 1620 1635 legunt
1663 1565 1896 1635 :cquitati
1930 1579 2060 1616 con-

469 1675 780 1719 scnlauenm
809 1673 917 1723 est;
953 1661 1299 1732 paralyticum
1321 1668 1496 1712 autem
1527 1657 1738 1710 firmare
1769 1663 1822 1709 et
1847 1669 2055 1720 curare,

469 1755 640 1822 majus
661 1770 818 1824 quam
850 1763 1032 1806 natura
1063 1754 1221 1806 l'erret
1247 1759 1382 1805 erat.
1413 1749 1661 1802 Attamen
1689 1747 1752 1801 ad
1782 1763 1894 1802 rem
1915 1745 2056 1799 illam

470 1863 715 1916 magnam
756 1855 914 1916 atque
952 1845 1248 1899 mirabilem
1282 1858 1386 1896 non
1433 1855 1618 1912 parum
1668 1839 1892 1893 contulit
1929 1853 2058 1891 ceu-

473 1944 647 2004 turio;
697 1938 746 1990 id
793 1935 931 2006 quod
977 1936 1136 1989 etiam
1185 1933 1432 1988 Christus
1473 1931 1750 1986 declarans
1797 1928 2056 1983 dicebat:

485 2031 622 2085 Vade
649 2071 663 2092 ,
710 2040 757 2084 et
800 2031 924 2082 sicut
974 2027 1230 2080 credidisti
1275 2026 1364 2092 ﬁat
1396 2023 1760 2078 tibi.Vidistiu'
1791 2018 2060 2091 quomodo

475 2125 718 2177 restituta
744 2138 906 2191 puero
933 2121 1134 2174 sanitas
1181 2129 1233 2172 et
1256 2116 1455 2172 Christi
1489 2116 1772 2187 potentiam
1802 2124 1854 2169 ct
1879 2122 2063 2168 centu-

476 2215 643 2268 rionis
675 2213 830 2267 Iidem
861 2211 1243 2278 pra‘dicaverit,
1274 2219 1328 2264 et
1357 2208 1494 2277 quod
1529 2206 1763 2261 futurum
1790 2213 1905 2261 erat
1933 2219 2063 2259 con-

467 2307 794 2361 ,ﬁrmavorit.
843 2305 952 2359 lino
983 2319 1106 2358 vero
1147 2302 1324 2358 omnia
1366 2301 1562 2356 Christi
1598 2299 1886 2370 potentiam
1929 2313 2064 2367 pra:-

477 2397 745 2450 dicabant.
776 2394 890 2449 Non
921 2395 1062 2448 enim
1093 2407 1286 2463 corpus
1315 2402 1515 2445 tantmn
1548 2391 1697 2460 pueri
1736 2388 2064 2456 sanavit,sed

478 2488 634 2541 etiam
660 2485 989 2540 centurionis
1026 2485 1255 2538 animam
1289 2484 1339 2537 in
1373 2483 1530 2537 ﬁdem
1563 2497 1654 2552 per
1686 2481 1938 2536 miracula
1979 2489 2066 2534 at-

479 2581 659 2634 traxit.
689 2579 770 2633 .Tu
803 2594 928 2633 vero
974 2594 1042 2632 ne
1084 2577 1133 2632 id
1175 2586 1377 2630 tzmtum
1419 2576 1718 2648 perpendas
1743 2619 1758 2641 ,
1806 2575 1947 2646 quod
1981 2575 2069 2630 hic

480 2669 788 2736 crediderit,
833 2669 920 2724 ille
947 2676 1163 2723 sanatus
1189 2669 1276 2733 sit,
1309 2667 1400 2722 sed
1428 2668 1504 2723 rei
1533 2667 1861 2722 celeritatem
1905 2668 2067 2720 mira-

472 2778 578 2826 .re;
625 2777 744 2815 nam
788 2761 892 2816 hoc
938 2761 1260 2831 evangelista
1310 2760 1639 2816 declaravit:
1671 2759 1736 2813 Et
1765 2772 1973 2814 sanatus
1998 2770 2068 2814 est

487 2871 612 2922 puer
637 2855 687 2907 in
734 2855 824 2907 illa
874 2854 999 2906 hora
1028 2870 1045 2907 :
1075 2853 1214 2924 quod
1246 2853 1404 2907 etiam
1449 2852 1517 2908 de
1560 2853 1774 2922 leproso
1815 2853 2065 2920 dicebat,

485 2930 759 3012 Confestim
790 2947 1060 2998 mundatus
1105 2955 1196 2998 est.
1247 2943 1360 2996 Non
1407 2945 1548 2997 enim
1580 2943 1815 2998 curando
1853 2943 2024 2998 solum
2053 2984 2069 3010 ,

485 3036 578 3089 sed
608 3036 765 3090 etiam
811 3035 860 3089 id
893 3037 1255 3105 inexspectato
1303 3036 1460 3088 modo
1503 3045 1556 3090 et
1604 3037 1656 3089 in
1699 3045 1970 3092 momento
1999 3037 2073 3090 la-

485 3125 698 3191 cicndo,
731 3127 1020 3196 potentiam
1050 3125 1385 3180 ostendebat.
1421 3125 1600 3195 Neque
1629 3127 1730 3181 hoc
1761 3126 1921 3182 modo
1953 3136 2071 3180 tan-

489 3226 598 3270 tum
625 3217 775 3286 juvat
815 3217 1064 3286 utilisque
1095 3226 1176 3270 est
1201 3257 1214 3280 ,
1262 3215 1355 3269 sed
1399 3216 1539 3286 quod
1567 3217 1726 3270 etiam
1770 3218 2074 3287 frequenter

488 3308 612 3363 dum
647 3305 897 3363 miracula
942 3314 1144 3375 patrat,
1173 3306 1239 3360 de
1269 3321 1430 3376 regno
1457 3321 1761 3362 sermonem
1794 3308 1994 3375 aperiat
2025 3316 2079 3364 et

489 3416 676 3455 oinncs
712 3400 777 3454 ad
808 3397 932 3454 illud
963 3399 1214 3455 allraltal.
1249 3397 1455 3454 Etenim
1485 3414 1604 3451 eum
1631 3414 1691 3454 se
1729 3398 1942 3454 Iudaeos
1970 3399 2079 3469 eje-

493 3501 698 3546 cturum
719 3493 1043 3558 minabatur,
1077 3510 1181 3547 non
1207 3502 1262 3547 ut
1291 3494 1506 3564 ejiceret
1535 3491 1868 3556 minabatur;
1899 3491 1989 3545 sed
2025 3500 2081 3546 ut

494 3596 638 3638 metu
686 3586 803 3641 illos
851 3586 901 3638 in
957 3602 1176 3655 regnum
1231 3601 1328 3657 per
1378 3585 1536 3652 verba
1583 3601 1675 3639 sua
1724 3583 2076 3655 pertraheret.

495 3680 646 3745 Quod
673 3680 714 3734 si
747 3680 872 3732 nihil
904 3679 1025 3734 hinc
1060 3681 1189 3734 lucri
1220 3678 1498 3746 fecerunt,
1529 3678 1581 3734 id
1614 3679 1846 3749 ipsorum
1875 3679 2080 3732 crimen

497 3780 610 3835 est,
657 3771 1000 3839 omniumque
1045 3769 1134 3839 qui
1190 3770 1303 3839 pari
1352 3768 1539 3825 morbo
1589 3769 1916 3824 laborarunt.
1966 3768 2081 3822 Non

498 3864 638 3918 enim
663 3863 860 3918 Judaéis
880 3863 1047 3917 solum
1073 3861 1121 3915 id
1147 3861 1360 3929 accidit,
1388 3862 1478 3916 sed
1509 3861 1690 3916 multis
1711 3862 1869 3916 etiam
1897 3877 2081 3916 eorum

498 3957 586 4026 qui
627 3956 989 4011 crediderunt.
1037 3955 1168 4010 Nam
1199 3954 1362 4009 Judas
1407 3954 1547 4009 ﬁlius
1575 3954 1725 4025 regni
1757 3962 1872 4009 erat
1900 3961 1954 4008 et
1990 3969 2086 4006 an-

501 4049 630 4102 divit
677 4063 795 4102 cum
829 4047 1123 4116 discipulis,
1156 4045 1408 4101 Sedebitis
1449 4063 1602 4116 super
1642 4046 1783 4099 sedes
1821 4044 2087 4099 duodecim

503 4140 734 4210 (:llatth.
788 4140 874 4195 l9.
931 4139 1058 4210 28);
1111 4139 1204 4193 sed
1251 4138 1417 4193 factus
1459 4149 1540 4194 est
1592 4139 1850 4209 gehennae
1907 4138 2082 4204 ﬁlius;

503 4233 756 4303 {Ethiops
785 4242 959 4286 autem
992 4233 1096 4294 ille,
1127 4231 1384 4285 barbarus
1409 4245 1530 4284 cum
1563 4239 1738 4295 esset,
1771 4246 1836 4284 ex
1865 4245 2088 4284 numero

505 4339 688 4377 eorum
736 4323 823 4392 qui
861 4323 929 4375 ab
978 4324 1182 4374 oriente
1211 4329 1266 4374 et
1295 4321 1571 4375 occidente
1618 4330 1916 4384 venerunt,
1966 4336 2086 4374 eum

508 4413 812 4478 Abraham,
857 4411 1002 4464 Isaac
1053 4419 1108 4463 et
1150 4409 1315 4465 .Iztcob
1363 4425 1560 4464 corona
1605 4410 1906 4464 donabitur.
1940 4408 1992 4463 Id
2035 4418 2092 4464 ct

508 4521 648 4558 nunc
675 4506 865 4572 agitur.
900 4502 1235 4566 Muttienitn,
1267 4501 1456 4570 inquit,
1490 4511 1634 4555 erunt
1661 4503 1809 4570 primi
1835 4501 2091 4555 novissimi
2156 4499 2170 4510 ⁷

508 4607 553 4649 et
577 4596 831 4649 novissimi
875 4594 1024 4666 primi
1054 4591 1215 4663 (Ibid.
1247 4607 1294 4644 υ.
1329 4592 1438 4660 50).
1489 4591 1598 4645 Hoc
1643 4602 1818 4646 autem
1858 4591 2087 4658 dicebat,

511 4703 568 4745 ut
598 4705 768 4760 neque
797 4689 848 4743 hi
895 4687 1164 4757 negligant
1189 4726 1203 4748 ,
1234 4700 1297 4739 ac
1326 4684 1371 4737 si
1401 4698 1503 4736 non
1533 4682 1734 4750 possint
1764 4683 1960 4748 redire,
2001 4699 2094 4737 ne-

511 4798 613 4852 que
642 4782 715 4835 illi
744 4779 893 4851 quasi
937 4786 1140 4833 stantes
1169 4775 1460 4831 conﬁdant.
1509 4773 1621 4829 lloc
1663 4783 1715 4828 et
1753 4773 1986 4829 Joannes
2025 4773 2093 4828 ab

512 4873 734 4926 exordio
774 4867 1405 4940 prtemmtiabatdicens:
1447 4866 1624 4920 Potest
1662 4863 1793 4920 Deus
1821 4882 1883 4918 ex
1908 4863 2095 4934 lapidi-

515 4965 605 5016 bus
649 4963 727 5016 liis
770 4963 1010 5016 suscitare
1053 4962 1185 5030 filios
1237 4960 1454 5014 Abraha:
1505 4957 1681 5029 (Ibid.
1733 4959 1787 5012 5.
1820 4955 1915 5029 9).
1961 4958 2094 5025 Quia

517 5054 659 5108 enim
688 5053 790 5108 hoc
813 5062 1125 5106 eventurum
1153 5060 1287 5117 erat,
1319 5052 1409 5105 diu
1441 5061 1564 5105 ante
1595 5051 2005 5122 prtenuntiatur,
2039 5059 2098 5104 ut

517 5160 678 5201 nemo
706 5145 772 5198 de
792 5145 869 5198 rei
895 5143 1172 5197 insolentia
1203 5145 1524 5198 turbaretur.
1552 5143 1744 5197 Verum
1773 5142 1882 5205 ille,
1911 5150 2097 5213 utpote

520 5237 701 5304 homo,
750 5235 1042 5292 secundum
1083 5244 1296 5303 captum
1378 5247 1537 5288 suum
1627 5233 1742 5289 haec
1827 5235 2096 5304 dicebat;

513 5323 772 5380 Christus
802 5327 1005 5382 autem,
1046 5331 1158 5370 rem
1190 5326 1246 5369 ut
1286 5315 1589 5369 certissime
1632 5311 1869 5364 futuram
1911 5311 2092 5379 operi-

516 5416 622 5473 bus
641 5424 697 5472 et
723 5409 988 5481 exemplis
1025 5406 1369 5464 conﬁrmavit
1391 5405 1490 5476 (a).

592 5579 666 5640 (α)
689 5578 863 5640 Graece
901 5571 1322 5640 edideratMontf.
1353 5587 1382 5640 ε.
1401 5571 1529 5640 'Ap.’
1550 5570 1731 5640 ἐκεῖνρς
1777 5568 1863 5631 pint
1887 5568 1954 5640 ᾡς
1975 5566 2101 5640 ἐνζε-

527 5628 726 5701 χόίιεέρον
762 5639 877 5686 αὐτὸ
898 5639 1049 5701 λέγειῇ
1073 5638 1318 5701 ἄγθριρπος
1336 5634 1424 5696 γὰρ
1443 5634 1517 5701 iv:
1541 5628 1874 5701 ὁψδὲμΧριάτρς
1895 5633 1960 5685 ὡς
1983 5628 2098 5701 argiv-

527 5687 886 5761 ῗωτξίέσὸμενον,
909 5687 994 5759 τήν
1032 5698 1127 5748 ἀπὸ
1160 5687 1264 5745 ’τῶν
1299 5687 1444 5760 £9de
1465 5687 1974 5756 ’ἀπόδειξικίπαρέχωψ
1994 5687 2100 5742 Hoc

1204 249 1258 303 S.
1295 245 1571 304 JOANNIS
1608 241 2076 300 CHRYSOSTOMI
2115 242 2426 298 ARCIIIEP.
2467 244 2999 302 CONSTANTINOP.

3624 254 3735 308 540

2229 361 2574 426 Ρηεδωηριὶο
2591 362 2826 415 vitanda.
2851 363 3042 416 Contra
3064 363 3547 424 Illnnic/iwos.—Ne
3568 368 3744 440 igitur

2157 453 2407 523 ﬁdamus,
2432 459 2532 513 etsi
2573 467 2798 523 stemus,
2835 461 2929 514 sed
2958 460 3114 514 nobis
3147 460 3278 529 ipsis
3309 459 3554 515 dicamus
3583 481 3595 514 :
3632 460 3742 527 Qui

2157 547 2360 602 videtur
2370 557 2528 614 stare,
2549 551 2722 603 videat
2738 568 2799 604 ne
2815 553 2968 604 cadat
2985 553 3028 622 (l
3045 593 3057 604 .
3071 549 3194 607 Cor.
3217 552 3300 606 10.
3326 552 3435 622 l2).
3452 552 3530 607 Ne
3547 553 3744 624 despe-

2158 651 2362 704 remus,
2392 638 2481 708 qui
2516 641 2772 709 prostrati
2805 641 3079 710 jacemus,
3113 642 3209 696 sed
3238 642 3483 697 dicamus
3513 663 3526 697 :
3561 643 3741 698 Num-

2159 728 2284 798 quid
2303 729 2393 798 qui
2416 731 2575 792 cadit,
2611 747 2712 784 non
2742 733 3002 802 resurget?
3028 730 3151 801 (Jer.
3171 733 3310 803 8.4).
3344 733 3554 788 Etenim
3578 737 3738 790 multi

2155 814 2246 883 qui
2275 814 2340 869 ad
2369 815 2539 883 ipsum
2567 815 2681 869 οωιὶ
2715 815 2966 869 vertit-em
2993 814 3352 869 ascenderant
3377 854 3392 881 ,
3421 814 3513 885 qui
3538 815 3752 884 patien—

2156 907 2284 960 tiam
2315 922 2558 976 magnam
2587 906 2939 962 eshibnerant
2962 949 2975 973 ,
3008 905 3278 963 desertum
3309 917 3703 977 oecupaverant
3731 950 3747 971 ,

2157 997 2434 1053 mulierem
2467 1013 2534 1052 ne
2576 1002 2625 1052 in
2655 999 2856 1053 somnis
2896 999 3110 1068 quidem
3141 999 3420 1064 viderant,
3467 1016 3533 1055 ex
3578 1015 3748 1070 parva

2157 1089 2480 1158 negligentia
2520 1091 2839 1160 supplantati
2887 1100 3027 1154 sunt,
3075 1101 3128 1144 et
3165 1090 3216 1143 in
3259 1091 3431 1160 ipsum
3481 1092 3742 1161 nequitia:

2160 1182 2466 1237 barathrum
2498 1182 2721 1251 dejecti;
2768 1184 2855 1237 alii
2891 1192 3072 1237 contra
3101 1200 3167 1238 ex
3194 1183 3381 1240 eodem
3413 1185 3661 1240 barathro
3690 1188 3750 1240 in

2160 1274 2347 1328 ezelum
2392 1275 2789 1338 ascenderunt,
2817 1285 2976 1346 atque
3017 1293 3046 1330 a
3087 1291 3246 1332 scena
3275 1285 3328 1332 et
3361 1277 3636 1332 orchestta
3678 1279 3752 1333 ad

2162 1367 2451 1438 angelicam
2483 1368 2645 1422 vitam
2690 1370 2933 1423 conversi
2972 1377 3124 1435 sunt;
3158 1377 3466 1440 tantamque
3493 1370 3754 1426 virtutem

2161 1459 2518 1514 exhibuerunt
2541 1501 2555 1521 .
2591 1468 2647 1514 ut
2683 1460 2958 1514 dwmonas
2997 1460 3294 1530 pellerent,
3325 1461 3600 1531 multaque
3645 1461 3755 1517 alia

2161 1550 2355 1604 similia
2385 1551 2534 1620 signa
2565 1550 2804 1606 ederent.
2838 1551 2931 1605 ilis
2955 1551 3214 1620 exemplis
3243 1551 3414 1621 plena:
3445 1561 3568 1605 sunt
3596 1550 3753 1608 Scri—

2162 1651 2353 1710 pturze,
2383 1641 2540 1712 plena
2571 1642 2844 1697 hominum
2874 1643 3002 1696 vita.
3035 1641 3151 1696 Jam
3179 1636 3449 1697 fornicarii
3478 1652 3526 1696 et
3559 1643 3757 1697 molles

2162 1735 2573 1789 Manichaeorum
2615 1751 2706 1790 ora
2737 1736 3118 1806 comprimunt,
3160 1735 3251 1805 qui
3281 1735 3463 1789 dicunt
3490 1735 3759 1790 malitiam

2165 1842 2286 1881 esse
2313 1827 2587 1882 immotam
2619 1869 2633 1894 ,
2681 1827 2878 1883 diaboli
2917 1843 3032 1883 rem
3059 1837 3311 1898 agentes,
3359 1837 3415 1882 et
3442 1843 3631 1883 eorum
3663 1831 3758 1898 qui

2163 1920 2348 1974 virtuti
2378 1935 2594 1989 operam
2626 1920 2753 1975 dare
2779 1921 2978 1974 vellent
3004 1935 3193 1974 manus
3231 1919 3590 1975 dissolventes
3617 1963 3631 1982 ,
3677 1922 3761 1974 vi—

2167 2023 2381 2083 tamque
2406 2027 2617 2068 onmem
2647 2020 2967 2068 evertentes.
2994 2011 3127 2066 Nam
3158 2012 3246 2082 qui
3275 2010 3388 2065 haec
3425 2012 3763 2081 persuadere

2165 2117 2428 2160 conantur
2450 2147 2464 2172 ,
2495 2122 2599 2160 non
2642 2107 2816 2160 futura
2847 2114 3047 2160 tantum
3073 2105 3451 2175 pessumdant;
3484 2105 3576 2159 scd
3611 2122 3765 2173 prah-

2167 2199 2337 2253 sentia
2365 2215 2574 2271 quoque
2598 2215 2694 2268 pro
2714 2199 2849 2254 virili
2880 2213 2970 2254 sus
3007 2197 3180 2269 deque
3209 2207 3445 2253 vertunt.
3475 2197 3766 2264 Quomodo

2169 2290 2313 2346 enim
2356 2291 2407 2344 in
2453 2290 2688 2360 nequitia
2734 2289 2919 2344 vivens
2965 2290 3226 2359 quispiam
3253 2330 3267 2354 ,
3311 2290 3489 2342 virtuti
3533 2304 3763 2358 operam

2169 2383 2299 2438 dare
2343 2382 2587 2449 studeat,
2634 2381 2676 2436 si
2721 2397 2782 2437 se
2821 2381 2887 2435 ad
2935 2381 3078 2436 illam
3125 2391 3398 2436 revertere
3444 2396 3547 2434 non
3597 2396 3767 2449 posse

2173 2483 2337 2545 putet,
2369 2475 2412 2528 si
2443 2488 2550 2528 non
2576 2472 2759 2528 credat
2787 2486 2847 2527 se
2885 2472 2936 2526 in
2967 2471 3156 2526 melius
3183 2486 3336 2541 posse
3363 2471 3595 2526 mutari?
3621 2471 3764 2526 Nam

2172 2568 2215 2622 si
2243 2581 2404 2630 nunc,
2437 2564 2701 2621 stantibus
2730 2565 2955 2635 legibus,
2989 2564 3202 2619 indictis
3230 2564 3522 2633 suppliciis,
3557 2580 3769 2634 propo-

2173 2663 2270 2715 sita
2299 2661 2464 2730 gloria
2488 2700 2502 2724 ,
2548 2674 2666 2727 quae
2696 2657 2892 2712 multos
2923 2660 3155 2712 excitare
3192 2656 3401 2726 possit;
3429 2672 3547 2710 cum
3577 2666 3632 2711 et
3659 2671 3768 2726 ge-

2174 2753 2350 2807 henua
2382 2760 2741 2822 exspectetur,
2773 2758 2828 2805 et
2852 2765 3071 2820 regnum
3103 2748 3443 2819 promittatur
3465 2790 3480 2813 ,
3508 2763 3630 2802 cum
3659 2750 3773 2802 im-

2177 2846 2326 2916 probi
2356 2843 2638 2908 dedecore,
2691 2843 2813 2897 boni
2853 2842 3096 2896 laudibus
3139 2840 3461 2904 afﬁciantur,
3511 2841 3598 2895 vix
3641 2841 3775 2912 qui-

2177 2939 2318 3008 piam
2352 2937 2516 2992 velint
2543 2937 2752 2990 virtutis
2778 2936 3002 2990 sudores
3022 2934 3209 2990 adire:
3237 2935 3318 2989 his
3357 2934 3602 3001 sublatis,
3633 2935 3779 3006 quid

2179 3029 2430 3100 impediet
2456 3028 2739 3099 quominus
2765 3027 2941 3082 omnia
2973 3041 3188 3096 pessum
3211 3026 3373 3081 eant?

2251 3122 2301 3176 6.
2347 3120 2471 3174 Cum
2502 3121 2691 3190 ﬁducia
2738 3129 2784 3174 et
2815 3121 2992 3175 timore
3034 3137 3123 3189 per
3151 3131 3417 3191 angustam
3460 3120 3591 3174 viam
3623 3121 3777 3176 ince-

2180 3213 2419 3267 dendum.
2437 3213 2684 3282 Exemplo
2709 3211 2915 3265 Davidis
2943 3211 3279 3281 vigilantiam,
3306 3211 3546 3279 ﬁduciam
3577 3222 3627 3265 et
3657 3229 3778 3281 poe-

2181 3308 2442 3362 nitentiam
2467 3302 3058 3360 docemur.—Videntes
3088 3307 3267 3372 itaque
3294 3301 3536 3357 fraudem
3577 3305 3780 3374 ncqui-

2182 3401 2416 3470 tiamque
2453 3397 2769 3453 diabolieam
2796 3437 2811 3461 ,
2855 3396 3107 3466 ipsosque
3147 3410 3354 3450 necnon
3399 3409 3494 3450 eos
3535 3397 3628 3465 qui
3673 3396 3778 3452 fati

2185 3493 2330 3562 leges
2359 3498 2594 3546 statuere
2622 3496 2887 3558 satagunt,
2919 3486 3142 3543 adversa
3172 3487 3392 3551 sentire,
3421 3496 3476 3540 et
3500 3491 3778 3542 contraria

2185 3580 2579 3650 legislatoribus
2599 3587 2964 3644 externorum,
2988 3585 3042 3630 et
3063 3576 3153 3632 Dei
3176 3577 3463 3642 ‘oraculis,
3487 3586 3542 3631 et
3562 3587 3779 3632 natura;

2185 3671 2502 3734 ratiociniis,
2545 3679 2598 3724 et
2626 3669 2894 3722 communi
2930 3668 3164 3722 omnium
3195 3668 3430 3737 Opinioni
3455 3709 3470 3732 ,
3506 3667 3776 3734 barbaris,

2185 3775 2239 3821 et
2268 3764 2498 3836 Scythis,
2529 3772 2580 3815 et
2607 3761 2922 3823 Thracibus,
2950 3759 3273 3829 domumque
3299 3759 3509 3814 caeteris
3536 3759 3781 3814 homini-

2189 3864 2308 3927 bus,
2338 3861 2637 3931 vigilemus,
2666 3856 2844 3912 dilecti
2877 3898 2891 3922 ,
2937 3864 3098 3924 atque
3130 3855 3231 3908 illis
3273 3854 3522 3908 omnibus
3547 3856 3666 3908 vale
3686 3854 3779 3908 di-

2187 3965 2402 4020 centes,
2448 3952 2754 4007 incedamus
2796 3964 2892 4020 per
2919 3954 3196 4018 angustam
3243 3947 3380 4001 viam
3421 3962 3541 4000 cum
3583 3947 3783 4002 ﬁducia

2189 4057 2243 4104 et
2272 4048 2494 4110 timore;
2523 4060 2645 4100 cum
2693 4045 2880 4098 timore
2906 4041 3138 4112 quidem,
3171 4041 3240 4094 ob
3279 4041 3565 4112 praecipitia
3600 4042 3786 4094 utrin-

2191 4157 2294 4214 que
2321 4141 2526 4212 posita;
2555 4153 2674 4192 cum
2706 4135 2892 4191 ﬁducia
2921 4151 3049 4189 vero
3071 4176 3084 4201 ,
3117 4136 3186 4190 ob
3210 4134 3399 4189 ducem
3433 4134 3531 4188 viae
3565 4133 3782 4190 Jcsum.

2191 4233 2298 4289 lter
2326 4246 2545 4304 agamus
2587 4230 2751 4284 sobrii
2781 4244 2844 4284 ac
2880 4228 3086 4298 vigiles.
3125 4226 3257 4282 Nam
3289 4226 3331 4281 si
3375 4225 3458 4278 vel
3505 4227 3783 4295 paululum

2193 4329 2310 4397 quis
2338 4325 2623 4388 dormitet,
2681 4322 2856 4376 statim
2885 4336 2942 4375 se
2976 4321 3296 4389 praecipitent
3338 4318 3445 4372 dat.
3476 4318 3592 4372 Non
3635 4320 3783 4372 enim

2193 4433 2378 4472 sumus
2412 4414 2755 4485 perfectiores
2789 4411 3003 4475 Davide,
3045 4411 3134 4478 qui
3161 4427 3224 4464 ex
3253 4426 3411 4478 parva
3456 4410 3784 4479 negligentia

2196 4509 2247 4563 in
2281 4508 2481 4578 peccati
2511 4505 2820 4560 barathrum
2852 4503 2953 4558 ruit
2981 4545 2996 4567 ,
3039 4502 3133 4556 sed
3166 4502 3342 4555 statim
3395 4503 3650 4556 surrexit.
3699 4502 3786 4557 Ne

2195 4616 2322 4669 ergo
2348 4606 2654 4667 peccantem
2683 4595 2855 4649 solum
2885 4593 3158 4661 reSpicias,
3187 4592 3280 4646 sed
3309 4592 3466 4645 etiam
3502 4601 3784 4662 peccatum

2196 4691 2520 4744 abluentem.
2550 4687 2663 4742 Non
2704 4687 2845 4742 enim
2879 4685 2999 4741 ideo
3027 4695 3227 4739 tantum
3258 4685 3370 4739 hate
3399 4685 3620 4742 historia
3643 4687 3788 4740 scri-

2197 4791 2285 4851 pta
2313 4789 2394 4835 est
2419 4821 2432 4844 ,
2469 4787 2525 4832 ut
2549 4778 2754 4847 lapsum
2786 4777 3060 4846 respicias,
3090 4776 3182 4830 sed
3214 4785 3269 4830 ut
3297 4786 3605 4846 surgentem
3633 4779 3794 4832 mire-

2198 4871 2272 4927 ris
2315 4888 2329 4924 :
2393 4877 2451 4922 ut
2491 4867 2666 4922 discas
2725 4875 2843 4938 post
2887 4866 3131 4936 lapsum,
3181 4867 3450 4936 quomodo
3500 4882 3788 4937 resurgere

2197 4971 2460 5037 oporteat.
2514 4962 2970 5030 Quemadmodum
3011 4962 3152 5017 enim
3203 4961 3395 5016 medici
3438 4962 3792 5030 gravissimos

2199 5057 2418 5113 morbos
2463 5056 2514 5110 in
2559 5055 2752 5111 libellis
2799 5054 3147 5120 describunt,
3207 5062 3369 5122 atque
3414 5053 3486 5106 ita
3535 5052 3796 5108 medendi

2265 5173 2284 5206 ί
2319 5169 2432 5229 Alii,
2457 5166 2651 5219 Christi.

2193 5251 2374 5317 e_s_t,_ad
2399 5248 2623 5317 litterata
2645 5264 2656 5298 :
2687 5249 2869 5317 Verum
2892 5246 2976 5317 itte
2999 5245 3088 5317 [ioc
3123 5247 3351 5312 prmdicit
3370 5255 3557 5300 tantum
3583 5259 3638 5301 ut
3659 5265 3755 5314 pos

2194 5308 2336 5384 sibila
2353 5323 2371 5360 :
2394 5309 2837 5384 eratuenitnjtomo
2860 5325 2878 5362 :
2903 5308 3132 5384 Christus
3164 5319 3324 5384 autem
3341 5350 3354 5373 ,
3390 5320 3440 5362 ut
3463 5308 3689 5384 matutine
3704 5317 3774 5384 fu»

2192 5370 2609 5440 turumoperibus
2633 5370 2915 5440 (dictorum)
2951 5370 3366 5440 conﬁrmationem
3391 5375 3645 5440 exhibens.
3671 5370 3784 5440 [η-

2192 5433 2258 5482 de
2281 5433 2775 5500 patetlinterpretem
2809 5433 3070 5500 aberrasse
3103 5448 3212 5484 cum
3237 5437 3409 5500 verba,
3431 5440 3495 5493 ὡς
3519 5438 3785 5500 ἐνδεχόμε-

2310 5493 2530 5572 reddere
2560 5493 2772 5572 credidit
2795 5494 3076 5569 scribendo,
3101 5497 3362 5572 secundum
3385 5493 3584 5572 captum
3607 5493 3784 5572 suum,

2334 5554 2532 5631 plurimi
2556 5569 2644 5631 pro
2657 5557 3014 5631 ᾇνθριιξποςεγᾷρ
3051 5554 3127 5616 ἦν,
3148 5554 3564 5631 habentium-Erg

2191 5622 2371 5727 (stitit;th
2393 5631 2571 5728 εθηὲιε
2596 5623 2692 5680 est,
2713 5616 2818 5669 erat
2836 5616 2964 5669 enim
2987 5616 3280 5682 prtecursor.
3300 5616 3382 5676 Str
3404 5616 3781 5674 AdnotIli‘iel'dZ

2359 5693 2438 5728 um
2531 5695 2624 5728 DIT.

2189 5691 2251 5726 au
2279 5691 2438 5728 locum
2488 5691 2624 5728 ινιτ.
