4050 6220
235 337 324 392 539

231 455 314 506 καὶ
375 455 607 524 μάλιστα
662 457 853 520 αὐτοὺς
894 457 1101 513 ἔδακνε.
1138 459 1327 526 Δείξας
1356 463 1464 534 γὰρ
1515 466 1594 526 είς
1649 465 1881 526 κόλπους

230 537 378 603 ὄντας
436 545 504 613 τῇ
563 545 863 615 ἐπαγγελίᾳ
907 546 1002 598 καὶ
1045 549 1112 616 τῇ
1150 549 1460 618 ὑποσχέσει,
1516 552 1638 604 τότε
1676 551 1878 621 ἐξάγει.

232 621 375 690 Εῐτα,
415 629 602 700 ἐπειδὴ
630 631 903 699 ἀπόφασις
924 627 994 703 ἦν
1012 635 1072 686 τὸ
1094 636 1399 707 εἰρημένον,
1433 639 1718 693 πιστοῦται
1752 640 1882 694 αὐτὸ

232 713 303 783 τῷ
331 716 570 786 σημείῳο
609 717 794 788 ῶσπερ
829 715 923 772 οὖν
965 721 1058 773 καὶ
1103 721 1172 774 τὰ
1209 727 1409 794 σημεῖα
1438 725 1547 778 ἀπὸ
1581 727 1681 796 τῆς
1711 731 1883 800 προρ-

235 803 432 872 ρήσεως
456 807 552 875 τῆς
581 805 718 875 μετὰ
743 805 916 860 ταῦτα
935 809 1310 880 γεγενημένης
1335 812 1606 866 δείκνυσιν
1631 814 1697 867 δ’.

309 889 364 942 '0
396 890 568 942 τοίνυν
604 891 850 946 ἀπιστῶν
877 896 942 965 τῇ
981 893 1163 966 ὑγιεία
1211 898 1276 967 τῇ
1321 899 1584 970 γενομένῃ
1613 898 1692 970 τῷ
1737 897 1885 951 παιδὶ

236 975 362 1040 τότε,
387 976 492 1030 ἀπὸ
518 977 615 1047 τῆς
651 980 990 1050 προφητείας
1025 983 1124 1052 τῆς
1164 981 1484 1054 ἐξελθούσης
1525 988 1764 1057 σήμερον
1793 1002 1882 1037 πι-

237 1062 454 1115 στευέτω
479 1066 696 1117 κάκεῖνο
716 1066 784 1120 ⁵⁸.
805 1067 912 1120 Kal
927 1068 1037 1138 7&9
1050 1069 1190 1141 καὶὴ
1214 1073 1518 1143 προφητεία
1543 1074 1638 1126 καὶ
1665 1072 1772 1143 1:90
1787 1071 1883 1140 τῆς

233 1148 496 1212 ἐκϐάσεως
525 1151 634 1205 ἀπὸ
651 1151 744 1206 τοῦ
775 1156 1003 1225 σημείου
1031 1155 1124 1209 τοῦ
1146 1158 1266 1211 τότε
1283 1159 1418 1230 δήλη
1453 1161 1616 1214 πᾶσιν
1649 1159 1882 1228 ἐγένετο.

229 1237 320 1290 Διά
339 1253 420 1290 τοι
446 1237 604 1292 τοῦτο
633 1241 895 1314 πρότερον
923 1241 1094 1297 ταῦτα
1129 1249 1613 1318 προαναφωνήσας,
1651 1247 1770 1300 τότε
1794 1246 1886 1300 τὸν

229 1323 659 1396 παραλελυμένον
722 1328 1036 1401 ἀνέστησεν,
1087 1332 1176 1386 ἵνα
1214 1333 1285 1386 τὰ
1329 1335 1591 1405 μέλλοντα
1633 1335 1743 1388 ἀπὸ
1773 1333 1884 1387 τῶν

229 1412 501 1480 παρόντων
529 1413 888 1486 πιστώσηται,
910 1417 1004 1471 καὶ
1029 1418 1090 1472 τὸ
1118 1419 1338 1476 ἔλαττον
1359 1422 1466 1476 ἀπὸ
1491 1423 1585 1476 τοῦ
1618 1421 1882 1493 μείζονος.

228 1497 298 1551 Τὸ
325 1500 420 1568 μὶν
451 1500 562 1572 γὰρ
601 1502 888 1573 ἐναρέτους
933 1506 1226 1562 ἀπολαύειν
1271 1508 1423 1580 [320]
1470 1511 1580 1564 τῶν
1628 1509 1880 1577 ἀγαθῶν,

227 1585 317 1638 xal
340 1588 465 1650 τοὺς
495 1590 768 1656 ἐναντίους
785 1591 854 1644 τὰ
876 1593 1094 1664 λυπηρά
1124 1595 1436 1666 ὑπομένειν,
1453 1597 1606 1650 οὐδὲν
1635 1597 1882 1663 ἀπεικὸς,

227 1672 356 1726 ἀλλά
386 1675 432 1707 ἰ
458 1676 598 1730 κατά
626 1677 781 1745 λόγον
807 1680 901 1732 καὶ
931 1680 1074 1734 κατά
1093 1681 1410 1735 ἀκολουθίαν
1440 1683 1619 1754 νόμων
1639 1683 1846 1752 ἐγίνετο
1869 1700 1884 1714 ’

226 1759 286 1811 τὸ
299 1760 354 1812 δέ
378 1762 706 1832 παρειμένον
738 1765 980 1834 σφίγξαι,
1008 1767 1104 1819 καὶ
1136 1768 1327 1838 νεκρὸν
1348 1769 1667 1839 ἀναστῆσαι,
1707 1770 1890 1840 μεῖζον

227 1847 258 1915 ἢ
291 1848 423 1901 κατά
453 1848 614 1917 φύσιν
633 1846 720 1920 ἦν.
757 1852 894 1905 Ἀλλ’
916 1855 1063 1923 ὅμως
1089 1856 1170 1919 είς
1192 1856 1254 1908 τὸ
1286 1855 1428 1925 μέγα
1453 1855 1611 1910 τοῦτο
1641 1858 1733 1910 καὶ
1761 1857 1890 1910 θαυ-

231 1933 428 2004 μαστὸν
454 1936 516 1988 οὐ
550 1937 743 2009 μικρὸν
791 1939 885 1992 καὶ
929 1942 960 1992 0
995 1942 1398 2013 ἑκατοντάρχης
1433 1945 1846 2014 συνεισήνεγκεν
1869 1959 1884 1974 ο

226 2021 358 2091 ὅπερ
385 2017 478 2076 οὖν
503 2024 596 2076 καὶ
631 2027 659 2077 ό
681 2026 910 2096 Χριστὸς
936 2026 1109 2097 δηλῶν
1134 2027 1316 2097 ἔλεγεν
1335 2045 1351 2061 ·
1389 2031 1638 2100 ’Υπαγε,
1679 2029 1777 2083 καὶ

225 2107 590 2177 ἐπίστευσας
613 2113 916 2180 γενηθήτω
952 2129 1071 2168 σοι.
1115 2109 1265 2179 Εἶδες
1310 2115 1430 2181 πῶς
1465 2117 1798 2189 ἀνεκήρυξεν
1838 2118 1886 2150 ⁵⁸

224 2197 258 2265 ή
287 2195 377 2249 τοῦ
398 2197 586 2262 παιδὸς
615 2199 792 2268 ὑγίεια
826 2201 918 2253 καὶ
955 2201 1055 2272 τὴν
1084 2201 1180 2255 τοῦ
1220 2201 1458 2275 Χριστοῦ
1498 2203 1750 2275 δύναμιν,
1793 2203 1888 2258 καὶ

224 2283 322 2353 τήν
371 2285 466 2337 τοῦ
507 2287 897 2357 ἑκατοντάρχου
939 2289 1139 2356 πίστιν,
1181 2290 1276 2344 καὶ
1318 2291 1380 2343 τὸ
1417 2291 1611 2362 μέλλον
1657 2290 1890 2346 ἐπιστώ-

227 2387 353 2424 σατο
378 2387 393 2435 ;
417 2371 634 2424 Μᾶλλον
656 2372 715 2426 δὲ
738 2374 913 2427 πάντα
935 2374 1034 2445 τὴν
1055 2375 1151 2428 τοῦ
1184 2376 1422 2447 Χριστοῦ
1437 2377 1662 2448 δύναμιν
1688 2378 1888 2448 ἀνεκή-

227 2473 436 2528 ρυττεν.
473 2458 608 2510 Ούδέ
658 2459 706 2491 ⁵³
749 2459 858 2531 γὰρ
896 2461 958 2514 τὸ
996 2461 1154 2532 σῶμα
1199 2463 1544 2534 διωρθώσατο
1596 2465 1756 2534 μόνον
1791 2464 1887 2518 τοῦ

223 2544 430 2610 παιδὸς,
457 2546 592 2599 ἀλλά
631 2547 723 2599 καὶ
755 2546 854 2618 τὴν
884 2548 979 2601 τοῦ
1027 2550 1424 2622 ἑκατοντάρχου
1453 2551 1630 2623 ψυχὴν
1671 2554 1750 2616 εἰς
1789 2552 1888 2622 τὴν

223 2631 401 2684 πίστιν
423 2631 511 2684 διὰ
533 2631 643 2685 τῶν
671 2632 963 2704 θαυμάτων
996 2635 1158 2699 αὐτὸς
1203 2637 1248 2668 ⁵⁵
1301 2637 1684 2706 ἐφειλκύσατοε
1717 2640 1788 2691 Σὺ
1829 2639 1887 2692 δέ

226 2717 302 2787 μὴ
333 2718 487 2772 τοῦτο
512 2720 706 2773 σκόπει
758 2722 938 2790 μόνον,
973 2723 1057 2776 ὅτι
1099 2717 1255 2788 οὗτος
1299 2725 1606 2790 ἐπίστευσε,
1656 2727 1751 2779 καὶ
1805 2726 1888 2778 δτι

223 2805 427 2869 ἐκεῖνος
463 2806 610 2875 ἰάθη,
668 2808 801 2862 ἀλλά
843 2810 938 2862 καὶ
981 2810 1043 2863 τὸ
1092 2810 1254 2881 τάχος
1283 2811 1580 2882 θαύμασον.
1635 2814 1744 2866 Kal
1779 2813 1888 2884 7&9

219 2891 378 2947 τοῦτο
399 2893 575 2963 δηλῶν
602 2898 630 2950 0
667 2896 1057 2969 ιύαγγελιστὴς
1086 2899 1241 2967 ἔλεγε
1276 2916 1289 2930 ·
1333 2901 1444 2954 Καὶ
1492 2900 1625 2969 ιάθη
1666 2905 1700 2956 ὁ
1748 2903 1888 2968 παῖς

219 2977 407 3032 αὑτοῦ
425 2980 495 3031 ἐν
515 2978 589 3047 τῇ
607 2979 727 3049 ὥρᾳ
754 2982 976 3052 ἐκείνῃο
1008 2983 1194 3055 ὥσπερ
1222 2979 1315 3038 οὗν
1334 2985 1428 3038 καὶ
1452 2986 1546 3040 ἐπὶ
1571 2986 1664 3041 τοῦ
1682 2986 1888 3058 λεπροῦ

219 3059 391 3129 εἶπεν,
411 3065 493 3119 ὅτι
515 3065 731 3130 Εὐθέως
758 3068 1119 3140 ἐκαθαρίσθη.
1146 3070 1280 3125 Οὗδέ
1301 3071 1409 3144 7&9
1437 3072 1516 3143 τῷ
1544 3073 1887 3146 θεραπεύειν,

217 3152 356 3206 ἀλλά
393 3155 486 3208 καὶ
522 3154 600 3225 τῷ
646 3155 963 3227 παραδόξως
1004 3158 1162 3213 τοῦτο
1200 3162 1392 3227 ποιεῖν,
1447 3162 1542 3216 xal
1589 3164 1647 3215 ἐν
1697 3163 1894 3234 ἀκαρεῖ

221 3243 385 3314 ῥοπῇ,
421 3241 520 3312 τὴν
553 3240 780 3313 δύναμιν
828 3243 1192 3301 ἐπεδείκνυτο.
1239 3245 1352 3301 Kal
1393 3249 1455 3302 οὐ
1509 3249 1678 3320 ταύτῃ
1730 3249 1890 3319 μόνον

217 3327 438 3397 ὠφέλει,
472 3328 608 3382 ἀλλά
630 3331 724 3384 καὶ
748 3329 827 3402 τῷ
863 3331 1100 3401 συνεχῶς
1131 3335 1190 3387 ἐν
1217 3337 1282 3405 τῇ
1310 3335 1418 3388 τῶν
1447 3335 1739 3406 θαυμάτων
1765 3338 1890 3390 ἐπι-

217 3415 382 3481 δείξει
406 3418 531 3478 τοῦς
561 3415 689 3486 περὶ
714 3417 812 3488 τῆς
844 3415 1120 3487 βασιλείας
1144 3421 1498 3489 παρανοίγειν
1542 3423 1749 3491 λόγους,
1797 3424 1892 3476 καὶ

217 3507 428 3568 πάντας
457 3504 778 3574 ἐφέλκεσθαι
816 3507 953 3576 πρὸς
986 3508 1155 3580 αὐτήν
1197 3509 1265 3564 ⁸⁸.
1299 3511 1408 3563 Kal
1435 3510 1541 3582 7&9
1570 3511 1662 3574 οὓς
1697 3511 1892 3565 ἐκϐἀλο

218 3591 334 3644 λειν
359 3591 592 3662 ἠπείλει,
619 3592 716 3662 οὐχ
747 3591 832 3646 ἵνα
863 3593 1067 3665 ἐκϐάλῃ
1099 3594 1334 3665 ἠπείλει,
1374 3596 1488 3650 ἀλλ’
1516 3599 1605 3652 ἵνα
1634 3600 1710 3668 τῷ
1745 3597 1892 3668 φόϐῳ

217 3679 358 3749 πρὸς
430 3679 600 3751 αὐτὴν
643 3679 733 3733 διὰ
796 3679 906 3733 τῶν
973 3681 1234 3752 ῥημάτων
1282 3684 1670 3757 ἐπισπάσηται.
1728 3687 1790 3740 EI
1837 3687 1892 3741 δέ

217 3764 357 3837 μηδὲ
376 3764 423 3796 ³⁸
447 3763 693 3819 ἐντεῦθεν
717 3765 1030 3838 ἐκέρδαναν,
1057 3767 1236 3823 αὐτῶν
1254 3768 1315 3821 τὸ
1334 3769 1585 3842 ἔγκλημα
1607 3770 1772 3835 ἀπαν,
1801 3772 1892 3824 καὶ

216 3851 440 3906 πάντων
469 3851 578 3904 τῶν
596 3851 665 3906 τὰ
697 3850 918 3906 τοιαῦτα
945 3853 1263 3910 νοσούντων.
1305 3857 1443 3909 Οὐδὲ·
1479 3857 1589 3929 γὰρ
1626 3858 1719 3911 ἐπὶ
1757 3859 1890 3912 Ἰου-

213 3938 386 3992 δαίων
420 3939 580 4008 μόνον
605 3937 762 3992 τοῦτο
785 3939 999 4008 συμϐάν
1023 3939 1124 3994 ἴδοι
1149 3958 1236 4004 τις
1259 3941 1345 4008 ἂν,
1374 3942 1510 3998 ἀλλά
1535 3943 1629 3997 καὶ
1658 3944 1752 3998 ἐπὶ
1784 3946 1892 3998 τῶν

212 4025 644 4080 πιστευσάντων.
681 4025 790 4080 Kal
817 4027 926 4098 7&9
945 4029 974 4080 0
1004 4026 1201 4090 Ἰούδας
1229 4029 1342 4091 υίὸς
1374 4029 1651 4098 βασιλείας
1672 4026 1762 4103 ἦν,
1799 4033 1894 4087 καὶ

209 4115 421 4186 ἤκουσε
441 4113 577 4185 μετά
593 4113 701 4168 τῶν
717 4113 992 4184 μαθητῶν,
1009 4115 1134 4168 Ἐπὶ
1157 4114 1384 4169 δώδεκα
1407 4118 1662 4185 θρόνους
1679 4120 1894 4175 καθιεῖ·

208 4205 361 4267 σθε,
387 4201 524 4256 ἀλλὰ
556 4200 782 4270 γέγονεν
811 4202 923 4265 υίὸς
957 4201 1181 4273 γεέννης
1201 4219 1214 4232 ·
1243 4202 1273 4254 0
1303 4203 1360 4256 δέ
1383 4203 1594 4274 Αἰθίοψ,
1620 4206 1892 4278 βάρϐαρος

206 4290 503 4362 ἄνθρωπος
519 4291 564 4322 ⁸⁷
590 4289 687 4355 ῶν,
721 4290 816 4344 καὶ
837 4289 946 4343 τῶν
964 4291 1075 4344 ἀπὺ
1092 4290 1364 4345 ἀνατολῶν
1383 4293 1476 4345 καὶ
1495 4293 1737 4364 δυσμῶν,
1759 4296 1896 4364 μετά

222 4375 483 4448 Ἀϐραὰμ
509 4377 602 4431 καὶ
644 4376 830 4431 Ἰσαὰκ
868 4377 962 4431 καὶ
1007 4375 1200 4430 Ἰακὼϐ
1230 4378 1598 4434 ἀπολαύσεται
1633 4381 1743 4434 τῶν
1774 4399 1893 4435 στε-

205 4465 428 4533 φάνων.
479 4464 648 4517 Τοῦτο
677 4465 770 4518 καὶ
813 4465 899 4534 ἐφ’
945 4464 1103 4536 ήμῶν
1144 4465 1352 4533 γίνεται
1393 4465 1509 4524 νῦν.
1554 4467 1744 4521 Πολλοὶ
1785 4455 1892 4540 7&9

203 4553 457 4614 ἔσονται,
489 4553 643 4623 φησὶ,
668 4552 873 4624 πρῶτοι
903 4552 1139 4624 ἔσχατοι,
1181 4556 1276 4609 καὶ
1321 4555 1541 4625 ἔσχατοι
1582 4558 1628 4590 ⁸⁸
1663 4558 1888 4628 πρῶτοι.

204 4639 394 4692 Τοῦτο
438 4639 496 4693 δὲ
534 4639 704 4708 λέγει,
750 4639 836 4693 ἵνα
881 4643 1018 4712 μήτε
1067 4643 1264 4696 ἐκεῖνοι
1300 4643 1638 4715 ῥᾳθυμῶσιν,
1693 4647 1768 4709 ὠς
1826 4648 1888 4700 οὐ

203 4726 507 4796 δυνάμενοι
522 4727 855 4792 ἐπανελθεῖν,
888 4728 1023 4800 μήτε
1043 4721 1189 4782 οὗτοι
1210 4729 1505 4802 θαρρῶσιν,
1537 4733 1612 4796 ὡς
1632 4734 1885 4796 ἑστῶτες.

205 4814 396 4868 Τοῦτο
449 4815 542 4867 καὶ
591 4816 620 4868 0
686 4814 937 4884 Ἰωάννης
989 4815 1195 4870 ἀνωθεν
1247 4820 1650 4888 προαναφωνῶν
1702 4820 1884 4888 ἔλεγε·

204 4903 476 4955 Δύναται
513 4904 547 4956 ό
582 4900 726 4966 Θεὸς
746 4901 814 4954 ἐκ
839 4901 959 4955 τῶν
996 4902 1182 4956 λίθων
1211 4906 1438 4959 τούτων
1457 4907 1672 4977 ἐγεῖραι
1711 4910 1892 4963 τέκνα

203 4988 295 5056 τῷ
325 4989 592 5060 Ἀϐραάμ.
612 4989 827 5060 Ἐπειδὴ
850 4988 959 5062 γάρ
983 4989 1138 5044 τοῦτο
1155 4990 1342 5059 ἔμελλε
1357 4993 1620 5060 γίνεσθαι,
1651 5013 1888 5066 προανα-

204 5078 548 5150 κηρύττεται
575 5076 879 5148 πόρρωθεν,
912 5076 1053 5130 ὥστε
1087 5078 1287 5148 μηδένα
1322 5079 1399 5149 τῷ
1423 5080 1560 5152 ξένῳ
1588 5081 1681 5135 τοῦ
1713 5084 1890 5154 πράγο

208 5183 394 5238 ματος
426 5165 815 5238 θορυϐηθῆναι.
863 5165 1002 5220 Ἀλλ’
1048 5166 1257 5231 ἐκεῖνος
1304 5167 1400 5238 μὲν
1434 5169 1510 5232 ώς
1543 5169 1890 5243 ἐνδεχόμενον

201 5256 350 5309 αὐτὸ
376 5254 522 5323 λέγει
539 5272 553 5285 ⁸
580 5253 793 5326 πρῶτος
824 5255 869 5286 ⁸⁸
895 5254 1006 5326 7&9
1036 5249 1105 5325 ἦν
1130 5269 1143 5283 ⁸
1175 5256 1204 5308 0
1225 5255 1283 5308 δέ
1310 5255 1542 5326 Χριστὸς
1565 5257 1641 5323 ὡς
1671 5259 1889 5327 πάντως

200 5343 498 5415 ἐσόμενον,
524 5343 622 5416 τὴν
660 5343 766 5398 ἀπὸ
795 5343 903 5397 τῶν
936 5342 1112 5415 ἔργων
1144 5343 1416 5411 ἀπόδειξιν
1455 5346 1730 5417 παρέχων.

275 5437 326 5468 δ’
356 5437 472 5496 τοῖς
515 5453 572 5505 μ.
622 5453 673 5488 τ.
716 5435 1056 5505 γεγενημένα
1092 5435 1146 5505 δ.
1181 5434 1244 5489 C.
1281 5437 1336 5490 ἰ).
1445 5438 1491 5470 ⁵ο
1524 5439 1761 5505 κάκείνῳ
1790 5441 1852 5497 D.

1257 341 1325 396 IN
1367 343 1784 404 MATTIUEULI
1829 340 2060 400 IIOMIL.
2102 340 2194 396 XX
2213 339 2292 393 Vl.
2330 341 2401 393 al.
2443 337 2654 393 XXVII.

1955 5444 1997 5476 "
2043 5437 2203 5509 ἀλλὰ]
2248 5438 2372 5509 add,
2407 5435 2501 5509 καὶ
2529 5435 2792 5509 Ρ.-ι).⁴ρ.
2841 5437 3060 5506 ἐγένετο
3085 5435 3222 5509 Ed_«|.

3543 333 3650 394 540

2053 465 2112 510 ε’.
2146 459 2192 490 ⁸⁸
2223 456 2313 528 Μὴ
2339 456 2517 509 τοίνυν
2545 454 2834 524 θαρρῶμεν
2865 455 2912 506 οἱ
2957 453 3206 517 ἑστῶτες,
3238 453 3372 508 ἀλλὰ
3403 455 3651 527 λέγωμεν

1983 546 2194 609 ἑαυτοῖς
2217 563 2230 576 ·
2271 545 2326 597 Ὀ
2351 542 2548 597 δοκῶν
2579 541 2847 602 ἑστάναι,
2870 541 3146 604 ,βλεπέτω
3167 542 3252 611 μὴ
3284 544 3443 612 πέσῃ
3460 562 3474 578 ο
3513 544 3647 614 μηδέ

1981 633 2443 703 ἀτυογινώσκωμεν
2467 633 2516 684 οἱ
2541 629 2805 701 κείμενοι.
2845 629 2982 682 ἀλλά
3015 629 3260 700 λέγωμεν
3288 633 3499 695 ἑαυτοῖς
3516 647 3529 662 ·
3551 633 3647 698 Μὴ

1981 722 2016 773 ὁ
2035 720 2270 772 πίπτων
2283 721 2396 772 οὐκ
2411 719 2726 772 ἀνίσταται
2748 732 2767 779 ;
2797 716 2908 769 Kal
2930 717 3036 787 γὰρ
3060 715 3244 768 πολλοὶ
3259 717 3338 779 εἰς
3365 718 3532 788 αὐτὴν
3553 717 3648 772 τοῦ

1980 806 2209 878 οὐρανοῦ
2235 806 2332 876 τὴν
2365 803 2604 876 κορυφὴν
2630 803 2958 866 ἀνελθόντες,
2996 804 3090 857 καὶ
3118 804 3298 856 πᾶσαν
3329 803 3426 874 τὴν
3452 822 3650 875 καρτε-

1986 895 2103 965 ρίαν
2132 892 2549 963 ἐπιδειξάμενοι,
2575 890 2725 964 [521]
2747 890 2956 953 καὶτὰς
2985 891 3222 961 ἐρήμους
3242 891 3646 962 κατειληφότες,

1982 983 2077 1034 καὶ
2100 980 2221 1034 οὐδὲ
2253 982 2495 1047 γυναῖκα
2519 979 2652 1048 όναρ
2683 977 2878 1040 ἰδόντες
2909 978 2975 1040 ⁶¹,
3011 977 3423 1048 ῥᾳθυμήσαντες
3455 978 3642 1049 μικρὸν

1983 1066 2471 1136 ύπεσκελίσθησαν,
2521 1066 2616 1118 καὶ
2664 1064 2799 1135 πρὸς
2831 1064 2964 1118 αὐτὸ
3011 1060 3173 1134 ἦλθον
3210 1066 3307 1136 τῆς
3349 1065 3547 1128 κακίας
3589 1066 3651 1121 τὸ

1985 1155 2274 1227 βάραθρον.
2317 1153 2533 1225 Ἐτεροι
2583 1152 2642 1205 δέ
2683 1151 2844 1206 πάλιν
2877 1151 3083 1206 ἐκεῖθεν
3125 1151 3259 1222 1:90;
3294 1152 3384 1205 τὸν
3421 1153 3650 1224 οὐρανὸν

1983 1241 2273 1312 ἀνέϐησαν,
2334 1241 2428 1295 καὶ
2457 1240 2565 1293 ἀπὸ
2605 1239 2705 1309 τῆς
2744 1239 2946 1309 σκηνῆς
2985 1237 3079 1292 καὶ
3113 1239 3156 1270 ⁸⁸
3202 1237 3302 1308 τῆς
3346 1239 3650 1309 ὀρχήστρας

1985 1329 2121 1402 πρὸς
2145 1330 2246 1401 τὴν
2271 1328 2565 1398 ἀγγελικὴν
2590 1324 2951 1399 μετετάξαντο
2981 1325 3254 1378 πολιτείαν
3274 1343 3286 1354 ·
3335 1327 3429 1380 καὶ
3456 1326 3652 1380 τοσαύ-

1984 1435 2082 1478 την
2112 1416 2452 1483 ἐπεδείξαντο
2481 1416 2579 1486 τὴν
2602 1414 2820 1486 ἀρετὴν,
2849 1413 2924 1476 ώς
2944 1413 3202 1483 δαίμονας
3237 1413 3526 1479 ἀπελάσαι,
3559 1417 3651 1468 καὶ

1986 1505 2154 1560 πολλά
2203 1504 2338 1559 ἀλλα
2385 1506 2584 1574 σημεῖα
2619 1501 2842 1555 τοιαῦτα
2891 1500 3246 1572 ἐργάσασθαι.
3295 1503 3404 1556 Kal
3448 1502 3650 1556 τούτων

1990 1590 2088 1661 μὲν
2116 1591 2341 1661 πλήρεις
2377 1589 2514 1643 εἰσὶν
2545 1589 2602 1642 al
2633 1586 2866 1659 Γραφαὶ,
2903 1586 3118 1656 πλήρης
3143 1585 3199 1639 δέ
3223 1589 3251 1639 0
3272 1586 3383 1655 βίος
3412 1588 3520 1641 τῶν
3546 1605 3652 1640 πα-

1990 1677 2364 1748 ραδειγμάτων
2395 1678 2549 1747 ἡμῖν.
2592 1676 2700 1729 Kal
2746 1674 2934 1744 πόρνοι
2982 1675 3076 1726 καὶ
3120 1672 3351 1742 μαλακοὶ
3385 1673 3452 1726 τὰ
3485 1673 3650 1727 Μανι-

1989 1763 2158 1833 χαίων
2199 1763 2568 1834 ἐμφράττουσι
2619 1761 2881 1831 στόματα,
2921 1759 2971 1812 οἳ
3018 1759 3117 1831 τὴν
3157 1760 3354 1812 κακίαν
3400 1760 3650 1829 ἀκίνητον

1989 1845 2127 1905 εἶναι
2161 1866 2312 1918 φασι,
2341 1848 2416 1918 τῷ
2449 1847 2678 1917 διαϐόλῳ
2701 1846 3030 1915 τελούμενοι,
3072 1847 3164 1899 καὶ
3210 1847 3308 1910 τὰς
3344 1847 3451 1899 τῶν
3489 1862 3651 1898 σπου-

1986 1935 2166 2001 δάζειν
2195 1936 2532 2008 βουλομένων
2553 1937 2738 2005 χεῖρας
2767 1933 3071 1998 ἐκλύοντες,
3101 1934 3194 1987 καὶ
3218 1935 3316 2006 τὴν
3348 1934 3492 2004 ζωὴν
3517 1934 3652 1986 ἀπα-

1988 2039 2088 2077 σαν
2111 2023 2528 2094 ἀνατρέποντες.
2557 2023 2619 2075 Οί
2642 2020 2751 2091 7&9
2773 2019 2946 2074 ταῦτα
2974 2021 3270 2085 πείθοντες,
3304 2022 3362 2073 ού
3403 2021 3539 2091 πρὸς
3582 2022 3651 2073 τά

1989 2110 2248 2183 μέλλοντα
2273 2109 2721 2182 παραϐλάπτουσι
2751 2108 2929 2178 μόνον.
2953 2107 3084 2161 ἀλλά
3111 2109 3204 2162 καὶ
3227 2107 3458 2163 ἐνταῦθα
3474 2108 3650 2161 πάντα

1984 2199 2098 2253 ἄνω
2154 2197 2248 2251 καὶ
2275 2197 2425 2253 κάτω
2468 2194 2703 2256 ποιοῦσι,
2741 2194 2802 2248 τό
2839 2211 2904 2263 γε
2944 2194 3121 2247 αὐτῶν
3166 2194 3348 2264 μέρος.
3380 2194 3516 2248 Πότε
3544 2193 3650 2262 7&9

1985 2285 2370 2356 ἐπιμελήσεταί
2411 2302 2494 2347 τις
2538 2283 2740 2356 ἀρετῆς
2784 2283 2892 2336 τῶν
2943 2285 3000 2336 ἐν
3042 2284 3208 2355 κακία
3245 2284 3480 2348 ζώντων,
3521 2285 3650 2336 ὅταν

1985 2373 2247 2427 ἀδύνατον
2273 2373 2371 2443 τὴν
2419 2372 2552 2443 πρὸς
2590 2371 2805 2440 ἐκείνην
2829 2372 3084 2427 ἐπάνοδον
3118 2367 3254 2425 εἶναι
3308 2371 3524 2442 νομίζῃ,
3555 2371 3649 2424 καὶ

1984 2462 2083 2533 τὴν
2124 2461 2216 2514 ἐπὶ
2240 2460 2300 2514 τὸ
2331 2461 2537 2531 βέλτιον
2581 2460 2916 2532 μεταϐολήν;
2966 2462 3029 2524 Et
3057 2461 3165 2531 7&9
3205 2460 3320 2524 νῦν,
3352 2460 3443 2513 καὶ
3469 2460 3648 2530 νόμων

1989 2550 2178 2614 ὄντων,
2212 2551 2307 2604 καὶ
2331 2549 2603 2604 κολάσεων
2634 2549 3032 2620 ἠπειλημένων,
3066 2550 3161 2604 καὶ
3194 2549 3353 2620 δόξης
3375 2549 3500 2612 τοὺς
3523 2548 3650 2602 πολε

1987 2636 2114 2700 λοὺς
2142 2635 2548 2706 ἐκκαλουμένης
2568 2635 2634 2701 ⁸³,
2672 2635 2767 2688 xal
2790 2635 3012 2705 γεέννης
3057 2635 3531 2706 προσδοκωμένης.
3557 2637 3649 2686 καὶ

1987 2723 2260 2793 βασῖλείας
2291 2722 2723 2794 ἐπηγγελμένης,
2763 2721 2986 2775 καὶτῶν
3012 2721 3196 2774 κακῶν
3221 2721 3646 2791 όνειδιζομένων,

1986 2811 2079 2864 καὶ
2109 2809 2219 2864 τῶν
2245 2809 2424 2864 καλῶν
2461 2807 2975 2878 ἐγκωμιαζομένων,
3010 2808 3161 2876 μόλις
3201 2807 3476 2878 αἱροῦνταί
3507 2823 3651 2868 τινες

1983 2899 2111 2960 τοὺς
2140 2897 2280 2968 ὑπὲρ
2304 2897 2403 2967 τῆς
2427 2896 2626 2966 ἀρετῆς
2656 2895 2886 2967 ἱδρῶτας
2904 2909 2919 2923 ’
2948 2894 3015 2948 ἂν
3036 2895 3206 2948 ταῦτα
3231 2895 3409 2948 πάντα
3435 2893 3650 2964 ἀνέλῃς,

1990 2985 2040 3039 τί
2065 2985 2127 3039 τὸ
2153 2983 2361 3038 κωλύον
2401 2983 2580 3038 πάντα
2603 2983 2649 3015 ⁸⁸
2681 2981 2975 3035 ἀπολέσθαι
2997 2981 3090 3034 καὶ
3107 2980 3468 3051 διαφθαρῆναι
3491 2997 3507 3046 ;

2061 3080 2135 3139 ς’.
2149 3073 2456 3135 Συνειδότες
2469 3071 2513 3103 ⁸⁸
2533 3070 2710 3125 τοίνυν
2732 3070 2832 3140 τὴν
2851 3069 3182 3139 κακουργίαν
3197 3069 3294 3140 τὴν
3311 3067 3644 3138 διαϐολικὴν,

1990 3160 2085 3214 καὶ
2108 3161 2190 3214 ὅτι
2227 3158 2323 3213 καὶ
2358 3159 2470 3221 τοῖς
2503 3156 2608 3222 ἔξω
2652 3155 2991 3227 νομοθέταις,
3034 3157 3130 3210 καὶ
3156 3157 3268 3220 τοῖς
3315 3153 3409 3208 τοῦ
3447 3153 3582 3208 Θεοῦ
3607 3154 3651 3187 ⁸⁸

1989 3247 2277 3317 χρησμοῖς,
2313 3244 2409 3298 καὶ
2435 3245 2549 3307 τοῖς
2569 3244 2665 3314 τῆς
2699 3243 2915 3312 φύσεως
2939 3243 3237 3314 λογισμοῖς,
3287 3243 3381 3296 καὶ
3404 3244 3469 3311 τῇ
3501 3243 3651 3310 κοινῇ

1991 3335 2210 3389 πάντων
2247 3331 2550 3403 ἀνθρώπων
2593 3331 2741 3404 δόξῃ.
2787 3331 2880 3386 καὶ
2923 3331 3238 3402 βαρϐάροις,
3271 3330 3366 3383 καὶ
3397 3328 3652 3393 Σκύθαις,

1990 3422 2086 3476 καὶ
2114 3420 2308 3492 Θρᾳξὶ,
2336 3419 2431 3473 καὶ
2453 3420 2618 3472 πᾶσιν
2637 3418 2825 3482 ἀπλῶς
2852 3419 3176 3481 ἁπεναντίας
3209 3411 3355 3472 οὗτοι
3382 3417 3474 3470 καὶ
3506 3417 3557 3468 οἱ
3587 3417 3656 3470 τὰ

1991 3513 2091 3584 τῆς
2139 3510 2480 3582 εἱμαρμένης
2514 3509 2760 3578 δόγματα
2803 3508 3111 3578 νομοθετεῖν
3142 3505 3544 3576 ἐπιχειροῦντες
3573 3506 3616 3535 ⁸⁷
3637 3544 3653 3566 ,

1991 3601 2273 3672 νήφωμεν,
2297 3597 2594 3668 ἀγαπητοὶ,
2613 3596 2708 3649 καὶ
2742 3597 2904 3649 πᾶσιν
2921 3595 3148 3658 ἐκείνοις
3172 3592 3444 3666 ἐρρῶσθαι
3472 3592 3654 3645 είπόν-

1989 3705 2102 3751 τες,
2143 3686 2414 3756 όδεύωμεν
2440 3685 2530 3738 διὰ
2555 3683 2657 3753 τῆς
2689 3684 2882 3755 στενῆς
2903 3683 3044 3746 ὁδοῦ,
3065 3683 3159 3736 καὶ
3190 3681 3534 3753 θαρροῦντες,
3563 3684 3656 3732 καὶ

1989 3775 2285 3837 δεδοικότες
2333 3789 2347 3804 ⁸
2399 3772 2695 3836 δεδοικότες
2762 3772 2861 3842 μὲν
2887 3811 2904 3835 ,
2974 3772 3061 3825 διὰ
3127 3771 3253 3834 τοὺς
3317 3767 3655 3840 ἑκατέρωθεν

1992 3861 2300 3936 κρημνούςο
2351 3859 2680 3932 θαρροῦντες
2704 3861 2783 3920 δὲ.
2821 3859 2909 3914 διὰ
2942 3859 3031 3914 τὸν
3055 3857 3461 3929 προηγούμενον
3500 3855 3656 3926 ήμῶν

2003 3949 2228 4022 Ἰησοῦν.
2270 3947 2572 4017 Ὀδεύωμεν
2591 3947 2849 4017 νήφοντες
2867 3947 2962 4000 καὶ
2992 3945 3372 4017 ἐγρηγορότες.
3401 3942 3518 3996 Κάν
3550 3942 3656 4012 7'29

1997 4037 2189 4108 μικρόν
2234 4052 2318 4098 τις
2363 4033 2726 4104 ἀπονυστάξῃ,
2771 4031 3073 4103 κατηνέχθη
3137 4031 3364 4101 ταχέως.
3422 4030 3496 4082 Ού
3550 4028 3659 4099 γάρ

1993 4125 2159 4193 ἐσμεν
2198 4118 2576 4190 ἀκριϐέστεροι
2622 4118 2715 4171 τοῦ
2750 4117 2932 4182 Δαυῖδ,
2969 4117 3028 4181 0;
3082 4117 3278 4188 μικρὸν
3321 4115 3660 4186 ὀλιγωρήσας

1995 4209 2132 4280 1:90;
2170 4207 2303 4261 αὐτὸ
2344 4204 2786 4277 κατεκρημνίσθη
2833 4205 2931 4277 τῆς
2969 4205 3240 4276 ἁμαρτίας
3270 4203 3329 4257 τὸ
3367 4202 3656 4275 βάραθρον.

2007 4297 2144 4351 Ἀλλ’
2162 4295 2362 4365 ἀνέστη
2383 4294 2610 4364 ταχέως.
2639 4292 2730 4365 Μὴ
2753 4293 2931 4348 τοίνυν
2953 4294 3033 4347 ὅτι
3057 4293 3301 4364 ἥμαρτεν
3335 4291 3450 4362 ἴδῃς
3479 4288 3660 4360 μόνον,

1993 4385 2108 4440 ἀλλ’
2152 4385 2236 4438 ὅτι
2270 4383 2363 4437 καὶ
2399 4381 2496 4452 τὴν
2540 4381 2812 4452 ἁμαρτίαν
2859 4380 3177 4451 ἀπενίψατο.
3219 4378 3319 4435 Διά
3366 4378 3474 4449 7&9
3507 4375 3662 4430 τοῦτο

1993 4470 2092 4538 τὴν
2123 4465 2363 4537 ἱστορίαν
2393 4465 2608 4536 ἐκείνην
2634 4463 2962 4536 ἀνέγραψεν,
2983 4465 3082 4536 ούχ
3104 4464 3190 4516 ἵνα
3209 4463 3444 4515 πεσόντα
3468 4460 3658 4530 θεάσῃ,

1995 4555 2109 4610 ἀλλ’
2137 4556 2224 4608 ἵνα
2255 4553 2562 4610 ἀναστάντα
2587 4542 2876 4624 θαυμάσῃς
2899 4570 2913 4583 ·
2951 4553 3038 4606 ἵνα
3079 4553 3278 4623 μάθῃς,
3320 4549 3537 4604 ἐπειδὰν
3563 4549 3662 4600 πέ-

1996 4661 2116 4716 σῃς,
2148 4643 2265 4707 πῶς
2304 4641 2624 4695 ἀνίστασθαι
2649 4643 2774 4712 χρή.
2813 4640 3078 4710 Καθάπερ
3109 4639 3217 4709 7&9
3265 4639 3315 4692 οί
3352 4637 3524 4706 ἰατροὶ
3554 4635 3661 4687 τῶν

1994 4731 2314 4802 νοσημάτων
2366 4728 2436 4783 τά
2492 4727 2850 4800 χαλεπώτατα
2902 4726 3249 4795 ἐκλεγόμενοι
3289 4727 3408 4787 ταῖς
3461 4722 3661 4792 βίϐλοις

1993 4820 2353 4890 ἐγγράφουσι,
2385 4816 2481 4872 καὶ
2511 4818 2610 4886 τῆς
2650 4816 2907 4884 τοιαύτης
2935 4812 3270 4884 διορθώσεως
3304 4812 3402 4882 τὴν
3444 4810 3662 4882 μέθοδον

1993 4907 2354 4971 διδάσκουσιν,
2381 4905 2470 4958 ἵνα
2497 4906 2556 4957 ἐν
2598 4906 2712 4966 τοῖς
2752 4901 2962 4972 μείζοσι
3005 4901 3433 4972 γυμνασάμενοι,
3468 4899 3661 4970 ραδῖως

1992 4996 2100 5050 τῶν
2138 4993 2434 5047 ἐλαττόνων
2484 4991 2907 5063 περιγένωνται⁹
2948 4989 3092 5043 οὕτω
3135 4988 3198 5057 δὴ
3242 4990 3334 5040 καὶ
3364 4989 3392 5040 0
3425 4987 3557 5049 Θεὸς
3593 4987 3660 5038 τὰ

1997 5085 2228 5155 μέγιστα
2252 5080 2358 5134 τῶν
2391 5078 2801 5150 ἁμαρτημάτων
2828 5080 2906 5142 εἰς
2936 5077 3098 5148 μέσον
3129 5077 3356 5147 ήγαγεν,
3381 5075 3466 5128 ἵνα
3500 5075 3593 5127 καὶ
3613 5074 3661 5126 οἱ

1992 5172 2060 5225 τὰ
2093 5168 2266 5242 μικρά
2290 5167 2574 5230 πταίοντες
2604 5165 2756 5238 [ὅῖίὶ]
2780 5166 2846 5219 δι’
2872 5165 3096 5220 ἐκείνων
3127 5163 3317 5236 ῥᾳδίαν
3343 5162 3441 5235 τὴν
3458 5160 3662 5215 τούτων

1992 5259 2277 5330 διόρθωσιν
2317 5255 2573 5329 εὕρωσιν.
2621 5255 2681 5308 El
2723 5257 2832 5326 7&9
2861 5256 3045 5308 ἐκεῖνα
3076 5253 3232 5325 ἔσχεν
3276 5254 3440 5317 ῐασιν,
3485 5247 3660 5317 πολλῷ

1999 5346 2198 5420 μᾶλλον
2226 5344 2294 5398 τὰ
2320 5344 2595 5398 ἐλάττονα.
2620 5343 2844 5412 Ἴδωμεν
2868 5343 3043 5398 τοίνυν
3065 5344 3178 5407 πῶς
3201 5343 3294 5396 καὶ
3317 5339 3660 5413 ἠρρώστησεν

3323 5435 3368 5465 ⁵³
3398 5429 3661 5498 ἐκήρυξεν

889 5497 938 5539 εἰ
965 5503 1150 5580 αὐεδς]
1201 5506 1380 5580 agsz
1409 5506 1474 5580 Α.
1520 5508 1580 5560 Ε.
1627 5497 1788 5572 αὐτὸς
1825 5527 1882 5566 οι

1991 5512 2040 5566 F'
2136 5497 2223 5580 ⁸⁸..
2241 5506 2432 5580 αὐτὴν]
2469 5497 2667 5580 ἕρεῖῆν
2696 5497 2858 5580 1⁷]αᾴ
2883 5497 3114 5580 ξείρειιηι
3145 5505 3242 5560 Ge.
3266 5502 3412 5580 £030
3425 5497 3660 5580 ἐκϐάλλῃ

464 5505 510 5536 II
549 5506 614 5536 n:

203 5504 359 5562 Edd.
464 5504 624 5558 ⁵³⁷ού
657 5505 790 5560 Edd.
889 5504 938 5539 "
965 5504 1150 5578 αὐτὸς]
1201 5506 1380 5559 αὐτῶν
1409 5506 1474 5560 Α.
1520 5508 1580 5560 Ε.
1627 5504 1788 5572 αὐτὸς
1825 5527 1882 5566 οι

201 5580 278 5654 ὁ·
321 5574 393 5654 Ε·
469 5575 516 5654 ff
547 5572 702 5654 εξηξὲ]
739 5577 812 5644 μὴ
841 5576 913 5654 Αλ
949 5575 1127 5654 μεδξν.
1153 5575 1381 5654 #1550-
1415 5577 1669 5654 F-__v:.p-
1700 5580 1882 5654 ,ἐκέρᾷ

1991 5512 2040 5566 F.
2136 5504 2202 5542 ⁸⁶’
2241 5506 2432 5580 αὐτὴν]
2469 5504 2667 5578 ἀρετήν
2696 5504 2755 5562 ΡΣ
2788 5509 2858 5561 ad
2885 5504 3114 5576 τείρειιηι
3145 5505 3242 5560 Ge.
3283 5504 3395 5556 Mox
3425 5504 3663 5574 ἐκϐάλλῃ

1991 5599 2013 5654 ί
2035 5580 2101 5654 Ε.
2135 5578 2442 5654 ἐκέρδαινον
2472 5577 2534 5632 C.
2577 5577 2639 5632 Ι).
2666 5648 2678 5654 _
2703 5571 3350 5654 _"_&v09w1:o;_q:p.'lj‘.
3383 5568 3659 5654 avo.p§p.

199 5594 936 5734 ιῖάε
949 5594 1882 5734 ἣξει

1991 5599 2006 5635 ι
2039 5594 2099 5636 ιε’.
2135 5594 2442 5650 εκεροαινον
2472 5594 2534 5632 ιλ.
2577 5594 2639 5632 υ.
2733 5594 2774 5610 ἰ
2821 5594 2876 5632 ax

1994 5649 2014 5724 ]
2053 5651 2143 5734 §ic
2168 5648 2264 5734 (ξε.
2304 5649 2454 5734 Arn}.
2489 5655 2543 5702 et
2581 5647 2876 5734 c9dd.ﬁv0

2965 5663 3064 5708 πος
3090 5635 3233 5698 Εόό.
3266 5649 3321 5695 et
3348 5635 3541 5708 margo‘
3561 5635 3660 5691 Ge.

203 5717 258 5750 ιο
294 5715 586 5788 I—IGIKQN.
765 5713 936 5788 00_§ei
971 5707 1350 5788 μέχρι’τέλου;
1377 5707 1610 5788 ’θαρρεῖν
1641 5718 1732 5771 τὸν
1764 5707 2014 5781 ἐσῖτῶταῖ
2029 5720 2152 5774 οὔτε
2191 5721 2584 5786 ἀπογινώσκειν
2621 5717 2810 5772 ἐαυτὸν
2841 5707 2934 5788 τὸν
2965 5707 3440 5788 πεπτωκ-ότατᾼ..
3478 5707 3660 5788 “'Alii

200 5801 347 5841 cum
382 5785 551 5843 Savil.
581 5782 796 5843 εἰδότες.
824 5782 1153 5908 Μοηιεὲζη
1184 5787 1298 5858 καὶ]
1334 5789 1436 5843 add

204 5854 364 5908 Edd.
419 5855 466 5886 "
493 5852 798 5908 Συνιδόντες
829 5851 960 5906 Mor.
1064 5870 1119 5908 η.
1148 5857 1351 5908 τοίνυνῖ
1383 5856 1436 5908 οὗ

204 5854 364 5910 Βόα.
419 5855 466 5886 ⁸⁵
493 5852 798 5916 Συνιδόντες
829 5851 960 5906 Mor.

204 5925 349 5982 add.
396 5923 650 5996 φρονοῦσι
678 5923 740 5976 Α.
784 5922 846 5979 Ε.
875 5921 994 5978 Non
1030 5921 1413 5994 expressertinl
1471 5928 1703 5999 lnlcl’pp.

579 6033 848 6094 PATROL.
899 6030 1016 6090 Gn.
1064 6031 1222 6091 LVII

1521 5789 1590 5840 πὺ
1623 5788 1754 5858 Edd.
1819 5791 1862 5822 ⁸³
1887 5777 2042 5858 δόξης
2074 5792 2171 5858 τῆς
2191 5777 2322 5850 τοὺς
2343 5788 2568 5858 πολλοὺς
2597 5787 2970 5858 διεγειρούσης
2993 5785 3056 5858 (Ζ.
3320 5780 3363 5811 δ”
3387 5780 3456 5833 τὰ
3483 5777 3660 5858 ,πάντα

1111 5809 1153 5818 --
1184 5809 1298 5858 καιι
1334 5809 1436 5843 ειοα
1483 5809 1590 5840 απο
1623 5809 1754 5843 nua.
1819 5809 1862 5822 "

1064 5870 1119 5908 n.
1148 5857 1351 5928 τοίνυν]
1383 5856 1485 5932 οὖν.
1506 5859 1548 5911 D
1599 5857 1660 5911 Ρ.
1729 5861 1774 5891 ⁵⁸
1802 5859 1882 5912 Θε‹

1991 5809 2042 5858 ης
2074 5809 2103 5844 τ
2145 5809 2171 5852 ς
2191 5809 2316 5850 τους
2343 5809 2568 5852 πολλούς
2597 5809 2970 5858 οιεγειρουσης
2993 5809 3052 5839 υ.

2001 5861 2090 5915 Sic
2107 5809 2254 5914 13M.
2283 5867 2338 5912 el
2362 5857 2546 5914 Vcrss.
2579 5859 2795 5913 codices
2823 5854 3080 5927 Χριστοῦ.

3159 5853 3202 5885 ⁸⁷
3236 5845 3660 5922 ἐπιχειροῦντες]

3116 6019 3191 6078 17
