4050 6220
520 339 616 391 Sil

521 451 834 508 methodum
860 450 993 504 alios
1031 449 1256 512 docent,
1287 460 1346 503 ut
1373 449 1423 502 in
1468 445 1756 515 majoribus
1781 441 2052 498 exercitati
2077 481 2092 506 ,

521 547 758 600 minores
782 542 1123 613 aegritudines
1156 540 1360 596 facilius
1398 551 1652 609 superent
1683 558 1696 593 :
1743 541 1819 593 sic
1860 550 1915 594 et
1959 539 2098 594 Deus

521 637 830 706 graviSsima
874 643 1088 702 peccata
1132 633 1185 687 in
1231 631 1464 686 medium
1508 632 1767 696 adduxit,
1816 641 1873 684 ut
1916 632 2002 700 qui
2045 631 2096 684 in

521 728 724 797 exiguis
787 727 918 796 lapsi
971 734 1194 789 essent,
1253 740 1439 779 eorum
1490 724 1737 792 exemplo
1803 723 2096 778 faciliorem

521 817 834 888 emendandi
882 819 1142 871 rationem
1181 815 1503 871 invenirent.
1529 815 1583 870 Si
1609 816 1750 868 enim
1780 815 1977 883 majora
2011 832 2097 869 re-

519 909 748 962 medium
782 909 1104 974 habuerunt,
1134 908 1302 962 multo
1328 907 1531 962 facilius
1557 908 1782 961 minora.
1817 907 2098 961 Videamus

516 998 673 1067 igitur
706 1013 809 1069 qua
842 999 1047 1053 ratione
1073 998 1410 1068 mgrotavcrit
1430 1039 1443 1060 ,
1489 1012 1594 1066 qua
1631 996 1982 1051 valetudinem
2010 1012 2096 1050 re-

513 1091 848 1159 cuperaverit
881 1091 962 1144 vir
1005 1090 1095 1144 ille
1138 1091 1344 1144 beatus.
1391 1089 1520 1156 Qua:
1561 1089 1718 1158 igitur
1746 1086 1915 1140 morbi
1963 1087 2098 1141 ratio

514 1180 658 1234 fuit?
688 1180 978 1236 blceehatus
1007 1190 1108 1247 est,
1139 1191 1192 1236 et
1209 1180 1423 1236 occidit.
1455 1179 1570 1234 Non
1601 1180 1742 1234 enim
1768 1194 1960 1233 vereor
1983 1179 2099 1233 haec

516 1288 705 1342 magna
753 1288 886 1327 voce
915 1273 1202 1342 publicare.
1235 1273 1366 1327 Nam
1402 1273 1446 1327 si
1478 1273 1706 1342 Spiritus
1737 1283 1951 1327 sanctus
1990 1287 2096 1326 non

517 1376 668 1435 turpe
697 1367 1020 1421 existimavit
1069 1382 1212 1430 esse,
1242 1367 1378 1422 hanc
1410 1376 1570 1421 totam
1615 1367 1888 1421 historiam
1916 1367 2096 1437 publi-

513 1472 658 1523 care,
693 1459 858 1511 multo
891 1459 1057 1528 magis
1083 1474 1181 1512 nos
1204 1459 1347 1512 illam
1381 1474 1486 1513 non
1515 1459 1742 1513 obscure
1779 1457 1978 1512 referre
2004 1457 2097 1511 de-

511 1550 719 1606 bemus.
749 1551 1083 1618 Quapmpter
1126 1567 1231 1605 non
1262 1552 1423 1605 modo
1463 1551 1577 1606 haec
1604 1551 1904 1621 prmdicabo
1941 1591 1957 1617 ,
2000 1549 2095 1605 sed

513 1643 656 1697 aliud
686 1659 897 1712 quoque
943 1643 1212 1711 adjiciam.
1256 1644 1467 1696 Etenim
1496 1643 1582 1712 qui
1626 1643 1742 1697 hare
1781 1642 2090 1706 occultant,

512 1735 610 1789 viri
660 1735 800 1789 illius
849 1735 1100 1789 virtutem
1141 1735 1463 1790 obscuraut:
1494 1749 1556 1788 ac
1599 1735 1737 1789 sicut
1787 1735 1821 1788 ii
1861 1734 1948 1803 qui
1978 1732 2095 1802 ejus

512 1842 634 1883 cum
673 1826 922 1882 Goliatho
985 1842 1212 1898 pugnam
1259 1836 1525 1893 tacerent,
1566 1842 1670 1881 non
1719 1827 1962 1897 exiguam
1992 1826 2092 1895 ipsi

513 1937 762 1976 coronam
813 1920 1138 1986 adimerent,
1173 1919 1392 1988 perinde
1418 1920 1651 1974 facerent
1692 1921 1779 1989 qui
1822 1920 1955 1974 hanc
2008 1920 2092 1972 hi-

512 2018 732 2068 storiam
763 2021 1246 2081 ltl‘ilIlCI‘CUfI'CI'CIIl.
1279 2015 1469 2067 Annon
1498 2029 1613 2068 rem
1660 2012 1810 2068 vobis
1841 2012 2090 2081 inexspe-

512 2115 706 2162 ctatani
755 2106 912 2160 dico?
942 2105 1045 2160 Sed
1089 2104 1348 2160 tantillum
1393 2103 1793 2174 prmstolamini,
1831 2113 1884 2157 et
1910 2103 2090 2158 scietis

514 2215 611 2253 nos
641 2197 756 2252 lure
802 2197 922 2267 jure
962 2198 1013 2252 in
1061 2197 1293 2252 medium
1336 2196 1640 2266 protulisse.
1690 2194 1812 2249 Ideo
1865 2208 2090 2262 namque

510 2299 785 2359 peccatum
817 2290 1098 2359 amplifice,
1125 2289 1282 2359 idque
1311 2289 1676 2356 inexspectata
1710 2285 1956 2357 loquendi
1984 2286 2086 2348 via,

511 2391 569 2434 ut
598 2381 879 2449 pharmaca
904 2396 1084 2449 parem
1112 2380 1433 2448 copiosiora.
1457 2377 1591 2444 Quid
1623 2378 1796 2446 itaque
1820 2374 2090 2444 propono?

512 2471 770 2526 Virtutem
818 2471 956 2534 viri;
991 2471 1041 2525 id
1071 2471 1211 2541 qmul
1249 2470 1461 2540 gravius
1503 2469 1703 2524 crimen
1746 2467 1928 2522 efficit.
1972 2465 2088 2521 Non

505 2561 648 2616 enim
695 2578 786 2631 par
813 2571 895 2617 est
935 2563 987 2616 in
1041 2562 1288 2616 omnibus
1325 2571 1380 2617 ct
1421 2562 1558 2617 circa
1589 2576 1778 2616 omnes
1809 2559 1988 2614 hacin
2032 2574 2089 2614 re

503 2653 760 2721 judicium
795 2670 808 2705 :
842 2652 1080 2707 Potentes
1108 2653 1250 2707 enim
1276 2693 1292 2719 ,
1336 2653 1546 2722 inquit,
1581 2661 1805 2720 potenter
1843 2658 2090 2703 tormenta

505 2748 756 2814 patientur
785 2747 939 2817 (Sep.
969 2747 1021 2802 6.
1047 2747 1137 2815 7);
1165 2755 1237 2810 et,
1270 2747 1370 2812 Qui
1397 2745 1531 2798 novit
1561 2745 1860 2798 voluntatem
1897 2741 2090 2795 domini

501 2837 604 2902 sui,
635 2847 680 2890 et
712 2853 817 2889 non
841 2837 961 2905 facit
984 2877 1000 2902 ,
1031 2837 1286 2907 vapulabit
1318 2836 1489 2888 multis
1537 2833 1688 2904 (Luc.
1722 2835 1806 2888 1‘2.
1840 2833 1954 2904 47).
1990 2832 2090 2884 Ita-

503 2944 607 2997 que
637 2928 806 2997 major
851 2928 1082 2999 cognitio
1113 2928 1329 2996 majoris
1355 2936 1438 2981 est
1482 2941 1642 2980 causa
1672 2925 1932 2994 supplicii.
1964 2924 2088 2979 Ideo

503 3021 755 3076 sacerdos
781 3022 868 3094 qui
896 3022 947 3075 in
982 3021 1146 3091 paria,
1179 3031 1339 3090 atque
1367 3019 1597 3082 subditi,
1631 3019 1820 3073 incidit
1845 3028 2083 3087 peccata,

505 3127 608 3165 non
641 3128 814 3181 pares,
847 3111 941 3167 sed
972 3112 1141 3167 multo
1189 3112 1464 3182 graviores
1503 3110 1650 3165 dabit
1695 3125 1900 3180 ptenas.
1955 3109 2087 3163 For-

505 3214 646 3261 tasse
689 3205 815 3259 dum
860 3221 944 3260 me
973 3205 1164 3261 videtis
1205 3205 1530 3274 amplificare
1559 3204 1760 3260 crimen
1795 3245 1810 3268 ,
1861 3203 2086 3259 tremitis

501 3308 555 3352 et
583 3297 892 3360 formidatis,
939 3306 994 3352 et
1037 3313 1124 3354 me
1166 3297 1314 3368 quasi
1356 3312 1451 3366 per
1495 3296 1784 3367 przeeipitia
1833 3294 2085 3350 inceden-

505 3400 609 3442 tem
664 3389 950 3443 miramini.
995 3390 1106 3458 Ego
1150 3404 1278 3444 vero
1316 3396 1520 3443 tantum
1560 3390 1701 3444 circa
1740 3389 1870 3458 justi
1923 3389 2087 3443 virtu-

505 3488 608 3532 tem
637 3487 690 3532 et
712 3480 897 3533 merita
923 3478 1154 3543 confido,
1186 3488 1242 3532 ut
1266 3478 1427 3534 etiam
1455 3479 1675 3533 ulterius
1729 3477 2038 3548 progrediar
2069 3497 2082 3532 :

502 3580 698 3642 quanto
755 3572 896 3625 enim
942 3572 1110 3640 magis
1155 3571 1355 3626 crimen
1395 3570 1600 3642 augebo
1627 3613 1642 3636 ,
1685 3579 1830 3626 tanto
1866 3570 2084 3640 majori-

505 3666 600 3717 hus
647 3663 895 3717 Davidein
963 3663 1207 3718 laudibus
1247 3664 1520 3719 celebrare
1572 3673 1778 3733 potero.
1838 3665 1903 3718 Et
1955 3663 2081 3732 quid

506 3757 588 3812 his
639 3755 811 3825 majus
839 3797 852 3820 ,
906 3756 1144 3824 inquies,
1193 3754 1431 3825 proferre
1468 3755 1688 3826 possis?
1728 3755 1892 3810 Multo
1936 3766 2084 3810 certe

506 3848 726 3916 majora.
775 3845 1232 3914 Quemadmodum
1293 3847 1436 3901 enim
1491 3847 1640 3902 Caini
1706 3847 1911 3903 crimen
1975 3862 2081 3902 non

503 3939 676 3995 credes
716 3939 874 3994 modo
915 3949 1072 4004 erat,
1118 3938 1212 3993 sed
1257 3939 1445 3995 multis
1471 3939 1708 3995 aedibus
1753 3941 1942 4009 pejus;
1976 3954 2082 3994 non

503 4032 644 4087 enim
673 4033 926 4092 alienum,
958 4030 1051 4085 sed
1082 4029 1335 4094 fratrem;
1367 4040 1424 4086 et
1448 4033 1686 4096 fratrem,
1719 4046 1826 4086 non
1879 4031 2083 4087 laeden-

504 4136 609 4177 tem
643 4165 656 4188 ,
703 4122 796 4178 sed
848 4123 1031 4176 laesum
1065 4120 1296 4187 occidit;
1330 4136 1435 4177 non
1480 4132 1600 4191 post
1626 4123 1817 4176 multas
1849 4131 2082 4191 patratas

501 4215 696 4277 caedes,
731 4213 823 4268 sed
864 4213 976 4282 ipse
1013 4212 1403 4268 exsecrandum
1449 4213 1626 4268 scelus
1655 4214 1800 4283 prior
1829 4214 2032 4269 invenit
2063 4229 2076 4267 :

501 4306 578 4359 sit,
605 4306 655 4358 in
683 4304 782 4357 hoc
811 4320 917 4373 quo
944 4303 1011 4358 de
1043 4304 1249 4373 agimus
1272 4304 1542 4374 exemplo,
1580 4321 1686 4359 non
1713 4304 1890 4360 cmdes
1921 4305 2080 4360 modo

503 4399 704 4451 facinus
731 4397 829 4450 hoc
849 4405 995 4462 erat;
1025 4411 1129 4450 non
1151 4397 1294 4451 enim
1321 4397 1402 4450 vir
1423 4412 1452 4451 e
1475 4397 1630 4452 trivio
1659 4397 1921 4453 homicida
1944 4379 2082 4464 erat,

501 4491 594 4544 sed
639 4489 928 4559 propheta;
973 4505 1078 4543 non
1107 4488 1386 4544 laidentem
1413 4528 1429 4554 ,
1476 4489 1570 4544 sed
1609 4488 1794 4544 laesum
1838 4490 2074 4546 occidit:

503 4581 658 4635 Lusus
683 4581 874 4650 quippe
913 4578 1085 4634 fuerat
1117 4593 1180 4633 ex
1206 4579 1470 4634 adulterio
1508 4593 1627 4634 cum
1659 4595 1827 4635 uxore
1874 4597 1888 4633 :
1921 4590 2080 4651 atque

503 4675 602 4728 hoc
637 4673 796 4726 etiam
828 4672 1000 4726 scelus
1029 4671 1252 4727 addidit.
1302 4671 1575 4727 Videtisne
1625 4672 1893 4742 quomodo
1933 4673 2078 4741 justo

502 4765 616 4817 vim
642 4781 746 4818 non
780 4777 1012 4832 parcam,
1047 4773 1099 4817 et
1119 4765 1236 4818 sine
1275 4764 1382 4818 ullo
1419 4773 1843 4835 temperamento
1873 4765 2076 4818 scelera

499 4859 616 4924 ejus
644 4855 1004 4911 recenseam?
1048 4857 1294 4910 Attamen
1342 4855 1412 4908 ita
1453 4857 1520 4910 de
1577 4855 1720 4910 illius
1765 4857 2079 4926 purgatione

495 4947 740 5011 confido,
792 4955 849 4999 ut
880 4955 995 5015 post
1040 4955 1242 5000 tantum
1285 4946 1548 5000 scelerum
1595 4947 1804 5001 culmen
1831 4989 1844 5010 ,
1896 4955 2075 5016 optem

496 5039 687 5092 adesse
723 5036 1063 5101 Manichaeos,
1105 5037 1195 5105 qui
1239 5035 1355 5091 huic
1393 5038 1625 5091 maxime
1662 5037 1981 5103 traducunt,
2025 5048 2076 5092 et

498 5129 864 5184 Marcionistas
889 5169 905 5194 ,
939 5137 996 5182 ut
1039 5127 1250 5181 illorum
1293 5143 1388 5181 ora
1428 5129 1645 5198 egregie
1699 5128 1964 5183 claudam.
1997 5128 2077 5184 llli

499 5238 726 5290 suun-pie
742 5222 925 5277 dicunt
941 5222 1112 5291 ipsum
1134 5232 1187 5276 et
1203 5221 1462 5276 occidisse
1483 5231 1537 5276 et
1551 5221 1871 5276 moechatum
1891 5221 2073 5287 fuisse;

497 5331 597 5385 ego
624 5331 750 5371 vero
780 5332 884 5369 non
917 5313 968 5368 id
1011 5324 1212 5368 tantum
1257 5313 1412 5379 dico,
1464 5312 1558 5367 sed
1609 5313 1871 5382 duplicem
1915 5312 2077 5367 fuisse

495 5407 700 5462 etedem
727 5406 1085 5462 demonstravi
1113 5445 1128 5467 ,
1179 5414 1289 5459 tum
1317 5404 1459 5474 quod
1488 5405 1574 5458 ille
1609 5404 1718 5472 jam
1749 5417 1872 5459 ante
1919 5406 2076 5459 laesus

496 5500 585 5562 sit,
617 5509 727 5556 tum
751 5497 892 5568 quod
922 5506 1078 5553 tanta:
1105 5497 1380 5567 dignitatis
1405 5505 1549 5551 esset
1581 5497 1624 5549 is
1652 5497 1742 5565 qui
1773 5497 1982 5550 occidit.

570 5593 622 5644 7.
666 5590 933 5644 Peccatum
967 5591 1172 5644 Doridis
1207 5599 1471 5659 quantum.
1513 5588 1685 5659 Ipsius
1734 5598 1842 5658 post
1873 5590 2074 5657 lapsum

496 5691 685 5745 quanta
719 5680 892 5733 virtus.
942 5711 1012 5720 —
1062 5681 1176 5734 Non
1218 5681 1360 5736 enim
1407 5697 1502 5750 par
1545 5691 1628 5734 est
1668 5681 1868 5735 crimen
1905 5683 2076 5734 virum

499 5774 696 5840 Spiritu
722 5783 903 5825 saneto
931 5772 1222 5841 dignatum,
1266 5782 1342 5827 Iul
1371 5773 1642 5828 beneficiis
1671 5772 1935 5838 affectum,
1983 5774 2070 5842 qui

1459 331 1520 386 IN
1562 324 1972 384 MATTIIIEUM
2010 323 2240 379 IIOMIL.
2286 323 2473 378 XXVI.
2516 328 2585 379 al.
2631 327 2843 383 XXVII.

3691 344 3794 399 342

2214 447 2411 493 tantam
2453 450 2768 509 potestatem
2813 453 2927 498 erat
2971 447 3212 516 adeptus,
3263 449 3314 503 in
3347 451 3435 504 tali
3482 462 3637 509 :etatc
3680 454 3794 509 hrrc

2209 531 2440 586 facinora
2469 533 2702 602 aggredi,
2731 543 2888 603 atque
2918 535 3142 605 idipsum
3167 543 3456 609 perpetrari
3485 561 3512 595 a
3540 546 3675 610 viro,
3707 548 3791 600 eui

2209 623 2340 676 nihil
2371 639 2555 678 eorum
2585 635 2870 695 competat.
2922 628 3167 682 Attamen
3200 629 3324 686 hinc
3351 635 3643 689 mirabilior
3669 652 3794 690 eva-

2207 713 2284 768 dit
2317 715 2398 768 vir
2442 715 2530 769 ille
2576 715 2746 780 fortis,
2789 719 2926 787 quod
2978 719 3029 773 in
3077 721 3391 790 profundum
3427 729 3677 797 nequitia:
3719 730 3788 782 la.

2207 818 2354 874 psus,
2396 821 2500 858 non
2527 807 2706 860 animo
2730 807 3004 876 defecerit,
3054 827 3160 866 non
3188 812 3504 882 desperarit,
3549 833 3654 873 non
3700 836 3790 875 se-

2207 894 2377 962 ipsum
2409 897 2655 966 supinum
2689 900 2994 970 projecerit,
3040 903 3179 957 letali
3211 905 3428 961 vulnere
3453 909 3732 964 confossus
3759 926 3790 965 a

2205 988 2440 1055 diabolo,
2491 992 2584 1047 sed
2611 994 2738 1056 cito,
2774 996 2880 1047 imo
2907 995 3107 1063 statim,
3140 1013 3330 1067 magna
3357 1013 3476 1053 cum
3500 1001 3792 1058 vehemen-

2207 1085 2277 1134 tia
2309 1083 2477 1153 majus
2507 1083 2757 1139 inflixerit
2788 1086 2998 1150 vulnus,
3042 1103 3200 1157 quam
3234 1100 3528 1160 acceperat.
3562 1093 3792 1150 Perinde

2207 1181 2366 1242 atque
2400 1174 2442 1226 si
2484 1176 2535 1227 in
2564 1176 2679 1229 acie
2709 1175 2966 1230 barbarus
2995 1179 3256 1248 quispiam
3297 1181 3348 1234 in
3379 1197 3475 1236 cor
3504 1185 3585 1238 vel
3617 1185 3667 1239 in
3697 1185 3788 1242 he-

2203 1279 2300 1334 par
2327 1267 2527 1320 strenui
2559 1267 2656 1320 viri
2687 1267 2890 1322 hastam
2927 1269 3178 1337 infixerit,
3219 1281 3274 1326 et
3301 1275 3588 1329 secumlam
3622 1280 3788 1348 magis

2203 1357 2413 1412 letalem
2446 1360 2648 1429 plagam
2681 1362 2962 1429 addiderit,
3008 1374 3114 1418 tum
3149 1366 3236 1420 ille
3277 1368 3454 1436 lapsus
3481 1371 3782 1441 plagarum-

2202 1463 2305 1518 que
2334 1452 2589 1520 Sanguine
2615 1453 2984 1520 circumfusus,
3014 1456 3120 1510 cito
3141 1461 3447 1522 surrexerit,
3477 1462 3785 1534 hastamque

2202 1541 2416 1595 vibrans
2448 1542 2653 1598 hostem
2685 1545 3000 1612 confoderit,
3043 1558 3096 1602 et
3142 1551 3374 1604 occisum
3419 1555 3594 1608 statim
3640 1557 3782 1610 lunni

2203 1645 2525 1704 prostratum
2556 1637 2827 1707 reliquerit
2859 1656 2874 1692 :
2907 1641 2983 1695 sic
3011 1651 3063 1694 et
3091 1658 3248 1706 mmc,
3278 1659 3382 1713 quo
3403 1647 3654 1714 majorem
3685 1649 3780 1703 Da.

2200 1728 2337 1781 vidis
2364 1731 2567 1799 plagam
2609 1731 2828 1798 dixeris,
2877 1748 2942 1788 eo
2983 1735 3361 1791 mirabiliorem
3390 1741 3620 1796 confossi
3663 1746 3780 1798 ani-

2200 1834 2345 1872 mum
2393 1819 2660 1882 ostendis,
2707 1823 2846 1891 quod
2889 1833 3008 1892 post
3055 1826 3245 1890 vulnus
3287 1837 3390 1883 tam
3435 1847 3630 1900 grave,
3690 1852 3782 1904 pn-

2200 1911 2360 1964 tuerit
2389 1920 2442 1964 et
2484 1927 2725 1981 surgere,
2759 1923 2811 1968 et
2847 1915 2897 1969 in
2928 1915 3105 1972 fronte
3134 1920 3253 1973 valli
3276 1930 3437 1989 stare,
3471 1923 3780 1996 hostemque.

2197 2011 2558 2071 prosternere.
2589 2005 2701 2060 Hoc
2729 2022 2858 2062 vero
2887 2021 3142 2078 quanttnn
3172 2013 3258 2071 sit.
3284 2015 3455 2069 sciunt
3483 2034 3668 2073 omnes
3691 2025 3778 2090 qui

2197 2094 2247 2148 in
2268 2095 2446 2164 gravia
2477 2095 2612 2166 lapsi
2638 2106 2762 2152 sunt
2793 2108 3028 2168 peccata.
3053 2101 3168 2156 Non
3195 2104 3337 2158 enim
3367 2106 3434 2159 ita
3467 2107 3618 2162 fortis
3644 2121 3775 2163 stre-

2204 2187 2406 2255 nuique
2431 2187 2596 2242 animi
2623 2197 2706 2242 est
2732 2198 2879 2242 recta
2901 2188 3234 2243 incedentem
3261 2205 3481 2244 cursum
3518 2191 3774 2260 perlicere

2203 2279 2271 2348 (is
2287 2279 2432 2334 enim
2447 2279 2706 2334 comitem
2726 2279 3051 2349 habetSpem
3066 2280 3262 2334 bonam
3276 2283 3642 2337 concitantem
3658 2299 3775 2337 uer-

2204 2385 2301 2426 vos
2322 2379 2376 2426 et
2398 2370 2738 2424 alacritatem
2769 2369 3098 2439 addentem),
3125 2380 3183 2424 ut
3201 2382 3321 2439 post
3342 2372 3489 2425 mille
3515 2387 3770 2439 coronas,

2203 2469 2402 2530 tropzea
2414 2501 2428 2524 ,
2445 2462 2720 2525 victorias,
2735 2461 2970 2531 graviter
2983 2461 3192 2532 lapsum
3213 2477 3373 2530 posse
3389 2463 3640 2518 eumdem
3654 2479 3772 2519 cur-

2202 2567 2323 2606 sum
2340 2551 2518 2606 denuo
2533 2549 3060 2621 repetere.Utautem
3081 2554 3132 2607 id
3145 2555 3289 2623 quod
3305 2554 3429 2609 dico
3441 2555 3772 2612 elariuseva-

2192 2642 2302 2709 dat,
2353 2644 2500 2699 aliud
2542 2645 2718 2714 priore
2760 2661 2868 2701 non
2910 2648 3087 2702 minus
3128 2642 3432 2720 exemplum
3463 2653 3514 2706 in
3545 2655 3774 2709 taedium

2196 2738 2345 2792 vobis
2394 2737 2632 2806 proferre
2677 2739 2913 2794 tentabo.
2969 2740 3152 2812 Cogita
3193 2742 3322 2796 mihi
3365 2745 3773 2814 gubernatorem

2195 2830 2359 2884 maria
2407 2829 2551 2884 mille
2594 2845 2893 2897 emensum,
2950 2844 3070 2902 post
3114 2842 3312 2888 tantam
3364 2838 3773 2906 navigationem,

2195 2930 2313 2989 post
2359 2921 2551 2975 multas
2601 2931 2964 2992 tempestates,
3016 2925 3285 2994 scopulos,
3330 2927 3549 2992 fluctus,
3599 2933 3776 2985 amitis

2194 3012 2506 3067 instructum
2553 3015 2806 3069 mercium
2857 3015 3099 3080 sarcinis,
3135 3018 3184 3070 in
3237 3017 3352 3087 ipso
3398 3031 3583 3088 portus
3635 3023 3774 3077 ostio

2192 3105 2518 3173 demersum,
2560 3108 2648 3176 qui
2691 3109 2776 3162 vix
2807 3124 2838 3164 e
2865 3117 3010 3162 tanto
3037 3110 3311 3178 naufragio
3349 3113 3520 3168 nudus
3541 3114 3777 3185 effugere

2193 3200 2421 3268 potuerit
2451 3217 2465 3261 ;
2493 3215 2599 3270 quo
2630 3200 2718 3256 ille
2747 3201 2926 3256 animo
2957 3202 3116 3258 fuerit
3141 3218 3266 3274 erga
3300 3205 3686 3275 navigationem
3721 3217 3774 3264 et

2193 3292 2393 3346 marina
2416 3291 2690 3362 pericula?
2716 3309 2842 3347 num
2867 3293 2956 3347 ille
2979 3293 3203 3348 voluerit
3228 3310 3500 3366 umquam,
3535 3299 3633 3352 nisi
3662 3299 3777 3354 ani-

2191 3385 2262 3438 mi
2289 3386 2358 3439 sit
2385 3385 2668 3440 admodum
2691 3387 2914 3452 strenui,
2938 3387 3019 3442 vel
3046 3387 3190 3454 litus,
3215 3389 3300 3443 vel
3319 3399 3549 3458 portum,
3569 3392 3655 3446 vel
3681 3407 3773 3446 na-

2195 3493 2308 3532 vem
2340 3478 2498 3532 ullam
2529 3477 2841 3546 respicere?
2874 3478 2988 3532 Non
3018 3480 3197 3550 utique
3224 3489 3350 3550 puto
3377 3499 3389 3532 :
3423 3481 3514 3536 sed
3544 3483 3776 3538 occulta-

2191 3579 2278 3624 tus
2296 3568 2510 3637 jacehit,
2543 3570 2682 3625 diem
2707 3571 2757 3624 in
2789 3582 2995 3625 noctem
3018 3579 3250 3636 vertens,
3277 3575 3527 3644 omnique
3553 3591 3648 3645 spe
3678 3576 3772 3631 de-

2190 3662 2439 3724 stitutus;
2485 3661 2750 3730 maletque
2779 3661 2938 3714 vitam
2968 3661 3244 3716 mendicus
3267 3679 3446 3732 agere,
3471 3681 3626 3734 quam
3661 3667 3770 3736 pri-

2189 3752 2357 3806 stinos
2383 3752 2530 3806 adire
2558 3751 2786 3807 labores.
2820 3754 2888 3807 At
2914 3769 3018 3808 non
3054 3754 3175 3808 talis
3205 3753 3300 3808 fuit
3329 3756 3412 3810 hic
3435 3759 3513 3810 vir
3543 3759 3726 3813 beatus
3759 3779 3772 3814 :

2189 3846 2282 3899 sed
2329 3855 2448 3914 post
2477 3853 2678 3898 tantum
2708 3845 3059 3922 naufragium,
3107 3858 3221 3914 post
3256 3857 3332 3902 tot
3361 3849 3569 3906 labores
3597 3860 3650 3905 et
3679 3866 3771 3906 su-

2188 3935 2370 4002 dores,
2419 3952 2525 3990 non
2570 3937 2760 3990 mansit
2809 3937 3086 4002 occultus;
3138 3938 3229 3992 sed
3291 3940 3466 3994 navim
3517 3944 3766 4007 extraxit,

2187 4029 2542 4097 expansisque
2584 4028 2734 4095 velis,
2784 4036 2838 4082 et
2884 4038 3103 4097 accepto
3149 4030 3530 4099 gubernaculo,
3566 4032 3774 4089 labores

2187 4120 2337 4186 adiit,
2378 4130 2433 4174 et
2475 4119 2704 4188 majores
2747 4135 2902 4188 quam
2956 4121 3102 4189 prius
3144 4121 3354 4177 divitias
3393 4124 3618 4193 adeptus
3667 4137 3766 4179 est.

2189 4208 2340 4278 Quod
2385 4208 2429 4262 si
2475 4217 2620 4263 stare
2672 4219 2726 4264 et
2778 4208 2983 4279 lapsum
3033 4225 3137 4264 non
3181 4226 3395 4281 semper
3434 4213 3616 4282 jacere
3669 4216 3772 4269 mi-

2188 4302 2354 4356 rabile
2384 4310 2485 4366 est,
2518 4300 2695 4356 denuo
2722 4301 2942 4356 excitari
2975 4311 3028 4357 et
3062 4303 3186 4358 talia
3215 4304 3492 4374 perﬁcere,
3524 4315 3655 4377 quot
3682 4323 3773 4364 eo-

2186 4395 2333 4451 ronis
2358 4394 2575 4464 dignum
2604 4409 2707 4448 non
2731 4393 2869 4449 erit?
2891 4394 3049 4465 Atqui
3081 4395 3246 4450 multa
3274 4405 3427 4451 erant
3453 4413 3572 4468 quae
3600 4398 3772 4468 ipsum

2187 4489 2240 4544 in
2277 4487 2702 4556 desperationem
2748 4487 3112 4557 conjicerent?
3162 4491 3358 4558 primo.
3404 4491 3606 4560 peccati
3655 4507 3771 4545 ma-

2181 4580 2402 4649 gnitudo
2425 4597 2440 4646 ;
2467 4578 2724 4643 secundo,
2753 4579 2892 4647 quod
2923 4595 3027 4633 non
3060 4580 3111 4633 in
3140 4580 3389 4649 primaeva
3411 4591 3587 4648 aetate,
3606 4599 3770 4652 quan-

2182 4673 2256 4729 do
2298 4672 2470 4741 major
2509 4681 2624 4727 erat
2658 4685 2782 4739 spes
2823 4671 3166 4734 reversiouis,
3197 4671 3290 4726 sed
3322 4671 3627 4728 declinante
3661 4674 3770 4744 jam

2189 4778 2348 4822 artato
2380 4765 2429 4822 id
2456 4780 2644 4835 passus
2680 4775 2842 4820 esset.
2889 4765 3071 4834 Neque
3099 4767 3240 4820 enim
3276 4775 3560 4833 mercator,
3588 4769 3676 4838 qui
3707 4786 3770 4824 ex

2187 4866 2341 4925 portu
2386 4870 2636 4925 egressus
2680 4856 2856 4910 statim
2900 4856 3231 4926 naufragium
3281 4859 3496 4926 patitur,
3552 4860 3774 4929 perinde

2185 4948 2411 5002 afficitur
2455 4948 2660 5012 dolore,
2714 4955 2872 5014 atque
2919 4948 2962 5001 is
3005 4949 3092 5017 qui
3139 4959 3259 5019 post
3292 4951 3484 5006 multas
3531 4963 3771 5023 peractas

2189 5041 2573 5108 negotiationes
2628 5041 2679 5093 in
2722 5040 2997 5109 scopulum
3042 5041 3305 5112 impingit.
3360 5044 3574 5112 Tertio,
3630 5047 3768 5115 quod

2188 5142 2303 5200 post
2336 5140 2508 5185 tantas
2550 5131 2804 5186 collectas
2853 5132 3063 5186 divitias
3108 5133 3160 5189 id
3205 5151 3391 5205 passus
3427 5139 3494 5192 sit
3529 5156 3540 5190 :
3571 5139 3764 5193 ctenim

2187 5242 2290 5278 non
2322 5240 2496 5292 parvw
2524 5223 2594 5278 illi
2630 5234 2754 5277 tunc
2779 5223 3000 5281 aderant
3035 5227 3295 5282 mercium
3323 5231 3580 5292 sarcimc;
3617 5245 3765 5282 nem-

2187 5330 2254 5384 pe
2290 5314 2378 5369 illa
2407 5330 2524 5384 qua:
2555 5315 2602 5367 in
2639 5315 2883 5382 priuueva
2916 5327 3072 5371 :ctate
3101 5328 3365 5388 gesserat,
3418 5335 3538 5374 cum
3591 5327 3769 5387 pastor

2185 5417 2362 5473 esset;
2412 5423 2586 5477 pugna
2627 5417 2813 5463 contra
2870 5409 3200 5477 Goliathum,
3265 5427 3385 5467 cum
3431 5411 3767 5480 splendidum

2185 5502 2355 5556 erexit
2383 5510 2637 5570 tropis-um
2671 5520 2684 5553 :
2719 5503 3050 5572 philosophia
3085 5505 3170 5557 illa
3201 5519 3358 5574 quam
3381 5503 3620 5559 exhibuit
3641 5519 3766 5574 erga

2183 5591 2418 5647 Saﬁlem.
2438 5591 2804 5661 Evangelicam
2834 5595 2974 5648 enim
3002 5593 3236 5648 osseudit
3257 5591 3765 5660 magnanimitatem,

2184 5698 2305 5737 cum
2351 5684 2648 5739 sexcenties
2689 5683 2894 5739 hostem
2943 5700 3050 5752 pra:
3090 5683 3333 5737 manibus
3372 5683 3633 5751 habuerit,
3682 5687 3765 5740 eui

2187 5788 2398 5844 semper
2422 5776 2693 5845 pepercit;
2727 5775 3013 5842 maluitque
3038 5774 3278 5842 patriam,
3313 5775 3631 5844 libertatem,
3658 5777 3765 5832 into
