4050 6220
378 251 480 307 513

378 374 538 422 vitam
570 367 835 430 amittere.
866 383 1024 439 quam
1056 368 1152 423 sibi
1198 370 1391 437 injuste
1434 368 1765 422 insidiantem
1790 368 1959 422 inter-

379 458 561 514 ficere.
584 454 713 511 Post
740 457 987 528 adeptum
1016 473 1224 529 quoque
1244 474 1463 526 regnum
1492 473 1596 512 non
1628 474 1783 527 parva
1818 471 1962 513 recte

382 550 570 619 gessit.
620 551 790 619 Supra
839 549 1145 603 memoratis
1190 548 1432 602 addenda
1460 549 1574 616 ejus
1608 549 1747 618 apud
1774 563 1961 603 omnes

376 640 717 704 existimatio,
754 655 873 697 nam
901 638 1041 710 qttod
1070 655 1099 693 a
1132 648 1275 693 tanta
1302 639 1467 709 gloria
1495 640 1796 705 excidisset,
1853 656 1957 694 non

378 746 595 797 parvum
644 730 803 785 animi
846 740 1045 785 motum
1092 730 1329 786 excitare
1373 739 1603 802 poterat.
1656 731 1769 786 Non
1814 733 1957 788 enim

377 830 579 873 tantum
610 821 833 877 ornabat
860 836 1108 892 purpura:
1129 821 1314 884 decus.
1340 830 1594 893 quantum
1621 822 1824 892 pudore
1845 823 1957 877 suf-

374 911 625 966 fundebat
656 912 854 982 peccati
883 914 1012 968 tanti
1040 914 1265 968 macula.

443 1004 496 1057 8.
537 1000 698 1059 Scitis
748 1019 910 1074 porro
962 1021 1121 1075 quam
1170 1020 1410 1060 amarum
1454 1006 1524 1060 sit
1570 1020 1688 1060 cum
1742 1016 1954 1075 peccata

371 1095 711 1165 evulgautur,
762 1106 816 1150 et
860 1105 1058 1166 quanto
1100 1096 1169 1150 sit
1210 1111 1345 1167 opus
1382 1097 1582 1160 animo,
1616 1107 1728 1150 uta
1776 1098 1956 1150 multis

368 1198 652 1247 accusatus
687 1190 790 1253 vir,
838 1198 1022 1260 totque
1068 1190 1272 1246 habens
1312 1190 1572 1246 scelerum
1618 1199 1804 1256 testes,
1850 1206 1954 1244 non

370 1295 592 1351 prorsus
617 1281 883 1336 concidat.
916 1285 1161 1337 Attamen
1189 1291 1437 1338 strenuus
1476 1281 1564 1336 ille
1591 1282 1692 1347 vir,
1722 1282 1824 1335 tela
1858 1283 1952 1335 ist~

372 1372 488 1428 haec
517 1373 692 1426 omnia
730 1372 799 1427 ab
829 1373 1006 1426 anima
1034 1389 1126 1426 sna
1154 1372 1367 1437 evulsit,
1413 1372 1710 1442 deindeque
1741 1373 1807 1425 ita
1843 1373 1953 1427 cla-

372 1466 496 1529 ruit,
544 1465 615 1520 ita
657 1464 892 1519 maculas
936 1464 1104 1529 eluit,
1148 1464 1219 1519 ita
1272 1464 1504 1519 mundus
1543 1464 1823 1535 apparuit,
1897 1474 1953 1517 ut

367 1558 527 1612 etiam
576 1567 696 1627 post
746 1565 972 1610 mortem
1016 1566 1269 1626 nepotum
1295 1571 1515 1612 suorum
1552 1566 1766 1627 peccata
1797 1557 1950 1611 obte-

365 1658 517 1719 geret
545 1664 558 1703 :
588 1657 642 1704 et
667 1649 807 1719 quod
840 1648 907 1704 de
940 1648 1245 1703 Abrahamo
1270 1648 1481 1704 dixerat
1506 1649 1662 1711 Deus,
1712 1648 1762 1703 id
1792 1649 1951 1703 etiam

366 1742 433 1798 dc
477 1742 567 1796 illo
615 1742 909 1812 proferret;
952 1744 1058 1798 imo
1104 1742 1269 1797 multo
1314 1744 1481 1813 magis
1521 1742 1588 1797 de
1624 1742 1842 1798 Davide.
1880 1742 1954 1798 De

364 1834 666 1903 patriarcha
708 1835 852 1889 enim
891 1834 965 1889 ait
1014 1852 1027 1888 :
1075 1833 1387 1888 Recordatus
1408 1850 1521 1887 sum
1551 1835 1832 1887 testamenti
1858 1835 1954 1887 mei

364 1926 499 1996 quod
528 1928 622 1997 fuit
651 1926 720 1979 ad
741 1926 997 1980 Abraham
1021 1925 1216 1995 (Exod.
1238 1926 1294 1979 â€˜2.
1320 1925 1447 1993 24);
1478 1924 1563 1980 hic
1590 1940 1717 1980 vero
1746 1940 1848 1977 non
1871 1924 1949 1977 lo-

363 2016 543 2086 quitur
568 2015 636 2071 dc
666 2024 986 2071 testamento
1020 2033 1032 2069 :
1064 2015 1158 2070 sed
1188 2015 1355 2085 quid?
1387 2013 1605 2084 Propter
1636 2014 1801 2068 David
1821 2032 1950 2083 pue-

365 2124 481 2161 rum
519 2124 685 2160 meum
730 2116 989 2178 protegam
1033 2107 1164 2161 lianc
1206 2107 1455 2163 civitatem
1500 2104 1667 2175 (lsai.
1700 2107 1788 2161 57.
1815 2107 1885 2162 35

362 2200 701 2259 Salomonem
727 2197 887 2252 etiam
915 2196 1002 2267 qni
1036 2205 1179 2251 tanta
1214 2196 1415 2253 scelera
1443 2196 1677 2263 admisit,
1706 2196 1775 2252 ob
1799 2211 1948 2249 suam

363 2303 489 2359 erga
537 2289 786 2344 Davidem
828 2288 1253 2345 benevolentiam
1305 2304 1412 2343 non
1451 2288 1693 2359 permisit
1740 2289 1880 2343 Deus
1920 2303 1952 2343 e

365 2396 527 2450 regno
566 2380 833 2435 excidere.
886 2379 1164 2449 Tantaque
1202 2388 1317 2435 erat
1351 2378 1450 2434 viri
1497 2379 1843 2440 existimatio.
1894 2387 1952 2433 ut

364 2481 480 2541 post
513 2481 587 2525 tot
623 2485 792 2541 annos
836 2470 1025 2526 Petrus
1065 2470 1120 2525 in
1153 2471 1409 2526 concione
1450 2471 1517 2525 ad
1556 2469 1769 2526 Judmos
1808 2470 1949 2525 diccv

364 2575 447 2620 ret
483 2581 499 2618 :
532 2562 703 2618 Liceat
743 2564 989 2618 audenter
1015 2564 1181 2619 dicere
1220 2563 1289 2618 ad
1316 2579 1402 2618 vos
1432 2563 1495 2618 de
1522 2563 1812 2633 patriarcha
1835 2562 1948 2615 Da-

363 2656 468 2721 vid,
501 2655 739 2725 quoniam
784 2654 1048 2721 defunctus
1082 2663 1153 2709 est
1202 2662 1248 2709 et
1303 2653 1527 2724 sepultus
1583 2653 1716 2725 (Act.
1747 2652 1800 2708 2.
1830 2652 1946 2724 29).

359 2746 605 2803 Christus
658 2762 870 2818 quoque
919 2745 1133 2803 Judatos
1185 2746 1488 2818 alloquens,
1542 2743 1778 2800 ostendit
1827 2760 1947 2799 eum

360 2838 520 2893 etiam
562 2847 683 2908 post
725 2848 1001 2908 peccatum
1046 2839 1116 2893 ita
1162 2838 1393 2907 Spiritus
1437 2838 1604 2907 gratia
1647 2836 1945 2907 dignatum,

362 2942 417 2986 ut
462 2930 624 2986 etiam
672 2929 740 2985 de
790 2930 957 3000 ipsius
1003 2928 1278 2985 divinitate
1325 2928 1657 2998 prophetiam
1706 2927 1950 2983 emittere

362 3022 616 3078 meruerit
666 3040 679 3077 :
725 3021 956 3093 indeque
999 3022 1235 3092 ipsorum
1262 3034 1356 3076 ora
1383 3020 1641 3075 obturans
1686 3018 1894 3073 dicebat
1931 3036 1943 3071 :

365 3114 631 3182 Quomodo
673 3131 792 3186 ergo
832 3112 1000 3168 David
1040 3114 1095 3168 in
1135 3111 1318 3183 spiritu
1341 3120 1484 3165 vocat
1512 3126 1625 3165 eum
1652 3109 1945 3173 Dominum,

360 3208 550 3273 dicens,
596 3206 740 3260 Dixit
781 3205 1025 3260 Dominus
1071 3204 1292 3258 Domino
1334 3218 1475 3267 meo,
1519 3201 1654 3257 Sede
1697 3217 1729 3254 a
1758 3202 1949 3257 dextris

359 3299 480 3351 meis
514 3295 724 3369 (Matth.
751 3296 845 3351 22.
877 3296 1015 3365 45)?
1043 3295 1111 3350 Et
1134 3294 1275 3365 quod
1309 3295 1359 3348 in
1380 3294 1560 3365 Moyse
1587 3292 1783 3347 factum
1822 3302 1906 3348 est
1929 3335 1945 3361 ,

361 3387 463 3441 hoc
488 3387 648 3441 etiam
678 3386 729 3439 in
759 3384 977 3441 Davide.
1024 3383 1483 3451 Quemadmodum
1526 3384 1669 3438 enim
1702 3382 1943 3450 Mariam,

358 3477 524 3532 invito
552 3476 712 3532 etiam
737 3476 937 3549 Moyse,
965 3476 1244 3547 castigavit
1289 3476 1446 3544 Deus,
1470 3490 1535 3531 eo
1560 3475 1701 3547 quod
1725 3475 1942 3530 fratrem

1120 257 1176 311 S.
1219 256 1494 312 JOANNIS
1532 254 2002 312 CllRYSOSTOMl
2038 255 2351 312 ARCIIIEP.
2391 254 2922 312 CONSTANTINOP.

3538 267 3641 319 5N

2070 375 2393 429 contumelia
2415 374 2700 436 allecisset.
2726 376 2850 445 quia
2875 390 3069 445 nempe
3092 384 3339 429 sanctum
3364 374 3512 429 illum
3538 377 3637 428 ad-

2069 466 2288 521 modum
2318 466 2571 537 diligebat
2601 484 2613 520 :
2648 468 2746 528 sic,
2779 476 2833 520 et
2862 468 2964 521 hoc
2996 466 3235 531 nolente,
3270 466 3436 521 lilium
3466 467 3645 519 rebel-

2065 558 2169 611 lem
2196 559 2338 613 ultus
2366 571 2466 614 est.
2495 559 2617 613 [hec
2642 576 2763 613 cum
2786 560 2924 622 aliis,
2958 560 3066 613 imo
3094 577 3204 630 pra:
3231 560 3371 623 aliis,
3404 560 3499 612 viri
3529 559 3644 612 vir-

2067 659 2232 703 tutem
2270 652 2397 705 satis
2436 651 2725 705 declarant.
2776 649 2905 704 Nam
2941 666 3064 704 cum
3103 650 3242 704 Deus
3274 649 3378 703 fert
3413 659 3642 703 senten-

2065 739 2214 797 tiam.
2248 740 2381 793 nihil
2410 741 2546 795 ultra
2579 741 2989 808 explorandum.
3028 740 3083 793 Si
3116 740 3279 793 vultis
3312 749 3493 793 autem
3521 740 3640 807 ejus

2064 823 2448 895 philosophiam
2491 824 2788 879 minutatim
2820 823 3083 891 ediscere,
3122 822 3245 877 licet
3273 823 3641 892 percurrenti-

2061 914 2159 969 hus
2211 915 2482 969 historiam
2539 930 2722 969 eorum
2770 929 2886 983 qua:
2933 923 3053 983 pest
3097 921 3371 982 peccatum
3422 912 3583 981 gessit
3624 955 3639 976 ,

2059 1007 2239 1062 videre
2284 1019 2531 1075 quantam
2579 1006 2667 1059 ille
2704 1004 2841 1073 apud
2874 1005 3035 1057 Deum
3078 1002 3321 1057 fiduciam
3350 1002 3591 1057 habuerit
3621 1044 3638 1066 ,

2059 1107 2253 1168 quanta
2294 1098 2410 1167 ejus
2452 1097 2819 1152 benevolentia
2857 1096 3103 1166 dignatus
3143 1096 3233 1159 sit,
3281 1102 3536 1164 quantum
3582 1094 3637 1145 in

2060 1191 2252 1246 virtute
2275 1192 2576 1261 profecerit,
2605 1208 2762 1263 quam
2791 1200 2936 1246 recte
2962 1190 3029 1244 ad
3058 1189 3300 1244 ultimum
3331 1203 3496 1257 usque
3526 1189 3639 1256 spi-

2058 1284 2215 1338 ritum
2239 1283 2448 1338 vixerit.
2477 1283 2570 1337 llis
2597 1284 2756 1353 igitur
2777 1281 3037 1351 exemplis
3063 1279 3307 1343 instituti,
3330 1279 3634 1347 vigilemus,

2057 1389 2445 1443 caveamusque
2473 1389 2539 1428 ne
2569 1373 2812 1427 labamur
2844 1390 2858 1426 :
2898 1371 3038 1442 quod
3066 1373 3108 1426 si
3136 1370 3349 1441 quando
3374 1368 3477 1423 labi
3506 1384 3640 1424 con-

2058 1466 2244 1536 tingat,
2292 1480 2361 1520 ne
2406 1465 2654 1535 prostrati
2687 1465 2978 1534 jaceamus.
3034 1463 3215 1533 Neque
3254 1464 3393 1516 enim
3416 1473 3636 1532 peccata

2058 1556 2271 1611 Davidis
2299 1557 2542 1625 exposui,
2583 1565 2641 1611 ut
2669 1572 2764 1610 vos
2794 1556 2844 1609 in
2872 1555 3148 1625 segnitiem
3175 1554 3454 1623 conjiciam
3479 1570 3494 1616 ;
3538 1554 3636 1607 sed

2057 1657 2114 1701 ut
2143 1647 2387 1703 timorem
2414 1648 2686 1703 incutiam.
2722 1645 2853 1701 Nam
2884 1647 2927 1702 si
2954 1645 3128 1717 justus
3160 1645 3270 1711 ille,
3298 1647 3421 1715 quia
3450 1660 3639 1714 parum

2056 1739 2319 1809 neglexit,
2370 1748 2447 1793 tot
2488 1739 2698 1809 excepit
2738 1738 2977 1804 vulnera,
3028 1736 3152 1808 quid
3194 1738 3400 1808 passuri
3450 1751 3643 1793 sumus

2055 1847 2173 1898 nos,
2203 1832 2291 1902 qui
2318 1832 2553 1902 quotidie
2580 1846 2771 1901 segnes
2796 1832 3022 1886 sumus?
3063 1830 3139 1885 Ne
3164 1831 3369 1901 cogites
3406 1845 3534 1900 ergo
3561 1830 3644 1883 la-

2056 1940 2207 1995 psum
2249 1926 2391 1979 illum
2429 1939 2569 1989 esse,
2603 1933 2658 1978 ut
2705 1924 2827 1978 hinc
2870 1924 3140 1993 negligens
3165 1922 3358 1977 evadas
3386 1938 3400 1981 :
3433 1921 3526 1976 sed
3553 1930 3639 1974 te-

2054 2031 2174 2072 cum
2204 2024 2389 2085 reputa
2419 2025 2547 2085 quot
2569 2024 2869 2085 quantaque
2896 2024 3077 2084 postea
3111 2013 3311 2076 fecerit,
3368 2022 3498 2082 quot
3541 2014 3642 2066 tle-

2055 2118 2159 2175 tus,
2192 2115 2444 2179 quantam
2484 2106 2850 2177 paanitentiam
2895 2116 3048 2161 nocte
3080 2105 3273 2175 dieque
3298 2104 3641 2170 exhibuerit,

2054 2200 2226 2255 fontes
2267 2199 2622 2271 lacrymarum
2673 2200 2942 2265 emittens,
2991 2198 3160 2266 iisque
3207 2197 3391 2252 lavans
3441 2197 3638 2251 lectum

2052 2308 2236 2356 suum;
2287 2301 2340 2347 et
2378 2292 2491 2345 hzcc
2535 2305 2690 2345 sacco
2740 2283 2989 2345 indutus.â€™
3030 2288 3086 2343 Si
3126 2297 3303 2343 autem
3351 2287 3441 2342 ille
3488 2296 3636 2343 tanta

2052 2385 2257 2454 eguerit
2284 2382 2658 2445 conversione,
2687 2396 2788 2451 qua
2820 2380 3026 2435 ratione
3054 2379 3345 2449 poterimus
3372 2392 3471 2432 nos
3493 2379 3640 2431 saln-

2054 2487 2158 2532 tem
2190 2476 2464 2545 consequi,
2514 2485 2634 2544 post
2672 2482 2750 2528 tot
2781 2484 2996 2543 peccata
3029 2472 3178 2526 nullo
3201 2470 3506 2540 compuncti
3534 2467 3637 2522 do-

2052 2568 2203 2623 lore?
2232 2566 2360 2620 Nam
2393 2566 2480 2636 qui
2528 2564 2707 2618 multis
2735 2564 2988 2634 operibus
3016 2563 3171 2617 bouis
3197 2563 3485 2616 instructus
3530 2569 3635 2623 est,

2052 2660 2205 2715 facile
2247 2659 2413 2729 possit
2460 2658 2585 2712 hinc
2625 2666 2839 2728 peccata
2887 2671 2981 2710 sua
3010 2655 3262 2725 obtegere
3295 2671 3308 2707 :
3339 2654 3429 2724 qui
3455 2662 3638 2707 autem

2053 2751 2224 2806 nudus
2267 2759 2369 2815 est,
2416 2763 2748 2819 quocumque
2788 2747 2894 2802 telo
2932 2747 3240 2816 impetatur.
3273 2745 3485 2800 letalem
3517 2743 3637 2812 pla-

2051 2859 2171 2913 gam
2202 2842 2414 2910 accipit.
2465 2839 2542 2894 Ne
2570 2839 2727 2909 igitur
2754 2837 2853 2892 hoc
2883 2838 3109 2902 accidat,
3144 2852 3241 2890 nos
3270 2835 3425 2890 bonis
3452 2836 3639 2906 operi-

2049 2935 2192 2991 husâ€˜
2244 2934 2564 2997 muniamus,
2616 2942 2670 2987 et
2714 2931 2756 2985 si
2800 2930 2941 2999 quod
2981 2939 3260 3000 peccatum
3288 2928 3635 2991 admittatur,

2050 3023 2329 3080 confeSIim
2361 3038 2458 3078 nos
2488 3023 2801 3085 abluamus;
2837 3031 2893 3075 ut
2924 3020 3022 3076 hac
3060 3021 3163 3075 vita
3195 3020 3261 3074 ad
3290 3020 3382 3074 Dei
3409 3018 3639 3089 gloriam

2051 3126 2288 3188 peracta,
2334 3116 2507 3170 futura
2540 3115 2627 3169 illa
2662 3114 2899 3168 fruamur
2927 3114 3032 3167 vita
3065 3130 3077 3166 :
3108 3127 3265 3181 quam
3308 3125 3405 3165 nos
3444 3124 3640 3166 omnes

2050 3209 2269 3277 assequi
2299 3207 2592 3276 contingat.
2620 3206 2785 3276 gratia
2815 3214 2868 3259 et
2890 3204 3215 3275 benignitate
3239 3202 3445 3256 Domini
3467 3204 3640 3256 nostri

2048 3299 2173 3355 Jesu
2205 3299 2423 3365 Christi,
2454 3298 2538 3353 cui
2559 3297 2731 3368 gloria
2760 3306 2815 3352 et
2841 3296 3121 3365 imperium
3154 3294 3206 3348 iu
3236 3293 3429 3349 smcula
3458 3307 3637 3347 8.130"-

2052 3392 2247 3446 lorum.
2280 3393 2474 3445 Amen.

2115 3484 2130 3514 á½·
2170 3481 2225 3530 1Î·
2248 3480 2410 3530 Morel.
2436 3479 2558 3539 solo,
2576 3478 2654 3528 lue
2680 3490 2841 3535 voces,
2867 3475 2998 3527 bonis
3018 3474 3259 3538 operibus,
3282 3473 3509 3523 deerant.

366 3599 3636 3626 ________________________________________________

1432 3706 1779 3769 HOMILIA
1829 3707 2097 3769 XXVII.
2140 3706 2227 3768 al.
2273 3703 2572 3765 XXVIII.

356 3824 486 3883 Car.
543 3829 594 3883 8.
650 3844 699 3879 v.
754 3829 839 3882 M.
896 3826 961 3880 Et
1011 3842 1127 3880 cum
1181 3826 1391 3881 venisset
1436 3824 1585 3880 Iesus
1630 3828 1684 3881 in
1739 3826 1944 3880 domum

431 3919 592 3982 Petri,
637 3920 759 3973 vidit
797 3935 998 3973 socrum
1041 3919 1151 3990 ejus
1184 3918 1435 3989 jacentem
1461 3927 1508 3972 et
1542 3918 1945 3989 febricitantem:

430 4012 516 4065 l5.
557 4020 604 4063 et
644 4010 800 4082 tetigit
831 4026 1036 4063 manant
1076 4010 1206 4080 ejus,
1236 4018 1285 4064 et
1309 4010 1511 4080 reliquit
1542 4026 1654 4065 eam
1682 4010 1834 4080 febris
1856 4027 1875 4065 :
1900 4020 1946 4066 et

427 4102 645 4156 surrexit
673 4110 718 4155 et
746 4100 1059 4155 ministrabat
1085 4100 1149 4155 ei.

428 4194 481 4247 1.
526 4192 733 4247 Marcus
780 4202 837 4247 ut
877 4200 1089 4263 tempus
1136 4192 1499 4262 significaret,
1535 4192 1707 4257 dixit,
1760 4192 1946 4247 Statim

355 4285 375 4352 (
402 4280 565 4337 Merc.
597 4284 650 4339 â€˜l.
679 4283 741 4338 5i
765 4284 818 4351 ):
857 4282 945 4338 hic
972 4298 1098 4337 vero
1141 4283 1350 4352 signum
1383 4284 1719 4339 solummodo
1751 4285 1945 4353 posuit,

360 4386 675 4445 tempusque
704 4389 809 4429 non
838 4373 1060 4429 notavit.
1091 4374 1193 4429 Alii
1218 4383 1395 4429 autem
1424 4374 1625 4443 dicunt,
1645 4392 1841 4446 aegram
1863 4377 1950 4433 de-

359 4468 698 4522 eumbentem
746 4481 964 4538 rogasse
1011 4466 1159 4520 illum
1200 4483 1212 4519 :
1260 4466 1347 4521 hic
1395 4482 1556 4536 porro
1610 4467 1736 4522 illud
1788 4470 1946 4524 etiam

360 4560 543 4613 tacuit.
590 4559 645 4613 ln
689 4573 791 4630 qua
831 4573 891 4613 re
922 4567 1096 4613 tamen
1147 4558 1289 4612 nulla
1324 4561 1406 4612 ÏƒÎµÎ¹
1431 4557 1821 4628 discrepantia;
1854 4561 1947 4615 sed

358 4650 502 4704 aliud
541 4660 626 4705 est
673 4649 967 4717 brevitatis,
1012 4650 1154 4705 aliud
1198 4650 1448 4720 plenioris
1476 4651 1816 4706 narrationis.
1844 4650 1948 4707 Sed

361 4758 457 4797 cur
486 4745 758 4814 ingressus
786 4752 869 4800 est
894 4743 946 4800 in
990 4743 1206 4798 domum
1252 4744 1432 4797 Petri?
1466 4742 1591 4797 Mihi
1623 4743 1835 4812 quidem
1867 4746 1949 4799 vi-

363 4832 519 4887 detur
544 4874 561 4901 ,
592 4841 652 4888 ut
692 4834 870 4890 cibum
910 4844 1150 4891 sumeret
1180 4852 1193 4889 :
1222 4834 1272 4889 id
1318 4832 1461 4903 quod
1504 4831 1786 4904 signiï¬cat,
1828 4849 1947 4889 cmn

362 4926 436 4977 ait
464 4940 477 4977 :
507 4922 764 4992 Surrexit,
795 4935 843 4978 et
874 4926 1187 4980 ministrabat
1222 4926 1287 4980 ei.
1317 4924 1447 4979 Nam
1487 4925 1625 4995 apud
1662 4924 1951 4996 discipulos

362 5015 683 5081 divertebat,
717 5023 850 5070 utet
874 5016 1012 5087 apud
1042 5016 1365 5083 Matthteum,
1391 5016 1603 5087 quando
1626 5016 1770 5071 illum
1797 5031 1951 5072 V'OC-â€˜l-

362 5110 458 5175 vit,
483 5108 688 5163 honore
715 5107 836 5163 illos
854 5109 1094 5164 alliciens
1123 5118 1179 5163 ut
1197 5111 1543 5164 studiosiores
1574 5109 1837 5163 redderet.
1871 5110 1948 5163 Tu

368 5215 495 5255 vero
525 5199 611 5255 hic
635 5198 766 5254 mihi
791 5199 1099 5255 consideres
1127 5203 1281 5255 velim
1312 5201 1451 5255 Petri
1477 5216 1601 5271 erga
1624 5200 1772 5255 illum
1801 5215 1949 5271 reve-

364 5292 612 5348 rentiam.
644 5291 777 5347 Cum
818 5291 960 5346 enim
991 5306 1202 5347 socrum
1246 5292 1468 5348 haberet
1504 5292 1647 5347 domi
1686 5292 1950 5363 jacentem

366 5396 419 5439 et
444 5383 729 5440 admodum
765 5382 1176 5449 febricitantem,
1218 5400 1323 5438 non
1365 5385 1526 5439 traxit
1562 5399 1683 5440 eum
1711 5385 1949 5452 domum,

367 5479 461 5532 sed
507 5476 839 5549 exspectavit
883 5477 1057 5533 donec
1094 5476 1350 5532 doctrinae
1382 5479 1687 5547 praedicatio
1710 5478 1954 5535 absolve-

368 5579 536 5636 retur,
578 5571 868 5641 caaterique
906 5583 1094 5624 omnes
1138 5579 1475 5631 sanarentur,
1505 5578 1559 5627 et
1584 5580 1709 5625 tunc
1737 5569 1951 5626 demum

370 5671 491 5711 cum
522 5661 791 5729 intrasset,
822 5659 968 5715 á¼±Î™Î™Î¹Î·Î¹Î¹
999 5660 1221 5731 rogavit.
1248 5659 1334 5715 Sic
1362 5659 1428 5713 ab
1447 5661 1601 5716 initio
1635 5662 1946 5717 institueba-

2054 3836 2154 3889 tur,
2183 3835 2243 3879 ut
2272 3839 2357 3879 res
2395 3823 2621 3877 aliorum
2658 3822 2767 3877 suis
2792 3829 3161 3891 anteponeret.
3189 3821 3367 3891 Itaque
3397 3837 3501 3874 non
3533 3816 3639 3869 Pe-

2053 3927 2164 3972 lrns
2190 3917 2361 3986 ipsum
2381 3915 2613 3977 induxit,
2636 3912 2728 3969 sed
2747 3915 2857 3983 ipse
2879 3923 3070 3982 sponte
3087 3913 3324 3978 intravit,
3356 3925 3638 3981 poSIquam

2050 4009 2293 4064 centurio
2312 4008 2518 4062 dixerat
2549 4025 2561 4059 :
2588 4004 2708 4060 Non
2730 4022 2840 4059 sum
2857 4008 3061 4073 dignus,
3088 4016 3141 4058 ut
3163 4006 3316 4059 intres
3335 4004 3428 4059 sub
3453 4015 3639 4060 tectum

2052 4116 2253 4163 meum;
2293 4100 2573 4154 declarans
2626 4107 2879 4168 quantum
2924 4095 3308 4167 gratificaretur
3348 4096 3615 4166 discipulo

2053 4194 2209 4264 Atqui
2236 4193 2544 4247 consideres
2573 4193 2730 4247 velim
2759 4190 2945 4261 quales
2968 4198 3149 4244 essent
3184 4189 3504 4258 piscatorum
3535 4189 3638 4241 ho-

2010 4341 2025 4355 ,
2053 4302 2235 4342 rumce
2258 4287 2431 4350 ardes;
2463 4294 2695 4339 attamen
2726 4284 2778 4339 in
2828 4284 3037 4338 illorum
3068 4283 3270 4353 tuguria
3303 4283 3502 4336 intrare
3530 4298 3636 4335 non

2050 4380 2366 4449 dedignatus
2395 4389 2509 4439 est:
2534 4395 2640 4448 quo
2663 4393 2758 4432 nos
2779 4377 2999 4432 doceret
3024 4385 3081 4430 ut
3106 4376 3158 4430 in
3180 4376 3426 4430 omnibus
3443 4374 3637 4429 fastum

2053 4473 2317 4529 calcemus
2350 4472 2657 4525 humanum.
2707 4470 2772 4524 Et
2799 4468 2959 4523 modo
2987 4468 3199 4540 quidem
3228 4467 3405 4522 verbis
3432 4476 3637 4521 tantum

2053 4574 2226 4629 sanat,
2262 4564 2421 4618 modo
2459 4579 2673 4618 manum
2715 4563 2959 4633 porrigit,
2993 4561 3153 4617 modo
3183 4571 3465 4632 utrumque
3497 4576 3639 4629 pra:-

2054 4662 2177 4717 stat,
2212 4652 2528 4708 medicinam
2556 4651 2627 4706 ob
2656 4652 2843 4707 oculos
2868 4651 3087 4707 ducens.
3120 4651 3237 4706 Non
3256 4651 3399 4707 enim
3426 4650 3640 4706 volebat
3664 4690 3675 4697 .

2054 4761 2268 4815 semper
2313 4744 2576 4815 stupenda
2616 4745 2775 4799 modo
2826 4744 3079 4798 miracula
3125 4743 3308 4798 edere.
3350 4742 3641 4811 Oportebat

2053 4839 2248 4908 quippe
2271 4838 2480 4891 interim
2504 4837 2687 4901 latere,
2712 4837 2942 4892 maxime
2961 4835 3317 4905 praesentibus
3339 4834 3637 4903 discipulis,

2054 4931 2142 5000 qui
2172 4945 2236 4984 ex
2271 4929 2433 4985 nimio
2472 4930 2665 5000 gaudio
2690 4929 2865 4983 omnia
2903 4929 3300 4997 praedicassent.
3335 4928 3467 4983 lllud
3512 4942 3640 4983 vero

2057 5022 2177 5078 hinc
2207 5023 2373 5091 palum
2402 5031 2503 5087 est,
2537 5022 2676 5093 quod
2711 5032 2984 5093 postquam
3033 5024 3266 5077 venisset
3301 5022 3352 5076 in
3380 5029 3639 5087 montem,

2056 5114 2367 5184 prazciperct
2395 5115 2690 5184 discipulis,
2729 5131 2795 5170 ue
2821 5116 2904 5168 cui
2934 5114 2983 5168 id
3015 5114 3271 5169 dicerent.
3293 5114 3489 5183 Tetigit
3512 5131 3641 5181 ergo

2055 5222 2271 5275 corpus,
2305 5222 2479 5274 neque
2507 5205 2665 5260 modo
2697 5206 2884 5261 febrim
2917 5207 3193 5268 exstinxit.
3228 5205 3320 5261 sed
3350 5215 3405 5260 et
3438 5206 3641 5260 valetu-

2055 5297 2235 5353 dinem
2279 5298 2434 5367 plene
2476 5297 2740 5352 restituit:
2768 5299 2891 5367 quia
2919 5299 3061 5353 enim
3103 5298 3234 5353 levis
3256 5306 3372 5353 erat
3398 5298 3636 5359 morbus,

2056 5405 2122 5445 ex
2147 5388 2393 5444 medendi
2431 5387 2590 5445 modo
2614 5388 2901 5460 potentiam
2942 5402 3093 5446 suam
3116 5386 3377 5455 ostendit;
3419 5387 3474 5443 id
3499 5384 3641 5459 quod

2056 5495 2144 5535 ars
2174 5478 2450 5535 medicime
2476 5494 2582 5535 non
2607 5478 2841 5536 fecisset.

2131 5570 2371 5627 Christus
2387 5570 2621 5626 celeriter
2635 5570 2835 5625 morbos
2850 5568 3378 5642 auferebat.â€”Scitis
3393 5579 3640 5625 cessante

2062 5662 2211 5718 febre
2237 5663 2406 5718 multo
2434 5672 2675 5734 tempore
2701 5679 2836 5732 opus
2856 5678 2995 5727 esse,
3033 5674 3088 5718 ut
3109 5663 3235 5735 :cgri
3266 5661 3318 5716 in
3352 5662 3634 5734 pristinam
