4050 6220
303 312 405 369 ὖᾷὅ

305 425 664 485 valetudinem
692 417 1055 477 restituantur.
1076 406 1184 465 Sed
1211 414 1334 462 tunc
1355 400 1534 457 omnia
1558 394 1713 452 simul
1738 392 1877 447 facta

307 480 602 576 sunt—.Non
641 511 730 566 hic
755 515 928 563 autem
969 500 1166 566 solum,
1198 495 1293 551 sed
1319 493 1477 548 etiam
1509 489 1559 542 in
1587 484 1741 541 mari.
1771 480 1885 535 lllic

309 610 451 666 enim
481 620 586 661 non
616 610 802 658 ventos
831 604 1033 651 tantum
1059 604 1115 647 et
1140 592 1508 657 tempestatem
1533 576 1763 637 sedavit,
1789 570 1885 628 sed

312 702 475 758 etiam
498 706 697 753 motum
715 692 963 746 ﬂuctuum
989 683 1168 740 statim
1190 672 1525 746 compressit,
1552 667 1692 739 quod
1714 666 1887 734 ipsum

315 792 475 849 etiam
503 786 769 843 insolitum
794 788 910 837 erat
938 794 953 831 :
982 772 1189 832 etiamsi
1217 768 1361 825 enim
1387 769 1673 833 tempestas
1692 763 1885 819 cesset,

320 847 483 938 multo
510 884 695 950 postea
740 884 982 942 tempore
1024 865 1181 922 unda:
1219 863 1495 916 ﬂuctuant.
1532 853 1639 909 Sed
1674 864 1779 907 non
1821 847 1895 901 ita

322 946 528 1030 Christi.
553 966 721 1039 jussio
761 969 1047 1034 operatur:
1075 955 1253 1013 omnia
1279 951 1419 1009 enim
1450 946 1626 1003 statim
1662 947 1894 1005 cessant,

322 1073 379 1119 ut
403 1065 455 1117 in
479 1032 703 1116 muliere
728 1032 924 1112 factum
946 1062 1049 1109 est.
1075 1051 1143 1105 Et
1162 1049 1264 1103 hoc
1283 1045 1561 1101 declarans
1579 1032 1898 1105 evangelista

319 1156 528 1210 dicebat
553 1171 568 1207 :
595 1150 848 1213 Surrexit,
890 1155 936 1201 et
960 1140 1270 1199 ministrabat
1296 1138 1372 1200 ei;
1396 1133 1536 1205 quod
1562 1127 1761 1185 Christi
1788 1125 1899 1179 vir-

322 1248 451 1301 tutis
479 1245 688 1315 signum
730 1248 872 1304 erat,
916 1250 1127 1292 necnon
1166 1231 1387 1287 allectus
1430 1223 1691 1284 mulieris,
1740 1231 1899 1288 quem

321 1353 450 1407 erga
477 1307 743 1392 Christum
765 1328 1025 1387 exhibuit.
1065 1323 1230 1380 Aliud
1253 1333 1463 1392 quoque
1494 1316 1617 1370 hinc
1647 1307 1903 1381 perspici-

325 1445 465 1495 mus,
498 1440 689 1496 nempe
726 1424 950 1478 aliorum
972 1418 1093 1475 ﬁdei
1125 1416 1395 1472 Christum
1418 1411 1643 1466 aliorum
1670 1402 1904 1459 curatio-

327 1536 447 1576 nem
460 1513 921 1576 concedere.Nam
934 1512 1020 1566 hic
1029 1510 1122 1565 alii
1134 1509 1303 1577 ipsum
1316 1503 1593 1574 rogabant,
1612 1496 1835 1554 utetiam
1853 1494 1906 1547 in

329 1627 496 1684 puero
505 1609 851 1666 centurionis.
870 1600 1183 1673 Hujusmodi
1196 1612 1324 1653 vero
1340 1596 1562 1665 gratiam
1578 1591 1803 1645 aliorum
1818 1601 1908 1641 ro-

328 1675 453 1778 gatu
469 1699 793 1759 concedebat
810 1692 1131 1767 (dummodo
1151 1691 1197 1745 is
1221 1685 1607 1760 quicurabatur
1619 1675 1908 1748 crederet),

331 1814 452 1854 cum
471 1811 573 1851 non
596 1799 953 1864 poteratzeger
965 1791 1134 1857 ipsum
1148 1780 1453 1841 convenire,
1466 1776 1551 1832 vel
1567 1789 1685 1831 cum
1699 1779 1914 1842 propter

334 1888 683 1961 ignorantiam
728 1899 832 1938 non
873 1892 1121 1949 magnum
1143 1873 1269 1945 quid
1300 1869 1565 1927 sentiebat
1587 1866 1654 1921 de
1678 1863 1911 1927 Christo,

335 1957 423 2038 vel
447 1995 566 2037 cum
586 1989 715 2033 tetas
738 1974 863 2045 aegri
885 1973 1163 2027 immatura
1188 1973 1321 2021 erat.
1372 1961 1461 2017 16.
1516 1957 1733 2029 Vespere
1751 1962 1916 2009 autem

339 2077 495 2143 facta,
521 2068 805 2124 obtulerunt
833 2064 877 2119 ei
906 2061 1090 2116 multos
1109 2056 1358 2112 diemonia
1387 2050 1640 2113 habentes,
1667 2055 1714 2102 et
1749 2046 1918 2117 ejicie-

339 2137 424 2217 bat
444 2161 649 2231 spiritus
673 2173 845 2212 eorum
870 2154 933 2208 ab
961 2154 1031 2208 eis
1053 2150 1218 2216 verbo,
1255 2156 1303 2201 et
1328 2159 1499 2200 omnes
1531 2141 1662 2195 male
1686 2137 1919 2193 habentes

340 2228 566 2316 curabat,
599 2252 685 2306 l7.
714 2258 770 2303 ut
785 2245 1142 2317 adimpleretur
1159 2238 1294 2311 quod
1311 2237 1500 2291 dictum
1513 2244 1585 2288 est
1613 2247 1701 2302 per
1729 2228 1921 2285 Isaiam

266 2340 267 2343 “
342 2344 642 2417 prophetam
664 2357 683 2394 :
710 2338 831 2409 Ipse
848 2335 1168 2405 inﬁrmitates
1192 2337 1391 2384 nostras
1410 2325 1621 2395 accepit,
1648 2332 1694 2376 et
1718 2320 1924 2391 egritu-

342 2412 486 2489 dines
512 2431 727 2503 portavit
748 2432 765 2496 ί
784 2429 913 2483 lsai.
936 2428 1025 2483 εδ.
1055 2426 1088 2479 4
1102 2426 1143 2495 ).
1172 2421 1356 2477 Viden‘
1383 2415 1732 2473 multitudinis
1764 2412 1923 2467 fidem

343 2529 596 2597 deinceps
625 2521 942 2580 adauctam?
970 2519 1153 2587 Neque
1177 2515 1341 2579 enim,
1372 2520 1593 2583 urgente
1637 2509 1761 2564 licet
1786 2515 1924 2562 tem-

348 2634 497 2691 pore,
526 2615 777 2672 recedere
807 2612 1082 2674 volebant,
1111 2621 1285 2678 neque
1312 2600 1742 2672 intempestivum
1771 2605 1922 2669 puta—

350 2713 475 2767 bant
503 2712 547 2767 si
590 2721 813 2778 vespere
848 2712 1079 2775 aegrotos
1123 2714 1249 2756 suos
1289 2696 1635 2752 adducerent.
1677 2692 1755 2746 Tu
1806 2704 1929 2745 vero

351 2803 482 2858 mihi
536 2798 827 2871 perpende,
877 2802 1128 2865 quantam
1182 2786 1573 2844 multitudinem
1625 2797 1808 2838 eorum
1840 2779 1929 2849 qui

351 2896 635 2952 sanitatem
663 2895 983 2960 acceperunt
1008 2887 1417 2956 praetercurranl
1437 2874 1794 2945 evangelista,
1825 2887 1931 2926 non

353 2988 623 3059 sigillatim
663 2990 1024 3041 recensentes,
1066 2976 1160 3031 sed
1204 2988 1310 3029 uno
1349 2970 1512 3027 verbo
1555 2965 1932 3023 miraculorum

357 3081 574 3151 pelagus
620 3077 938 3131 immensum
982 3068 1296 3126 referentes.
1339 3061 1541 3118 Deinde
1587 3074 1657 3114 ne
1692 3055 1934 3111 miraculi

357 3169 664 3240 magnitudo
704 3164 1129 3222 incredulitatem
1168 3163 1398 3229 pareret,
1433 3153 1573 3223 quod
1601 3158 1804 3204 tantum
1843 3161 1938 3216 po-

359 3264 541 3332 pulum
579 3270 687 3315 tam
725 3257 886 3312 variis
913 3254 1156 3309 aliectum
1201 3249 1401 3304 morbis
1429 3245 1481 3299 in
1510 3250 1781 3298 momento
1806 3248 1937 3293 tem-

359 3357 506 3429 poris
547 3352 771 3410 solverit
811 3358 866 3404 et
906 3344 1190 3408 curaverit,
1249 3342 1325 3396 rei
1358 3346 1543 3394 testem
1578 3333 1790 3389 adducit
1818 3346 1941 3401 pro—

361 3428 599 3521 phetam,
643 3456 888 3514 magnam
934 3437 1129 3507 ubique
1163 3449 1231 3488 ex
1260 3428 1549 3500 Scripturis
1589 3440 1765 3481 rerum
1802 3437 1940 3492 pra:-

361 3542 649 3597 dictionem
694 3531 1002 3595 ostendens,
1048 3526 1213 3597 signis
1259 3523 1388 3593 ipsis
1436 3535 1541 3575 non
1588 3516 1939 3573 inferiorem:

366 3636 511 3700 llmc,
540 3629 728 3700 inquit,
761 3624 923 3680 Isaias
950 3620 1115 3677 dicit:
1148 3614 1481 3683 Infirmitates
1503 3617 1700 3664 nostras
1728 3604 1941 3675 accepit,

366 3744 412 3789 et
437 3728 759 3802 (egritudines
784 3722 1017 3795 portavit.
1044 3718 1159 3773 Non
1185 3714 1334 3778 dixit,
1367 3709 1567 3771 Solvit;
1596 3705 1710 3768 sed,
1742 3701 1947 3771 Accepit

367 3836 416 3881 et
460 3797 714 3894 portavit:
739 3814 879 3889 quod
927 3814 995 3868 de
1040 3808 1272 3881 peccatis
1312 3804 1486 3875 potius
1528 3798 1659 3854 mihi
1689 3797 1887 3851 dictum
1915 3808 1947 3846 a

368 3884 629 3990 propheta
656 3884 882 3972 videtur,
913 3918 1069 3974 quam
1103 3900 1169 3956 de
1190 3895 1410 3959 morbis,
1433 3901 1487 3947 et
1512 3905 1633 3946 cum
1661 3887 1762 3941 hoc
1789 3884 1951 3940 Joan-

373 3980 455 4066 iiis
470 3980 616 4065 dicto
636 4009 926 4062 consonat;
955 3995 1082 4050 Ecce
1100 4006 1259 4063 agnus
1286 3987 1398 4055 Dei,
1424 3984 1511 4055 qui
1540 3980 1669 4037 tollit
1694 3987 1952 4050 peccatum

374 4100 548 4155 mundi
580 4095 757 4163 (Joan.
782 4093 834 4147 1.
862 4087 978 4160 29).

442 4193 499 4251 Ξ.
540 4161 813 4246 Peccatum
854 4179 1141 4235 morborum
1186 4188 1357 4227 causa.
1400 4166 1588 4223 Christi
1628 4161 1872 4217 modestia
1909 4168 1955 4213 et

378 4281 721 4357 pulchritudo.
738 4306 810 4317 —-
829 4269 1107 4342 Quomodo
1133 4281 1261 4337 ergo
1290 4263 1517 4332 idipsum
1549 4258 1618 4313 de
1642 4254 1844 4310 morbis
1871 4252 1957 4306 hic

379 4350 528 4452 ponit
556 4369 910 4444 evangelista?
935 4366 1028 4422 Vel
1051 4362 1191 4434 quod
1212 4358 1466 4416 historico
1496 4369 1646 4410 more
1675 4361 1727 4409 et
1749 4350 1814 4405 ad
1835 4350 1960 4405 lite-

380 4443 494 4528 ram
522 4469 623 4524 hoc
651 4443 1009 4521 testimonium
1042 4458 1202 4528 legal,
1230 4453 1311 4509 vel
1336 4461 1391 4506 ut
1415 4447 1660 4504 ostendat
1680 4443 1961 4515 plerosque

382 4563 603 4621 morbos
631 4574 692 4613 ex
741 4552 971 4627 peccatis
999 4550 1191 4605 animae
1229 4541 1513 4616 proficisci.
1546 4536 1678 4593 Nam
1708 4536 1754 4589 si
1793 4547 1960 4598 mors,

381 4672 503 4727 qua:
530 4658 689 4721 caput
711 4625 795 4704 est
819 4642 1078 4706 omnium,
1106 4655 1173 4695 ex
1200 4641 1419 4708 peccato
1438 4629 1697 4701 originem
1724 4625 1963 4680 occasio-

385 4718 613 4815 iiemque
655 4737 859 4803 habuit,
891 4733 1058 4787 multo
1099 4729 1267 4799 magis
1305 4721 1647 4796 mgritudines
1676 4718 1798 4771 hinc
1834 4723 1967 4768 orta:

386 4846 512 4894 sunt
529 4805 553 4891 ἐ
584 4827 1013 4907 quandoquidem
1039 4824 1164 4879 hinc
1188 4821 1345 4875 etiam
1367 4815 1566 4879 evenit,
1595 4821 1651 4865 ut
1676 4825 1775 4864 nos
1800 4805 1970 4877 passi-

386 4934 524 4989 biles
544 4904 731 4985 simus.
758 4924 846 4979 18.
878 4920 1066 4975 Videas
1095 4915 1128 4969 J
1133 4930 1246 4969 esus
1272 4913 1441 4965 turbas
1468 4908 1651 4961 muttas
1677 4904 1867 4957 circum
1892 4916 1966 4964 se,

388 5027 536 5097 iussit
557 5021 903 5090 transfretare.
928 5008 1117 5068 Viden‘
1132 5021 1341 5062 rursum
1371 5017 1529 5073 quam
1557 5000 1625 5053 sit
1647 4998 1715 5052 ab
1738 5002 1973 5071 ostenta-

390 5087 537 5176 iitine
578 5087 822 5170 alienus?
866 5106 999 5163 Nam
1042 5098 1218 5157 caeteri
1259 5096 1459 5159 dicunt,
1490 5093 1661 5161 ipsum
1704 5087 1973 5142 diemoncs

393 5214 701 5275 increpasse
722 5217 789 5257 ne
813 5199 1051 5255 dicerent
1074 5189 1192 5261 quis
1215 5193 1359 5241 esset
1383 5201 1395 5235 :
1422 5183 1508 5236 hic
1538 5194 1660 5234 vero
1682 5178 1776 5240 ait,
1802 5176 1972 5244 ipsum

394 5263 660 5356 amovisse
698 5294 899 5349 turbas.
934 5282 1067 5341 Illud
1103 5289 1279 5336 autem
1307 5274 1513 5346 agebat,
1544 5279 1653 5324 tum
1678 5276 1737 5321 ut
1764 5282 1860 5320 nos
1897 5263 1977 5317 in-

396 5395 642 5446 stitueret
665 5386 987 5451 duceretque
1016 5370 1352 5433 modestiam,
1384 5376 1493 5419 tum
1526 5371 1584 5416 ut
1611 5358 1862 5413 invidiam
1886 5370 1976 5409 se-

398 5488 551 5539 daret
589 5447 1254 5539 Judaicamidoceretque
1297 5456 1428 5512 nihil
1472 5452 1541 5508 ad
1567 5447 1976 5506 ostentationem

399 5590 522 5634 csse
566 5568 882 5625 faciendum.
916 5562 1031 5617 Non
1075 5556 1217 5613 enim
1246 5562 1472 5621 corpora
1515 5551 1715 5599 tantum
1739 5537 1976 5599 curabat,

402 5669 498 5725 sed
527 5665 685 5720 etiam
712 5654 1028 5712 emendabat
1053 5650 1303 5704 animam.
1340 5643 1611 5710 ipsunque
1637 5631 1700 5685 ad
1745 5629 1979 5698 philoso-

406 5760 581 5833 phiam
629 5748 967 5808 institucbat'
1000 5758 1118 5798 sese
1164 5750 1385 5803 utroque
1430 5728 1587 5785 modo
1623 5722 1900 5780 exhibens.
1930 5728 1981 5773 ct

1274 285 1338 343 IN
1373 275 1779 340 MATTHEUM
1816 270 2042 330 1101111..
2086 267 2295 324 XXVII.
2336 267 2405 321 al.
2450 262 2682 322 XXVIII.

3476 256 3579 309 3m

1992 385 2209 442 morbos
2234 392 2533 448 curantem,
2580 389 2636 437 et
2679 379 2809 435 nihil
2852 395 2917 435 ex
2945 378 3083 434 fastu
3125 384 3392 449 agentem.
3426 376 3574 431 Multi

1991 479 2187 550 quippe
2230 476 2331 546 ipsi
2376 474 2650 529 haerebant
2697 485 2878 527 amore
2921 470 3376 536 admirationeque
3409 468 3578 534 ducti,

1993 581 2153 641 atque
2205 569 2378 639 ipsum
2430 581 2643 635 semper
2693 564 2875 620 videre
2915 563 3210 632 cupientes.
3257 562 3384 629 Quis
3431 560 3574 615 enim

1995 660 2366 726 abscessisset,
2414 657 2538 713 dum
2572 657 2661 713 ille
2692 664 2837 711 tanta
2879 653 3131 709 miracula
3174 654 3444 723 patraret?
3489 661 3581 705 aut

1996 752 2116 822 quis
2145 749 2401 805 noluisset
2444 747 2630 803 faciem
2656 754 2711 802 et
2746 760 2809 801 os
2852 745 2975 800 talia
3006 744 3275 813 loquentis
3302 742 3580 811 aspicere?

1999 842 2181 912 Neque
2223 842 2365 896 enim
2409 855 2475 896 ex
2521 838 2775 909 prodigiis
2829 844 3034 893 tantum
3074 833 3439 899 admirandus,
3487 832 3580 887 sed

2001 935 2166 1005 ipsius
2190 933 2362 988 solum
2384 938 2703 1001 conspectus
2728 929 2893 1001 gratia
2926 927 3091 983 multa
3122 926 3311 997 plenus
3348 931 3501 980 erat:
3532 923 3585 977 id

2004 1026 2146 1099 quod
2174 1025 2414 1080 indicans
2461 1023 2718 1094 propheta
2774 1021 2986 1078 dicebat
3031 1037 3044 1073 :
3095 1018 3371 1088 Speciosus
3422 1020 3590 1088 [arma

2007 1136 2113 1191 pra:
2142 1120 2261 1189 ﬁliis
2291 1118 2547 1172 hominum
2599 1114 2781 1188 (Psai.
2823 1114 2913 1169 41.
2941 1114 2974 1168 5
2995 1112 3035 1181 ).
3063 1110 3215 1179 Quod
3242 1110 3288 1165 si
3321 1108 3483 1163 Isaias
3507 1106 3589 1161 di-

2008 1221 2113 1279 cat,
2142 1210 2260 1265 Non
2284 1208 2494 1264 habebat
2513 1208 2727 1277 speciem
2750 1220 2905 1275 neque
2930 1203 3157 1257 decorem
3186 1199 3347 1274 (Isai.
3376 1199 3464 1255 55.
3493 1197 3588 1269 2),

2007 1312 2101 1358 aut
2129 1302 2259 1359 illud
2287 1301 2355 1356 de
2377 1298 2668 1355 divinitatis
2690 1296 2857 1368 gloria
2899 1292 3150 1350 inelTabili
3189 1290 3468 1361 intelligit;
3501 1298 3590 1343 aut

2012 1412 2075 1454 ca
2099 1411 2217 1465 qua:
2242 1396 2293 1449 in
2324 1393 2573 1464 passione
2598 1399 2745 1461 gesta
2766 1397 2889 1443 sunt
2918 1393 3120 1452 narrat,
3144 1384 3595 1455 ignominiamque

2013 1490 2157 1545 illam
2185 1502 2342 1559 quam
2381 1485 2556 1542 crucis
2587 1493 2828 1551 tempore
2853 1478 3122 1543 sustinuit,
3154 1486 3245 1531 aut
3285 1475 3594 1530 tenuitatem

2015 1568 2171 1637 illam
2198 1595 2355 1650 quam
2386 1587 2498 1633 toto
2533 1576 2655 1629 vita:
2684 1583 2927 1643 tempore
2966 1571 3017 1624 in
3064 1568 3309 1622 omnibus
3337 1566 3596 1633 exhibuit.

2016 1674 2132 1729 Non
2154 1682 2332 1727 autem
2379 1669 2524 1739 prius
2571 1664 2917 1721 transfretare
2957 1660 3135 1731 jussit,
3183 1673 3340 1728 quam
3381 1656 3600 1710 morbos

2017 1772 2280 1821 curasset.
2307 1758 2557 1829 Alioquin
2606 1771 2711 1812 non
2756 1754 2807 1809 id
2850 1753 2993 1809 ferre
3017 1750 3334 1822 potuissent.
3363 1748 3431 1806 Ut
3460 1751 3600 1803 enim

2019 1857 2072 1912 in
2100 1863 2282 1911 monte
2323 1868 2429 1909 non
2471 1848 2814 1923 concionanti
2855 1844 3014 1899 modo
3042 1843 3284 1907 aderant,
3313 1841 3407 1895 sed
3443 1840 3603 1895 eliam

2020 1950 2263 2005 silentem
2284 1943 2684 2015 sequebantur:
2726 1939 2805 1993 sic
2841 1937 3001 1993 etiam
3035 1950 3175 1989 nunc
3206 1949 3310 1988 non
3344 1933 3600 1987 miracula

2022 2039 2203 2098 edenti
2230 2046 2432 2094 tantum
2457 2034 2766 2096 hauebant;
2794 2030 2889 2086 sed
2914 2029 3076 2084 etiam
3106 2034 3227 2097 post
3264 2025 3405 2080 edita
3433 2026 3607 2095 signa,

2024 2132 2109 2189 vel
2133 2147 2197 2189 ex
2223 2131 2338 2202 ejus
2362 2128 2509 2183 vultu
2536 2135 2589 2182 ct
2613 2132 2902 2193 conspectu
2925 2134 3173 2191 magnam
3196 2116 3486 2188 carpebant
3509 2116 3610 2170 uti-

2026 2226 2250 2281 litatem.
2279 2221 2411 2277 Nam
2440 2220 2487 2276 si
2512 2219 2720 2290 Moyses
2747 2216 2917 2286 gloria
2956 2212 3348 2283 splendentem,
3380 2209 3611 2279 Stepha-

2027 2333 2133 2374 nus
2169 2315 2466 2386 angelicum
2511 2311 2713 2366 vultum
2766 2308 2968 2372 habuit,
3014 2305 3187 2375 cogita
3227 2304 3438 2374 qualem
3490 2311 3613 2355 tunc

2028 2408 2336 2480 apparuisse
2350 2418 2687 2464 communem
2707 2401 2987 2455 Dominum
3016 2396 3301 2452 verisimile
3325 2404 3428 2450 est.
3457 2394 3616 2449 Forte

2029 2516 2158 2558 vero
2187 2499 2336 2555 multi
2359 2498 2469 2569 jam
2499 2495 2614 2565 ejus
2645 2490 2885 2548 videnda:
2924 2489 3167 2560 imaginis
3196 2487 3486 2557 cupiditate
3532 2487 3616 2539 in-

2031 2593 2177 2649 censi
2202 2598 2327 2646 sunt
2354 2607 2367 2643 :
2398 2587 2493 2645 sed
2520 2588 2564 2642 si
2594 2585 2840 2648 velimus,
2867 2584 3022 2652 longe
3050 2579 3467 2651 splendidiorem
3502 2578 3617 2648 ipsa

2032 2683 2350 2740 videbimus.
2372 2679 2503 2734 Nam
2551 2677 2594 2733 si
2622 2691 2742 2731 cum
2779 2674 2966 2729 fiducia
2996 2681 3051 2727 et
3077 2671 3271 2726 virtute
3308 2670 3470 2723 vitam
3502 2683 3622 2737 pcr-

2035 2790 2275 2848 agamus,
2319 2773 2372 2828 in
2404 2769 2634 2827 nubibus
2678 2768 2850 2837 ipsum
2894 2762 3241 2833 excipiemus,
3271 2759 3479 2814 obviam
3522 2758 3623 2827 ipsi

2036 2867 2312 2923 venientes
2334 2864 2384 2917 in
2411 2858 2695 2916 immortali
2718 2866 2773 2912 et
2799 2852 3185 2922 incorruptibili
3213 2865 3457 2921 corpore.
3490 2850 3620 2904 Pcr-

2040 2958 2212 3030 pende
2240 2964 2418 3010 autem
2444 2967 2601 3023 quam
2633 2949 2823 3004 leniter
2862 2946 3004 3015 ipsos
3026 2950 3290 3007 amoveat,
3321 2956 3419 2996 nec
3445 2939 3625 2995 deter-

2040 3028 2175 3105 reat.
2217 3045 2334 3101 Non
2359 3043 2502 3098 enim
2530 3040 2683 3103 dixit,
2726 3034 3019 3101 Recedite;
3048 3032 3142 3089 sed
3173 3029 3514 3093 transfretare
3540 3028 3626 3098 ju-

2043 3144 2153 3207 bet,
2182 3154 2331 3210 spem
2356 3136 2559 3192 faciens
2593 3148 2652 3188 se
2682 3130 2774 3185 illo
2804 3128 3147 3199 trajecturum
3176 3139 3326 3181 esse.
3343 3123 3431 3179 Sic
3461 3121 3628 3177 turba:

2043 3234 2259 3306 quidem
2306 3229 2529 3286 multum
2568 3223 2893 3283 exhibebant
2932 3219 3151 3284 amoris,
3195 3226 3247 3272 et
3277 3232 3397 3273 cum
3436 3215 3627 3270 all‘cctu

2046 3340 2238 3396 magno
2266 3321 2667 3394 sequebantur;
2689 3323 3022 3373 unusautcm
3047 3311 3388 3383 pecuniarum
3419 3324 3628 3371 srrvus,

2046 3418 2453 3490 arrogantiaque
2479 3413 2669 3483 plenus
2692 3408 2918 3465 accessit
2940 3420 3003 3460 ac
3028 3404 3163 3459 dixit
3189 3421 3202 3457 :
3236 3402 3322 3457 19.
3364 3399 3630 3471 Magister,

2047 3489 2230 3582 sequar
2258 3520 2305 3563 te
2326 3519 2639 3578 quocumque
2662 3501 2798 3555 ieris.
2829 3496 3282 3564 Vidistin‘quauta
3308 3489 3635 3560 arrogantia?

2051 3607 2129 3659 Ac
2179 3602 2223 3657 si
2276 3614 2383 3655 non
2429 3597 2739 3667 dignaretur
2780 3605 2841 3646 se
2886 3603 3009 3646 cum
3050 3586 3200 3641 turba
3250 3595 3633 3644 annumerare,

2048 3709 2217 3766 seque
2246 3700 2522 3747 ostentans
2560 3686 2711 3757 quasi
2750 3698 2855 3739 non
2884 3682 2937 3737 in
2966 3679 3102 3750 vulgi
3139 3676 3290 3733 turba
3327 3682 3639 3744 computan-

2051 3787 2174 3854 dus,
2202 3786 2279 3841 sic
2301 3781 2528 3839 accedit.
2555 3778 2712 3833 Tales
2739 3782 2863 3831 sunt
2887 3771 3089 3829 ludaici
3134 3782 3331 3832 mores,
3375 3766 3641 3834 intempe-

2056 3881 2197 3936 stiva
2247 3874 2390 3947 pleni
2437 3871 2647 3928 liducia.
2697 3867 2787 3924 Sic
2830 3874 2887 3922 et
2929 3864 3064 3919 alius
3122 3870 3305 3930 postea
3362 3856 3641 3913 silentibus

2056 3946 2303 4027 omnibus
2348 3966 2610 4029 insiliens,
2641 3961 2757 4014 ait:
2792 3955 2940 4025 Quod
2979 3964 3052 4008 est
3080 3953 3298 4021 primum
3346 3946 3643 4000 mandatum

2059 4061 2272 4136 (Matth.
2304 4058 2392 4113 Ε.
2421 4055 2557 4125 36)?
2582 4054 2832 4107 Attamen
2880 4046 3139 4101 Dominus
3184 4044 3543 4111 importunam
3577 4038 3644 4090 li-

2061 4157 2318 4211 bertatem
2343 4163 2447 4203 non
2475 4142 2752 4213 corripuit,
2781 4148 2839 4194 ut
2862 4152 2960 4194 nos
2984 4135 3053 4192 ad
3076 4132 3377 4203 lmjusmodi
3403 4129 3645 4186 homines

2062 4242 2311 4301 ferendos
2353 4237 2672 4294 institueret.
2721 4231 2846 4287 ldeo
2892 4243 2998 4284 non
3042 4226 3215 4298 palam
3257 4222 3525 4291 redarguit
3551 4235 3646 4274 eos

2064 4337 2157 4410 qui
2194 4336 2329 4391 mala
2356 4331 2689 4401 cogitarent:
2718 4325 2813 4382 sed
2841 4338 3026 4380 eorum
3049 4318 3285 4391 Opinioni
3304 4313 3646 4385 'respondet,

2066 4409 2195 4502 ipsis
2230 4427 2361 4484 solis
2398 4423 2814 4481 confutationem
2858 4414 3240 4486 inspiciendam
3301 4409 3608 4479 relinquens
3633 4446 3649 4471 ,

2068 4500 2439 4593 duplicemque
2468 4515 2599 4587 ipsis
2624 4526 2819 4585 parens
2844 4509 3148 4573 utilitatem,
3179 4514 3235 4560 ut
3266 4517 3458 4572 nempe
3480 4500 3655 4555 sciant

2070 4631 2131 4671 se
2154 4588 2499 4670 conscientiae
2522 4615 2730 4663 secreta
2761 4616 2942 4669 nosse,
2971 4611 3133 4669 utque
3161 4603 3281 4667 post
3307 4595 3489 4649 datum
3518 4588 3656 4644 indi-

2071 4709 2213 4762 cimn
2244 4702 2375 4760 illud
2418 4700 2594 4755 adhuc
2638 4698 2824 4759 lateat,
2865 4694 2999 4748 dans
3038 4691 3214 4746 locum
3238 4686 3306 4743 ad
3334 4683 3655 4754 resipiscen-

2071 4805 2221 4868 dum,
2261 4801 2306 4855 si
2346 4797 2549 4853 velint:
2583 4792 2634 4847 id
2665 4788 2807 4860 quod
2835 4799 2976 4842 nunc
3004 4782 3165 4838 etiam
3202 4780 3349 4835 fecit.
3388 4777 3484 4832 llic
3512 4774 3657 4831 enim

2075 4865 2241 4950 multa
2268 4892 2416 4960 signa
2448 4885 2653 4949 videns,
2707 4879 3022 4946 turbamque
3050 4872 3378 4933 afﬂuentem,
3410 4865 3663 4936 sperabat

2075 5003 2135 5043 se
2160 5002 2225 5041 ex
2261 4991 2336 5037 tot
2381 4976 2648 5034 miraculis
2672 4970 2948 5027 ditandum
2976 4981 3127 5031 esse,
3149 4963 3373 5031 ideoque
3395 4960 3542 5014 illum
3572 4973 3657 5011 sc-

2076 5079 2166 5151 qui
2187 5073 2456 5144 cupiebat.
2488 5066 2764 5124 Undeuam
2788 5062 2891 5117 hoc
2916 5057 3072 5115 nobis
3102 5053 3322 5126 patebit?
3342 5052 3423 5107 Ex
3444 5064 3664 5118 respon-

2079 5137 2232 5225 siotie
2261 5137 2495 5226 -Christi,
2537 5159 2630 5230 qui
2682 5172 2785 5211 non
2827 5152 3005 5209 verbis
3053 5145 3341 5219 loquentis,
3378 5141 3474 5198 sed
3499 5137 3664 5196 menti

2082 5257 2391 5330 respondet.
2432 5229 2568 5321 Quid
2594 5247 2771 5304 enim?
2801 5244 3003 5315 inquit;
3034 5256 3101 5296 an
3131 5236 3381 5309 pecunias
3420 5242 3473 5287 te
3501 5229 3666 5284 colle.

2082 5365 2288 5410 cturttm
2319 5361 2524 5418 speras,
2559 5345 2603 5399 si
2633 5358 2718 5397 me
2751 5336 3032 5409 sequaris?
3058 5348 3234 5389 annon
3264 5328 3411 5382 vides
3442 5322 3568 5377 mihi
3602 5334 3669 5373 ne

2086 5443 2439 5501 diversorium
2465 5437 2676 5509 quidem
2707 5449 2826 5490 csse
2852 5429 3007 5501 quale
3033 5428 3162 5496 ipsis
3178 5421 3365 5475 avibus
3394 5413 3513 5467 est?
3537 5409 3670 5464 Nam

2088 5542 2182 5604 ait,
2212 5537 2301 5591 ‘20.
2345 5502 2529 5602 Vulpes
2558 5534 2725 5601 foveas
2776 5526 2978 5588 habent,
3006 5528 3050 5573 ct
3087 5514 3309 5571 uolucres
3341 5504 3453 5561 caeli
3481 5502 3667 5562 nidos;

2160 5726 2170 5751 ¹
2211 5718 2322 5776 Alii,
2350 5718 2659 5775 arrogatum.
