4050 6220
489 288 588 341 ΞΠ

494 404 656 457 Filius
685 410 849 455 autem
875 400 1090 453 hominis
1118 413 1218 450 non
1242 396 1386 448 liabet
1413 391 1497 445 ubi
1522 398 1673 459 caput
1698 389 1919 441 reclinet.
1948 385 2069 438 11ωο

491 510 594 547 non
619 492 925 559 repellentis
951 496 1121 553 erant,
1150 485 1244 541 sed
1272 484 1463 537 malam
1495 491 1727 535 mentem
1756 478 2069 545 redarguen-

490 590 557 639 tis
582 626 598 650 ,
627 592 679 637 ct
713 588 1025 653 potestatem
1047 577 1222 633 dantis
1243 590 1363 631 cum
1387 574 1477 628 tali
1502 588 1596 643 spe
1623 572 1794 641 sequi,
1818 570 1860 624 si
1883 569 2065 624 vellet.

500 680 571 738 Ut
623 695 804 737 autem
850 684 968 749 t'jus
1006 684 1299 750 nequitiam
1333 682 1543 735 ediscas
1569 682 1607 744 ¹,
1642 681 1725 733 his
1777 678 1979 733 auditis
2010 690 2065 731 et

493 776 573 831 sic
613 773 924 830 confutatus
951 815 967 838 ,
1010 789 1114 828 non
1164 772 1299 826 dixit
1325 814 1339 831 .
1373 772 1449 824 Ad
1487 770 1798 840 sequendun
1846 779 2065 840 paratus

487 884 781 1001 sugl..Alilli
820 961 1033 1016 quoque
1060 959 1205 1013 saepe
1237 943 1463 1012 idipsum
1493 940 1737 994 Christus
1774 937 1928 1001 facit;
1958 953 2064 992 non

485 1051 669 1107 aperte
723 1036 1028 1107 redarguit,
1076 1034 1170 1089 sed
1216 1050 1279 1089 ex
1322 1036 1667 1102 responsione
1703 1029 2064 1085 accedentium

487 1140 716 1184 mentem
742 1128 931 1199 aperit.
951 1127 1083 1182 Nam
1111 1139 1165 1182 et
1195 1126 1271 1181 illi
1296 1127 1382 1195 qui
1409 1123 1645 1179 dicebat:
1673 1121 1918 1193 Magister
1942 1121 2067 1175 bone

490 1223 653 1293 (Luc.
689 1223 775 1278 l8.
809 1222 929 1292 18),
958 1230 1011 1275 et
1041 1236 1103 1275 ex
1132 1218 1438 1274 adulatione
1458 1217 1706 1286 sperabat
1735 1229 1792 1270 se
1816 1215 1964 1270 illum
1988 1214 2067 1269 al-

488 1316 753 1369 lccturnm
794 1328 911 1368 esse
940 1314 1005 1368 ad
1046 1328 1195 1366 suam
1244 1310 1581 1372 sententiam,
1614 1306 1885 1376 respondit
1916 1324 1928 1358 :
1963 1308 2065 1359 Cur

486 1423 567 1461 me
600 1406 725 1459 dicis
766 1405 989 1458 bonum?
1018 1403 1181 1456 Nemo
1221 1403 1396 1463 bonus,
1429 1400 1525 1455 nisi
1561 1415 1689 1453 unus
1717 1396 1855 1451 Deus
1885 1395 2061 1467 (Ibid.

486 1515 533 1553 υ.
565 1499 686 1569 19).
715 1499 777 1553 Et
806 1514 925 1552 cum
972 1497 1211 1551 dicerent
1238 1495 1307 1561 ei,
1337 1492 1471 1546 Ecce
1511 1501 1669 1545 mater
1698 1500 1785 1544 tua
1808 1499 1854 1543 et
1883 1489 2065 1559 fratres

485 1593 560 1647 tui
598 1600 872 1661 quaerentes
918 1599 964 1644 le
993 1588 1202 1658 (Matt/1.
1236 1586 1321 1640 1‘2.
1358 1584 1447 1656 47)
1470 1627 1483 1647 ,
1507 1584 1627 1654 quia
1665 1583 1739 1636 illi
1777 1582 2061 1635 humanum

483 1682 607 1753 quid
640 1681 973 1752 patiebantur
994 1722 1008 1746 ,
1053 1694 1223 1749 neque
1252 1678 1394 1732 utilia
1434 1676 1531 1731 sibi
1558 1675 1743 1729 audire
1781 1673 2061 1737 volebant,

483 1778 577 1829 scd
606 1772 893 1829 Ostendere
933 1787 992 1827 se
1027 1771 1126 1840 ipsi
1154 1784 1351 1841 genere
1384 1768 1652 1837 proximos
1673 1780 1813 1829 esse,
1837 1763 2065 1833 hincque

484 1880 672 1919 vanam
693 1864 911 1934 gloriam
936 1876 1175 1931 carpere,
1202 1860 1323 1914 audi
1346 1859 1468 1928 quid
1492 1858 1633 1912 dicat
1660 1874 1673 1909 :
1706 1856 1833 1922 Qua:
1858 1862 1931 1907 est
1957 1870 2065 1906 ma-

484 1967 559 2009 ter
582 1972 713 2019 mea,
736 1963 782 2007 et
806 1954 893 2023 qui
912 1962 1029 2006 sunt
1067 1956 1250 2021 fratres
1279 1951 1373 2002 mei
1401 1948 1561 2017 (Ibid.
1591 1963 1639 2000 v.
1662 1945 1796 2011 48)?
1826 1943 2065 2013 lpsisque

480 2046 692 2099 demum
718 2041 965 2097 fratribus
984 2045 1094 2095 suls
1118 2040 1435 2103 dicentibus,
1456 2036 1675 2092 Ostende
1687 2037 1901 2100 teipsum
1916 2050 2062 2087 mun-

483 2138 549 2188 do
579 2133 759 2204 (Joan.
790 2134 842 2188 7.
868 2134 945 2201 4),
973 2141 1031 2187 ιιι
1058 2132 1183 2186 hinc
1208 2146 1396 2186 vanam
1426 2130 1523 2185 sibi
1548 2129 1769 2198 gloriam
1796 2134 2061 2196 parerent,

484 2226 729 2281 dicebat:
775 2223 1000 2279 Vestrum
1039 2233 1234 2293 tempus
1281 2237 1474 2291 semper
1499 2230 1569 2274 cst
1599 2229 1832 2289 paratum
1857 2258 1871 2279 ,
1899 2233 2062 2271 meum

483 2327 650 2370 autem
671 2314 896 2370 nondum
919 2314 1060 2369 adest
1086 2313 1247 2382 (Ibid.
1271 2329 1316 2366 υ.
1342 2311 1416 2383 6).
1448 2312 1547 2366 Per
1570 2310 1832 2364 contraria
1854 2321 2063 2378 quoque

483 2414 710 2485 id‘psum
737 2414 882 2481 facit,
910 2428 1030 2468 cum
1046 2411 1113 2468 de
1136 2410 1459 2466 Nathanaele
1477 2408 1551 2463 ait
1575 2426 1589 2461 :
1616 2406 1744 2460 Ecce
1762 2421 1874 2459 vere
1892 2403 2064 2458 Israe-

484 2506 595 2569 lita,
628 2505 682 2559 in
724 2520 823 2574 quo
860 2504 1009 2558 dolus
1036 2519 1138 2556 non
1179 2512 1251 2556 est
1296 2500 1315 2572 (
1348 2499 1479 2552 Ibid.
1508 2499 1558 2552 1.
1591 2498 1657 2552 47
1677 2497 1717 2566 ).
1750 2496 1811 2549 Et
1841 2509 2020 2548 rursus
2042 2533 2059 2560 ,

487 2597 678 2650 lfuntes
701 2596 995 2649 annuntiate
1020 2594 1212 2649 Joanni
1232 2607 1344 2662 qua:
1372 2590 1585 2645 audistis
1613 2598 1659 2642 et
1688 2586 1880 2641 vidistis
1909 2584 2058 2655 (Luc.

483 2689 533 2739 7.
552 2688 664 2756 22).
683 2687 864 2757 Neque
885 2685 1028 2742 enim
1056 2686 1141 2740 hic
1168 2685 1362 2749 verbis,
1382 2682 1472 2737 sed
1501 2681 1662 2736 menti
1694 2677 1949 2733 mittentis
1977 2690 2063 2731 re-

482 2779 715 2848 spondit.
744 2779 1078 2848 Rursumque
1109 2778 1301 2847 populo
1321 2773 1609 2830 secundum
1634 2772 1772 2826 illius
1786 2768 2064 2826 conscien-

484 2874 608 2925 tiam
635 2873 712 2925 sic
740 2868 1156 2940 loqliitueruid
1183 2868 1353 2922 existis
1368 2867 1420 2920 in
1444 2865 1693 2920 desertum
1713 2859 2056 2929 videreUbid.

484 2978 530 3015 ν.
564 2962 695 3030 24)ἳ
723 2960 823 3028 Qui
852 2960 992 3014 enim
1024 2959 1233 3012 videbat
1256 2973 1348 3011 eos
1372 2957 1438 3010 de
1459 2956 1663 3011 Joanne
1689 2953 1834 3021 quasi
1862 2951 1929 3006 de
1958 2949 2058 3003 levi

483 3065 538 3109 et
586 3053 821 3109 versatili
869 3052 1096 3122 quodam
1148 3050 1361 3103 homine
1398 3049 1650 3118 cogitare,
1699 3044 1834 3100 hanc
1873 3057 2058 3098 eorum

485 3145 790 3214 opinionem
840 3145 1115 3213 corrigens
1160 3141 1317 3195 dicit:
1354 3139 1487 3204 Quid
1511 3139 1682 3193 existis
1718 3137 1771 3190 in
1812 3136 2060 3189 desertum

483 3237 689 3292 videre?
716 3236 1017 3290 arundinem
1045 3244 1189 3289 vento
1214 3233 1478 3304 agitatam,
1500 3241 1587 3284 aut
1610 3229 1859 3285 hominem
1887 3228 2057 3281 molli.

483 3329 574 3380 bus
600 3327 823 3379 vestitum
841 3326 867 3378 ?
894 3340 989 3395 per
1015 3333 1298 3393 utrumque
1325 3321 1656 3393 significans,
1686 3322 1859 3391 ipsum
1889 3334 2061 3389 neque

482 3430 547 3470 ex
572 3430 631 3470 se
646 3415 949 3469 versatilem
970 3429 1107 3480 esse,
1132 3430 1303 3483 neque
1329 3414 1597 3484 voluptate
1625 3413 1867 3482 quapiam
1893 3411 2034 3466 emol

484 3506 739 3562 liendum.
767 3505 855 3561 Sic
881 3507 1057 3577 itaque
1082 3520 1223 3561 nunc
1248 3505 1538 3561 secundum
1570 3512 1804 3559 mentem
1832 3503 2058 3572 loquen-

484 3596 556 3652 tis
592 3598 897 3666 reSpondet.
928 3598 1006 3652 Ac
1032 3597 1151 3653 vide
1174 3607 1423 3669 quantam
1467 3611 1606 3651 nunc
1632 3609 1843 3665 quoque
1873 3594 2058 3649 mode-

483 3688 741 3743 rationem
769 3688 1033 3744 exhibeat.
1060 3688 1240 3759 Neque
1264 3689 1404 3743 euim
1435 3687 1582 3753 dicit,
1618 3687 1796 3741 Habeo
1823 3686 2056 3754 quidem,

484 3779 578 3834 sed
599 3780 868 3849 despicio;
893 3796 1075 3835 verum
1105 3780 1248 3843 dicit,
1282 3779 1397 3833 Non
1424 3778 1616 3833 habeo.
1633 3778 1874 3832 Vidistin‘
1893 3793 2061 3847 quan-

486 3886 593 3925 tam
623 3872 1011 3926 accurationem
1033 3887 1154 3927 cum
1182 3870 1502 3940 indulgentia
1524 3869 1860 3938 conjunctam
1882 3876 2058 3921 osteno

485 3964 616 4017 dat?
641 3963 708 4019 Ut
733 3963 892 4019 ctiam
923 3978 1042 4019 cum
1069 3963 1376 4018 comederet
1412 3972 1467 4018 et
1511 3962 1736 4026 biberet,
1760 3976 1823 4017 ac
1846 3969 2059 4016 contra-

484 4058 653 4121 riam,
694 4067 751 4112 ut
793 4056 1096 4122 videbatur,
1126 4057 1313 4111 Joanni
1356 4057 1477 4110 vita:
1526 4056 1785 4110 rationem
1835 4061 2059 4109 teneret.

488 4146 618 4201 Illud
640 4156 815 4203 autem
848 4146 971 4201 facit
997 4161 1094 4217 pro
1121 4146 1449 4212 Iudaeorum,
1480 4145 1587 4201 imo
1613 4145 1773 4200 totius
1799 4144 1943 4199 orbis
1972 4160 2061 4198 sa-

489 4238 629 4302 lute,
664 4237 1035 4292 lia-reticorum
1084 4237 1244 4291 simul
1270 4252 1362 4292 ora
1391 4237 1776 4306 comprimens,
1824 4237 2062 4305 aliosque

485 4330 574 4397 qui
596 4327 816 4382 aderant
837 4328 1051 4396 insuper
1068 4326 1336 4383 attrahere
1357 4327 1595 4397 cupiens.
1612 4327 1761 4382 Alius
1776 4326 2059 4396 quiSpiam,

486 4422 582 4482 ait,
626 4418 836 4473 dicebat
879 4418 973 4483 illi,
1004 4418 1093 4472 21.
1125 4417 1367 4482 Domine,
1408 4421 1637 4489 permitte
1672 4419 1796 4473 milii
1846 4419 2063 4489 primum

486 4510 624 4562 abire
646 4548 659 4573 ,
689 4519 735 4564 et
763 4507 975 4579 sepelire
1003 4518 1193 4577 patrem
1233 4524 1416 4562 meum.
1449 4508 1632 4564 Viden‘
1668 4508 2063 4565 differentiam?

491 4603 556 4656 Et
579 4600 848 4671 quomodo
876 4600 1169 4671 impudens
1212 4601 1300 4657 ille
1346 4601 1575 4667 dicebat,
1609 4602 1805 4673 Sequar
1842 4611 1909 4667 te,
1934 4618 2063 4673 quo-

489 4709 701 4759 cumque
722 4694 867 4757 ieris;
893 4691 979 4747 hic
1006 4706 1154 4757 vero,
1183 4693 1283 4748 etsi
1310 4708 1421 4747 rem
1450 4700 1688 4748 sanctam
1732 4700 1940 4763 petens,
1968 4693 2063 4761 ait,

493 4783 736 4838 Permitte
772 4784 937 4847 mihi;
974 4799 1159 4840 verum
1197 4799 1306 4839 non
1344 4783 1621 4854 permisit;
1648 4783 1744 4840 sed
1786 4782 1914 4853 quid
1956 4782 2066 4839 ait?

488 4872 577 4926 22.
612 4873 735 4928 Sine
775 4883 999 4928 mortuos
1038 4876 1249 4944 sepelire
1288 4883 1513 4927 mortuos
1553 4890 1691 4941 suos,
1722 4880 1776 4927 tu
1800 4883 1964 4928 autem
1990 4889 2070 4928 me

493 4981 713 5034 sequere.
738 4965 940 5036 Ubique
962 4968 1102 5022 enim
1131 4966 1799 5038 voluntateminspiciebat.
1817 4967 1925 5024 Sed
1949 4982 2066 5035 cur,

495 5056 704 5125 inquies
728 5098 745 5122 ,
779 5071 885 5111 non
929 5058 1201 5126 permisit?
1238 5058 1373 5126 Quia
1412 5068 1565 5115 erant
1601 5061 1688 5131 qui
1735 5060 1837 5117 hoc
1876 5076 2069 5118 munus

496 5153 799 5222 implerent,
839 5169 1011 5224 neque
1054 5156 1347 5226 insepultus
1389 5173 1672 5213 mansurus
1709 5167 1870 5215 erat:
1910 5168 2070 5229 atque

497 5245 636 5301 hunc
658 5262 722 5301 ex
750 5245 911 5301 rebus
932 5248 1097 5317 magis
1123 5250 1436 5304 necessariis
1461 5250 1615 5306 avelli
1640 5265 1746 5305 non
1771 5263 1907 5320 opus
1932 5257 2064 5304 erat.

496 5336 628 5391 Cum
667 5336 798 5392 dicit
828 5344 1026 5400 autem,
1057 5337 1285 5392 Morinos
1325 5356 1461 5405 suos,
1498 5341 1733 5396 ostendit
1772 5340 1915 5397 hunc
1960 5355 2067 5395 non

501 5444 619 5483 esse
642 5440 909 5482 mortuum
941 5443 1094 5482 suum
1122 5446 1135 5481 :
1161 5445 1283 5483 nam
1314 5429 1419 5494 hic,
1453 5440 1510 5484 ut
1535 5432 1801 5497 existimo,
1830 5439 2070 5486 mortuus

496 5533 563 5572 ex
607 5517 894 5573 infidelium
924 5534 1146 5573 numero
1174 5528 1306 5573 erat.
1336 5520 1389 5575 Si
1429 5536 1587 5589 porro
1622 5522 1873 5592 juvenem
1910 5523 2072 5580 mira-

579 5686 594 5716 ⁸
622 5684 743 5736 Vide
767 5695 932 5739 notam
960 5687 1200 5742 Friderici
1239 5694 1395 5745 l'ici'd.

1278 281 1333 333 S.
1373 274 1650 333 JOANNIS
1686 264 2160 327 CllllYSOSTOMl
2199 252 2514 325 ARClllEP.
2553 272 3080 331 CONSTANTINOP.

3648 279 3760 335 348

2176 384 2269 451 ris,
2297 386 2436 455 quod
2467 402 2560 455 pro
2585 404 2643 443 re
2672 399 2777 444 tam
2807 389 3103 446 necessaria
3131 387 3310 446 losum
3338 394 3624 459 rogaverit,
3655 410 3759 448 ne-

2174 493 2277 546 que
2315 487 2503 548 sponte
2543 480 2767 534 abierit:
2800 482 2967 535 multo
3000 481 3166 551 magis
3202 482 3410 546 mirare,
3444 484 3586 552 quini
3630 503 3760 552 pro-

2176 570 2369 625 hibitus
2413 573 2684 627 manserit.
2723 574 2914 628 Annon
2938 615 2953 639 ,
2985 574 3227 643 inquies,
3271 575 3611 644 ingratissimi
3656 579 3754 632 lilii

2171 673 2305 727 erat,
2341 663 2503 731 patris
2527 664 2792 733 exsequiis
2820 680 2924 718 non
2970 665 3265 721 interesse?
3296 665 3353 721 Si
3398 666 3447 721 id
3479 682 3544 721 ex
3577 669 3755 736 negli-

2170 754 2345 820 gentia
2390 754 2620 817 fecisset,
2653 754 2840 825 ingrati
2868 755 3030 810 animi
3059 756 3291 812 futurum
3320 768 3464 817 erat:
3493 758 3540 813 si
3568 768 3753 813 autem

2173 862 2256 901 res
2300 851 2466 918 magis
2510 849 2805 905 necessaria
2839 850 3084 913 instabat,
3130 850 3479 921 improbitatis
3522 869 3757 907 summa:

2170 936 2327 992 fuerit
2356 940 2571 995 abiisse.
2600 939 2731 994 Nam
2758 940 2914 997 Iesus
2952 941 3003 996 id
3033 941 3302 1011 prohibuit
3326 942 3448 1011 ipsi,
3471 958 3574 997 non
3601 943 3751 1011 quod

2164 1028 2373 1096 juberet
2397 1031 2650 1085 honorem
2679 1033 2980 1099 parentibus
3008 1032 3243 1086 deliitiuu
3272 1042 3634 1095 contemnere,
3653 1035 3753 1088 scd

2170 1134 2221 1175 ut
2270 1124 2592 1187 ostenderet,
2626 1124 2755 1178 nihil
2807 1125 2957 1178 nobis
2995 1140 3146 1192 mque
3186 1125 3544 1178 necessarium
3590 1140 3749 1190 esse,

2168 1227 2326 1288 atque
2347 1232 2432 1272 res
2456 1220 2718 1283 caelestes,
2752 1220 2922 1288 iisque
2948 1232 3152 1272 summa
3178 1234 3298 1273 cum
3320 1218 3586 1287 diligentia
3625 1233 3752 1273 esse

2171 1307 2599 1373 incumbendnm,
2622 1324 2721 1364 nec
2748 1310 2829 1363 vel
2857 1309 3117 1363 tantillum
3145 1308 3514 1371 differendum,
3535 1310 3748 1363 etiamsi

2167 1401 2450 1455 admodum
2489 1404 2726 1472 urgentia
2758 1402 3037 1458 videantur
3077 1418 3195 1459 esse
3231 1417 3293 1459 ea
3335 1418 3453 1471 qua:
3488 1404 3595 1457 alio
3635 1413 3749 1456 tra-

2169 1493 2318 1548 hunt.
2351 1494 2487 1561 Quid
2516 1495 2656 1548 enim
2697 1495 2865 1564 magis
2908 1495 3266 1550 necessarium
3286 1534 3301 1559 ,
3330 1509 3487 1564 quam
3514 1495 3752 1562 sepelire

2168 1586 2408 1655 patrem?
2430 1585 2555 1655 quid
2592 1585 2831 1640 facilius?
2868 1585 3050 1655 Neque
3072 1585 3214 1641 enim
3239 1586 3459 1641 multum
3489 1586 3754 1655 temporis

2166 1675 2537 1730 insumendum
2562 1684 2696 1731 erat.
2726 1676 2782 1731 Si
2813 1690 2972 1745 porro
3002 1691 3106 1729 non
3142 1683 3346 1730 tantum
3376 1675 3636 1744 temporis
3663 1675 3750 1729 in-

2166 1783 2380 1824 sumere
2408 1768 2529 1823 licet
2554 1776 2806 1839 quantum
2834 1768 2903 1822 ad
2930 1768 3294 1838 sepeliendum
3321 1778 3527 1836 patrem
3549 1776 3636 1821 est
3655 1781 3754 1822 ne-

2166 1860 2475 1926 cessarium,
2505 1868 2560 1915 et
2579 1860 2623 1915 si
2654 1874 2722 1914 ne
2743 1859 2947 1915 tantillo
2969 1858 3183 1929 quidem
3226 1871 3463 1927 tempore
3488 1858 3751 1926 spiritua-

2167 1950 2237 2006 lia
2269 1950 2569 2021 relinquere
2607 1958 2777 2005 tutum
2814 1958 2899 2005 est
2924 1967 2940 2005 :
2970 1950 3143 2021 cogita
3167 1948 3360 2021 quibus
3401 1948 3571 2003 simus
3598 1948 3751 2017 digni

2168 2042 2357 2113 ptenis,
2387 2042 2477 2114 qui
2502 2057 2565 2098 ea
2601 2057 2720 2113 qua:
2747 2041 2815 2099 ad
2838 2040 3111 2097 Christum
3157 2048 3400 2111 spectant
3429 2049 3541 2095 toto
3576 2038 3753 2095 ferme

2169 2143 2407 2203 tempore
2452 2132 2768 2196 deserimus,
2795 2141 2849 2188 et
2890 2131 3208 2188 necessariis
3235 2130 3491 2185 vilissima
3531 2139 3753 2200 antepo-

2166 2226 2359 2290 nimus,
2378 2225 2630 2294 nullaque
2655 2239 2715 2280 re
2737 2232 2956 2293 urgente
2982 2223 3191 2278 desides
3205 2237 3409 2277 sumus.
3433 2221 3563 2277 lude
3583 2236 3752 2291 porro

2165 2316 2420 2371 doctrina:
2449 2315 2670 2386 hujusce
2697 2314 3084 2385 philosophiam
3114 2313 3298 2369 mirari
3324 2321 3569 2382 Oportet,
3596 2312 3748 2382 quod

2158 2406 2405 2477 juvenem
2433 2406 2595 2462 verbo
2622 2405 2713 2461 Dei
2738 2405 2985 2469 affixerit,
3017 2405 3083 2460 ad
3114 2404 3227 2460 haec
3251 2404 3412 2459 etiam
3435 2402 3614 2457 multis
3637 2403 3750 2456 eri-

2165 2501 2340 2570 puerit
2374 2500 2547 2564 malis,
2575 2499 2806 2561 ﬂetibus,
2838 2498 2998 2554 luctui
3025 2538 3041 2563 ,
3068 2497 3291 2566 aliisque
3320 2495 3444 2551 inde
3471 2494 3747 2564 sequenti-

2165 2591 2282 2646 bus.
2299 2590 2429 2646 Nam
2454 2599 2572 2661 post
2595 2591 2920 2659 sepulturam
2947 2604 3081 2659 opus
3106 2596 3224 2645 erat
3252 2597 3626 2644 testamentum
3648 2601 3748 2642 ex-

2163 2692 2381 2749 cutere,
2425 2692 2598 2739 sortes
2641 2682 2950 2738 hereditatis
2984 2680 3338 2748 distribuere,
3384 2690 3439 2736 et
3474 2679 3577 2734 alia
3621 2693 3748 2749 qua:

2164 2775 2277 2831 hinc
2300 2776 2657 2847 sequebantur
2684 2776 2858 2831 omnia
2891 2775 3062 2829 facere
3085 2791 3098 2829 :
3129 2772 3312 2842 sicque
3336 2770 3580 2827 fluctibus
3605 2772 3747 2827 alios

2162 2868 2355 2924 fluctus
2377 2868 2777 2940 excipientibus,
2813 2867 3050 2939 procula
3078 2866 3315 2921 veritatis
3345 2875 3499 2935 portu
3529 2865 3616 2919 ille
3640 2864 3746 2919 ab-

2162 2960 2351 3015 ductus
2390 2959 2595 3015 fuisset.
2626 2959 2751 3015 Ideo
2797 2959 2970 3030 ipsum
3021 2956 3272 3022 attrahit,
3320 2966 3373 3013 et
3409 2956 3511 3011 sibi
3545 2955 3745 3025 jungit.

2162 3051 2315 3119 Quod
2356 3052 2400 3106 si
2437 3049 2611 3106 adhuc
2638 3050 2846 3105 miraris
2872 3059 2927 3104 et
2946 3063 3085 3118 a‘gre
3109 3047 3236 3114 fers,
3275 3046 3415 3117 quod
3442 3044 3749 3115 prohibitus

2163 3144 2319 3198 fuerit
2346 3151 2567 3213 paterno
2590 3142 2780 3197 adesse
2794 3140 2963 3197 funeri
2984 3157 2999 3204 ;
3020 3139 3148 3195 illud
3175 3141 3374 3210 cogites
3400 3139 3577 3203 velim,
3596 3138 3747 3192 mul-

2163 3242 2246 3287 tos
2274 3247 2394 3287 esse
2429 3233 2518 3303 qui
2562 3247 2682 3287 cum
2724 3232 2895 3288 sciant
2931 3232 3205 3302 quospiam
3246 3229 3519 3285 molestius
3552 3228 3746 3284 funera

2162 3324 2365 3381 laturos
2392 3338 2534 3390 esse,
2566 3339 2658 3380 seu
2687 3324 2871 3394 patris,
2902 3338 2997 3379 seu
3037 3321 3243 3389 matris,
3272 3336 3367 3377 seu
3394 3320 3507 3385 lilii,
3537 3336 3633 3374 seu
3663 3320 3748 3374 al-

2162 3416 2325 3471 terius
2349 3415 2747 3484 cujuscumque,
2767 3429 2873 3470 non
2900 3415 3208 3483 permittere
3236 3427 3299 3469 ea
3326 3411 3455 3481 ipsis
3483 3410 3745 3475 nuntiari,

2162 3521 2334 3577 neque
2362 3506 2506 3576 ipsos
2548 3505 2614 3560 ad
2652 3506 2954 3575 sepulcrum
2984 3506 3167 3561 venire
3197 3521 3210 3557 :
3241 3519 3413 3574 neque
3441 3502 3560 3557 ideo
3596 3503 3747 3571 ipsiis

2162 3597 2493 3653 crudelitatis
2522 3596 2989 3652 iuhumanitatisve
3009 3609 3358 3651 accusamus:
3389 3602 3444 3648 et
3463 3593 3583 3663 jure
3620 3592 3745 3661 qui-

2162 3689 2304 3744 dem.
2335 3688 2468 3743 Nam
2506 3697 2690 3744 contra
2732 3687 2909 3745 facere
2963 3687 3309 3743 inhumanum
3352 3695 3516 3752 esset,
3545 3700 3748 3755 nempe

2162 3780 2240 3835 sic
2267 3780 2486 3836 affectos
2511 3780 2577 3836 ad
2608 3781 2807 3836 luctum
2834 3782 2849 3812 ¹
2880 3780 3132 3836 educere.

2233 3874 2285 3928 4.
2326 3874 2452 3941 Qua:
2492 3875 2562 3928 ad
2601 3874 2815 3927 salutem
2859 3881 3084 3944 spectant
3129 3882 3248 3927 sunt
3292 3871 3483 3925 ueteris
3526 3879 3742 3938 antepo—

2163 3967 2348 4020 nenda.
2382 3965 2471 4019 Vir
2498 3968 2550 4020 in
2578 3967 2797 4037 nequitia
2835 3967 3023 4033 vivens,
3054 3976 3127 4021 est
3170 3973 3365 4019 mortuo
3409 3962 3649 4017 deterior.
3675 3989 3714 4000 -
3736 3989 3753 3998 -

2165 4057 2314 4125 Quod
2342 4057 2386 4111 si
2424 4057 2747 4127 propinquos
2774 4058 2844 4112 ita
2880 4057 3059 4127 lugere
3102 4066 3154 4111 et
3179 4058 3411 4110 animum
3437 4054 3591 4108 atteri
3626 4068 3747 4107 ma-

2166 4152 2273 4205 lum
2299 4159 2399 4214 est,
2424 4151 2576 4220 longe
2607 4149 2756 4218 pejus
2783 4159 2863 4204 est
2888 4164 2916 4204 a
2945 4147 3305 4218 spiritualibus
3332 4146 3522 4201 abduci
3545 4145 3748 4199 verbis.

2166 4238 2393 4311 Ideoque
2411 4240 2533 4295 alibi
2557 4241 2677 4296 dicit
2708 4258 2721 4295 :
2750 4240 2913 4293 Nemo
2933 4240 3131 4294 mittens
3151 4255 3354 4292 manum
3369 4254 3512 4291 snam
3540 4237 3609 4289 ad
3628 4253 3754 4289 ora-

2167 4345 2318 4398 trum,
2349 4345 2395 4387 et
2436 4351 2698 4388 conversus
2723 4334 2789 4387 ad
2815 4334 3125 4403 posteriora,
3155 4342 3302 4401 aptus
3344 4342 3415 4385 est
3444 4331 3512 4383 ad
3536 4348 3752 4400 regnum

2168 4426 2406 4481 calorum
2429 4424 2579 4497 (Luc.
2602 4425 2656 4481 9.
2685 4423 2797 4496 62).
2828 4423 2963 4479 Nam
3001 4425 3157 4494 longe
3186 4422 3374 4478 melius
3408 4433 3492 4477 est
3521 4436 3750 4491 regnum

2169 4516 2490 4586 prmdicare,
2530 4515 2771 4586 aliosque
2812 4530 2844 4569 a
2873 4523 3045 4570 morte
3088 4513 3386 4577 retrahere,
3416 4527 3574 4583 quam
3617 4513 3752 4566 nihil

2163 4608 2436 4677 juvantem
2469 4614 2736 4662 mortuum
2764 4606 3026 4676 sepelire;
3057 4620 3180 4661 cum
3209 4605 3441 4659 maxime
3459 4612 3758 4673 supersunt

2168 4699 2259 4752 alii
2308 4697 2397 4768 qui
2436 4698 2642 4768 possint
2689 4697 2791 4753 hoc
2832 4697 3067 4754 officium
3114 4697 3356 4767 implere.
3399 4695 3541 4751 Nihil
3592 4696 3758 4766 igitur

2168 4788 2310 4845 aliud
2342 4788 2465 4845 inde
2492 4788 2763 4853 discimus,
2784 4804 2944 4859 quam
2972 4788 3115 4859 quod
3139 4803 3207 4843 ne
3232 4788 3506 4843 minimum
3534 4786 3755 4856 quidem

2172 4881 2426 4950 temporis
2468 4889 2644 4936 terere
2689 4890 2970 4948 oporteat:
2997 4880 3205 4935 etiamsi
3234 4889 3480 4936 sexcenta
3513 4879 3620 4932 alia
3666 4888 3763 4933 ur-‘

2172 4984 2347 5064 geant,
2371 4973 2660 5043 spiritualia
2682 4983 2806 5029 sunt
2832 4988 3047 5044 semper
3065 4973 3273 5028 caeteris
3297 4972 3379 5027 vel
3401 4972 3635 5025 maxime
3661 4987 3759 5025 ne-

2128 5112 2141 5119 ,
2172 5062 2421 5121 cessariis
2458 5064 2829 5133 anteponenda
2850 5105 2865 5129 ,
2910 5064 3291 5135 sciendumque
3318 5072 3401 5118 est
3424 5104 3437 5126 ,
3464 5062 3590 5132 quid
3626 5065 3759 5126 vita,

2172 5156 2300 5227 quid
2331 5170 2474 5211 mors
2498 5155 2587 5210 sit.
2614 5155 2759 5210 Multi
2781 5156 2922 5212 enim
2950 5156 3108 5210 etiam
3130 5170 3194 5211 ex
3221 5155 3307 5219 iis,
3337 5154 3424 5225 qui
3459 5154 3643 5208 vivere
3675 5153 3761 5207 εἰ-

2174 5247 2385 5312 dentur,
2416 5262 2446 5300 a
2489 5247 2713 5302 mortuis
2758 5247 2889 5302 nihil
2917 5246 3190 5312 diﬂ'crunt,
3217 5246 3260 5300 si
3302 5246 3351 5298 in
3395 5246 3630 5312 nequitia
3675 5245 3761 5294 vi-

2175 5350 2330 5403 vant;
2364 5340 2471 5393 i.no
2511 5338 2805 5394 deteriores
2846 5338 3005 5393 etiam
3049 5339 3273 5392 mortuis
3314 5344 3456 5390 sunt.
3492 5333 3633 5387 Nam
3673 5338 3767 5403 qui

2178 5441 2401 5485 mortuus
2430 5440 2523 5495 est,
2558 5430 2744 5501 inquit,
2767 5431 3075 5499 justiﬁcatus
3102 5440 3173 5484 est
3198 5446 3229 5481 a
3265 5439 3463 5496 peccato
3494 5427 3675 5496 (Rom.
3704 5430 3767 5481 ti.

2177 5523 2232 5592 7)
2257 5538 2271 5583 ;
2305 5522 2391 5577 hic
2412 5530 2588 5577 autem
2611 5522 2858 5591 nequitia:
2888 5522 3069 5577 servit.
3103 5520 3178 5577 Ne
3208 5520 3333 5574 mihi
3356 5519 3578 5585 dixeris,
3608 5516 3771 5570 illum

2242 5678 2257 5708 ι
2293 5676 2505 5739 Qtudam,
2529 5676 2594 5726 ad
2615 5675 2773 5739 funus.
