4050 6220
222 305 326 362 559

217 433 249 470 a
282 415 555 472 vermibus
583 432 690 472 non
724 415 954 481 corrodi,
979 430 1081 468 uon
1104 413 1156 466 iu
1180 412 1450 481 sandapila
1476 411 1680 480 jacere,
1700 423 1804 462 non

218 506 411 560 oculos
451 507 740 570 clausisse,
770 520 940 575 neque
998 503 1192 558 institis
1236 503 1453 572 ligatum
1496 515 1638 557 esse.
1671 499 1802 555 Nam

217 599 463 668 graviora
500 599 718 668 patitur,
748 613 904 666 quam
951 606 1222 660 mortuus,
1256 611 1361 648 non
1390 593 1664 647 vermibus
1686 607 1808 646 eor-

219 690 566 754 rodentibus,
597 690 692 744 sed
731 689 855 743 feris
896 687 1298 742 immanioribus
1331 686 1492 738 animi
1531 683 1808 738 atlâ€˜ectibns

220 782 396 851 ipsum
418 781 857 851 discerpentibus.
878 780 933 836 Si
953 789 1130 835 autem
1151 788 1363 848 apertos
1388 777 1578 832 habeat
1601 776 1805 839 oculos,

221 873 325 928 hoc
356 873 478 928 item
506 874 660 943 longe
703 873 854 942 pejus
880 881 983 937 est,
1015 887 1171 941 quam
1213 871 1257 924 si
1283 871 1447 924 clausi
1491 877 1687 922 essent.
1717 867 1808 922 Et-

219 965 368 1018 enim
387 965 525 1018 oculi
549 965 743 1018 mortui
766 963 899 1016 nihil
918 963 1037 1016 mali
1063 962 1276 1024 vident;
1304 960 1389 1014 hic
1413 970 1590 1014 autern
1613 958 1809 1028 apertis

219 1055 392 1110 oculis
430 1055 740 1110 innumeros
781 1054 880 1109 sibi
917 1052 1136 1108 attrahit
1172 1051 1406 1106 morbos.
1453 1051 1544 1104 Ille
1571 1050 1716 1120 jacet
1754 1049 1807 1102 in

217 1145 497 1215 sandapila
525 1145 590 1200 ad
622 1144 798 1201 omnia
841 1143 1163 1206 immobilis;
1190 1143 1276 1196 hic
1309 1143 1359 1195 in
1388 1142 1643 1211 sepulcro
1667 1156 1809 1195 mor-

219 1237 413 1292 borum
441 1236 587 1290 mille
620 1251 784 1291 onere
809 1235 1030 1289 obrutus
1068 1242 1168 1288 est.
1201 1234 1270 1287 At
1293 1247 1399 1286 non
1443 1233 1591 1286 vides
1614 1246 1808 1300 corpus

218 1343 340 1398 ejus
382 1327 696 1398 putridum?
723 1325 790 1380 Et
817 1325 941 1396 quid
987 1324 1122 1378 hoc?
1146 1323 1240 1376 llic
1266 1323 1461 1393 quippe
1478 1361 1497 1384 ,
1523 1331 1807 1391 antequam

217 1435 420 1490 corpus
444 1420 561 1488 ejus
589 1426 878 1488 putrescat,
900 1418 1130 1472 animam
1155 1416 1312 1470 habet
1335 1423 1660 1485 corruptam,
1682 1429 1808 1484 per-

219 1512 414 1579 ditam,
441 1511 631 1567 ftetore
670 1511 900 1581 plurimo
929 1497 1318 1564 labefactatam.
1339 1508 1430 1563 Ille
1469 1506 1683 1577 quidem
1715 1522 1809 1576 per

219 1603 410 1659 decem
431 1603 544 1658 dies
572 1603 741 1668 ftetet,
771 1601 860 1654 hic
888 1615 1016 1655 vero
1045 1616 1141 1671 per
1167 1608 1330 1653 totam
1369 1600 1530 1654 vitam
1562 1599 1806 1653 faetorem

217 1695 441 1756 emittit,
463 1708 526 1748 os
556 1693 757 1748 habens
783 1693 979 1746 cloacis
997 1690 1479 1759 ipsisimmundius.
1497 1689 1616 1745 Uno
1645 1688 1810 1744 verbo

221 1795 430 1840 tantum
447 1784 514 1839 ab
544 1783 646 1838 hoc
667 1783 756 1838 ille
777 1782 972 1848 differt,
995 1793 1247 1852 quantum
1269 1782 1358 1836 ille
1386 1781 1599 1851 quidem
1621 1796 1810 1836 corru-

219 1877 462 1946 ptiouem
487 1885 687 1929 natura:
715 1873 944 1928 debitam
968 1874 1181 1942 patitur,
1207 1873 1292 1926 hic
1311 1888 1438 1926 vero
1458 1887 1577 1926 cum
1603 1871 1686 1925 illa
1712 1886 1810 1940 pu-

222 1969 455 2032 tredine,
475 1983 592 2022 eam
624 1967 781 2021 etiam
805 1982 921 2035 quae
955 1981 1020 2020 ex
1052 1963 1252 2033 perdita
1278 1966 1448 2018 oritur
1470 1963 1576 2017 vita
1603 1962 1702 2017 sibi
1732 1973 1814 2016 at-

226 2061 420 2126 trahit;
444 2068 722 2115 sexcentas
749 2059 849 2114 sibi
878 2058 1116 2128 quotidie
1140 2059 1441 2128 excogitans
1457 2057 1814 2126 corruptionis

219 2150 452 2219 species.
475 2150 581 2205 Sed
602 2151 690 2205 ille
714 2165 851 2220 equo
869 2149 1068 2204 fet-tur?
1090 2148 1224 2216 Quid
1249 2150 1347 2203 hoc
1370 2149 1490 2204 est?
1511 2148 1637 2202 Nam
1658 2147 1741 2203 hic
1758 2149 1810 2202 in

217 2240 367 2294 lecto
388 2240 689 2305 decumbit;
717 2239 966 2310 quodque
985 2239 1197 2308 gravius
1226 2248 1329 2300 est,
1354 2238 1478 2292 dum
1515 2237 1660 2291 illum
1695 2253 1814 2291 cor-

221 2338 443 2398 ruptum
483 2341 539 2386 et
565 2329 837 2385 {intentem
882 2344 1038 2383 nemo
1073 2328 1235 2393 videt,
1258 2344 1380 2383 cum
1419 2343 1596 2382 arcam
1624 2328 1814 2383 habeat

220 2420 350 2475 velo
376 2428 649 2488 opertam;
697 2420 785 2475 hie
825 2421 1008 2475 vivens
1046 2435 1110 2474 ac
1149 2420 1364 2476 fretidus
1400 2421 1813 2492 circumquaque

222 2519 468 2581 vagatur,
497 2520 760 2565 mortuam
789 2511 1018 2566 animam
1043 2512 1095 2566 in
1121 2527 1346 2582 corpore
1370 2513 1520 2582 quasi
1555 2514 1609 2567 in
1634 2513 1813 2582 sepul-

225 2617 321 2657 cro
347 2603 746 2659 circumferens.
776 2605 853 2658 Ac
882 2607 925 2658 si
963 2614 1142 2674 posset
1165 2607 1338 2659 anima
1365 2607 1600 2675 conspici
1636 2607 1732 2661 viri
1760 2608 1812 2661 in

225 2694 437 2750 deliciis
477 2704 532 2750 et
559 2695 612 2750 in
647 2697 879 2767 nequitia
907 2697 1161 2764 viventis,
1193 2699 1402 2753 videres
1430 2699 1584 2770 longe
1623 2700 1814 2754 melius

226 2800 349 2842 esse
389 2787 441 2840 in
466 2787 712 2857 sepulcro
738 2789 951 2858 ligatum
970 2788 1183 2856 jacere,
1211 2805 1365 2858 quam
1393 2790 1593 2844 catenis
1623 2805 1812 2858 pecca-

227 2888 405 2936 torum
431 2881 759 2951 constringi;
790 2896 853 2936 ac
899 2882 1124 2950 lapidem
1154 2883 1547 2952 superpositum
1590 2882 1806 2950 habere,

226 2988 386 3044 quam
415 2989 576 3045 grave
614 2974 742 3030 illud
767 2975 1188 3030 insensibilitatis
1211 2977 1538 3046 operculum.
1569 2979 1812 3048 Quapro-

230 3075 349 3132 pter
377 3066 626 3120 convenit
652 3075 709 3120 ut
736 3075 1067 3122 mortuorum
1089 3066 1346 3122 horumce
1361 3069 1668 3139 propinqui,
1687 3083 1814 3140 quo-

229 3157 379 3209 niam
417 3153 493 3208 illi
526 3155 605 3209 sic
641 3155 761 3211 sine
789 3171 953 3212 sensu
974 3156 1181 3226 jacent,
1213 3158 1281 3214 ad
1318 3158 1504 3214 Jesum
1541 3162 1805 3218 accedant

223 3259 326 3314 pro
353 3246 458 3299 illis
481 3287 496 3312 ,
521 3256 578 3300 ut
601 3247 726 3301 olim
753 3248 914 3303 Maria
944 3264 1040 3318 pro
1067 3250 1289 3306 Lazaro.
1323 3252 1542 3308 Etiamsi
1571 3254 1806 3322 timidus,

223 3336 437 3391 etiamsi
459 3339 840 3407 quatriduauus
861 3343 950 3406 sit,
974 3358 1041 3396 ne
1071 3343 1360 3413 desperes:
1390 3345 1482 3400 sed
1511 3347 1725 3411 accede;
1755 3358 1810 3403 et

222 3427 457 3494 lapidem
500 3429 644 3497 prius
679 3445 914 3486 remove.
939 3431 1067 3484 Nam
1112 3440 1238 3487 tmte
1266 3435 1470 3490 videbis
1505 3437 1802 3504 jacentem,

218 3518 372 3585 quasi
407 3519 455 3572 iu
482 3520 748 3588 sepulcro,
781 3531 837 3576 et
858 3524 1034 3578 fasciis
1061 3524 1297 3594 ligatum.
1329 3527 1394 3581 Et
1439 3529 1481 3582 si
1529 3531 1719 3598 placet,
1753 3531 1804 3586 in

221 3609 456 3663 medium
495 3613 794 3682 quempiam
838 3631 903 3670 ex
947 3616 1071 3671 viris
1117 3618 1410 3674 illustribus
1456 3620 1802 3679 adducamus.

218 3703 292 3756 At
321 3718 388 3756 ne
409 3703 671 3770 timeatis;
704 3707 862 3761 tacito
891 3710 1084 3778 quippe
1114 3711 1328 3767 nomine
1353 3715 1652 3783 exemplum
1682 3733 1806 3785 pro-

217 3794 421 3856 feram;
457 3794 583 3862 imo,
620 3797 663 3849 si
701 3813 892 3853 nomen
933 3799 1187 3868 dicerem,
1216 3817 1284 3857 ne
1325 3803 1403 3858 sic
1428 3805 1641 3873 quidem
1687 3823 1800 3863 tne-

217 3887 471 3942 tuendum
502 3897 664 3942 esset.
694 3890 823 3956 Quis
851 3893 994 3945 enim
1022 3909 1268 3963 umquam
1298 3906 1565 3952 mortuum
1591 3899 1800 3954 timuit?

1111 298 1178 356 IN
1211 296 1619 355 MATTHIEUM
1660 287 1890 348 IIOMIL.
1933 291 2166 348 XXVIII.
2207 297 2277 350 al.
2318 298 2509 354 XXIX.

3383 303 3488 363 350

1913 409 1969 465 Si
1997 410 2122 481 quid
2145 411 2284 465 enim
2315 411 2517 474 fecerit,
2547 421 2786 468 mortuus
2817 421 2989 470 tamen
3017 423 3226 481 manet;
3250 425 3490 472 mortuus

1913 520 2039 559 vero
2068 505 2330 558 viventem
2372 505 2566 559 laedere
2610 504 2754 559 nullo
2785 517 2938 575 pacto
2979 519 3167 577 potest.
3203 509 3486 564 Videamus

1913 597 2091 666 itaque
2111 606 2269 666 caput
2289 597 2406 666 ejus
2436 598 2674 668 ligatum.
2698 598 2828 652 Nam
2854 615 2972 654 cum
2999 601 3187 655 crebro
3207 603 3312 657 sint
3332 605 3488 672 ebrii,

1912 689 2134 760 perinde
2175 699 2334 759 atque
2369 690 2560 744 mortui
2594 691 2773 744 multis
2813 693 3160 747 velaminihus
3198 704 3250 747 et
3289 693 3485 759 fasciis,

1911 782 1988 834 sie
2017 795 2203 834 omnes
2243 781 2461 834 istorum
2485 795 2674 834 sensus
2697 782 3046 837 occluduntur
3064 794 3118 837 et
3156 785 3401 854 ligantur.
3432 785 3489 842 Si

1912 871 2060 924 lubet
2099 871 2258 924 etiam
2287 886 2474 924 manus
2515 871 2716 936 videre,
2749 871 2865 924 illas
2889 874 3187 942 conspicias
3209 876 3377 929 ventri
3408 876 3489 929 Î´Î¹Î¿

1912 961 2116 1030 ligatas,
2140 971 2194 1014 ut
2220 959 2586 1014 defunctorum
2616 977 2823 1026 manus,
2840 972 2893 1016 et
2913 963 3138 1028 vinctas,
3158 981 3262 1018 non
3292 964 3491 1033 fasciis,

1910 1051 2006 1107 sed
2033 1051 2271 1105 avaritiae
2299 1052 2542 1115 vinculis,
2567 1053 2706 1121 quod
2733 1054 2888 1123 longe
2917 1053 3150 1108 deterius
3173 1067 3288 1119 est;
3320 1071 3494 1126 neque

1911 1143 2052 1198 enim
2082 1144 2339 1212 permittit
2377 1145 2463 1196 illa
2491 1153 2546 1197 ut
2585 1145 2650 1197 ad
2692 1144 3120 1214 elccmosynam,
3152 1145 3234 1198 vel
3259 1145 3324 1200 ad
3351 1146 3490 1199 aliud

1910 1234 2195 1304 quodpiam
2235 1249 2371 1304 opus
2399 1235 2592 1288 bonum
2634 1235 3021 1301 extendantur;
3058 1235 3152 1290 sed
3200 1236 3495 1292 inutiliores

1911 1324 2075 1380 efï¬cit
2097 1366 2112 1388 ,
2141 1340 2297 1394 quam
2341 1336 2670 1378 mortuorum
2701 1340 2910 1380 manus.
2942 1324 3104 1380 Visne
3129 1335 3185 1379 ut
3209 1327 3369 1380 etiam
3403 1343 3494 1396 pe-

1913 1417 2011 1473 des
2037 1419 2284 1473 similiter
2311 1419 2521 1472 viuctos
2559 1418 2871 1472 videamus?
2901 1417 3025 1472 Illos
3051 1435 3261 1489 quoque
3290 1419 3495 1489 respice

1911 1511 2057 1564 curis
2088 1509 2404 1564 constrictos
2427 1550 2443 1574 ,
2483 1510 2572 1578 qui
2600 1508 2718 1563 ideo
2746 1523 2852 1562 non
2880 1509 3084 1577 possint
3112 1508 3177 1562 ad
3213 1510 3492 1564 ecclesiam

1916 1602 2011 1656 Dei
2052 1617 2355 1670 properare.
2393 1601 2575 1655 \â€˜idiSti
2618 1602 2920 1654 mortuum?
2947 1600 3321 1656 Pollinctorem
3353 1601 3493 1656 vide.

1913 1693 2044 1760 Quis
2086 1693 2272 1746 horum
2322 1693 2605 1762 pollinctor
2639 1693 2760 1746 est?
2792 1691 3040 1746 Diabolus
3077 1691 3166 1761 qui
3215 1690 3496 1760 diligenter

1913 1784 2058 1853 ipsos
2081 1785 2413 1852 constringit,
2448 1799 2544 1837 nec
2572 1783 2700 1836 sinit
2723 1791 2780 1836 ut
2810 1781 2970 1838 homo
2996 1797 3120 1836 vere
3150 1781 3308 1834 homo
3331 1796 3496 1850 appa-

1915 1885 2064 1941 reat,
2094 1875 2186 1930 sed
2227 1877 2424 1945 lignum
2460 1876 2688 1928 aridum.
2721 1874 2816 1930 llbi
2843 1873 2988 1928 enim
3023 1890 3125 1928 nec
3165 1875 3352 1928 oculus
3397 1889 3495 1928 uec

1914 1984 2125 2034 manus,
2157 1983 2256 2023 nec
2289 1967 2471 2036 pedes,
2505 1983 2603 2021 nec
2627 1967 2768 2020 aliud
2799 1966 3100 2035 hnjnsmodi
3128 1966 3496 2036 cstqnomodo

1913 2077 2033 2115 esse
2057 2075 2210 2129 posse
2225 2059 2384 2114 homo
2405 2060 2646 2114 videatur
2661 2063 2684 2109 â€™á¼
2705 2059 2793 2114 Sic.
2815 2059 3050 2128 ipsorum
3071 2060 3299 2112 animam
3323 2057 3498 2111 fasciis

1913 2152 2214 2206 devinctam
2245 2151 2558 2218 conspicere
2588 2159 2704 2214 est,
2753 2149 2954 2202 idolum
2986 2150 3153 2217 magis
3181 2163 3339 2216 quam
3381 2149 3498 2201 atti-

1915 2259 2077 2297 mam.
2109 2241 2369 2310 Quoniam
2403 2243 2560 2312 igitur
2593 2241 2691 2310 ipsi
2735 2241 2853 2294 sine
2879 2255 3039 2294 sensu
3063 2239 3241 2308 jacent
3278 2238 3496 2303 mortui,

1917 2351 2014 2405 pro
2040 2335 2142 2389 illis
2169 2334 2232 2390 ad
2255 2334 2437 2389 Jesum
2460 2331 2790 2395 accedamus,
2817 2345 3097 2400 precemur
3117 2338 3174 2382 ut
3198 2338 3496 2396 resurgant,

1915 2440 2258 2482 amoveamus
2275 2423 2524 2494 lapidem,
2541 2424 2808 2478 solvamus
2839 2420 3047 2475 fascias.
3076 2419 3132 2474 Si
3159 2419 3300 2472 enim
3320 2419 3498 2473 abstu~

1917 2518 2045 2573 leris
2069 2516 2318 2586 lapidem,
2344 2517 2394 2568 id
2422 2524 2524 2580 est,
2549 2514 2688 2568 illam
2718 2515 2769 2566 iu
2792 2511 2945 2566 malis
2967 2526 3218 2564 sensuum
3249 2509 3499 2578 privatio.

1917 2626 2062 2673 nem,
2090 2610 2196 2663 cito
2223 2609 2341 2662 illos
2368 2623 2398 2662 e
2423 2606 2668 2674 sepulcro
2691 2605 2939 2661 eduxeris
2968 2621 2982 2656 :
3011 2603 3237 2657 eductos
3265 2617 3391 2656 vero
3417 2599 3498 2654 fa-

1918 2703 2074 2755 cilius
2101 2716 2130 2753 a
2176 2699 2400 2753 vinculis
2442 2697 2708 2752 liberabis.
2742 2696 2891 2750 Tune
2933 2705 2982 2749 te
3020 2691 3286 2747 Christum
3331 2707 3498 2761 agno-

1918 2800 2051 2856 seet,
2077 2805 2198 2846 cum
2240 2788 2566 2852 surrexeris;
2591 2803 2712 2842 cum
2739 2785 2947 2840 solutus
2976 2783 3161 2846 fueris,
3201 2792 3326 2836 IIIIIC
3353 2793 3404 2836 te
3433 2782 3498 2836 ad

1915 2899 2124 2940 cmnam
2168 2899 2317 2938 suam
2355 2882 2588 2938 vocabit.
2613 2881 2880 2949 Quotquot
2915 2877 3072 2947 igitur
3111 2875 3308 2930 Christi
3344 2874 3498 2928 amici

1914 2979 2065 3040 estis,
2095 2984 2355 3047 quotquot
2379 2973 2645 3044 discipuli,
2673 2980 2930 3043 quotquot
2959 2978 3223 3025 mortuqu
3249 2967 3500 3037 diligitis,

1915 3069 1982 3124 ad
2020 3068 2200 3124 Jesum
2243 3067 2511 3136 supplices
2548 3065 2782 3120 accedite
2823 3073 2876 3118 et
2919 3061 3228 3132 supplicate.
3279 3058 3498 3112 Etiamsi

1910 3165 2058 3222 enim
2097 3175 2444 3230 summepere
2472 3159 2690 3214 ftetidus
2715 3158 2816 3220 sit,
2870 3164 3103 3210 attamen
3149 3169 3252 3209 uou
3301 3153 3499 3208 debent

1917 3256 2195 3327 propinqui
2227 3253 2344 3323 ejus
2369 3252 2538 3321 ipsum
2566 3249 2836 3312 deserere,
2865 3247 2958 3302 sed
2988 3254 3133 3301 tanto
3158 3247 3322 3315 magis
3347 3261 3498 3298 accc-

1913 3349 2042 3405 dere
2067 3389 2082 3413 ,
2113 3357 2313 3417 quanto
2352 3344 2520 3414 magis
2552 3341 2776 3412 putredo
2805 3348 3066 3409 augetur:
3105 3347 3162 3391 ut
3199 3347 3322 3390 tunc
3361 3335 3499 3389 fece-

1914 3449 2036 3494 runt
2062 3438 2245 3493 Lazari
2271 3450 2520 3498 sorores;
2550 3447 2721 3503 neque
2759 3441 2883 3485 ante
2907 3429 3202 3493 discedere,
3227 3436 3496 3496 rogantes,

1913 3540 2191 3602 precantes
2215 3572 2230 3595 ,
2271 3527 2630 3596 supplicantes
2649 3565 2664 3589 ,
2695 3539 2851 3591 quam
2881 3523 3026 3576 illum
3055 3521 3317 3574 viventem
3347 3535 3496 3572 rece-

1912 3625 2165 3696 perimus.
2193 3622 2324 3677 Nam
2350 3621 2394 3675 si
2423 3621 2498 3674 sic
2527 3634 2615 3674 res
2640 3625 2852 3672 nostras
2876 3625 2930 3670 et
2959 3615 3318 3684 proximorum
3343 3628 3497 3667 curc-

1911 3733 2052 3777 mus,
2090 3713 2316 3769 futuram
2357 3712 2464 3767 cito
2493 3713 2651 3763 vitam
2680 3721 3111 3776 consequemur:
3142 3719 3246 3774 qtta
3289 3705 3490 3756 utinam

1910 3823 2008 3862 nos
2036 3807 2135 3860 frui
2163 3805 2450 3873 contingat,
2474 3801 2638 3872 gratia
2669 3810 2722 3855 et
2751 3799 3072 3869 benignitate
3095 3796 3300 3850 Domini
3325 3797 3493 3850 nostri

1907 3899 2032 3956 Jesu
2060 3898 2277 3962 Christi,
2299 3896 2381 3950 cui
2405 3895 2567 3964 gloria
2597 3893 2647 3945 in
2673 3891 2864 3945 sarcula
2895 3888 3230 3944 smculorum.
3267 3888 3455 3940 Amen.

797 4022 3490 4048 ________________________________________

1286 4104 1632 4166 HOMILIA
1674 4107 1968 4169 XXVIII.
2013 4109 2096 4169 al.
2143 4105 2385 4167 XXIX.

209 4246 343 4300 CAP.
383 4246 435 4300 8.
489 4262 538 4298 Î³.
583 4245 671 4301 25.
727 4245 793 4300 Et
835 4247 1128 4302 ascendente
1169 4264 1227 4302 eo
1264 4248 1317 4300 in
1363 4248 1666 4312 naviculam,
1711 4265 1794 4303 seâ€”

282 4339 425 4406 quuti
453 4349 566 4393 sunt
588 4357 699 4393 eum
721 4340 958 4410 discipuli
983 4341 1113 4410 ejus.
1137 4341 1228 4393 24.
1259 4338 1326 4392 Et
1353 4357 1464 4394 ecce
1493 4350 1656 4394 motus
1683 4358 1790 4393 ma-

282 4449 414 4502 gnas
441 4435 606 4502 [actus
651 4443 724 4487 est
771 4434 823 4486 in
854 4433 1002 4498 mari,
1035 4433 1108 4485 ita
1155 4441 1209 4485 ut
1237 4433 1471 4486 navicula
1515 4433 1792 4502 operiretur

280 4523 514 4589 ï¬‚uctibus
539 4539 558 4576 :
576 4523 684 4591 ipse
702 4539 814 4577 vero
843 4524 1137 4578 dormiebat.

281 4613 333 4666 1.
367 4611 529 4666 Nulla
555 4615 684 4667 inter
707 4616 1032 4684 evangelista;
1059 4616 1390 4671 dissonantia.
1414 4614 1687 4678 â€”Lucas,
1722 4629 1789 4668 ne

205 4704 328 4773 quis
359 4705 425 4759 ab
455 4705 569 4773 ipso
599 4715 896 4775 temporum
934 4708 1176 4763 ordinem
1227 4709 1498 4779 exigeret,
1549 4708 1627 4760 sic
1671 4708 1782 4760 ait:

209 4793 428 4848 Factum
453 4806 525 4849 est
549 4796 601 4849 in
621 4812 722 4848 una
747 4796 961 4860 dierum,
995 4809 1040 4850 et
1092 4799 1200 4866 ipse
1252 4799 1477 4852 ascendit
1503 4799 1556 4850 in
1586 4797 1787 4849 navicu-

204 4888 330 4950 lam,
364 4895 408 4941 et
430 4887 670 4953 discipuli
691 4889 800 4957 ejus
829 4885 978 4956 (Luc.
1009 4888 1062 4944 8.
1085 4889 1200 4958 22).
1235 4890 1442 4946 Marcus
1467 4905 1678 4960 quoque
1708 4891 1785 4942 si-

205 4980 425 5034 militer.
452 4978 548 5033 Ilic
565 4993 692 5032 vero
736 4993 840 5032 non
865 4979 1014 5044 item,
1044 4981 1135 5034 sed
1173 4989 1472 5050 temporum
1497 4978 1786 5048 quamdam

203 5079 384 5124 servat
413 5071 628 5123 seriâ€˜em.
652 5067 833 5138 Neque
854 5070 995 5123 enim
1013 5072 1188 5122 omnia
1211 5085 1398 5124 omnes
1415 5068 1602 5124 eodem
1627 5067 1784 5121 modo

203 5163 513 5216 describunt
545 5181 557 5216 :
592 5162 642 5216 id
673 5161 811 5232 quod
844 5178 870 5214 a
906 5177 990 5216 tne
1023 5162 1130 5231 jam
1161 5177 1318 5230 supra
1350 5162 1548 5215 dictum
1589 5172 1689 5223 (ÎµÎµÎ¹,
1717 5177 1781 5214 ne

201 5253 322 5323 quis
350 5270 416 5307 ex
445 5254 732 5309 emissione
761 5254 1140 5308 dissonantiam
1189 5254 1326 5308 inter
1366 5255 1508 5322 ipsos
1536 5269 1654 5308 esse
1684 5269 1779 5320 pn-

202 5355 358 5400 taret.
390 5344 583 5398 Turbis
613 5345 791 5415 itaque
822 5346 1134 5415 prmmissis,
1172 5345 1464 5415 discipulus
1493 5360 1670 5398 secum
1691 5360 1779 5396 as-

199 5435 428 5503 sumpsit
454 5453 467 5491 :
497 5451 616 5488 nam
646 5436 745 5490 hoc
777 5438 848 5490 illi
876 5437 1081 5490 dicunt.
1110 5437 1417 5504 Assumpsit
1447 5445 1626 5488 autem
1673 5450 1776 5486 non

201 5526 391 5580 frustra
416 5568 430 5591 ,
483 5542 579 5579 nec
621 5527 734 5580 sine
759 5542 916 5580 causa
947 5568 962 5591 ,
994 5527 1087 5581 sed
1117 5537 1172 5581 Î¹Î¹Î¹
1203 5527 1361 5580 futuri
1392 5525 1628 5579 miraculi
1659 5539 1779 5591 spe-

198 5629 432 5676 ctatores
462 5626 658 5671 essent.
689 5618 1143 5681 Quemadmodum
1190 5619 1332 5673 enim
1369 5618 1628 5686 palaestra:
1661 5631 1776 5668 ma-

197 5715 362 5778 Îµá¼°Î´Î¹Î¿Ï„
387 5710 641 5770 Optimus,
675 5708 740 5762 atl
772 5716 1052 5774 utrumque
1087 5711 1202 5765 illos
1249 5710 1532 5764 exercebat
1561 5750 1574 5767 ,
1618 5717 1673 5760 nt
1721 5707 1770 5759 in

1906 4249 2062 4303 malis
2100 4245 2443 4317 imperterriti
2473 4251 2688 4306 essent,
2735 4249 2790 4296 et
2819 4240 2871 4295 in
2900 4237 3194 4293 honoribus
3228 4234 3479 4290 modesti.

1901 4341 1980 4396 Ne
2001 4341 2168 4395 altum
2188 4339 2331 4394 enim
2361 4344 2634 4406 saperent,
2666 4333 2830 4403 quod,
2855 4329 3035 4385 missis
3055 4328 3195 4392 aliis,
3227 4328 3278 4396 ip
3289 4341 3379 4381 sos
3397 4342 3477 4379 re-

1903 4433 2165 4496 tiuuisset,
2214 4436 2584 4499 tempestatem
2636 4424 2914 4496 permittit,
2942 4429 3050 4475 tum
3083 4429 3140 4472 ut
3172 4419 3271 4472 hoc
3296 4415 3480 4470 cflice-

1899 4533 2000 4590 ret,
2023 4533 2132 4577 tum
2157 4530 2213 4576 ut
2235 4535 2331 4576 eos
2361 4519 2425 4574 ad
2450 4517 2701 4573 ferendas
2722 4514 2930 4569 fortiter
2956 4524 3224 4566 mrumnas
3251 4521 3479 4562 exerce-

1899 4623 2001 4670 ret.
2029 4614 2161 4668 Nam
2189 4626 2376 4682 magna
2403 4609 2618 4680 quidem
2647 4617 2799 4662 erant
2825 4605 3000 4675 priora
3026 4601 3196 4670 signa,
3223 4596 3314 4652 sed
3340 4613 3472 4666 pra:-

1895 4722 2018 4762 sens
2035 4708 2244 4777 signum
2267 4719 2371 4758 nou
2394 4717 2611 4773 parvam
2635 4697 2915 4768 quamdam
2937 4689 3375 4750 exercitationem
3392 4686 3475 4741 af-

1895 4797 2140 4864 ferebat,
2185 4811 2248 4850 ac
2279 4793 2443 4849 veteri
2473 4790 2682 4846 cuidam
2711 4788 2862 4857 signo
2883 4783 3058 4840 simile
3083 4791 3216 4835 crat.
3245 4778 3474 4847 Ideoque

1893 4889 2038 4943 solos
2079 4902 2260 4943 secum
2288 4883 2507 4940 adducit
2554 4878 2863 4948 discipulos.
2899 4875 3030 4930 Nam
3080 4873 3168 4926 ubi
3215 4869 3471 4926 miracula

1893 4978 2209 5042 edebantur,
2261 4978 2510 5046 populum
2534 4971 2662 5026 sinit
2681 4969 2908 5024 adesse:
2942 4965 3029 5020 ubi
3077 4980 3202 5019 vero
3233 4961 3469 5032 pericula

1893 5078 1950 5122 ct
1976 5077 2213 5122 terrores
2235 5107 2251 5128 ,
2279 5063 2570 5132 discipulos
2593 5100 2608 5124 ,
2640 5059 2871 5114 athletas
2903 5071 3092 5125 netnpe
3127 5055 3305 5117 orbis,
3333 5067 3469 5122 quos

1892 5161 2286 5214 cxcrcitaturus
2313 5165 2450 5221 erat,
2495 5153 2640 5208 solos
2669 5166 2849 5206 secum
2893 5147 3134 5204 assumit.
3185 5143 3467 5200 Matthaeus

1891 5252 2062 5306 solum
2086 5249 2237 5312 dicit,
2265 5247 2438 5315 ipsum
2467 5241 2810 5305 dortnivisse,
2843 5240 3013 5294 Lucas
3045 5253 3172 5292 vero
3214 5234 3378 5297 addit,
3409 5232 3463 5286 in

1889 5339 2142 5396 cervicali
2172 5339 2271 5408 (Ï„Î¹),
2297 5334 2585 5389 ostendens
2605 5348 2763 5402 quam
2788 5339 2932 5386 esset
2972 5345 3002 5382 a
3035 5327 3170 5382 fastu
3205 5326 3418 5378 alienus
3438 5360 3457 5387 ,

1886 5444 1939 5488 et
1964 5432 2032 5487 ad
2074 5445 2318 5500 tnaguam
2373 5427 2497 5481 inde
2555 5422 2944 5494 philosophiam
3000 5437 3098 5475 nos
3157 5416 3456 5470 instituens.

1945 5587 2016 5646 (Î±)
2049 5586 2122 5634 sic.
2144 5597 2316 5632 omnes
2349 5582 2464 5630 Editi
2491 5589 2542 5646 et
2579 5579 2882 5646 manuscripti
2918 5575 3136 5646 (milites,
3173 5564 3458 5646 etitaâ€˜legtt

1879 5628 2484 5708 Georgius'lâ€˜rapeimtius.
2510 5628 2651 5708 Atinii
2669 5655 2761 5708 non
2787 5628 2946 5708 thoas,
2959 5635 3046 5684 sed
3073 5640 3252 5680 Marcus
3264 5637 3356 5684 est,
3373 5628 3456 5690 qui

1880 5701 2046 5769 habet,
2071 5708 2118 5770 4,
2141 5709 2202 5756 '58
2220 5701 2238 5756 á¼
2262 5717 2410 5770 super
2431 5701 2631 5756 ÏƒÎµÎ½Î¹-á¼±Ïá½³Î±
2651 5701 2906 5754 dormiens.
