4050 6220
594 320 691 375 551

592 433 791 487 Oborta
817 432 995 502 itaque
1020 440 1332 499 tempestate
1349 445 1470 485 cum
1496 430 1694 484 fureret
1714 445 1882 495 mare,
1908 430 2051 485 illum
2075 448 2141 486 ex

590 527 757 579 citant
777 525 1051 580 dicentes:
1078 524 1168 580 25.
1202 522 1418 579 Domine
1438 566 1452 590 ,
1481 525 1620 579 salva
1646 542 1759 589 nos,
1790 525 2025 595 perimus.
2052 523 2166 594 Ipso

597 630 724 669 vero
750 616 867 669 illos
898 615 1150 683 primum,
1181 614 1378 670 deinde
1403 630 1552 671 mare
1576 616 1893 684 increpavit.
1925 615 2077 678 Nam,
2107 622 2163 669 ut

596 708 719 771 dixi,
747 706 1149 761 exercitationis
1178 722 1339 763 causa
1391 707 1504 762 haec
1526 707 1984 776 permittebantur,
2015 716 2066 761 et
2099 707 2159 760 fio

593 815 735 864 gone
763 806 919 854 erant
945 800 1321 865 tentationum,
1370 815 1490 870 qua:
1519 800 1665 867 ipsos
1699 810 1851 854 erant
1880 800 2159 854 invasurae.

597 892 801 945 Etenim
836 901 1019 960 postea
1049 908 1191 961 sa'pe
1223 892 1460 962 permisit
1490 906 1583 946 eos
1610 892 1659 945 in
1686 893 1959 961 graviores
2001 906 2165 957 nego—

594 984 785 1037 tiorum
836 985 1095 1051 procellas
1136 983 1391 1047 incidere,
1461 986 1516 1032 et
1548 994 1870 1037 succurrere
1921 979 2159 1036 distulit.

587 1073 740 1128 Unde
769 1074 965 1128 Paulus
994 1074 1241 1128 dicebat:
1275 1074 1411 1128 Nolo
1441 1084 1608 1127 autem
1634 1090 1719 1127 vos
1751 1074 2004 1144 ignorare,
2047 1077 2161 1143 fra-

585 1176 702 1228 tres,
735 1165 971 1232 quoniam
1001 1164 1144 1217 ualde
1166 1166 1360 1234 gravati
1404 1180 1575 1217 sumus
1618 1180 1776 1231 supra
1805 1164 1952 1229 vires,
1983 1164 2057 1217 ita
2105 1172 2160 1217 ut

585 1273 675 1309 nos
702 1256 903 1310 (cederet
930 1257 1080 1310 etiam
1111 1258 1270 1311 vivere
1292 1256 1369 1328 (2.
1400 1256 1516 1309 Cor.
1546 1256 1597 1310 1.
1624 1256 1679 1325 8)
1705 1272 1719 1319 ;
1743 1263 1797 1310 et
1825 1264 2027 1325 postea,
2059 1256 2163 1320 Qui

586 1363 647 1399 ex
667 1355 737 1399 tot
764 1347 1007 1400 mortibus
1037 1365 1126 1401 nos
1153 1348 1337 1416 eripuit
1366 1346 1526 1416 (Ibid.
1558 1364 1604 1400 v.
1638 1347 1748 1416 lO).
1797 1346 1867 1402 Ut
1912 1346 2159 1402 ostendat

584 1436 763 1505 igitur,
790 1436 980 1491 fiducia
1010 1438 1082 1489 uti
1110 1447 1378 1506 oportere,
1401 1437 1607 1491 etiamsi
1631 1437 1804 1506 magni
1825 1438 2160 1492 concitentur

584 1530 802 1594 ﬂuctus,
838 1530 1114 1599 ipsumque
1131 1531 1310 1585 omnia
1343 1531 1543 1585 utiliter
1564 1531 1897 1599 dispensare,
1926 1532 2155 1599 primum

583 1621 725 1685 ipsos
747 1623 1003 1692 increpat.
1036 1622 1168 1675 Nam
1193 1622 1330 1691 quod
1366 1622 1557 1675 turbati
1586 1620 1801 1687 fuerint,
1827 1620 1877 1675 id
1906 1621 2008 1675 illis
2031 1620 2157 1675 utile

582 1712 701 1779 fuit,
725 1724 782 1767 ut
809 1716 980 1782 majus
1005 1730 1126 1769 esse
1150 1715 1465 1769 miraculum
1496 1713 1787 1776 videretur,
1821 1723 1875 1767 et
1900 1722 2152 1782 perpetua

578 1816 879 1861 servaretur
903 1806 978 1859 rei
1010 1806 1285 1861 memoria.
1316 1805 1540 1873 Quando
1559 1806 1701 1860 enim
1729 1805 2153 1875 inexspectatum

577 1896 848 1965 quidpiam
878 1896 1115 1951 futurum
1156 1906 1256 1959 est,
1293 1897 1456 1950 multa
1486 1904 1850 1965 praeparantur
1877 1895 2155 1951 servandte

577 1988 651 2039 rei
675 1986 945 2040 memoria:
965 1996 1286 2056 opportuna,
1319 2001 1387 2040 ne
1412 1986 1612 2039 editum
1637 1995 1822 2055 postea
1837 1985 2152 2041 miraculum

577 2076 628 2127 in
656 2070 977 2131 oblivionem
1009 2077 1207 2131 veniat.
1259 2077 1350 2131 Sic
1391 2077 1602 2148 Moyses
1635 2086 1938 2146 serpentem
1982 2080 2154 2149 primo

576 2164 909 2229 formidavit,
960 2182 1058 2221 nec
1095 2168 1250 2221 modo
1285 2167 1610 2233 formidavit,
1668 2168 1762 2223 sed
1800 2185 1919 2224 cum
1961 2186 2152 2240 magno

571 2258 733 2311 animi
778 2267 1001 2323 terrore,
1051 2268 1281 2327 tuncque
1309 2258 1441 2312 vidit
1466 2259 1782 2327 stupendum
1813 2259 1940 2315 illud
1968 2260 2149 2331 prodi-

567 2348 733 2416 gimn.
765 2348 838 2401 Ita
862 2356 915 2401 et
937 2348 1206 2417 discipuli,
1250 2363 1371 2403 cum
1398 2348 1509 2415 jam
1543 2348 1610 2403 de
1636 2349 1807 2403 salute
1852 2349 2019 2405 ferme
2051 2351 2149 2405 de-

568 2447 897 2506 sperassent,
935 2448 1059 2493 tunc
1091 2439 1403 2503 liberantur,
1443 2449 1502 2493 ut
1533 2440 1827 2509 periculum
1864 2439 2096 2496 confessi
2128 2480 2146 2506 ,

570 2529 810 2582 miraculi
843 2528 1256 2598 magnitudinem
1298 2528 1618 2584 ediscerent.
1649 2528 1876 2600 Ideoque
1910 2530 2146 2587 dormit:

573 2634 697 2672 nam
724 2620 765 2673 si
797 2619 1048 2688 vigilante
1074 2619 1164 2673 illo
1194 2620 1244 2673 id
1273 2621 1466 2676 factum
1510 2629 1671 2685 esset,
1698 2622 1781 2676 vel
1804 2636 1908 2676 non
1938 2622 2145 2677 tinmis-

572 2717 713 2773 sent,
743 2709 826 2763 vel
865 2724 970 2762 non
996 2720 1294 2780 rogassent,
1323 2710 1403 2765 vel
1433 2726 1538 2765 non
1573 2720 1848 2781 putassent
1885 2727 2042 2781 posse
2080 2713 2147 2766 il-

566 2800 674 2852 lum
705 2798 755 2854 id
784 2799 1020 2854 efficere.
1070 2800 1193 2855 Ideo
1218 2801 1433 2867 dormit,
1467 2812 1523 2856 ut
1546 2803 1637 2857 det
1664 2803 1881 2857 timendi
1910 2806 2147 2858 occasio-

566 2904 710 2953 nem,
739 2899 793 2943 et
823 2888 1135 2945 validiorem
1160 2891 1285 2960 ipsis
1318 2894 1658 2960 praesentium
1680 2908 1899 2947 sensum
1926 2893 2140 2947 efﬁciat.

560 2978 745 3048 Neque
797 2980 939 3034 enim
988 2981 1108 3050 quis
1153 2982 1373 3049 perinde
1405 2981 1548 3036 videt
1588 2997 1650 3037 ea
1694 2998 1812 3052 qua:
1862 2984 1913 3037 in
1953 2984 2143 3040 alienis

559 3070 874 3139 corporibus
905 3071 1054 3137 fiunt,
1084 3081 1241 3141 atque
1270 3087 1330 3126 ea
1371 3088 1488 3142 quae
1534 3073 1586 3126 in
1617 3086 1842 3141 corpore
1867 3089 1983 3128 suo.
2008 3075 2140 3143 Quia

561 3159 721 3229 igitur
767 3177 956 3217 omnes
996 3163 1245 3217 videbant
1288 3163 1546 3218 beneficio
1598 3164 1817 3219 allectos
1868 3165 2051 3233 fuisse,
2083 3184 2144 3222 se

560 3266 687 3306 vero
730 3252 862 3306 nihil
907 3256 1182 3323 accepisse
1232 3254 1474 3308 beneficii
1508 3295 1523 3319 ,
1562 3256 1716 3325 quasi
1745 3256 1919 3326 supini
1952 3273 2138 3312 mane-

557 3347 721 3408 bant;
747 3360 920 3413 neqne
944 3348 1087 3400 enim
1115 3346 1289 3400 claudi
1314 3357 1486 3407 erant,
1506 3347 1590 3402 vel
1619 3349 1723 3403 alio
1752 3348 1927 3404 affecti
1947 3366 2140 3420 corpo-

558 3440 630 3491 ris
658 3440 822 3492 vitio:
852 3439 1236 3510 oportebatque
1262 3450 1437 3495 tamen
1470 3442 1586 3495 illos
1608 3441 1983 3498 beneficiorum
2015 3459 2139 3499 sen-

555 3544 617 3582 su
648 3528 819 3593 allici;
846 3540 1212 3599 tempestatem
1236 3532 1365 3585 oriri
1395 3532 1663 3598 concedit,
1697 3543 1754 3588 ut
1782 3548 1842 3588 ea
1876 3534 2084 3589 liberati
2112 3574 2131 3601 ,

552 3621 833 3676 clariorem
868 3622 1109 3677 beneficii
1138 3638 1353 3677 sensum
1382 3625 1738 3695 perciperent.
1767 3623 1996 3695 ideoque
2026 3641 2133 3680 non

553 3711 903 3779 pr:esentibus
934 3712 1104 3766 turbis
1136 3711 1186 3766 id
1217 3714 1364 3783 agit,
1400 3730 1467 3769 ne
1495 3725 1551 3768 ut
1578 3715 1801 3770 modica:
1825 3714 1943 3770 fidei
1986 3715 2134 3770 dam-

553 3812 845 3867 narentur;
890 3801 984 3856 sed
1033 3804 1178 3858 solos
1204 3805 1473 3870 emendat,
1516 3815 1569 3859 et
1619 3805 1946 3875 increpando
1985 3809 2131 3877 prius

550 3892 746 3947 mentis
776 3892 1010 3962 ipsorum
1038 3909 1194 3961 quam
1226 3910 1481 3963 aquarum
1512 3903 1882 3964 tempestatem
1933 3897 2127 3964 sedat,

548 3984 738 4038 dicens
771 4002 783 4037 :
811 3984 901 4039 26.
933 3986 1069 4051 Quid
1115 3987 1278 4038 timidi
1310 3988 1447 4050 estis,
1483 3988 1692 4041 modicte
1732 3987 1899 4054 ﬁdei?
1944 3990 2130 4044 simul-

547 4092 648 4142 que
681 4075 857 4143 docet,
904 4077 1147 4130 timorem
1187 4093 1291 4130 non
1318 4079 1384 4130 ab
1412 4078 1667 4132 innuissis
1697 4081 2078 4136 tentationibus
2108 4122 2123 4147 ,

545 4168 635 4220 sed
663 4168 731 4221 ab
756 4168 918 4222 animi
953 4168 1260 4222 infirmitate
1310 4170 1457 4223 oriri.
1481 4169 1634 4236 Quod
1666 4172 1708 4224 si
1739 4174 1857 4241 quis
1887 4172 2121 4241 dixerit,

556 4277 660 4313 mn
684 4276 748 4313 ex
798 4259 989 4314 timore
1019 4260 1099 4313 vel
1137 4275 1200 4314 ex
1245 4261 1450 4315 modica
1488 4260 1589 4315 fide
1628 4271 1800 4316 motos
1836 4263 2126 4333 discipulos

549 4353 693 4404 ilium
724 4353 986 4406 excitasse
1024 4368 1038 4406 :
1073 4352 1407 4420 respondebo
1451 4353 1578 4407 illml
1626 4354 1862 4409 maxime
1911 4356 2121 4426 signum

542 4459 690 4506 esse,
715 4457 811 4497 eos
830 4458 937 4496 non
966 4451 1347 4511 congruentem
1375 4442 1443 4498 de
1462 4445 1549 4498 illo
1572 4446 1877 4514 opinionem
1910 4447 2126 4501 habuis-

542 4550 621 4590 se.
651 4535 909 4591 Sciehant
935 4536 1153 4604 quidem
1191 4536 1363 4605 ipsum
1384 4538 1816 4606 expergefactum
1843 4540 2122 4610 increpare

542 4641 736 4696 posse;
764 4626 1125 4681 dormientem
1163 4642 1293 4681 vero
1319 4628 1552 4681 nondum
1584 4630 1859 4698 putabant.
1892 4633 1958 4686 Et
1993 4633 2119 4700 quid

543 4719 754 4773 miraris
796 4719 842 4774 si
874 4734 1017 4775 nunc
1048 4722 1292 4785 timeant,
1326 4722 1544 4791 quando
1578 4731 1697 4791 post
1744 4724 1913 4779 multa
1958 4726 2117 4780 etiam

538 4810 638 4861 alia
690 4810 945 4866 miracula
1002 4812 1324 4866 infirmiores
1368 4813 1542 4866 adhuc
1569 4814 1755 4868 erant?
1784 4815 2120 4885 Quapropter

539 4916 682 4969 turpe
736 4902 1081 4971 increpantur
1107 4946 1121 4967 ,
1163 4912 1219 4958 ut
1257 4903 1469 4974 quando
1513 4904 1640 4959 dicit
1673 4905 1893 4962 :Adhuc
1941 4918 1988 4961 et
2034 4924 2118 4962 vos

538 4992 829 5059 insipientes
871 4997 987 5047 estis
1020 4994 1237 5063 (Matth.
1264 4997 1350 5050 15.
1385 4997 1515 5065 16)?
1541 4997 1617 5051 Ne
1654 4998 1828 5067 itaque
1872 5000 2114 5063 mireris,

539 5100 662 5137 ctun
690 5082 934 5154 discipuli
980 5096 1085 5139 tam
1117 5088 1414 5143 imbecilles
1459 5098 1613 5143 erant
1638 5129 1652 5152 ,
1685 5089 1729 5143 si
1774 5090 1944 5145 turbae
1986 5090 2114 5144 nihil

540 5189 788 5242 magnum
811 5175 879 5229 de
908 5178 1022 5244 ipso
1040 5178 1426 5246 opinabantur;
1460 5181 1791 5235 mirabantur
1815 5182 2010 5251 quippe
2035 5182 2116 5235 di-

537 5274 726 5319 centes
751 5282 764 5318 :
790 5264 881 5321 27.
914 5266 1095 5333 Qualis
1122 5279 1193 5321 est
1215 5271 1295 5322 hic
1321 5271 1469 5324 homo
1491 5314 1505 5336 ,
1530 5272 1647 5340 quia
1676 5280 1721 5324 et
1748 5288 1887 5325 mare
1909 5282 1954 5325 et
1985 5275 2114 5326 venti

534 5356 773 5412 obediunt
818 5357 904 5411 ei.’
931 5356 1178 5412 Christus
1226 5376 1354 5415 vero
1382 5376 1487 5416 non
1518 5363 1781 5430 corripuit
1805 5378 1921 5425 eos,
1970 5364 2110 5433 quod

538 5449 807 5503 hominem
839 5464 962 5504 esse
1006 5450 1176 5518 ipsum
1198 5450 1470 5517 dicerent;
1510 5453 1602 5507 sed
1645 5456 1985 5522 exspectabat
2030 5455 2111 5507 iu-

538 5545 691 5597 terim
723 5561 817 5613 per
840 5546 1094 5600 miracula
1125 5545 1332 5600 docens
1372 5547 1488 5601 illos
1531 5550 1711 5603 falsam
1738 5550 1876 5605 hanc
1907 5551 2111 5619 opinio-

538 5650 657 5688 nem
680 5652 820 5691 esse.
854 5636 1132 5693 Undenam
1169 5639 1438 5694 hominem
1484 5640 1629 5695 illum
1671 5657 1791 5697 esse
1816 5643 2111 5713 putabant?

541 5729 609 5781 lix
646 5744 860 5796 aspectu
884 5771 898 5798 ,
928 5748 988 5786 ex
1038 5747 1226 5786 somno
1248 5775 1260 5797 ,
1292 5734 1429 5803 quod
1460 5734 1575 5788 navi
1626 5744 1879 5790 uteretur.
1909 5734 2108 5791 Idcirco

1323 319 1378 373 s.
1418 318 1695 373 JO.\N.\‘lS
1733 316 2208 372 Cllftl'SOSTOMI
2252 320 2565 378 aucuzur.
2608 327 3136 388 coxs'raanxor.

3762 341 3863 369 22:1

3761 362 3861 397 00:

2280 432 2329 484 in
2355 444 2629 504 stuporem
2659 441 3087 511 conjiciebantur
3110 447 3349 504 dicentes
3380 467 3393 502 :
3426 450 3611 515 Qualis
3638 466 3716 508 est
3740 457 3858 510 hic!

2269 524 2502 583 Somnus
2526 532 2719 601 quippe
2746 543 2801 588 et
2823 536 3077 608 quidquid
3121 543 3413 611 apparebat
3462 546 3745 602 hominem
3778 552 3853 605 in-

2270 617 2479 673 dicabat
2508 636 2524 678 :
2554 638 2702 678 mare
2741 634 2799 680 et
2849 638 2996 696 parta
3029 633 3386 702 tranquillitas
3411 634 3579 691 Deum
3612 638 3854 694 declara-

2269 707 2378 764 bat.

2339 802 2395 857 2.
2428 801 2658 861 Christus
2684 818 2738 861 ut
2765 808 3019 877 dominus,
3070 814 3273 886 Moyses
3298 828 3353 872 ut
3376 836 3567 885 servus,
3604 825 3859 881 miracula

2269 899 2556 953 vatrabant.
2591 899 2931 973 Evangelistte
2958 922 3229 979 numquam
3284 912 3375 966 alii
3418 930 3536 968 cum
3590 917 3716 971 aliis
3761 936 3859 986 pn-

2265 998 2529 1055 gnant.—
2550 990 2878 1064 Quamquam
2905 999 3045 1052 enim
3072 999 3279 1071 Moyses
3295 1003 3495 1074 aliquid
3513 1006 3699 1063 simile
3726 1009 3858 1065 olim

2267 1079 2490 1147 fecerat,
2548 1086 2633 1139 vel
2683 1086 2805 1142 hinc
2848 1087 3044 1145 Christi
3098 1093 3389 1150 eminentia
3436 1098 3855 1170 declarabatnr,

2265 1174 2408 1242 quod
2446 1175 2536 1229 ille
2566 1187 2623 1231 ut
2651 1193 2859 1247 servus,
2893 1183 2977 1236 hic
3005 1194 3063 1238 ut
3089 1185 3340 1242 dominus
3370 1192 3632 1246 miracula
3666 1203 3854 1262 patra-

2264 1271 2367 1317 ret.
2398 1264 2512 1320 Non
2552 1270 2695 1323 enim
2727 1272 2930 1341 virgam
2962 1276 3202 1331 extendit
3230 1288 3288 1334 ut
3313 1278 3420 1343 ille,
3451 1298 3631 1351 neque
3654 1268 3853 1341 manus

2264 1356 2521 1426 expandit
2549 1376 2733 1417 versus
2756 1364 2944 1419 caelum
2970 1408 2985 1433 ,
3015 1383 3189 1439 neque
3239 1372 3546 1440 precatione
3575 1390 3715 1445 opus
3754 1379 3852 1431 ha-

2263 1445 2407 1501 buit:
2439 1448 2534 1503 sed
2578 1460 2636 1505 ut
2668 1468 2763 1521 par
2789 1464 2872 1509 est
2892 1456 3168 1513 dominum
3195 1462 3421 1527 ancillae,
3454 1474 3513 1519 et
3539 1479 3847 1525 creatorem

2272 1538 2491 1606 opificio
2513 1545 2823 1613 praecipere,
2852 1546 2930 1604 sic
2957 1549 3101 1605 illam
3126 1552 3334 1608 sedavit
3352 1565 3403 1610 et
3420 1555 3656 1613 frenavit
3684 1563 3845 1615 verba

2262 1639 2316 1683 et
2342 1642 2609 1701 praecepto
2631 1644 2833 1691 tantum
2867 1652 3063 1709 :atque
3091 1647 3267 1697 omnis
3295 1645 3469 1698 subito
3500 1648 3681 1701 soluta
3715 1661 3840 1704 tem-

2264 1731 2441 1791 pestas
2466 1735 2568 1791 est,
2599 1741 2699 1781 nec
2721 1730 2997 1800 vestigium
3016 1734 3264 1801 procellae
3290 1737 3505 1791 mansit.
3530 1739 3675 1794 Illud
3703 1742 3840 1796 enim

2260 1811 2551 1869 declaravit
2576 1819 2901 1888 evangelista
2942 1822 3126 1880 dicens
3151 1841 3164 1879 :
3196 1824 3265 1880 Et
3292 1828 3425 1897 facta
3449 1838 3523 1884 est
3550 1832 3842 1902 tranquilli-

2261 1911 2337 1956 tas
2361 1919 2565 1974 magna.
2599 1906 2753 1974 Quod
2791 1909 2859 1966 de
2887 1909 3050 1968 Patre
3078 1917 3230 1984 quasi
3263 1932 3351 1972 res
3377 1921 3605 1988 grandis
3641 1921 3842 1979 dictum

2259 1993 2465 2061 fuerat,
2495 1998 2546 2052 id
2575 1999 2688 2068 ipse
2732 2004 2983 2070 operibus
3010 2006 3272 2063 exhibuit.
3300 2010 3437 2076 Quid
3462 2011 3532 2065 de
3556 2012 3727 2068 Patre
3763 2015 3844 2069 di-

2257 2094 2399 2139 ctum
2432 2085 2651 2143 fuerat?
2678 2089 2825 2146 Dixit
2852 2104 2898 2146 et
2925 2097 3060 2149 stetit
3106 2099 3314 2168 spiritus
3340 2103 3605 2169 precetur.
3655 2105 3755 2160 Sic
3798 2114 3847 2161 et

2261 2175 2360 2229 hoc
2412 2178 2529 2233 loco
2594 2180 2759 2249 dixit,
2823 2182 2891 2237 Et
2934 2190 3072 2257 facta
3109 2197 3181 2241 est
3233 2193 3579 2261 tranquillitas
3632 2212 3847 2265 magna.

2261 2266 2434 2337 (Psal.
2466 2270 2583 2325 i06.
2610 2272 2723 2343 25).
2764 2274 3050 2345 Propterea
3094 2279 3260 2334 turbae
3300 2281 3449 2336 illum
3490 2301 3710 2341 summe
3746 2289 3850 2343 mi-

2255 2362 2511 2416 rabantur
2536 2382 2549 2418 :
2581 2381 2700 2434 qua:
2734 2382 2845 2421 non
2869 2368 2941 2423 ita
2966 2370 3173 2425 miratae
3197 2371 3442 2441 fuissent,
3466 2377 3509 2429 si
3540 2376 3768 2433 fecisset
3798 2388 3849 2435 ot

2252 2452 2481 2516 Moyses.
2516 2456 2800 2527 Postquam
2823 2474 2851 2512 a
2885 2462 3019 2517 mari
3042 2461 3410 2533 discessisset,
3435 2468 3584 2523 aliud
3625 2472 3849 2527 terribi-

2253 2540 2359 2593 lius
2375 2541 2691 2596 miraculum
2707 2543 3066 2614 subsequitur.
3102 2547 3417 2601 Daemomact
3442 2552 3613 2611 enim,
3642 2563 3851 2619 quem-

2249 2631 2536 2687 admodum
2583 2633 2786 2704 fugitivi
2835 2638 3065 2708 improbi
3114 2639 3356 2696 videntes
3400 2642 3716 2712 dominum,
3760 2644 3851 2703 di-

2247 2723 2472 2778 cebam:
2501 2724 2591 2780 29.
2622 2726 2757 2793 Quid
2793 2729 2935 2782 nobis
2978 2739 3027 2783 et
3052 2730 3163 2796 tibi,
3190 2731 3319 2786 Jesu
3347 2731 3475 2786 Filii
3501 2732 3643 2790 Dei?
3680 2734 3849 2791 Veni-

2242 2816 2310 2868 sti
2336 2814 2434 2868 Ima
2476 2825 2595 2870 ante
2633 2827 2827 2888 tempus
2872 2829 3104 2889 torquere
3144 2837 3259 2878 nos.
3306 2824 3435 2890 Quia
3466 2827 3612 2879 enim
3660 2827 3853 2885 turbt!

2246 2905 2419 2975 ipsum
2464 2907 2733 2963 hominem
2778 2925 2900 2966 esse
2941 2913 3353 2981 confitebantur,
3399 2928 3673 2974 venerunt
3721 2921 3844 2977 da-

2243 3015 2433 3057 mones
2476 3002 2805 3058 divinitatem
2834 3005 2951 3074 ejus
2991 3008 3342 3076 prtedicantes
3366 3026 3381 3063 :
3408 3020 3464 3065 et
3505 3012 3597 3081 qui
3625 3013 3847 3084 agitato

2244 3102 2531 3165 posteaque
2558 3096 2743 3150 sedato
2770 3098 2901 3153 mari
2942 3114 3048 3153 non
3083 3100 3381 3168 audierant,
3410 3103 3698 3161 dtemonas
3733 3107 3841 3164 hoc

2240 3185 2536 3241 clamantes
2562 3188 2862 3257 audierunt,
2902 3192 3043 3262 quod
3072 3208 3220 3249 mare
3250 3197 3592 3267 tranquillum
3622 3200 3839 3257 factum

2240 3276 2634 3344 praedicaverat.
2666 3280 2866 3336 Deinde
2892 3297 2958 3337 ne
2989 3282 3089 3339 hoc
3118 3300 3213 3355 per
3230 3286 3592 3343 adulationem
3613 3290 3834 3347 dictum

2238 3368 2528 3438 videretur,
2558 3387 2620 3425 ex
2650 3387 2829 3428 rerum
2851 3376 3221 3445 experimento
3245 3381 3479 3435 clamant
3501 3384 3587 3437 his
3614 3385 3831 3442 verbis:

2248 3456 2435 3514 Venisti
2456 3460 2555 3513 huc
2596 3472 2713 3517 ante
2739 3472 2936 3536 tempus
2956 3476 3184 3537 torquere
3211 3487 3323 3524 nos.
3363 3471 3486 3527 ldeo
3514 3476 3673 3542 prius
3718 3477 3829 3532 ini-

2237 3551 2490 3607 micitiam
2517 3552 2770 3624 fatentur,
2801 3574 2868 3613 ne
2894 3570 3140 3630 suSpecta
3168 3578 3354 3619 eorum
3386 3568 3725 3636 supplicatio
3752 3571 3832 3625 vi-

2235 3644 2475 3702 deretur.
2505 3647 2715 3704 Etenim
2742 3651 3084 3709 invisibiliter
3115 3657 3560 3725 verberabantur,
3607 3670 3668 3716 et
3703 3663 3831 3734 plus

2234 3750 2391 3808 quam
2422 3754 2569 3796 mare
2593 3742 2921 3799 fluctuabant
2943 3746 3165 3812 confixi,
3212 3750 3500 3816 combusti,
3535 3763 3713 3824 atque
3762 3772 3829 3811 ex

2224 3833 2679 3906 sola‘prmsentia
2728 3835 3088 3894 intolerabilia
3141 3842 3422 3909 patientes.
3473 3846 3612 3907 tuia
3669 3862 3827 3902 emo

2229 3922 2590 3981 dtemoniacos
2620 3928 2738 3982 illos
2765 3945 2923 3985 nemo
2947 3931 3142 3988 offerre
3171 3935 3419 4000 audebat,
3468 3937 3734 3996 Christus
3766 3944 3828 3998 il-

2230 4014 2311 4067 los
2340 4015 2471 4069 adit.
2507 4018 2569 4071 Et
2594 4016 2871 4077 Ma'ttbteus
2900 4024 3118 4092 quidem
3172 4028 3357 4082 scribit
3382 4028 3591 4084 dixisse
3636 4033 3779 4089 illos
3810 4053 3825 4089 :

2238 4104 2429 4159 Venisti
2455 4107 2553 4160 hnc
2579 4120 2697 4163 ante
2734 4121 2931 4182 tempus
2962 4124 3192 4185 torquere
3231 4136 3322 4173 nos
3339 4137 3357 4183 ;
3384 4120 3475 4174 alii
3508 4139 3640 4178 vero
3665 4129 3832 4183 addi-

2226 4204 2435 4261 derunt,
2472 4216 2567 4254 eos
2617 4201 2890 4271 adjurasse
2946 4221 3011 4261 ac
3063 4225 3281 4279 rogasse
3329 4210 3479 4267 illum
3541 4231 3611 4270 ne
3664 4234 3735 4273 se
3776 4221 3830 4275 in

2223 4292 2474 4360 abyssum
2504 4293 2835 4363 eoojiceret:
2866 4300 3122 4366 putabant
3146 4303 3288 4357 enim
3328 4303 3437 4375 jam
3473 4308 3687 4366 instare
3718 4313 3827 4369 sibi

2223 4389 2560 4457 supplicium.
2593 4400 2647 4446 et
2674 4393 3107 4467 timebantquasi
3129 4398 3240 4468 jam
3288 4400 3339 4455 in
3389 4411 3663 4460 tormenta
3717 4407 3829 4465 de-

2225 4480 2388 4531 missi.
2414 4478 2564 4546 Quod
2591 4488 2635 4538 si
2657 4483 2827 4540 Lucas
2848 4485 2997 4559 (Cap.
3017 4490 3071 4560 8)
3095 4507 3255 4546 untun
3280 4502 3483 4548 tantum
3507 4512 3825 4565 memoret,

2227 4570 2310 4624 hic
2340 4582 2517 4626 autem
2544 4576 2700 4642 duos,
2735 4594 2908 4648 neque
2936 4582 3011 4636 sic
3037 4583 3361 4638 dissonantia
3390 4587 3566 4657 aliqua
3598 4591 3824 4646 indica-

2226 4673 2331 4718 tur.
2376 4665 2430 4720 Si
2454 4670 2595 4721 enim
2627 4669 2872 4738 dixisset,
2908 4691 3068 4728 unum
3098 4685 3303 4731 tantum
3328 4676 3510 4743 fuisse,
3548 4698 3653 4737 nec
3684 4688 3821 4741 alte

2224 4774 2337 4808 llllll
2369 4758 2659 4823 exstitisse,
2692 4771 2817 4818 tunc
2839 4766 3107 4821 videretur
3134 4784 3162 4822 a
3192 4768 3442 4824 Matthzeo
3470 4771 3704 4831 diil’erre
3752 4780 3774 4809 ³
3801 4796 3818 4833 τ

2218 4861 2339 4901 cum
2364 4863 2489 4902 Vt'rt)
2512 4851 2599 4905 ille
2640 4868 2826 4919 unum,
2860 4855 2947 4911 hic
2976 4858 3110 4913 duos
3141 4872 3401 4917 memorat
3422 4904 3439 4929 ,
3469 4880 3577 4919 non
3627 4882 3818 4936 pugna

2223 4937 2338 4993 haec
2364 4949 2447 4995 est
2469 4983 2483 5007 ,
2536 4941 2631 4998 sed
2662 4944 2959 5001 differentia
2993 4952 3264 5006 narrandi.
3298 4952 3419 5008 Mihi
3470 4957 3616 5010 enim
3652 4960 3817 5015 vide-

2218 5042 2305 5087 tur
2348 5032 2518 5088 Lucas
2543 5037 2805 5091 acriorem
2854 5039 2937 5093 hic
2992 5044 3398 5099 memorandqu
3444 5062 3505 5100 su
3540 5051 3816 5119 cepisse;

2216 5135 2543 5196 quapropter
2571 5129 2736 5197 magis
2782 5131 3032 5200 tragicam
3082 5134 3340 5191 describit
3387 5140 3815 5209 calamitatem,

2215 5216 2355 5283 quod
2403 5232 2596 5287 nempe
2627 5220 2830 5275 vincula
2857 5232 2911 5276 et
2953 5234 3170 5280 catenas
3197 5229 3530 5299 dirumpeus,
3569 5251 3671 5301 per
3712 5238 3813 5290 de.

2217 5317 2418 5359 sertum
2454 5321 2700 5365 erraret:
2731 5311 2939 5368 Marcus
2988 5332 3116 5371 vero
3145 5320 3274 5374 dicit
3322 5321 3497 5391 ipsum
3551 5341 3684 5381 sese
3736 5330 3808 5383 la-

2216 5397 2426 5463 pidibus
2456 5404 2805 5469 percussissc.
2844 5405 3012 5461 Verba
3055 5420 3234 5465 autem
3274 5429 3459 5467 eorum
3490 5415 3809 5473 immanita-

2218 5499 2321 5543 tem
2377 5491 2872 5567 impudentiamque
2908 5499 3202 5559 declarant.
3267 5503 3461 5560 Venisti
3514 5525 3659 5562 enim
3705 5514 3803 5568 huc

2281 5739 2302 5771 1
2337 5672 2699 5797 illiilli“:de
2874 5733 3113 5787 rideretur
3137 5731 3355 5783 .ttattltwo
3373 5725 3736 5796 contradicere.
