4050 6220
354 350 456 405 553

353 474 701 535 aulelempus
753 472 980 532 torquere
1022 470 1146 519 nos,
1201 454 1466 522 inquiunt.
1520 447 1634 503 Non
1678 449 1926 514 poterant.

353 563 495 617 enim
524 559 781 616 dieerese
825 570 929 608 non
970 563 1253 622 peccasse;
1284 551 1475 614 rogant
1504 556 1629 596 vero
1676 554 1742 593 nc
1791 546 1919 591 ante

356 664 568 722 tempus
589 666 773 722 paruas
800 648 965 701 luant.
996 643 1126 711 Quia
1159 641 1298 696 enim
1330 632 1683 704 deprehendit
1710 643 1805 683 eos
1841 627 1925 680 in-

355 743 649 801 tolerabilia
664 752 718 795 et
744 737 923 806 iniqua
956 740 1226 803 operatus,
1255 742 1321 782 ac
1337 735 1609 780 creaturas
1636 736 1760 776 suas
1781 716 1925 773 omni

355 848 570 903 prorsus
626 827 783 882 modo
821 824 1193 879 subvertentes
1226 828 1282 874 et
1324 816 1639 873 cruciantes,
1675 810 1928 880 putabant

354 940 471 981 eum
490 923 560 978 ob
578 922 873 976 facinorum
893 914 1221 971 atrocitatem
1238 926 1342 965 non
1360 916 1785 977 exspectaturum
1808 914 1927 954 csse

356 1014 598 1088 supplicii
627 1022 876 1080 tempus:
911 1008 1109 1063 idcirco
1139 1003 1395 1073 rogabant
1423 1010 1474 1054 et
1506 995 1874 1067 supplicabant
1906 1009 1919 1045 :

355 1122 405 1162 rt
434 1108 523 1178 qui
551 1122 617 1161 ne
650 1104 839 1159 ferreis
862 1099 1076 1171 quidem
1128 1095 1352 1150 vinculis
1379 1089 1607 1147 detineri
1656 1094 1922 1156 poterant,

355 1202 498 1269 ligati
554 1199 810 1256 veniunt;
852 1194 939 1263 qui
981 1198 1192 1246 montes
1235 1184 1641 1257 percurrcbant,
1686 1180 1737 1232 in
1777 1192 1927 1231 cam-

360 1307 451 1360 pos
480 1297 710 1351 exeunt;
742 1285 829 1355 qui
858 1283 991 1336 alios
1017 1295 1047 1335 a
1072 1276 1295 1334 transitu
1323 1272 1595 1336 arcebant,
1625 1284 1744 1323 cum
1778 1266 1924 1319 illum

357 1358 492 1435 viam
519 1379 617 1434 sibi
675 1376 1042 1431 obstrucntem
1075 1369 1349 1431 viderent,
1379 1371 1663 1418 steterunt.
1698 1358 1803 1413 Sed
1833 1372 1928 1410 cur

356 1476 405 1530 in
434 1471 696 1541 sepulcris
742 1468 969 1522 libenter
995 1459 1317 1519 versantur?
1347 1466 1404 1513 ut
1434 1454 1782 1525 perniciosam
1834 1449 1927 1503 do-

355 1567 579 1620 ctrinam
628 1560 915 1617 multorum
961 1555 1230 1611 mentibus
1273 1552 1554 1612 inserant;
1587 1557 1781 1614 nempe
1808 1541 1928 1595 ani-

357 1674 466 1714 mas
497 1664 823 1711 mortuorqu
854 1650 1126 1705 dmmonas
1155 1644 1266 1698 fieri
1309 1641 1422 1713 (a);
1465 1637 1608 1709 quod
1634 1651 1704 1692 ne
1735 1633 1931 1702 cogitet

356 1748 618 1820 quispiam
640 1743 798 1797 absit.
832 1739 937 1795 Sed
967 1737 1095 1808 quid
1138 1735 1306 1797 dicas,
1336 1732 1601 1800 inquiunt,
1627 1727 1695 1781 de
1725 1726 1929 1795 pra-sti-

353 1814 644 1911 giatoribus
666 1833 867 1897 multis,
897 1830 985 1900 qui
1009 1837 1193 1897 captos
1221 1838 1414 1895 pueros
1435 1820 1701 1890 jugulant,
1725 1826 1782 1870 ut
1809 1814 1928 1869 ani-

358 1905 495 1985 inatn
528 1934 708 1997 postea
760 1922 858 1977 sibi
909 1920 1296 1974 ministrantem
1340 1910 1607 1967 habeant?
1651 1908 1758 1963 Sed
1788 1905 1930 1961 unde

358 2026 457 2075 hoc
486 2018 690 2090 liquet?
720 2015 849 2070 Nam
898 2010 1040 2081 quod
1086 2008 1335 2079 iugulent
1355 2046 1371 2073 ,
1404 2004 1505 2059 hoc
1530 2001 1682 2057 multi
1711 1999 1925 2062 dicunt;

355 2114 492 2184 quod
524 2120 697 2166 autem
740 2119 1001 2163 cassorum
1049 2102 1240 2156 anima:
1264 2114 1385 2154 cum
1418 2094 1545 2165 ipsis
1586 2093 1692 2148 sint
1718 2132 1734 2157 ,
1764 2088 1925 2155 unde,

354 2182 555 2275 tiu-.cso,
587 2199 762 2256 nosti?
793 2197 916 2268 lpsi,
944 2194 1204 2266 inquiunt,
1237 2188 1548 2244 daemoniaci
1575 2184 1677 2239 hoc
1702 2182 1885 2237 dicunt
1912 2198 1925 2232 :

356 2298 465 2366 Ego
511 2310 627 2350 sum
675 2292 850 2347 anima
881 2289 1019 2343 illius
1061 2286 1373 2355 cujuspiam.
1398 2281 1593 2336 Verum
1643 2277 1760 2330 lucc
1789 2277 1930 2329 fraus

352 2398 405 2442 ct
437 2387 641 2441 fallacia
688 2382 950 2438 diabolica
999 2389 1099 2435 est.
1126 2377 1309 2445 Neque
1335 2372 1475 2429 enim
1525 2370 1701 2424 anima
1734 2366 1928 2421 mortui

352 2488 433 2533 est
457 2492 574 2548 qua}
604 2476 817 2538 clamat,
853 2471 947 2526 sed
971 2471 1185 2525 diemon
1206 2466 1296 2536 qui
1326 2464 1428 2518 hoc
1455 2461 1672 2517 simulat
1701 2468 1759 2513 ut
1786 2456 1929 2509 audi-

353 2580 493 2623 tores
516 2566 764 2634 decipiat.
796 2563 928 2618 Nam
955 2561 998 2616 si
1025 2567 1204 2629 posset
1229 2556 1404 2610 anima
1427 2554 1479 2607 in
1510 2550 1770 2607 dicmonis
1798 2548 1928 2603 sub-

351 2662 598 2717 stantiam
628 2656 854 2728 ingredi,
881 2655 1050 2710 multo
1097 2651 1306 2707 facilius
1337 2650 1389 2703 in
1432 2660 1628 2716 corpus
1656 2658 1813 2699 suum
1844 2642 1927 2694 in-

351 2754 691 2823 grederetur.
721 2750 985 2804 Praeterea
1012 2745 1132 2815 quis
1186 2743 1396 2797 ratione
1426 2737 1680 2809 praeditus
1706 2733 1929 2791 credere

352 2843 517 2913 possit
555 2841 788 2896 animam
842 2836 1048 2903 laesam,
1093 2848 1152 2889 se
1189 2832 1399 2888 lmdcnti
1435 2826 1676 2885 sociare?
1699 2834 1791 2880 aut
1830 2824 1929 2878 bo—

354 2936 550 2989 minem
580 2945 737 3002 posse
781 2930 889 2983 vim
941 2928 1310 2996 incorporcam
1362 2924 1413 2976 in
1453 2921 1674 2975 alteram
1721 2925 1931 2973 mutare

353 3023 745 3083 siibstantiam?
773 3022 902 3076 Nam
928 3018 975 3075 si
1004 3019 1055 3074 in
1095 3016 1410 3087 corporibus
1451 3013 1503 3068 id
1532 3012 1647 3067 fieri
1680 3018 1926 3080 nequeat,

354 3135 454 3175 nec
478 3116 740 3190 quispiam
768 3115 936 3185 possit
987 3126 1184 3181 corpus
1212 3108 1446 3165 hominis
1489 3106 1541 3159 in
1568 3118 1765 3172 corpus
1792 3100 1929 3155 asini

354 3220 596 3274 mutare;
653 3207 821 3263 multo
872 3205 1041 3274 magis
1091 3204 1146 3257 in
1199 3201 1374 3256 anima
1423 3196 1671 3253 invisibili
1712 3194 1765 3249 id
1814 3192 1931 3247 ﬁeri

354 3304 557 3374 nequit,
584 3315 685 3357 nec
707 3299 826 3372 quis
851 3297 1021 3370 possit
1053 3296 1197 3351 illam
1218 3294 1273 3349 in
1296 3289 1557 3348 dzentonis
1580 3285 1930 3344 substantiam

356 3404 584 3450 vertere.

425 3486 478 3539 3.
511 3486 708 3539 Animo:
735 3491 845 3551 post
874 3489 1081 3534 mortem
1108 3493 1209 3532 non
1239 3476 1321 3530 hic
1348 3483 1549 3528 manent
1570 3514 1586 3540 ,
1616 3472 1703 3527 sed
1745 3472 1796 3523 in
1836 3470 1932 3521 alt—

355 3596 505 3649 qucm
532 3578 784 3648 regionem
808 3574 1077 3629 ducuntur.
1096 3569 1259 3624 Nemo
1284 3578 1354 3622 est
1373 3568 1491 3637 quin
1505 3565 1597 3621 Dei
1625 3563 1935 3633 providentia

358 3675 578 3742 fruatur.
606 3695 677 3706 —
706 3665 887 3736 ltaque
930 3662 1258 3717 anicularum
1300 3659 1566 3714 chriarum
1617 3655 1731 3709 haec
1773 3654 1932 3707 verba

358 3770 483 3814 sunt
510 3768 561 3813 et
590 3770 876 3827 puerorum
908 3752 1173 3809 terricula.
1207 3750 1389 3819 Neque
1417 3749 1557 3804 enim
1591 3747 1715 3799 licet
1744 3747 1933 3797 animae

357 3849 524 3906 semel
565 3865 594 3902 a
625 3862 848 3918 corpore
887 3845 1139 3914 seiuncta:
1170 3842 1253 3897 hic
1291 3840 1543 3910 deinceps
1573 3836 1772 3907 vagari.
1805 3835 1933 3887 Nam

358 3943 626 3998 Justorum
653 3942 837 3994 anima:
856 3939 908 3992 in
939 3953 1090 3990 manu
1120 3934 1214 3987 Dei
1243 3941 1358 3986 sunt
1390 3932 1542 4001 (Sap.
1569 3930 1621 3984 5.
1660 3928 1745 3998 l);
1787 3926 1831 3982 si
1854 3928 1938 3994 jn-

361 4050 563 4091 smrum
585 4077 599 4099 ,
632 4035 789 4088 etiam
814 4045 1026 4101 quoque
1060 4043 1345 4098 puerorum
1386 4024 1579 4078 animae
1609 4039 1622 4073 :
1653 4037 1758 4075 non
1794 4020 1936 4073 enim

353 4130 466 4183 illzc
491 4128 641 4181 mala:
666 4134 806 4180 sunt.
834 4124 1180 4178 Peccatorum
1205 4130 1381 4172 autem
1404 4118 1595 4169 anima:
1616 4114 1793 4168 statim
1818 4112 1940 4165 hinc

362 4220 717 4273 abducuntur.
763 4214 818 4270 id
859 4213 1031 4283 palam
1079 4220 1163 4266 cst
1204 4225 1269 4263 ex
1315 4207 1516 4261 Lazaro
1557 4213 1611 4259 et
1651 4203 1840 4266 divite;
1888 4210 1942 4255 et

364 4309 488 4364 alibi
528 4307 776 4361 Christus
800 4304 914 4359 ait:
952 4300 1115 4355 Ilodic
1154 4300 1375 4353 animam
1404 4308 1539 4350 tuam
1578 4302 1800 4365 repetent
1838 4300 1943 4345 ate

365 4400 519 4470 (Luc.
549 4399 636 4453 12.
662 4397 775 4467 20).
807 4396 989 4466 Neque
1026 4393 1137 4448 fieri
1176 4400 1377 4461 potest,
1422 4400 1479 4444 ut
1506 4389 1680 4441 anima
1726 4401 1788 4439 ex
1820 4399 1941 4439 cor-

367 4508 495 4562 pore
513 4505 755 4560 egressa,
786 4488 911 4545 hinc
935 4496 1080 4542 erret
1104 4495 1157 4541 et
1179 4492 1430 4553 vagetur;
1452 4494 1627 4549 neque
1648 4478 1697 4531 id
1730 4476 1940 4546 injuria.

366 4585 498 4639 Nam
528 4586 570 4639 si
613 4599 732 4637 cum
781 4583 881 4637 iter
926 4580 1147 4635 facimus
1189 4579 1239 4631 in
1285 4585 1409 4629 nota
1450 4573 1605 4628 nobis
1630 4580 1682 4625 ct
1733 4578 1943 4623 assueta

367 4686 527 4741 terra,
556 4691 677 4729 cum
718 4687 943 4741 corpore
984 4672 1160 4726 amicti
1206 4681 1410 4732 sumus,
1449 4680 1569 4720 cum
1612 4662 1944 4732 peregrinam

364 4773 508 4825 viam
548 4770 791 4833 adimus,
818 4767 1083 4822 nescimus
1127 4780 1229 4834 qua
1278 4762 1505 4817 transire
1538 4766 1797 4827 oporteat,
1846 4753 1944 4807 nisi

365 4862 558 4919 ducem
586 4861 877 4916 habeamus
896 4876 909 4911 :
938 4850 1204 4928 quomodo
1223 4855 1398 4909 anima
1415 4869 1479 4907 ex
1497 4864 1722 4920 corpore
1741 4846 1944 4910 avulsa,

367 4954 498 5008 nihil
536 4952 646 5021 jam
688 4958 959 5004 assuetum
986 4956 1040 5003 et
1078 4946 1346 5016 cognitum
1390 4943 1620 5005 habens,
1656 4940 1771 4993 sine
1815 4937 1949 4991 duce

365 5053 503 5107 sciet
528 5063 635 5119 quo
659 5047 727 5103 sit
752 5045 1025 5101 eundum?
1056 5042 1341 5110 Multisque
1359 5038 1479 5092 aliis
1504 5033 1830 5105 argumentis
1852 5031 1945 5085 de-

368 5140 706 5213 prehendere
725 5147 827 5201 est,
860 5151 963 5191 non
995 5148 1153 5205 posse
1171 5132 1403 5187 animam
1431 5145 1495 5183 ex
1518 5142 1741 5195 corpore
1768 5139 1950 5193 egres-

368 5254 488 5293 sam
517 5236 603 5291 hic
631 5248 868 5289 manere.
924 5230 1058 5286 Nam
1104 5227 1405 5296 Stephanus
1446 5224 1553 5277 ait:
1591 5221 1806 5291 Suscipe
1844 5220 1951 5285 spi-

370 5331 526 5381 ritum
561 5343 726 5381 menm
758 5326 895 5397 (Act.
926 5323 976 5376 7.
1006 5320 1135 5392 58);
1173 5328 1225 5374 et
1254 5317 1478 5379 Paulus,
1513 5314 1732 5369 Dissolvi
1763 5324 1807 5364 et
1837 5328 1951 5364 cum

438 5463 510 5521 (ir)
534 5460 743 5521 ltlipsum
762 5459 878 5508 dicit
894 5458 1259 5521 Chrysostomus
1282 5461 1417 5501 Hom.
1432 5452 1475 5521 2_
1486 5451 1548 5499 de
1572 5457 1757 5521 Lazaro,
1770 5451 1953 5521 'rom.l_,

461 5493 487 5511 ι.
629 5493 743 5510 ων...
762 5493 976 5509 “mw...
1437 5493 1463 5499 _
1489 5493 1546 5499 μ
1574 5493 1734 5499 -.η-η

371 5526 388 5574 i
396 5493 475 5575 lii.
488 5493 599 5583 £385,
610 5493 699 5571 ίΙὶη.
713 5524 762 5578 8,
775 5533 953 5583 nempe
962 5493 1077 5568 seen
1084 5519 1229 5583 udum
1240 5514 1555 5583 quorumdam
1566 5493 1843 5583 opinionem
1852 5493 1955 5583 ani:

371 5603 479 5637 nias
500 5574 809 5634 morientium
831 5574 1072 5630 daemonas
1095 5579 1218 5628 ﬁeri.
1244 5574 1335 5626 Sed
1358 5575 1401 5625 id
1428 5576 1492 5624 ibi
1512 5574 1667 5624 solum
1698 5574 1875 5637 dicitur
1892 5574 1956 5622 de

371 5636 491 5705 illis,
515 5663 598 5757 qui
625 5646 834 5694 violenta
867 5652 1024 5700 morte
1055 5643 1416 5690 decesserunt:
1456 5637 1673 5700 illudque
1710 5637 1835 5685 forte
1869 5636 1959 5683 hoc

375 5714 523 5757 etiam
562 5722 648 5757 oeo
667 5704 1130 5757 subintelligendum
1153 5711 1261 5751 est:
1301 5713 1393 5749 non
1420 5699 1681 5749 verisimile
1706 5699 1836 5748 enim
1861 5707 1955 5757 est,

375 5699 648 5760 etiaailoeo
667 5704 1130 5765 subintelligendum
1153 5711 1261 5751 est:
1301 5713 1393 5749 non
1420 5699 1681 5765 verisimile
1706 5699 1836 5748 enim
1861 5707 1955 5759 est,

376 5774 424 5823 id
447 5788 533 5822 eos
549 5773 609 5820 de
628 5767 873 5817 autu‘iabus
888 5763 1226 5815 decedentiqu
1244 5765 1455 5814 omnium
1475 5763 1797 5813 existimasse.

1202 337 1263 391 l.\'
1304 326 1707 389 ΜΑΊἽῊᾸΞΗΜ
1748 319 1979 380 HOMIL.
2026 318 2257 375 Χληιι.
2300 325 2348 376 al
2416 324 2602 380 XXIX.

3506 329 3605 381 3V.

2037 438 2237 495 Christo
2262 459 2368 497 esse
2393 446 2548 497 multo
2574 444 2750 498 melius
2775 455 2847 499 est
2873 446 3136 517 (Philipp.
3181 450 3234 503 1.
3263 449 3377 517 2'5).
3411 449 3484 504 De
3510 465 3606 518 pa-

2033 536 2261 591 triarcha
2296 553 2507 608 quoque
2547 540 2818 609 Scriptura
2844 541 2971 594 dicit
3002 560 3015 594 :
3051 542 3119 595 Et
3155 543 3420 613 appositus
3444 554 3515 597 est
3542 545 3609 595 ad

2031 638 2198 694 patres
2228 646 2367 694 suos,
2410 640 2667 697 provectus
2696 632 2746 682 in
2775 642 3025 686 senectute
3062 634 3192 685 bona
3231 633 3382 703 (Cen.
3526 635 3606 703 8).

2030 720 2181 785 Quod
2221 732 2395 776 autem
2442 738 2615 791 neque
2661 735 2995 792 peccatorum
3040 727 3232 781 animat
3280 729 3485 798 possint
3526 730 3611 783 hic

2033 814 2261 883 versari,
2293 815 2415 868 audi
2443 816 2659 869 divitem
2691 818 2854 870 multa
2885 820 2982 872 hac
3007 820 3074 873 de
3097 836 3153 874 re
3179 829 3476 889 rogantem,
3508 836 3609 875 nec

2035 908 2425 976 intpetrantem,
2458 911 2545 980 qui
2581 911 2626 964 si
2670 911 2926 978 potuisset
2957 914 3191 967 venisset
3233 914 3381 981 ipse,
3409 922 3464 967 et
3491 929 3611 983 qua

2034 998 2139 1052 illic
2184 999 2371 1053 fierent
2414 1000 2727 1055 nuntiasset.
2778 1001 2927 1057 Unde
2973 1004 3142 1071 palam
3187 1013 3302 1065 est,
3352 1013 3472 1073 post
3514 1005 3610 1059 de—

2031 1106 2238 1146 cessum
2260 1108 2327 1146 ex
2358 1091 2454 1146 hac
2486 1094 2587 1146 vita
2619 1093 2823 1147 animas
2845 1094 2895 1148 in
2918 1095 3198 1164 quamdam
3223 1096 3491 1165 regionem
3510 1096 3611 1150 dc-

2034 1182 2180 1247 ferri,
2203 1198 2300 1237 nec
2317 1199 2473 1252 posse
2493 1184 2594 1238 huc
2619 1185 2831 1249 reverti,
2860 1185 2952 1238 sed
2978 1185 3266 1239 terribilem
3298 1186 3446 1240 illum
3468 1186 3611 1239 diem

2033 1285 2361 1344 exspectare.
2396 1275 2451 1331 Si
2492 1278 2613 1345 quis
2654 1292 2782 1330 vero
2811 1277 3033 1349 dixerit,
3063 1279 3172 1331 (Zur
3212 1278 3260 1330 id
3291 1278 3431 1346 quod
3466 1287 3613 1345 pete-

2032 1372 2159 1425 bant
2187 1372 2457 1426 άιιξιιιυιιθε
2486 1372 2726 1425 Christus
2758 1372 2879 1426 fecit
2898 1412 2911 1435 ,
2938 1387 3058 1425 cum
3087 1372 3139 1424 in
3179 1386 3457 1440 porcorum
3489 1385 3614 1439 greo

2033 1480 2151 1535 gem
2186 1466 2328 1534 ipsos
2357 1465 2555 1520 intrare
2582 1464 2855 1534 permisit?
2883 1465 3251 1533 responderim
3282 1480 3403 1534 ego,
3438 1463 3611 1530 ipsum

2035 1572 2139 1610 non
2180 1557 2230 1610 id
2260 1555 2449 1611 fecisse
2478 1556 2530 1610 in
2571 1557 2795 1625 gratiam
2836 1555 3080 1621 illorum;
3113 1556 3205 1609 scd
3235 1564 3291 1609 ut
3332 1554 3495 1608 multa
3535 1553 3614 1607 sic

2034 1645 2397 1715 dispensaret;
2420 1647 2612 1715 primo,
2637 1645 2923 1700 utdoceret
2950 1660 3044 1700 eos
3072 1646 3162 1715 qui
3187 1662 3217 1699 a
3240 1645 3484 1715 malignis
3512 1645 3612 1697 hu-

2030 1736 2264 1805 jusmodi
2285 1737 2523 1805 tyrannis
2545 1735 2754 1791 liberati
2770 1745 2972 1799 essent,
2994 1745 3246 1805 quantam
3278 1735 3569 1804 perniciem
3594 1736 3609 1764 ‘

2034 1829 2285 1883 afferrent
2315 1827 2651 1883 insidiatores
2677 1828 3016 1897 hujusmodi;
3050 1828 3287 1883 secundo
3308 1868 3323 1892 ,
3355 1837 3412 1881 ut
3437 1828 3623 1881 disce—'

2036 1929 2155 1973 rent
2199 1933 2410 1984 omnes,
2453 1918 2725 1972 dazmonas
2766 1934 2833 1971 ne
2863 1918 3075 1987 quidem
3125 1932 3314 1985 porcos
3356 1917 3615 1971 invadere

2036 2024 2213 2078 posse,
2244 2010 2344 2063 nisi
2372 2011 2484 2079 ipse
2515 2010 2846 2079 permiserit;
2880 2011 3038 2064 tertio
3059 2051 3073 2074 ,
3103 2011 3246 2079 ipsos
3285 2010 3527 2078 graviora
3562 2012 3614 2065 in

2034 2102 2297 2167 homines,
2329 2117 2484 2171 quam
2516 2102 2566 2156 in
2600 2117 2819 2170 porcos,
2857 2111 3255 2171 perpetraturos
3282 2102 3445 2157 fuisse
3468 2143 3482 2165 ,
3514 2103 3614 2156 nisi

2035 2195 2089 2248 in
2136 2194 2436 2248 calamitate
2481 2208 2575 2262 per
2615 2207 2857 2262 magnam
2897 2193 3037 2245 illam
3088 2193 3180 2246 Dei
3228 2193 3613 2260 providentiam

2034 2286 2227 2340 servati
2251 2284 2492 2340 fuissent.
2515 2283 2645 2337 Nam
2668 2285 2808 2353 quod
2829 2285 2998 2352 magis
3017 2298 3113 2337 nos
3133 2299 3290 2352 quam
3320 2285 3471 2339 bruta
3501 2288 3617 2339 atti-

2033 2378 2189 2433 malia
2218 2377 2342 2431 odio
2385 2377 2632 2442 habeant,
2666 2375 2792 2429 nulli
2845 2390 2947 2427 non
2981 2374 3321 2429 manifestum
3362 2386 3465 2431 cst.
3515 2378 3617 2431 Ita-

2034 2486 2140 2541 que
2167 2470 2255 2539 qoi
2280 2469 2455 2538 porcis
2481 2483 2587 2523 non
2614 2477 2985 2537 pepercerunt,
3014 2477 3066 2520 et
3096 2467 3145 2521 in
3183 2477 3456 2522 momento
3484 2478 3617 2522 tem-

2035 2564 2181 2633 poris
2211 2578 2396 2617 omnes
2445 2563 2839 2633 prmeipitarunt
2858 2602 2871 2625 ,
2902 2560 3069 2615 multo
3116 2562 3286 2630 magis
3315 2559 3617 2615 hominibus

2034 2655 2087 2711 id
2129 2654 2419 2720 fecissent,
2450 2668 2584 2723 quos
2611 2651 2860 2708 tenebant
2899 2652 2950 2705 in
2987 2651 3258 2707 desertum
3290 2652 3617 2707 adducentes

2037 2758 2091 2803 et
2119 2747 2472 2811 abducentes,
2500 2746 2603 2801 nisi
2637 2747 2796 2801 etiam
2842 2746 2895 2799 in
2945 2746 3043 2799 hac
3092 2745 3204 2815 ipsa
3239 2760 3428 2814 magna
3458 2761 3615 2814 quatn

2036 2839 2358 2894 exercebant
2384 2838 2687 2909 tyrannide,
2721 2837 2811 2891 Dei
2841 2851 2967 2891 cura
2984 2838 3251 2891 frenasset
3273 2844 3327 2890 et
3347 2838 3617 2892 coercuis-

2036 2941 2139 2998 set,
2167 2947 2235 2987 ne
2263 2930 2642 3000 penticiosiora
2672 2928 2927 2983 facerent.
2961 2927 3089 2983 lude
3118 2928 3321 2997 liquet,
3350 2928 3616 2983 net‘uinem

2035 3039 2179 3092 esse,
2204 3024 2331 3095 quin
2364 3024 2457 3079 Dei
2485 3022 2815 3092 providentia
2850 3020 3076 3076 fruatur.
3102 3020 3255 3087 Quod
3293 3020 3467 3074 sinon
3503 3037 3618 3075 um-

2037 3132 2134 3172 nes
2164 3131 2269 3171 uno
2295 3115 2592 3185 eodemque
2620 3114 2801 3182 modo,
2834 3113 2937 3169 hoc
2960 3130 3173 3184 quoque
3213 3128 3460 3183 magnum
3493 3128 3618 3183 pro-

2038 3208 2290 3263 videntiae
2317 3223 2487 3278 genus
2514 3216 2615 3262 est.
2660 3206 2791 3261 Nam
2839 3215 2895 3260 ut
2921 3206 3113 3276 cuique
3144 3205 3272 3259 utile
3298 3219 3418 3259 esse
3445 3214 3621 3273 potest

2037 3302 2173 3356 ratio
2200 3300 2546 3371 providentia:
2580 3299 3034 3354 accommodatur.
3076 3297 3156 3353 Ad
3184 3296 3300 3352 hate
3331 3312 3461 3352 vero
3501 3312 3620 3367 qua:

2038 3395 2176 3448 dicta
2209 3402 2354 3455 sunt,
2386 3393 2526 3447 aliud
2569 3391 2695 3447 inde
2739 3391 3040 3445 discimus:
3083 3388 3223 3459 quod
3268 3389 3473 3443 scilicet
3514 3403 3619 3442 non

2042 3497 2244 3541 tmunm
2272 3484 2522 3539 omnibus
2547 3485 2705 3538 simul
2734 3483 3042 3552 provideat,
3072 3481 3166 3535 sed
3198 3482 3357 3535 etiam
3400 3479 3624 3549 singulis

2040 3580 2299 3641 seorsim;
2332 3577 2472 3648 quod
2497 3577 2657 3631 etiam
2679 3574 2954 3643 discipulis
2981 3572 3231 3627 indicavit
3256 3572 3440 3626 dicens
3468 3586 3484 3625 :
3522 3568 3621 3624 Ve-

2040 3676 2131 3728 stri
2161 3672 2337 3743 capilli
2360 3673 2541 3740 capitis
2558 3686 2728 3724 omnes
2749 3667 2997 3721 numerati
3020 3676 3135 3720 sunt
3157 3665 3368 3736 (Matth.
3394 3666 3480 3719 10.
3504 3665 3619 3729 50).

2044 3769 2227 3835 Exque
2265 3762 2609 3820 dicmouiacis
2636 3762 2687 3815 id
2712 3761 2856 3815 clare
2890 3758 3069 3812 videre
3106 3766 3208 3822 est,
3249 3758 3336 3826 qui
3361 3756 3468 3824 jam
3496 3756 3622 3810 olim

2044 3858 2285 3915 siiliocati
2314 3858 2557 3918 fuissent,
2587 3854 2685 3907 nisi
2714 3867 2923 3906 summe
2951 3862 3170 3904 curante
3202 3850 3310 3903 Deo
3341 3864 3626 3903 servaren-

2047 3962 2150 4005 tur.
2190 3951 2478 4018 Pr0pterea
2519 3944 2761 4015 permisit
2802 3958 2896 3997 eos
2933 3944 3080 3994 abire
3116 3942 3167 3993 in
3196 3955 3409 4008 gregem
3441 3953 3629 4007 porco-

2050 4059 2186 4104 rum,
2219 4055 2272 4093 ut
2302 4041 2390 4108 qui
2415 4038 2686 4106 regionem
2720 4034 3042 4096 incolebant,
3077 4032 3193 4100 ejus
3227 4032 3516 4099 potentiam
3544 4029 3626 4082 di-
3694 4040 3701 4047 λ

2051 4145 2280 4190 sccrcut.
2307 4132 2406 4187 Ubi
2451 4144 2683 4199 namque
2722 4142 2913 4180 nomen
2956 4127 3125 4194 ipsius
3166 4134 3350 4178 notum
3380 4133 3516 4186 erat,
3556 4123 3629 4177 ibi

2050 4242 2155 4281 non
2206 4223 2360 4279 valde
2407 4238 2465 4277 se
2514 4219 2879 4275 OStcndebat:
2930 4217 3021 4272 ubi
3073 4231 3201 4270 vero
3246 4229 3404 4269 nemo
3457 4214 3629 4284 ipsum
3714 4256 3717 4259 γ

2054 4325 2293 4379 noverat,
2323 4313 2652 4381 stolidusque
2690 4311 2919 4379 pupulas
2944 4316 3079 4366 erat.
3106 4307 3175 4362 ibi
3211 4306 3479 4360 miraculis
3519 4319 3633 4358 ma-

2053 4414 2133 4481 gis
2158 4409 2385 4479 lulgebat
2408 4449 2423 4474 ,
2456 4416 2512 4460 ut
2554 4405 2673 4459 illos
2692 4403 2757 4458 ad
2791 4401 3081 4457 divinitatis
3119 4415 3232 4455 sua:
3269 4399 3629 4468 cognitionem

2056 4505 2408 4577 pertraheret.
2429 4499 2582 4568 Quod
2603 4509 2777 4554 autem
2797 4495 2973 4550 stolidi
2996 4503 3178 4550 essent
3198 4493 3231 4546 ii
3250 4491 3337 4562 qui
3364 4490 3632 4545 civitatein

2057 4602 2199 4655 illam
2231 4596 2557 4658 incolebant,
2585 4608 2647 4647 ex
2678 4592 2742 4645 iis
2767 4605 2884 4660 qua:
2916 4589 2967 4643 in
2992 4589 3096 4641 fine
3122 4597 3267 4655 gesta
3292 4592 3415 4638 sunt
3445 4584 3632 4651 liquet.

2055 4695 2188 4748 Cum
2220 4690 2547 4761 oportuisset
2576 4686 2718 4740 enim
2747 4683 2891 4737 illum
2920 4680 3165 4745 adorare,
3195 4677 3416 4745 ejusque
3448 4685 3636 4744 poten-

2059 4788 2181 4841 tiam
2205 4784 2409 4849 mirari,
2439 4782 2585 4835 illum
2604 4777 2935 4847 repulerunt,
2957 4784 3009 4827 et
3027 4778 3279 4840 rogarunt
3299 4768 3586 4823 abscedere
3606 4782 3636 4821 a

2061 4880 2254 4933 finibus
2299 4877 2430 4931 suis.
2461 4873 2568 4929 Sed
2612 4887 2709 4926 cur
2751 4869 3023 4923 daemones
3067 4877 3257 4932 porcos
3291 4859 3640 4915 occiderunt?

2060 4975 2283 5042 Semper
2313 4970 2586 5024 daemones
2616 4965 2665 5019 id
2695 4970 2885 5019 curant
2907 4968 2963 5014 ut
2992 4956 3237 5013 homines
3266 4957 3319 5011 in
3351 4968 3639 5010 maerorem

2061 5065 2383 5135 conjiciant,
2417 5072 2734 5127 semperque
2760 5055 2826 5109 de
2866 5053 3073 5107 illorum
3120 5049 3358 5119 pernicie
3388 5047 3640 5118 gaudent.

2062 5158 2175 5212 lloc
2205 5157 2329 5209 item
2360 5152 2494 5206 Jobo
2519 5147 2761 5203 diabolus
2794 5144 2937 5205 fecit,
2968 5146 3088 5213 quia
3124 5142 3193 5196 ibi
3224 5141 3383 5195 etiam
3420 5139 3470 5192 id
3502 5138 3643 5192 Deus

2065 5246 2311 5317 permisit
2337 5262 2349 5296 :
2375 5257 2559 5297 verum
2592 5254 2763 5308 neque
2793 5237 2863 5291 ibi
2884 5235 3096 5290 diabolo
3116 5231 3524 5299 obtemperavit,
3548 5228 3644 5282 sed

2066 5337 2207 5409 quod
2251 5334 2505 5389 famulum
2536 5346 2689 5385 suum
2730 5329 2893 5383 vellet
2919 5326 3338 5396 Splendidiorem
3381 5320 3643 5382 reddere,

2066 5428 2403 5495 daemonique
2449 5438 2663 5479 omnem
2706 5421 3045 5492 impudentia:
3093 5431 3275 5471 ansam
3331 5410 3644 5483 praecidere,

2067 5535 2224 5595 atque
2253 5538 2347 5577 sua
2379 5521 2429 5573 in
2465 5519 2663 5588 justum
2709 5516 2937 5570 facinora
2979 5515 3030 5567 in
3070 5519 3228 5579 caput
3274 5508 3435 5575 ipsius
3475 5513 3648 5555 retor-

2068 5634 2251 5690 quere.
2278 5619 2342 5672 Et
2360 5631 2497 5669 nunc
2521 5630 2729 5684 quoque
2750 5622 2931 5667 contra
2954 5605 3165 5672 actuidit,
3188 5614 3346 5671 quam
3376 5596 3656 5651 da'moncs

2138 5763 2153 5791 ⁸
2190 5757 2301 5814 Alii,
2320 5760 2544 5816 quantum
2571 5750 2763 5801 rabiem.
