4050 6220
474 318 579 376 555

473 432 743 488 volebant.
772 428 900 484 Nam
920 423 1114 482 Christi
1143 422 1375 491 potentia
1401 419 1598 473 clarius
1630 415 2039 486 pra-dicabatur,

471 538 537 577 ac
576 520 809 590 nequitia
840 519 1140 573 da‘monum
1163 554 1177 575 ,
1209 527 1276 565 ex
1311 527 1412 580 qua
1440 509 1529 563 ille
1573 509 1714 563 eruit
1751 520 1940 560 omnes
1964 505 2057 575 qui

474 616 544 670 ab
560 615 691 687 ipsis
710 611 1106 672 detinebantur,
1125 606 1457 661 manifestius
1473 603 1738 673 apparuit,
1767 610 2056 669 notmnque

477 706 598 773 fuit,
632 706 753 760 illos
800 718 866 757 ne
915 701 967 755 in
998 714 1191 770 porcos
1226 697 1440 767 quidem
1475 695 1674 749 habere
1714 702 2055 764 potestatem,

475 799 576 854 nisi
608 796 659 851 id
682 793 983 866 permiserit
1006 792 1375 845 universorum
1401 786 1558 841 Deus.

543 890 599 944 4.
632 886 916 942 Parcarum
959 882 1161 937 diabolo
1191 880 1494 933 traditarum
1529 875 1741 931 historia
1783 874 2058 945 anagogicc

474 980 777 1051 etplicatur.
803 975 1091 1045 Descriptio
1113 973 1287 1028 lascivi
1306 982 1352 1025 et
1375 971 1537 1025 arari.
1560 1000 1630 1011 ——
1651 969 1709 1024 Si
1736 968 1856 1039 quis
1881 978 2057 1021 autem

478 1072 595 1128 htec
618 1071 910 1141 anagogiee
934 1069 1063 1123 velit
1084 1067 1350 1134 accipere,
1384 1064 1435 1119 id
1469 1064 1650 1131 utique
1681 1062 1825 1124 licet,
1853 1058 1946 1115 sed
1975 1058 2055 1112 hi-

475 1167 644 1221 storia
668 1166 746 1220 sic
776 1164 955 1218 habet.
986 1160 1274 1216 Sciendum
1307 1172 1467 1227 porro
1495 1165 1577 1209 est
1604 1154 1847 1209 homines
1872 1166 2062 1223 porco-

476 1275 594 1314 rum
636 1258 806 1312 instar
844 1256 1104 1315 viventes,
1136 1250 1471 1306 daemonibus
1509 1261 1632 1303 esse
1658 1253 1814 1316 captu
1856 1243 2059 1298 faciles.

475 1352 579 1419 Qui
618 1360 795 1404 autem
837 1348 951 1403 haec
988 1347 1285 1417 patiuntur,
1316 1344 1558 1397 homines
1587 1356 1707 1395 cum
1747 1338 1888 1401 sint,
1918 1351 2063 1405 sa'pe

483 1449 711 1513 possunt
738 1441 858 1495 illos
878 1454 1168 1509 superare;
1200 1437 1245 1490 si
1265 1450 1397 1489 vero
1425 1433 1569 1502 porci
1599 1431 1817 1485 omnino
1842 1428 2061 1491 fuerint,

479 1547 586 1587 non
615 1531 774 1586 modo
799 1547 828 1584 a
855 1528 1188 1584 dazmonibus
1213 1526 1568 1595 exagitantur,
1596 1520 1690 1576 sed
1714 1520 1874 1574 etiam
1921 1532 2063 1587 prac-

478 1624 789 1692 eipitantur.
818 1620 1153 1689 lnsuperque
1195 1631 1263 1670 ne
1300 1614 1419 1684 quis
1456 1613 1559 1667 hoc
1585 1626 1698 1665 rem
1740 1623 1860 1664 esse
1890 1607 2064 1662 ﬁctam

479 1723 728 1785 putaret,
756 1711 851 1766 sed
879 1710 1104 1780 quisque
1134 1707 1381 1762 crederet
1417 1702 1694 1759 dazmones
1750 1700 1767 1731 ³
1796 1712 1922 1753 vere
1968 1712 2066 1750 ex-

483 1807 677 1869 ivisse,
708 1820 774 1859 ex
821 1815 1104 1872 porcorum
1150 1808 1324 1853 morte
1358 1795 1409 1849 id
1442 1791 1781 1848 manifestum
1820 1788 2065 1844 efﬁcitur.

484 1899 580 1954 llic
598 1913 729 1953 vero
777 1894 1049 1966 perpende
1090 1892 1209 1961 ejus
1245 1887 1713 1945 mansuetudinem
1758 1898 1882 1937 cum
1912 1891 2069 1952 pote-

482 2001 620 2046 state
647 1991 1011 2057 conjunctam.
1042 1985 1178 2041 Cum
1209 1984 1352 2039 enim
1379 1981 1615 2051 regionis
1641 1978 1831 2033 incola:
1853 2017 1869 2041 ,
1903 1984 1979 2029 tot
2004 1975 2072 2030 ab

484 2098 552 2136 eo
595 2081 831 2150 acceptis
859 2077 1153 2139 beneﬁciis,
1201 2075 1346 2129 illum
1396 2072 1463 2126 ab
1490 2086 1547 2125 se
1588 2066 1867 2123 discedere
1907 2080 2063 2134 coge-

486 2183 628 2239 rent,
659 2188 765 2227 non
813 2171 1027 2233 restitit,
1073 2168 1166 2223 sed
1201 2168 1481 2231 discessit,
1512 2176 1716 2232 easque
1753 2160 1844 2231 qui
1887 2174 1945 2213 se
1971 2158 2072 2213 do-

485 2266 656 2321 ctrina
685 2265 850 2335 ipsius
877 2262 1121 2332 indignos
1149 2258 1527 2320 declarabant,
1557 2253 1793 2324 reliquit,
1824 2251 2075 2306 doctores

491 2358 772 2427 assignans
795 2354 898 2408 illis
915 2367 1031 2415 eos,
1060 2351 1151 2421 qui
1182 2366 1210 2402 a
1239 2347 1574 2403 dmmonibus
1601 2344 1812 2399 liberati
1842 2341 2073 2407 fuerant,

488 2465 695 2505 necnon
725 2447 999 2511 subulcus,
1032 2460 1062 2499 a
1092 2443 1285 2514 quibus
1313 2452 1663 2511 quzecumque
1688 2445 1837 2507 gesta
1867 2434 2079 2489 fuerant

491 2541 736 2597 ediscere
763 2548 1010 2609 poterant
1035 2554 1048 2590 :
1080 2533 1340 2590 recedens
1366 2545 1527 2602 porro
1549 2530 1817 2600 ingentem
1850 2524 1981 2595 ipsis
2007 2523 2077 2578 ti-

494 2649 698 2691 morem
729 2631 961 2702 reliquit.
991 2627 1180 2684 Damni
1230 2625 1426 2695 quippe
1455 2618 1766 2691 magnitudo
1806 2618 1882 2673 rei
1911 2624 2079 2687 gesta:

492 2729 689 2783 famam
719 2722 1020 2793 evulgabat,
1044 2733 1239 2788 resque
1260 2724 1403 2771 tanta
1422 2712 1656 2785 ipsorum
1682 2709 1891 2765 animos
1910 2710 1931 2740 ³
1950 2722 2078 2777 per-

488 2822 716 2874 culerat.
761 2815 1009 2885 Undique
1050 2825 1295 2868 rumores
1340 2807 1737 2868 aﬁ'erehantur,
1766 2802 1884 2858 haec
1928 2808 2080 2871 gesta

490 2908 752 2979 stupenda
778 2906 1148 2977 prmdicantes,
1163 2900 1316 2956 abiis
1335 2899 1424 2969 qui
1446 2896 1615 2952 curati
1635 2894 1869 2958 fuerant,
1892 2906 1922 2945 a
1946 2905 2083 2961 prre-

490 2999 724 3071 cipitatis
754 2997 948 3067 porcis,
977 3010 1007 3049 a
1035 3006 1321 3064 porcorum
1351 2988 1602 3055 dominis,
1630 2983 1934 3041 asubulcis.
1958 2981 2084 3036 Hmc

493 3106 656 3165 porro
672 3105 813 3145 nunc
827 3088 988 3144 etiam
1008 3086 1192 3141 videre
1207 3090 1310 3148 est,
1327 3080 1525 3136 multos
1542 3079 1593 3133 in
1609 3074 1869 3146 sepulcris
1883 3074 2085 3129 daemo-

494 3185 699 3247 niacos,
716 3196 851 3253 quos
871 3180 1003 3234 nihil
1020 3179 1086 3232 ab
1105 3175 1308 3231 insania
1340 3171 1576 3235 cohibet,
1596 3184 1699 3222 non
1733 3166 1956 3231 ferrum,
1977 3179 2081 3220 non

492 3287 702 3340 catena,
740 3289 846 3329 non
884 3269 1168 3327 multitudo
1208 3267 1505 3329 hominum,
1552 3278 1660 3317 non
1706 3259 1927 3323 monita,
1974 3271 2078 3313 non

501 3384 700 3432 terror,
730 3382 835 3422 non
866 3365 1024 3421 mina:
1044 3404 1058 3427 ,
1086 3377 1193 3417 non
1222 3358 1348 3430 quid
1389 3356 1583 3412 simile.
1616 3354 1748 3409 Cum
1792 3354 1909 3423 quis
1940 3352 2083 3406 enim

496 3464 729 3519 lascivus
763 3472 1051 3529 corporum
1083 3454 1255 3510 forma
1294 3452 1524 3522 capitur,
1559 3449 1693 3504 nihil
1714 3447 1941 3502 differta
1973 3445 2085 3500 dee-

497 3555 747 3610 moniaco
775 3570 790 3605 :
818 3549 914 3605 sed
943 3547 1120 3604 nudus
1145 3554 1204 3601 ut
1231 3544 1321 3599 ille
1350 3545 1799 3609 circumvagatur,
1842 3537 2087 3592 vestibus

497 3648 713 3718 quidem
744 3643 990 3705 indutus,
1018 3638 1116 3695 sed
1142 3650 1272 3692 vero
1298 3634 1497 3688 amictu
1529 3631 1808 3702 spoliatus,
1836 3637 1893 3683 et
1913 3626 2084 3698 gloria

498 3738 600 3793 sibi
627 3735 803 3792 debita
831 3731 1098 3795 nudatus,
1142 3744 1248 3782 non
1294 3725 1556 3795 lapidibus
1587 3736 1708 3778 sese
1751 3720 2081 3791 percutiens,

498 3832 593 3888 sed
624 3829 859 3901 peccatis
878 3823 1055 3895 lapide
1076 3823 1233 3892 longe
1254 3817 1578 3875 durioribus.
1605 3814 1736 3882 Quis
1764 3813 1924 3883 igitur
1949 3812 2090 3867 hunc

502 3923 770 3977 hominem
790 3918 958 3988 ligare
980 3913 1175 3984 poterit
1194 3909 1513 3977 sedareque,
1536 3915 1647 3961 tam
1672 3904 1902 3974 turpiter
1926 3917 2088 3972 agen-

501 4026 632 4078 tem,
660 4011 1011 4083 petulantem,
1034 4018 1327 4074 numquam
1357 4001 1438 4055 sui
1469 4005 1798 4069 compotem,
1822 3997 1918 4052 sed
1949 4010 2092 4050 sem-

502 4123 598 4178 per
632 4104 879 4175 sepulcra
921 4097 1244 4156 adeuntem?
1269 4095 1416 4152 Talia
1448 4093 1647 4164 quippe
1675 4100 1801 4147 sunt
1847 4088 2090 4145 meretri-

500 4214 623 4253 cum
654 4194 945 4252 diversoria
979 4192 1149 4246 multo
1172 4188 1365 4245 feature
1392 4186 1567 4258 plena,
1593 4185 1756 4239 multa
1785 4181 2089 4253 putredine.

501 4289 640 4359 Quid
662 4287 730 4342 de
756 4300 918 4340 avaro
945 4281 1225 4337 dicamus?
1249 4293 1426 4334 nonne
1446 4286 1503 4333 et
1534 4276 1651 4347 ipse
1681 4276 1802 4330 talis
1830 4272 1947 4329 est?
1972 4272 2092 4341 quis

504 4397 627 4436 eum
656 4379 820 4449 ligare
839 4389 1091 4445 umquam
1109 4370 1342 4443 poterit?
1360 4368 1473 4423 Non
1501 4377 1757 4433 terrores,
1776 4380 1884 4420 non
1907 4364 2089 4429 mina),

508 4488 615 4527 non
653 4469 878 4530 monita,
913 4481 1019 4520 non
1050 4462 1274 4519 consilia
1294 4459 1371 4533 (a)
1396 4477 1415 4541 ε
1436 4474 1619 4514 verum
1646 4458 1761 4512 haec
1786 4456 1964 4511 omnia
2002 4454 2093 4509 ille

508 4562 719 4618 vincula
763 4559 1000 4629 rumpit:
1030 4565 1084 4611 et
1110 4555 1156 4612 si
1183 4552 1302 4624 quis
1331 4551 1601 4607 soluturus
1628 4564 1659 4604 a
1688 4549 1914 4604 vinculis
1936 4562 2092 4603 acce-

510 4654 639 4717 dat,
665 4652 877 4722 adjumt
905 4664 1028 4705 eum
1056 4662 1126 4703 ne
1168 4645 1437 4708 solvatur,
1468 4642 1759 4698 cruciatum
1804 4640 2093 4695 maximum

511 4747 825 4803 existimans
850 4760 955 4800 non
982 4757 1103 4799 esse
1132 4741 1185 4796 in
1213 4738 1450 4796 cruciatu
1478 4752 1492 4789 :
1520 4750 1626 4806 quo
1654 4734 1781 4805 quid
1812 4733 2095 4789 miserabi-

514 4841 615 4894 lius
631 4838 874 4893 dicatur?
903 4836 994 4892 Ille
1022 4847 1254 4904 namque
1277 4830 1511 4896 daamon,
1528 4827 1627 4885 etsi
1650 4826 1895 4882 homines
1922 4825 2097 4895 despi.

513 4939 682 4994 ceret,
705 4940 759 4984 at
788 4928 983 4984 Christi
1020 4926 1190 4997 jussui
1217 4924 1399 4989 cessit,
1427 4931 1483 4978 et
1520 4920 1629 4976 cito
1657 4934 1689 4975 a
1724 4933 1950 4988 corpore
1975 4918 2099 4972 abs-

511 5023 707 5085 cessit;
741 5020 828 5075 hic
854 5034 982 5075 vero
1021 5034 1127 5074 non
1161 5015 1304 5073 cedit
1334 5021 1621 5086 prmeepto.
1648 5010 1780 5067 Nam
1814 5009 1935 5065 licet
1960 5024 2095 5079 quo-

517 5112 648 5167 tidie
676 5109 857 5164 audiat
887 5110 1031 5163 illutn
1059 5108 1328 5164 dicentem
1350 5146 1364 5168 ,
1392 5103 1512 5159 Non
1546 5102 1749 5174 parcatis
1781 5100 1885 5155 Deo
1914 5100 2099 5155 servire

515 5219 564 5259 ct
592 5217 841 5256 montana:
864 5201 1077 5271 (Matth.
1100 5200 1152 5255 6.
1170 5199 1288 5269 24),
1310 5199 1408 5253 etsi
1431 5196 1728 5267 gehennam
1746 5194 2101 5250 comminetur

517 5307 574 5353 et
593 5294 945 5353 intolerabilia
974 5292 1257 5361 supplicia,
1282 5307 1387 5348 non
1410 5291 1744 5359 obtemperat
1770 5296 1968 5353 tamen,
1993 5302 2097 5353 non

520 5387 663 5459 quod
692 5385 911 5442 Christo
935 5383 1007 5439 sit
1039 5382 1248 5447 fortior,
1294 5382 1387 5437 sed
1412 5382 1554 5452 quod
1583 5380 1829 5435 Christus
1858 5393 1955 5434 nos
1993 5394 2099 5433 non

520 5480 716 5535 invitus
742 5478 810 5533 ad
839 5474 1263 5548 resipiseeutiam
1291 5472 1469 5527 ducat.
1507 5472 1735 5543 Ideoque
1762 5472 1836 5527 illi
1863 5470 2013 5541 quasi
2048 5470 2101 5525 in

583 5639 601 5671 ί
641 5638 729 5687 Alit
746 5634 939 5700 legunt.
964 5635 1245 5700 donauerit,

587 5701 608 5761 ἱ
644 5695 825 5761 Aliqui:
842 5695 1176 5761 ignorantiam.

591 5760 663 5822 (a)
695 5752 923 5811 tamen
948 5760 1025 5809 hic
1047 5759 1237 5822 ponitur
1273 5752 1468 5818 signum
1510 5753 1914 5817 intetrogattonis.

1252 310 1310 365 s.
1349 304 1625 364 JOANNIS
1660 300 2126 358 Cttnvsosronl
2170 304 2487 368 ARClllliP.
2522 308 3053 371 coxsnmmop,

3639 334 3748 390 556

2167 418 2397 474 desertis
2441 432 2739 490 versantur,
2783 427 2990 485 etiamsi
3020 432 3072 486 in
3113 435 3305 491 mediis
3347 440 3454 494 sint
3502 443 3748 500 urbibus.

2167 512 2300 603 Quis
2324 515 2467 568 enim
2512 526 2690 573 mente
2718 520 2904 577 valens
2946 525 3115 592 possit
3139 542 3260 583 eum
3304 530 3604 603 hujusmodi
3641 541 3749 597 ho-

2168 602 2401 658 minibus
2426 608 2670 662 versari?
2698 609 2905 666 Mallem
2934 624 3080 669 certe
3102 631 3222 672 cum
3253 602 3522 681 sexcentis
3547 627 3754 687 dmino.

2169 695 2336 751 niacis
2365 696 2636 766 habitare,
2668 716 2825 771 quam
2868 718 2987 759 cum
3014 723 3119 761 uno
3151 710 3251 766 hoc
3279 712 3559 772 laborante
3604 736 3754 777 mor-

2169 785 2277 888 bo:
2308 789 2557 860 quodque
2598 792 2670 846 ita
2700 794 2923 864 loquens
2950 813 3057 852 non
3087 801 3329 858 aberrem
3350 846 3366 871 ,
3396 807 3654 877 probatur
3682 829 3751 868 ex

2170 883 2233 931 iis
2263 895 2382 949 quae
2411 883 2621 953 utrique
2649 886 2939 955 patiuntur.
2972 888 3035 944 Hi
3063 906 3294 966 namque
3317 911 3439 952 eum
3461 900 3552 970 qui
3576 917 3636 958 se
3664 905 3754 957 ni-

2171 972 2247 1027 hil
2277 972 2435 1040 laesit,
2465 975 2737 1033 inimicum
2775 979 2875 1035 sibi
2914 990 3121 1052 putant,
3152 986 3445 1059 volantque
3486 1007 3607 1048 eum
3658 997 3753 1064 qui

2174 1064 2311 1121 liber
2338 1076 2421 1123 est
2468 1084 2682 1126 servum
2726 1088 2880 1126 suum
2909 1088 3048 1141 esse,
3073 1086 3132 1132 ut
3158 1078 3211 1132 in
3255 1080 3410 1136 malis
3456 1083 3756 1142 innumeris

2170 1151 2494 1224 involvant;
2561 1158 2875 1218 daemoniaci
2954 1181 3083 1220 vero
3139 1170 3275 1225 nihil
3344 1174 3448 1229 tale
3500 1174 3747 1241 faciunt,

2168 1244 2263 1299 sed
2318 1247 2567 1302 morbum
2620 1249 2674 1303 in
2729 1266 2789 1305 se
2837 1254 3073 1311 retinent
3116 1258 3156 1312 '.
3218 1258 3299 1315 Illi
3354 1265 3555 1319 multas
3610 1268 3747 1321 sub-

2171 1345 2384 1391 vertunt
2427 1338 2638 1404 domas,
2672 1339 2831 1410 idque
2861 1352 3140 1412 peragunt,
3177 1354 3233 1398 ut
3260 1362 3451 1399 nomen
3506 1349 3599 1402 Dei
3646 1353 3755 1403 hla-

2171 1428 2513 1497 sphemetur,
2545 1445 2608 1485 ac
2654 1432 2920 1500 pernicies
2948 1444 3073 1487 sunt
3110 1443 3166 1489 et
3192 1435 3337 1490 urbis
3372 1446 3426 1490 et
3464 1438 3610 1493 orbis
3637 1442 3761 1495 nni-

2172 1521 2314 1576 versi
2340 1537 2355 1586 ;
2388 1521 2441 1575 bi
2465 1536 2593 1576 vero
2622 1538 2651 1575 a
2683 1523 3016 1578 dmmonibus
3036 1527 3309 1595 exagitati,
3338 1528 3683 1586 miseratione
3704 1545 3763 1587 et

2176 1612 2429 1683 lacrymis
2449 1612 2595 1684 digni
2633 1622 2775 1669 sunt.
2810 1614 2871 1669 lii
2914 1624 3062 1671 certe
3105 1618 3220 1672 sine
3251 1619 3360 1674 ullo
3397 1635 3559 1676 sensu
3591 1625 3761 1679 multa

2175 1700 2411 1767 faciunt;
2442 1703 2517 1757 illi
2549 1706 2756 1759 ratione
2785 1706 2991 1777 prmditi
3023 1708 3342 1779 impingunt,
3364 1712 3416 1765 in
3446 1715 3641 1769 mediis
3667 1732 3765 1770 ur-

2176 1795 2331 1849 bibus
2359 1795 2770 1863 debacchantes,
2798 1806 2853 1853 et
2873 1814 3012 1853 novo
3032 1800 3263 1870 quodam
3297 1802 3472 1859 furore
3502 1808 3764 1877 correpti.

2176 1885 2312 1953 Quid
2343 1886 2486 1942 enim
2521 1888 2626 1944 tale
2653 1888 2855 1944 faciunt
2879 1890 3193 1947 dmmoniaci
3223 1909 3411 1950 omnes
3430 1936 3446 1960 ,
3474 1899 3637 1967 quale
3661 1916 3767 1954 au-

2179 1989 2273 2029 sus
2319 1984 2404 2031 est
2454 1976 2654 2044 Judas,
2710 1987 3005 2036 extremam
3059 1998 3343 2054 aggressus
3389 1986 3769 2058 iniquitatem?

2177 2064 2339 2121 Certe
2364 2082 2554 2124 omnes
2582 2070 2670 2139 qui
2695 2070 2843 2126 illum
2865 2072 3161 2139 imitantur,
3184 2084 3312 2131 sunt
3334 2079 3488 2146 quasi
3512 2079 3644 2135 fera:
3665 2083 3770 2135 im-

2182 2174 2369 2215 manes
2410 2175 2479 2216 ex
2521 2162 2828 2219 carceribus
2865 2165 3081 2237 elapsae,
3129 2167 3377 2225 civitates
3425 2172 3767 2241 perturbant,

2182 2252 2398 2307 nemine
2424 2252 2728 2310 cohibente.
2765 2254 2831 2310 Hi
2859 2264 3037 2313 tamen
3078 2259 3308 2314 vinculis
3349 2262 3584 2334 undique
3626 2279 3768 2319 con-

2185 2346 2536 2416 Stringuntnr,
2560 2348 2735 2417 qualia
2763 2356 2907 2415 sunt,
2936 2349 3174 2419 judicum
3198 2361 3387 2418 terror,
3418 2353 3592 2425 legum
3618 2371 3769 2410 com-

2186 2439 2527 2499 minationvs.
2556 2441 2696 2511 vulgi
2723 2442 3029 2511 maledicta,
3060 2454 3114 2499 et
3137 2445 3239 2499 alia
3268 2447 3490 2515 plurima
3518 2466 3532 2515 ;
3564 2449 3650 2504 his
3678 2461 3766 2505 ta-

2187 2545 2308 2584 men
2351 2530 2425 2584 illi
2453 2530 2683 2603 diruptis
2707 2534 2885 2588 omnia
2930 2549 3023 2590 sus
3046 2535 3221 2606 deque
3250 2548 3488 2593 vertunt.
3518 2540 3672 2608 Quod
3718 2545 3766 2597 si

2185 2624 2307 2694 quis
2337 2624 2451 2678 ha-c
2489 2625 2695 2679 vincula
2740 2625 2997 2693 auferret,
3033 2628 3076 2681 is
3120 2630 3418 2684 dwmonem
3445 2631 3562 2685 illos
3604 2646 3771 2686 occu-

2188 2727 2404 2787 pantem
2431 2717 2575 2773 clare
2603 2731 2985 2789 cognosceret,
3017 2722 3107 2791 qui
3138 2733 3286 2776 certe
3314 2724 3483 2778 multa
3509 2734 3562 2780 et
3590 2728 3773 2781 acrior

2186 2818 2241 2864 et
2267 2809 2495 2864 ferocior
2518 2818 2603 2865 est
2627 2825 2693 2865 eo
2715 2812 2803 2880 qui
2825 2826 2971 2866 nunc
2998 2827 3246 2882 egressus
3267 2824 3533 2871 narratur.

2258 2903 2311 2959 5.
2340 2902 2537 2959 Verum
2567 2904 2689 2974 quia
2732 2902 2784 2958 id
2802 2894 2927 2959 ﬁeri
2957 2905 3162 2976 nequit,
3193 2908 3359 2963 verbo
3389 2916 3567 2965 tamen
3616 2921 3778 2968 tenus

2190 2993 2289 3049 ista
2312 2995 2590 3065 ﬁngamus,
2615 3004 2670 3050 et
2691 3004 2907 3051 catenas
2925 2997 3042 3066 ejus
3068 3012 3256 3052 omnes
3281 2998 3620 3066 auferamus;
3645 3011 3780 3058 tunc

2189 3084 2305 3154 ejus
2336 3084 2572 3140 furorem
2588 3086 2790 3156 liquido
2811 3089 3062 3142 sciemus.
3091 3092 3160 3143 At
3187 3088 3354 3144 feram
3377 3104 3407 3143 a
3431 3092 3584 3146 nobis
3606 3093 3782 3149 nuda-

2193 3188 2301 3233 tam
2331 3193 2398 3232 ne
2422 3177 2722 3233 formidetis
2747 3196 2760 3231 :
2792 3179 2844 3233 in
2872 3180 3038 3234 verbo
3065 3195 3295 3250 namque
3322 3190 3428 3235 tota
3456 3196 3617 3237 scena
3643 3198 3783 3239 eon-

2191 3268 2352 3335 sistit,
2386 3282 2562 3338 neque
2591 3267 2643 3322 in
2671 3270 2748 3324 rei
2775 3272 2999 3324 veritate
3031 3270 3259 3340 idipsum
3290 3272 3673 3340 conspicimus.
3696 3270 3778 3331 Sit

2192 3358 2369 3431 itaque
2400 3358 2561 3415 homo
2588 3361 2873 3431 quispiam,
2905 3362 3079 3431 ignem
3104 3361 3172 3416 ab
3194 3363 3363 3417 oculis
3389 3365 3667 3429 amittens,
3695 3367 3782 3421 ni-

2190 3467 2307 3523 ger,
2335 3452 2425 3522 qui
2456 3453 2509 3506 in
2538 3462 2765 3523 utroque
2793 3452 3023 3509 humero
3047 3455 3310 3510 dracones
3335 3457 3632 3526 pendentes
3654 3459 3779 3514 loco

2194 3545 2532 3601 brachiorum
2548 3545 2776 3612 habeat;
2803 3561 2864 3600 os
2880 3547 3072 3602 habeat
3095 3548 3146 3602 in
3163 3564 3270 3618 quo
3288 3564 3385 3618 pro
3400 3549 3651 3607 dentibus
3667 3554 3782 3623 gla-

2192 3639 2265 3694 dii
2286 3640 2391 3693 siut
2409 3638 2575 3704 inﬁxi,
2595 3655 2691 3709 pro
2715 3640 2893 3711 lingua
2914 3640 3034 3696 fons
3050 3644 3193 3695 virus
3213 3656 3594 3713 venenumque
3617 3647 3780 3699 entit-

2194 3742 2313 3788 tens
2333 3750 2347 3797 ;
2372 3742 2559 3787 venter
2569 3731 2685 3802 ejus
2705 3734 2848 3788 omni
2868 3734 3080 3789 fornace
3098 3734 3435 3799 sitvoracior,
3457 3752 3579 3805 quae
3598 3739 3783 3792 omnia

2196 3826 2389 3894 injecta
2415 3826 2705 3897 deglutiat;
2730 3827 2891 3896 pedes
2906 3827 3003 3881 alis
3025 3827 3266 3882 instructi
3283 3841 3336 3883 et
3356 3827 3569 3883 ﬂamma
3592 3835 3785 3901 quavis

2194 3916 2656 3984 vehementiores;
2682 3919 2855 3973 vultus
2876 3917 2991 3986 ejus
3008 3918 3156 3973 canis
3184 3925 3237 3974 et
3251 3918 3358 3989 lupi
3384 3920 3618 3988 speciem
3651 3922 3786 3977 refe-

2196 4018 2313 4073 rat;
2345 4024 2449 4063 non
2480 4008 2762 4063 humanam
2783 4023 2966 4064 vocem
2993 4009 3232 4075 emittat,
3264 4009 3360 4065 sed
3392 4010 3523 4081 quid
3539 4010 3795 4079 insuave,

2197 4101 2559 4171 injucundum.
2579 4101 2814 4157 terribile
2838 4117 2850 4154 :
2875 4100 2925 4155 in
2942 4100 3289 4172 manibusque
3306 4100 3548 4155 ﬂammas
3566 4101 3787 4158 habeat.

2197 4193 2470 4250 Horrenda
2512 4193 2689 4249 forsan
2722 4193 2871 4248 vobis
2913 4193 3027 4248 lure
3061 4187 3376 4256 videantur;
3407 4192 3501 4247 sed
3542 4196 3790 4250 nondum

2197 4285 2343 4341 illum
2383 4285 2457 4339 uti
2489 4300 2583 4354 par
2611 4293 2726 4341 erat
2754 4284 3089 4353 depinximus
3118 4298 3136 4336 :
3170 4284 3253 4338 his
3281 4283 3475 4353 quippe
3510 4284 3617 4340 alia
3661 4299 3793 4343 sunt

2196 4379 2458 4433 addenda.
2490 4377 2687 4433 Obvios
2710 4390 2949 4446 quosque
2983 4374 3185 4445 jugulet
3206 4388 3270 4429 ac
3298 4375 3515 4430 devoret
3542 4418 3560 4443 ,
3593 4393 3793 4433 carnes

2198 4472 2416 4527 laceret.
2442 4470 2554 4525 Hoc
2579 4477 2820 4524 monstro
2842 4466 3076 4522 deterior
3093 4476 3176 4521 est
3193 4480 3406 4531 avarus,
3433 4468 3585 4538 quasi
3613 4468 3791 4524 infer-

2199 4580 2299 4620 nus
2324 4578 2509 4619 omnes
2540 4560 2759 4627 invadit,
2785 4559 3012 4614 omnes’
3042 4558 3324 4623 devorans,
3357 4562 3661 4615 communis
3689 4562 3796 4616 hr-

2199 4657 2341 4713 mani
2379 4655 2592 4725 generis
2632 4653 2801 4708 hostis
2825 4651 3166 4707 circumiens.
3198 4651 3412 4707 Nullum
3449 4654 3649 4724 quippe
3678 4659 3799 4709 vult

2199 4760 2483 4819 superesse
2509 4744 2778 4800 hominem
2802 4784 2819 4810 ,
2855 4750 2914 4797 ut
2948 4742 3125 4796 omnia
3169 4742 3455 4811 possideat.
3486 4742 3678 4813 Neque
3710 4744 3797 4799 hic

2202 4853 2381 4898 tamen
2406 4838 2544 4894 sistit
2568 4835 2788 4909 gradum
2812 4876 2830 4903 ,
2860 4834 2954 4891 sed
2983 4842 3261 4906 postquam
3288 4848 3476 4889 omnes
3498 4834 3800 4905 cupiditate

2200 4946 2296 4987 sua
2326 4927 2589 5002 perdidit,
2622 4937 2777 4983 terra:
2799 4926 3147 4982 substantiam
3176 4927 3323 4996 cupit
3348 4926 3589 4993 abolere,
3620 4927 3800 4981 illam-

2201 5040 2306 5096 que
2335 5025 2389 5079 in
2414 5039 2601 5078 aurum
2628 5035 2840 5077 versam
2866 5018 3047 5074 videre
3074 5034 3088 5073 :
3117 5033 3291 5088 neque
3318 5026 3522 5073 tantum
3552 5025 3759 5073 terram
3781 5062 3800 5086 ,

2203 5115 2298 5171 sed
2322 5122 2551 5181 montes,
2575 5112 2761 5178 saltus,
2785 5111 2957 5165 fontes
2977 5118 3031 5164 et
3048 5109 3227 5164 omnia
3252 5123 3373 5178 qua:
3393 5107 3492 5163 sub
3510 5118 3803 5176 aspectum

2204 5209 2423 5266 cadunt.
2458 5210 2630 5277 Atque
2656 5214 2715 5260 ut
2739 5204 2988 5270 discatis,
3026 5217 3123 5258 nos
3149 5201 3384 5257 nondum
3410 5202 3527 5271 ejus
3555 5200 3804 5255 furorem

2208 5311 2380 5357 totum
2405 5296 2857 5353 demonstravisse
2881 5310 2896 5350 :
2927 5309 3086 5350 nemo
3108 5294 3178 5348 sit
3203 5292 3292 5363 qui
3323 5293 3468 5347 illum
3498 5302 3730 5347 accuset
3753 5302 3809 5347 et

2210 5400 2445 5456 terreat;
2473 5389 2568 5445 sed
2590 5388 2716 5445 tolle
2741 5386 3078 5443 formidinem
3108 5386 3306 5455 legum,
3330 5393 3388 5439 et
3413 5382 3619 5439 videbis
3652 5384 3807 5438 illum

2209 5496 2424 5560 arrepto
2443 5483 2618 5556 gladio
2638 5495 2823 5534 oinnes
2846 5478 3219 5535 trucidantem.
3243 5473 3443 5530 netniui
3462 5485 3808 5539 parcentem,

2278 5635 2526 5707 {Quidam
2551 5632 2935 5707 ittss.,a_liivcro
2975 5630 3266 5707 dgenwniaci
3316 5629 3439 5707 nihil
3491 5631 3630 5682 aritul
3682 5627 3806 5682 mali

2214 5694 2421 5811 [ac’iiﬁtltii
2443 5695 2744 5810 qmaquod
2769 5694 2985 5746 martum
3008 5694 3056 5743 in
3077 5707 3129 5745 se
3154 5694 3387 5744 retineant

2427 5794 2441 5817 .
2630 5795 2640 5806 .
