4050 6220
271 223 372 278 555

263 339 356 390 καὶ
380 337 414 407 ἡ
455 337 688 410 πονηρία
712 335 819 389 τῶν
840 335 1129 407 δαιμόνων,
1153 329 1220 405 ἦς
1243 334 1522 406 ἀπήλλαξε
1551 335 1678 397 τοὺς
1717 335 1809 388 ὑπ’
1835 335 1934 386 αύ-

262 423 370 476 τῶν
395 427 808 494 κατεχομένους,
851 423 1181 492 σαφέστερον
1202 422 1550 485 διεδείκνυτο,
1575 423 1669 475 καὶ
1697 423 1781 474 ὅτι
1815 421 1936 474 οὐδὲ

263 515 462 584 χοίρων
487 516 625 568 εἰσὶν
656 514 923 568 ἅπτεσθαι
951 512 1152 584 κύριοι,
1193 513 1268 584 μὴ
1301 512 1397 566 τοῦ
1418 513 1527 565 τῶν
1553 512 1690 566 ὅλων
1721 513 1936 581 ἐπιτρέ-

265 619 456 666 ποντος
487 601 641 655 Θεοῦ.

331 689 393 741 δ’.
429 690 490 742 Εἰ
525 689 582 742 δέ
625 706 708 751 τις
745 689 839 741 καὶ
887 686 1030 742 κατὰ
1059 687 1350 759 ἀναγωγὴν
1393 686 1565 742 ταῦτα
1605 685 1842 750 ἐκλάϐοι,
1875 685 1936 738 τὸ

263 777 470 832 κωλύον
501 777 668 830 οὐδέν.
709 777 771 829 Ἦ
808 776 910 847 μὲν
936 777 1045 846 γὰρ
1082 777 1291 847 ἱστορία
1329 773 1468 845 αὕτη
1493 792 1506 806 ·
1538 775 1697 828 δεῖδὲ
1736 774 1935 828 εἰδέναι

264 865 468 935 σαφῶς,
512 864 587 927 ὡς
617 865 664 918 οἰ
701 863 980 935 χοιρώδεις
1029 863 1138 917 τῶν
1187 862 1490 935 ἀνθρώπων
1535 863 1935 934 εὐεπιχείρητοι

261 957 380 1016 ταῖς
422 953 530 1006 τῶν
579 953 848 1024 δαιμόνων
884 951 1186 1023 ἐνεργείαις
1218 952 1344 1004 εἰσί.
1381 951 1490 1004 Kal
1533 949 1808 1021 ἀνθρωττοι
1835 949 1935 1019 μὲν

263 1041 411 1102 ὅντες
463 1041 513 1093 οἱ
548 1039 720 1094 ταῦτα
769 1039 1090 1109 πάσχοντες,
1135 1037 1389 1092 δύνανται
1431 1039 1525 1091 καὶ
1554 1036 1934 1108 περιγενέσθαι

263 1126 520 1190 πολλάκις
543 1143 558 1156 ·
589 1127 656 1182 ἂν
704 1126 762 1180 δὲ
816 1128 986 1196 χοῖροι
1034 1125 1096 1178 τὸ
1134 1126 1254 1179 ὅλον
1281 1126 1566 1194 γένωνται,
1602 1126 1662 1177 οὐ
1695 1123 1936 1194 δαιμονί-

262 1214 444 1280 ζονται
472 1215 651 1285 μόνον,
671 1212 808 1267 ἀλλά
829 1215 923 1266 καὶ
946 1213 1499 1285 κατακρημνίζονται.
1523 1211 1634 1265 Kal
1659 1209 1833 1273 άλλως
1853 1209 1932 1273 δέ,

263 1302 348 1355 ἵνα
380 1303 558 1373 μήτις
583 1300 788 1370 σκηνὴν
835 1298 975 1353 εἶναι
1023 1298 1221 1372 νομίσῃ
1250 1299 1316 1352 τὰ
1346 1298 1636 1368 γενόμενα,
1677 1296 1813 1350 ἀλλά
1846 1313 1936 1350 πι-

263 1388 459 1462 στεύσῃ
485 1389 669 1455 σαφῶς
688 1390 771 1440 ὅτι
804 1387 1025 1458 ἐξῆλθον
1054 1390 1101 1442 οἰ
1137 1388 1388 1458 δαίμονες
1418 1388 1482 1452 ¹⁵,
1508 1385 1616 1440 ἀπὸ
1646 1385 1739 1438 τοῦ
1765 1384 1934 1438 θανά-

259 1494 352 1530 του
387 1475 494 1530 τῶν
552 1481 749 1547 χοίρων
792 1475 952 1528 τοῦτο
997 1474 1204 1542 γίνεται
1251 1473 1570 1542 κατάδηλον.
1627 1471 1830 1525 Σκόπει
1878 1472 1933 1525 δὲ

260 1565 423 1618 αὑτοῦ
458 1565 552 1618 καὶ
603 1564 664 1616 τὸ
716 1565 890 1634 πρᾶον
924 1562 1062 1633 μετὰ
1103 1564 1201 1632 τῆς
1227 1562 1527 1632 δυνάμεως.
1570 1561 1935 1633 Ἐπειδὴιγάρ

259 1653 486 1708 τοιαῦτα
545 1651 998 1723 εὐεργετηθέντες
1024 1650 1333 1719 ἀπήλαυνον
1365 1649 1527 1702 αὑτὸν
1549 1650 1599 1701 οἰ
1630 1648 1729 1719 τὴν
1751 1648 1937 1720 χώραν

261 1741 536 1804 οἰκοῦντες
587 1739 824 1810 ἐκείνην,
880 1739 980 1792 ούκ
1009 1739 1330 1801 ἀντέτεινεν,
1381 1737 1495 1790 ἀλλ’
1531 1737 1849 1808 ἀνεχώρησε
1871 1737 1935 1801 ¹⁰,

261 1831 356 1884 καὶ
392 1831 518 1892 τοὺς
557 1827 809 1894 ἀναξίους
847 1826 1234 1896 ἀποφήναντας
1273 1826 1500 1888 ἑαυτοὺς
1535 1825 1635 1894 τῆς
1663 1824 1828 1877 αὐτοῦ
1855 1824 1936 1877 δι-

259 1915 553 1980 δασκαλίας
585 1915 863 1979 κατέλιπε,
883 1913 1009 1976 τοὺς
1041 1911 1504 1982 ἐλευθερωθέντας
1535 1912 1644 1964 τῶν
1670 1911 1937 1982 δαιμόνων

258 2005 385 2068 δοὺς
422 2002 778 2066 διδασκάλους
807 2001 902 2055 καὶ
929 2002 970 2032 ¹²
1001 2002 1129 2064 τοὺς
1161 1998 1430 2063 συϐώτας,
1456 1998 1596 2052 ὥστε
1627 1999 1758 2071 παρ’
1792 2001 1936 2053 ἐκεί-

264 2109 371 2146 νων
403 2090 594 2163 μαθεῖν
621 2090 799 2146 πάντα
835 2089 904 2144 τὰ
936 2087 1280 2160 γεγενημένα
1304 2103 1318 2118 ·
1349 2089 1443 2142 καὶ
1469 2087 1632 2151 αὐτὸς
1661 2089 1940 2160 ἀναχωρή-

264 2198 365 2242 σας
392 2179 484 2232 τὸν
504 2179 666 2248 φόϐον
687 2178 910 2249 ἀφίησιν
931 2177 1114 2240 αὐτοῖς
1136 2174 1532 2247 ἐνακμάζοντα.
1570 2175 1681 2229 Kal
1710 2176 1818 2246 γὰρ
1840 2178 1939 2245 τῆς

260 2267 470 2338 ζημίας
498 2267 558 2320 τὸ
577 2265 804 2338 μέγεθος
835 2263 1055 2318 διεδίδου
1086 2264 1181 2318 τοῦ
1211 2264 1575 2334 γεγενημένου
1600 2263 1696 2334 τὴν
1727 2266 1936 2336 φήμην,

262 2356 361 2410 καὶ
413 2355 720 2408 καθικνείτο
766 2353 866 2424 τῆς
894 2352 1132 2416 διανοίας
1177 2356 1219 2384 ³⁸
1253 2351 1432 2408 αὐτῶν
1456 2352 1516 2405 τὸ
1558 2353 1791 2422 συμϐάν.
1830 2355 1940 2406 Kal

263 2441 593 2511 πολλαχόθεν
622 2439 882 2511 ἐφέροντο
923 2439 1118 2508 φωναὶ,
1159 2438 1631 2510 ἀνακηρύττουσαι
1673 2439 1768 2492 τοῦ
1810 2439 1940 2492 θαύ-

264 2545 435 2599 ματος
471 2527 532 2580 τὸ
571 2525 894 2597 παράδοξον,
921 2525 1029 2580 ἀπὸ
1057 2526 1165 2579 τῶν
1200 2526 1665 2596 θεραπευθέντων,
1693 2527 1802 2580 ἀπὸ
1832 2527 1940 2581 τῶν

260 2615 822 2679 καταποντισθέντων,
862 2614 971 2668 ἀπὸ
992 2613 1102 2667 τῶν
1131 2614 1407 2668 δεσποτῶν
1432 2615 1541 2668 τῶν
1581 2616 1799 2686 χοίρων,
1831 2615 1941 2668 ἀπὸ

255 2704 372 2756 τῶν
401 2701 794 2772 ποιμαινόντων
842 2701 1040 2764 αὐτοὺς
1071 2701 1394 2772 ἀνθρώπων.
1439 2703 1482 2735 ¹⁹
1511 2703 1697 2757 Ταῦτα
1722 2705 1815 2757 καὶ
1843 2702 1942 2758 νῦν

260 2789 524 2859 γινόμενα
552 2787 651 2841 ἴδοι
682 2804 766 2849 τις
787 2787 873 2851 ἂν,
906 2788 1000 2840 καὶ
1025 2786 1252 2850 πολλοὺς
1277 2790 1334 2841 ἐν
1365 2791 1476 2852 τοῖς
1505 2790 1790 2861 μνημείοις
1827 2791 1940 2846 δαι-

265 2875 671 2948 μονιζομένους,
706 2873 798 2939 οὓς
824 2874 978 2928 οὐδὲν
1002 2874 1224 2944 κατέχει
1247 2874 1344 2944 τῆς
1368 2875 1584 2944 μανίας,
1609 2876 1672 2929 οὐ
1698 2877 1936 2949 σίδηρος,

261 2964 366 3035 οὐχ
395 2963 604 3037 ἅλυσις)
635 2962 734 3014 οὐκ
767 2959 1070 3032 ἀνθρώπων
1119 2959 1340 3032 πλῆθος,
1396 2963 1456 3016 οὐ
1496 2963 1835 3033 παραίνεσις,
1877 2965 1937 3018 ού

265 3051 536 3112 νουθεσία,
570 3050 630 3102 οὐ
648 3049 829 3117 φόϐος,
853 3048 953 3101 οὐκ
990 3047 1207 3119 ἀπειλὴ,
1234 3048 1332 3101 οὐκ
1366 3048 1493 3102 ἄλλο
1541 3050 1650 3103 τῶν
1681 3051 1938 3104 τοιούτων

263 3140 441 3196 οὐδέν.
468 3139 578 3193 Kal
603 3137 710 3208 γὰρ
740 3138 867 3191 ὅταν
886 3153 969 3200 τις
998 3136 1297 3200 ἀκόλαστος
1393 3137 1527 3208 πρὸς
1551 3138 1728 3192 πάντα
1761 3139 1806 3170 ²⁰
1835 3139 1938 3192 σὼ-

263 3242 418 3299 ματα
464 3224 818 3294 ἐπτοημένος,
867 3223 1020 3277 οὐδὲν
1068 3223 1341 3294 διενήνοχε
1397 3223 1494 3276 τοῦ
1535 3223 1896 3294 δαιμονῶντας
1923 3244 1938 3259 ο

258 3314 404 3369 ἀλλὰ
455 3314 659 3382 γυμνὸς
695 3311 736 3342 ’³
789 3309 941 3382 [539]
984 3309 1058 3373 ὡς
1087 3311 1290 3375 ἐκεῖνος
1341 3311 1710 3382 περιέρχεται,
1749 3314 1939 3383 ἱμάτια

264 3405 370 3473 μὲν
397 3397 757 3468 ἐνδεδυμένος,
789 3396 889 3466 τῆς
931 3395 988 3448 δὲ
1042 3395 1274 3466 ἀληθοῦς
1319 3398 1609 3468 περιϐολῆς
1634 3399 1935 3471 ἑστερημέ-

259 3505 354 3549 vo;
383 3487 448 3550 η,
469 3483 680 3552 καὶτῆς
706 3479 854 3551 αὐτῷ
897 3479 1279 3551 προσηκούσης
1310 3481 1466 3552 δόξης
1495 3484 1936 3554 γεγυμνωμένος,

259 3576 326 3629 οὐ
357 3574 523 3635 λίθοις
559 3571 750 3623 ἐαυτὸν
776 3567 1160 3632 κόπτων,ἀλλά
1186 3569 1544 3640 ἁμαρτήμασι
1556 3571 1764 3624 πολλῶν
1778 3571 1940 3626 λίθων

262 3662 686 3736 χαλεπωτέροις.
742 3657 838 3720 Τίς
887 3654 981 3711 οὖν
1035 3658 1128 3711 τὸν
1157 3657 1392 3711 τοιοῦτον
1435 3658 1594 3728 δῆσαι
1621 3659 1936 3732 δυνήσεταις

261 3755 352 3817 τῇς
382 3751 427 3781 ³³
457 3749 662 3802 παῦσαι
687 3745 1098 3817 ἀσχημονοῦντα
1123 3746 1217 3799 καὶ
1237 3747 1636 3818 οἰστρούμενον,
1671 3751 1764 3801 καὶ
1793 3748 1940 3802 οὐδέ-

259 3856 402 3894 ποτε
466 3839 524 3889 ἐν
582 3834 760 3905 ἐαυτῷ
790 3835 1092 3903 γινόμενον,
1139 3832 1252 3886 ἀλλ’
1301 3833 1386 3886 ἀεὶ¹
1418 3835 1567 3904 παρὰ
1587 3834 1654 3888 τὰ
1683 3836 1939 3907 μνήματα

261 3927 571 4000 φοιτῶντα;
616 3923 854 3977 Τοιαῦτα
879 3923 989 3992 γὰρ
1036 3921 1145 3973 τῶν
1173 3920 1386 3992 πορνῶν
1415 3921 1462 3953 ’⁵
1496 3921 1563 3974 τὰ
1594 3923 1937 3992 καταγώγια,

259 4015 471 4085 πολλῆς
494 4013 596 4084 τῆς
649 4011 914 4073 δυσωδίας
946 4010 1204 4080 γέμοντα,
1237 4008 1437 4078 πολλῆς
1475 4010 1575 4078 τῆς
1625 4012 1934 4080 σηπεδόνος.

259 4105 333 4156 σει
380 4102 435 4155 δὲ
499 4103 528 4155 ὁ
578 4099 945 4170 φιλάργυροςς
991 4098 1109 4166 οὐχὶ
1140 4095 1414 4164 τοιοῦτος;
1461 4097 1543 4160 τίς
1575 4098 1680 4168 γάρ
1705 4099 1749 4129 ⁸⁵
1777 4100 1937 4154 αὐτὸν

263 4190 484 4261 ἰσχύσει
504 4187 664 4259 δῆσαί
688 4203 818 4240 ποτε
837 4202 852 4250 ;
879 4185 997 4254 οὑχί
1019 4184 1172 4252 φόϐοι
1202 4183 1294 4237 καί
1313 4185 1531 4237 ἀπειλαὶ
1552 4186 1934 4258 καθημεριναί,

257 4280 364 4335 καὶ
419 4275 766 4346 παραινέσεις
815 4272 907 4326 καί
954 4271 1293 4342 συμϐουλαί;
1331 4271 1489 4324 Ἀλλά
1546 4273 1722 4326 πάντα
1764 4274 1938 4329 ταῦτα.

253 4366 550 4420 διακόπτει
573 4363 642 4416 τὰ
689 4361 865 4431 δεσμά
891 4374 904 4389 ·
951 4359 1052 4413 κᾶν
1074 4358 1204 4431 ἔλθη
1233 4377 1312 4423 τις
1340 4360 1500 4414 αὑτὸν
1535 4363 1580 4393 ³⁸
1610 4361 1934 4427 ἀπαλλάξαι,

253 4452 478 4527 ὀρκίζει
497 4449 637 4504 ὥστε
672 4449 748 4521 μὴ
768 4447 1168 4518 ἀπαλλαγῆναι,
1201 4447 1431 4517 βάσανον
1458 4448 1759 4519 ἡγούμενος
1799 4445 1936 4505 εἶναι

255 4543 536 4618 μεγίστην
585 4542 647 4594 τὸ
683 4539 758 4611 μὴ
791 4535 929 4592 εἶναι
971 4540 1028 4591 ἐν
1086 4541 1154 4610 τῇ
1197 4537 1441 4610 βασάνῳ’
1469 4534 1529 4592 οῦ
1566 4539 1618 4593 τί
1648 4534 1842 4608 γένοιτ’
1872 4541 1938 4595 ἂν

249 4630 598 4702 ἀθλιώτερον
627 4630 710 4693 ²⁷;
765 4627 1003 4688 Ἐκεῖνος
1048 4626 1145 4695 μὲν
1191 4626 1300 4698 γάρ
1340 4628 1368 4679 ὁ
1392 4627 1620 4698 δαίμων,
1653 4629 1702 4681 εἰ
1737 4629 1830 4682 καὶ
1855 4631 1944 4684 ἀν-

249 4722 502 4794 Ορώπων
554 4715 978 4786 κατεφρόνησεν,
1009 4713 1144 4766 ἀλλὰ
1169 4714 1246 4784 τῷ
1288 4717 1671 4786 προστάγματι
1711 4713 1820 4782 εῐξε
1845 4718 1939 4770 τοῦ

248 4806 527 4880 Χριστοῦ,
555 4806 648 4858 καὶ
673 4802 885 4872 ταχέως
905 4801 1225 4872 ἀπεπήδησε
1262 4803 1307 4833 ⁸⁸
1345 4801 1437 4855 τοῦ
1470 4803 1750 4873 σώματος’
1785 4799 1938 4870 οὗτος

243 4897 320 4952 δὲ
345 4895 468 4948 οὐδὲ
497 4891 575 4963 τῷ
606 4889 988 4960 προστάγματι
1032 4889 1189 4942 εῖκει.
1227 4887 1357 4941 Ἰδοὺ
1377 4889 1508 4957 γοῦν
1546 4891 1668 4944 καθ’
1699 4893 1938 4964 ἑκάστην

242 4984 480 5057 ἡμέραν
507 4978 696 5035 ἀκούει
724 4975 888 5030 αὐτοῦ
933 4974 1201 5060 λέγοντρς,
1241 4978 1322 5029 Οὐ
1351 4977 1614 5032 δύνασθε
1649 4979 1770 5045 Θεῷ
1800 4981 1938 5035 δου-

238 5073 468 5130 λεύειν
499 5067 596 5122 καὶ
621 5061 894 5136 μαμωνᾷ,
925 5063 1017 5116 καὶ
1042 5062 1264 5130 γέενναν
1313 5064 1678 5130 ἀπειλοῦντος,
1718 5069 1813 5120 καὶ
1841 5069 1936 5132 τὰς

237 5158 600 5230 ἀνηκέστους
629 5154 901 5216 κολάσεις,
927 5152 1019 5206 καὶ
1053 5152 1112 5204 οὐ
1157 5151 1401 5206 πείθεται
1426 5169 1440 5183 ⁸
1477 5153 1575 5225 οὐχ
1612 5155 1693 5208 ὅτι
1723 5157 1938 5228 ἰσχυρο-

340 5276 386 5307 “
410 5273 501 5328 Sic
541 5269 703 5326 codd.
730 5269 918 5339 γωδ.
967 5265 1133 5339 Εοιίι.
1168 5265 1390 5339 ἐξῆλθεν
1416 5269 1445 5320 ὁ
1480 5269 1689 5339 δαίμων
1738 5273 1874 5328 Edd.

227 5414 490 5476 sustulit
532 5427 677 5466 corr.
713 5412 776 5466 D.
815 5410 974 5464 Plura
1013 5407 1067 5461 in
1112 5408 1297 5462 adnot.

221 5574 332 5613 πε
345 5546 856 5630 ριϐολῆςῇίὶεῲἑιὶβ..
874 5617 895 5630 -
925 5550 976 5630 ’ξ
1000 5546 1106 5630 τίς]
1147 5546 1414 5630 zeal—12M.
1441 5619 1467 5630 _
1495 5551 1798 5630 "n'zgépvwx
1818 5546 1932 5630 Εάζι

2041 5546 2118 5610 ni;
2156 5556 2242 5630 [θη
2292 5558 2336 5590 ⁸⁵
2361 5557 2491 5630 γάρ]
2518 5559 2572 5612 δὲ
2596 5557 2730 5614 Edd.
2778 5575 2832 5628 p.
2866 5575 2920 5628 p.
2943 5546 3218 5630 ’ἰᾰχύειίἦ

1755 5624 1798 5653 ⁸⁷
1825 5627 1932 5694 χαλε

2041 5644 2202 5698 ντερον
2225 5621 2628 5697 (οῐηίᾶνΥΕόά.
2705 5630 2749 5661 ’⁸
2776 5621 3095 5698 ἀπέδήμήσε
3123 5627 3186 5678 Δ.
3217 5621 3614 5698 (ξηιλ-ἀπέστη
3643 5621 3702 5674 ἰδ’.

1191 5697 1339 5742 ἄλλοι
1371 5697 1520 5760 δαιμ.
1571 5697 1633 5745 C.
1670 5697 1728 5746 I“.
1783 5705 1837 5747 et
1879 5712 1959 5764 pr.
2003 5697 2064 5748 D.

1161 5755 1484 5832 plﬂﬂﬁtm
1518 5761 1572 5815 δὲ
1603 5763 1664 5815 (1.
1713 5761 1770 5815 Ε.
1808 5763 1866 5818 F.
1905 5775 1960 5818 cl
1990 5781 2064 5832 pr.

220 5635 247 5684 ε
266 5631 319 5682 ζ,
346 5617 431 5678 Ἰ).
460 5617 532 5676 ΕΣ
557 5621 618 5676 F.
651 5617 977 5689 ἀπαλλάξαῄ
1002 5617 1267 5689 add,er
1293 5619 1507 5689 δεσμῶν
1540 5617 1676 5676 Edd.

221 5703 296 5734 ι’
338 5694 434 5747 τὸν
465 5691 644 5745 ὲλεύθ.
697 5693 761 5744 Α.
794 5691 855 5743 C.
935 5687 980 5760 _'°
1011 5690 1066 5760 εἰ
1106 5688 1162 5741 δὲ
1191 5691 1339 5742 ἄλλοι
1368 5687 1520 5760 δαιμ.
1571 5691 1633 5745 C.
1670 5692 1728 5746 Ρ.
1783 5687 1837 5747 ei

219 5764 530 5833 τρέφοντι
562 5761 744 5833 ιςιωη
775 5761 820 5790 ³²
849 5758 959 5811 Kal
978 5753 1127 5833 οὗτοι

1244 219 1310 274 ΙΝ
1349 217 1766 275 ΜΑΤΤΗᾹΞΒΜ
1805 216 2034 274 IIOMIL.
2077 218 2310 274 XXVIII.
2350 221 2421 275 al.
2461 218 2649 275 XXIX.

1981 5277 2026 5307 ¹⁰
2053 5276 2189 5329 ἀλλά
2228 5278 2323 5348 καλ.
2348 5278 2496 5348 ἀνεχ.
2541 5276 2674 5332 Edd.

226 5355 395 5404 ante
425 5342 547 5405 δοὺς
582 5357 690 5396 om.
724 5342 787 5395 Ι).
816 5338 944 5402 τοὺς
979 5336 1257 5419 συϐώταςί
1275 5339 1404 5403 τοὺς
1449 5336 1896 5410 χοιροϐόσκοντας
1924 5345 1983 5399 Ε.
2013 5348 2124 5409 τοῖς
2163 5336 2482 5418 συμϐιοταῖς
2522 5348 2626 5470 ῗὶρ

227 5414 490 5471 sustulit
532 5427 677 5466 corr.
713 5412 776 5466 D.
815 5410 974 5464 Plura
1013 5425 1067 5461 ιιι
1112 5408 1297 5462 adnot.
1385 5411 1426 5440 "'
1447 5411 1706 5471 διανοίας]
1735 5414 1824 5468 Sic
1862 5413 1923 5469 E.
1955 5415 2053 5471 Ge.
2084 5423 2233 5471 Arm.
2267 5418 2487 5471 ἀγνοίας
2573 5419 2626 5471 .l

228 5414 490 5476 sustulit
532 5427 677 5466 corr.
713 5412 776 5466 D.
815 5411 974 5464 Plura
1013 5411 1067 5461 in
1112 5411 1297 5462 adnot.
1385 5411 1426 5440 "'
1447 5411 1706 5484 διανοίας]
1735 5414 1824 5468 Sic
1862 5413 1923 5469 E.
1955 5415 2053 5471 Ge.
2084 5411 2247 5472 Ληιιζ
2267 5418 2487 5484 ἀγνοίας
2522 5411 2586 5472 Α.
2612 5411 2674 5473 C.

228 5485 431 5558 Κατδε
465 5481 825 5558 ,ειιλσιριύρωξ
853 5479 969 5558 Aa-
995 5476 1420 5558 ’ἱεάντελεξεὲιὲο
1469 5481 1534 5558 τι
1565 5482 1638 5558 D-.
1679 5483 1737 5536 Ε·
1815 5485 2118 5558 Ἰτυμνὺς]
2147 5487 2272 5558 εωώ
2309 5486 2384 5540 ὢν
2410 5487 2544 5558 Εάιι.
2599 5557 2603 5558 ,
2649 5491 2692 5519 ”

3605 214 3708 271 550

2036 335 2194 406 τερός
2221 337 2335 388 ἐστι
2364 335 2455 388 τοῦ
2492 335 2750 405 Χριστοῦ,
2773 335 2980 390 ἀλλ’ὅτι
3007 336 3237 399 ἄκοντας
3260 337 3409 406 ἡμᾶς
3432 338 3461 389 ό
3478 337 3519 389 Χ
3529 337 3713 409 ριστδς

2034 423 2097 474 οὐ
2135 422 2474 494 σωφρονίζει.
2507 424 2605 476 Διά
2637 423 2794 477 τοῦτο
2822 424 2896 487 ὡς
2925 425 2980 476 ἐν
3014 425 3241 494 ἐρήμοις
3264 425 3312 476 οἰ
3344 422 3573 476 τοιοῦτοι
3593 425 3711 477 δια-

2035 510 2302 580 τρίϐουσι,
2341 511 2447 564 κᾶν
2475 512 2532 564 ἐν
2559 511 2752 582 μέσαις
2787 511 3003 564 πόλεσιν
3033 505 3156 564 ὦσι.
3188 511 3282 574 Τίς
3308 511 3417 582 γὰρ
3444 510 3511 564 ἂν
3539 510 3714 563 ἕλοιτο

2036 596 2162 649 νοῦν
2191 597 2328 668 ἔχων
2359 599 2622 663 τοιούτοις
2649 598 2998 668 συγγίνεσθαι
3037 598 3342 670 ἀνθρώποις
3369 616 3383 664 ;
3414 598 3627 652 Μᾶλλον
3647 598 3714 651 ἂν

2036 681 2211 752 ἔγωγε
2236 685 2609 757 κατεδεξάμην
2634 687 2769 757 μετὰ
2812 687 3016 758 μυρίων
3054 685 3430 758 δαιμονώντων
3455 686 3644 746 οἰκεῖν,
3677 684 3712 754 ἢ

2041 771 2179 840 μετά
2205 772 2323 836 ένὺς
2353 773 2556 845 ταύτην
2585 774 2868 838 νοσοῦντος
2895 776 2993 844 τὴν
3020 775 3193 828 νόσον.
3224 774 3334 828 Kal
3354 775 3435 827 ὅτι
3457 774 3518 826 οὐ
3541 771 3714 842 σφάλ-

2035 858 2198 931 λομαι
2235 861 2406 914 ταῦτα
2454 861 2647 929 λέγων,
2709 861 2864 932 δῆλον
2909 862 2968 926 ἐξ
3006 856 3080 915 ὧν
3109 863 3360 932 ἑκάτεροι
3394 861 3713 930 πάσχουσιν.

2037 943 2196 1002 Οὗτοι
2229 949 2326 1019 μὲν
2346 949 2453 1022 γὰρ
2481 950 2573 1003 τδν
2598 950 2748 1003 οὐδὲν
2778 949 3077 1021 ἠδικηκότα
3106 949 3297 1020 ἐχθρὸν
3317 949 3597 1019 ἡγοῦνται,
3622 947 3718 1000 καὶ

2039 1036 2314 1106 βούλονται
2342 1038 2437 1091 καὶ
2481 1037 2664 1090 δοῦλον
2690 1037 2874 1091 λαϐεῖν
2913 1037 3195 1109 ἐλεύθερον
3219 1037 3262 1068 ³³
3294 1037 3444 1099 ὄντα,
3481 1036 3576 1089 καὶ
3611 1053 3717 1105 μυ-

2039 1124 2174 1196 ρίοις
2228 1125 2616 1196 περιϐάλλουσι
2669 1129 2886 1189 κακοῖς·
2929 1126 2978 1178 οἰ
3009 1125 3065 1179 δὲ
3085 1124 3449 1194 δαιμονῶντες
3481 1124 3528 1156 ³⁸
3561 1123 3716 1176 οὐδὲν

2035 1214 2277 1267 τοιοῦτον
2299 1215 2339 1246 ³⁸
2373 1212 2716 1284 ἐργάζονται,
2751 1213 2866 1266 ἀλλ’
2898 1215 2955 1268 ὲν
2992 1214 3205 1276 ἑαυτοῖς
3241 1211 3339 1282 τὴν
3371 1211 3524 1264 νόσον
3554 1209 3716 1280 ἀτρέ-

2037 1319 2216 1370 φουσι,
2244 1303 2355 1356 Kal
2387 1297 2534 1358 οῦτοι
2567 1303 2664 1372 μὲν
2687 1303 2730 1333 ³³
2765 1301 2964 1364 πολλάς
2996 1301 3173 1364 οἰκίας
3205 1298 3594 1370 ἀνατρέπουσι,
3621 1298 3719 1350 καὶ

2035 1390 2095 1444 τὸ
2126 1391 2297 1462 ὄνομα
2321 1391 2415 1445 τοῦ
2447 1391 2580 1444 Θεοῦ
2608 1389 3044 1461 βλασφημεῖσθαι
3086 1386 3592 1460 παρασκευάζουσι,
3622 1386 3718 1439 καὶ

2035 1477 2182 1548 λύμη
2231 1479 2440 1542 πόλεως
2478 1479 2574 1532 καὶ
2613 1478 2712 1548 τῆς
2741 1477 3066 1548 οἰκουμένης
3102 1477 3321 1544 ἀπάσης
3369 1474 3505 1527 εἰσίν
3531 1490 3544 1504 °
3579 1475 3627 1526 οἰ
3658 1473 3717 1526 δὲ

2037 1565 2142 1618 ὑπὸ
2170 1567 2438 1637 δαιμόνων
2487 1566 2862 1637 ἐνοχλούμενοι
2897 1565 2964 1629 ³³,
3016 1563 3284 1616 ἐλεεῖσθαι
3337 1561 3536 1634 μᾶλλόν
3577 1563 3718 1615 εἰσιν

2037 1653 2177 1719 ἄξιοι
2193 1655 2286 1708 καὶ
2300 1653 2649 1726 δακρύεσθαι.
2675 1653 2782 1707 Kal
2799 1655 2847 1706 οἰ
2869 1651 2966 1722 μὲν
2989 1653 3046 1705 ἐν
3068 1649 3394 1720 ἀναισθησίᾳ
3413 1649 3481 1703 τά
3497 1649 3718 1702 πλείονα

2038 1742 2398 1813 πράττουσιν⁸
2429 1742 2479 1793 οἱ
2515 1741 2572 1794 δὲ
2605 1741 2742 1812 μετά
2784 1737 3046 1808 λογισμοῦ
3080 1737 3508 1807 παραπαίουσιν,
3537 1736 3592 1788 ἐν
3628 1736 3719 1803 μέ-

2040 1845 2159 1888 σαις
2192 1828 2378 1881 πόλεσι
2426 1827 2836 1897 βακχευόμενοι,
2881 1826 2976 1878 καί⁸
3014 1825 3209 1894 καινήν
3238 1840 3359 1877 τινα
3400 1822 3716 1894 μαινόμενοι

2043 1914 2260 1984 μανίαν.
2285 1915 2350 1967 Τί
2365 1913 2473 1985 γάρ
2493 1914 2732 1966 τοιοῦτον
2745 1912 3066 1984 ἐργάζονται
3086 1912 3136 1964 οἰ
3156 1910 3517 1981 δαιμονῶντες
3545 1910 3717 1963 ἅπαν-

2036 2017 2146 2064 τες,
2172 1997 2284 2055 οἷον
2317 2001 2515 2066 Ἰούδας
2532 2001 2818 2072 ἐτόλμησε,
2838 2000 2937 2070 τὴν
2961 1999 3198 2070 ἐσχάτην
3223 1997 3568 2070 παρανομίαν
3593 2000 3714 2050 έπι-

2038 2089 2352 2158 δειξάμενος
2377 2107 2390 2155 ;
2420 2089 2530 2144 Kal
2561 2089 2760 2151 πάντες
2789 2087 2846 2141 δὲ
2873 2087 2922 2140 οἱ
2961 2089 3167 2140 ἐκεῖνον
3199 2085 3511 2157 ζηλοῦντες,
3545 2083 3720 2138 καθά-

2039 2193 2146 2247 περ
2171 2177 2334 2247 θηρία
2373 2175 2584 2248 χαλεπά
2627 2176 2736 2230 ἀπὸ
2774 2173 3083 2245 γαλεάγρας
3120 2173 3382 2242 φυγόντα,
3410 2170 3510 2235 τάς
3533 2170 3717 2234 πόλεις

2041 2262 2382 2335 θορυϐοῦσιν,
2412 2261 2626 2326 οὐδενὸς
2648 2263 2988 2331 κατέχοντος.
3009 2261 3326 2330 Περίκειται
3358 2258 3458 2330 μὲν
3482 2257 3592 2330 γὰρ
3621 2260 3716 2311 καὶ

2039 2350 2249 2414 τούτοις
2279 2350 2456 2421 δεσμά
2486 2349 2822 2420 πανταχόθεν
2841 2365 2855 2379 ·
2889 2343 3001 2402 οἷον
3030 2350 3058 2401 ό
3095 2347 3204 2401 τῶν
3233 2345 3500 2401 δικαστῶν
3527 2345 3713 2415 φόϐος,

2039 2440 2073 2507 ή
2097 2437 2207 2492 τῶν
2239 2438 2420 2507 νόμων
2471 2436 2690 2507 ἀπειλὴ,
2722 2438 2756 2507 ἡ
2785 2435 2935 2507 παρά
2978 2434 3086 2489 τῶν
3119 2433 3327 2487 πολλῶν
3350 2432 3714 2502 κατάγνωσις,

2042 2527 2136 2580 καὶ
2161 2527 2324 2598 ἕτερα
2348 2527 2570 2580 πλείονα
2585 2527 2790 2580 τούτων
2815 2544 2829 2557 ο
2866 2526 2980 2580 ἀλλ’
3001 2529 3150 2596 ὅμως
3175 2525 3463 2580 καὶταῦτα
3491 2527 3718 2598 διαρρη-

2041 2615 2265 2684 γνύντες
2295 2615 2470 2669 πάντα
2518 2615 2630 2669 ἄνω
2655 2616 2749 2667 καὶ
2801 2616 2952 2670 κάτω
2975 2613 3208 2668 ποιοῦσι.
3245 2613 3357 2668 Kal
3385 2615 3437 2667 εἰ
3459 2631 3541 2678 τις
3577 2615 3717 2668 αύτά

2041 2705 2223 2758 τέλεον
2249 2705 2427 2760 αὐτῶν
2454 2705 2500 2736 ³⁵
2531 2706 2738 2774 ἀφεῖλε,
2762 2706 2880 2758 τότε
2916 2705 2982 2758 ἂν
3017 2704 3158 2774 ἔγνω
3185 2703 3372 2774 σαφῶς
3403 2704 3493 2757 τὸν
3523 2704 3582 2756 ἐν
3615 2704 3717 2756 αὺ-

2041 2793 2153 2855 τοῖς
2182 2791 2414 2862 δαίμονα
2464 2793 2598 2847 πολὺ
2639 2793 2733 2847 τοῦ
2773 2793 2866 2846 νῦν
2898 2791 3202 2857 ἐξελθόντος
3225 2790 3561 2862 ἀγριώτερον
3590 2791 3716 2844 ὄντα

2043 2881 2134 2933 καὶ
2158 2879 2550 2951 μανικώτερον.

2115 2965 2266 3038 [340]
2297 2973 2358 3020 ε’.
2385 2966 2524 3019 Ἀλλ’
2542 2967 2731 3038 ἐπειδὴ
2748 2966 2907 3020 τοῦτο
2926 2968 3027 3021 οὐκ
3047 2966 3149 3030 ἔνι,
3166 2965 3246 3038 τῷ
3265 2966 3409 3038 λόγῳ
3431 2965 3567 3030 τέως
3583 2965 3716 3020 αὐτὸ

2042 3053 2392 3125 ὑποθώμεθα,
2435 3056 2529 3109 καὶ
2561 3055 2744 3119 πάσας
2769 3054 2932 3109 αὐτοῦ
2969 3056 3308 3127 περιέλωμεν
3335 3055 3434 3118 τὰς
3463 3053 3710 3114 ἁλύσεις·

2043 3144 2136 3196 καὶ
2167 3143 2288 3196 τότε
2333 3143 2498 3198 αὐτοῦ
2536 3143 2722 3212 σαφῶς
2753 3143 3011 3214 εἰσόμεθα
3042 3143 3142 3215 τὴν
3182 3143 3442 3214 λαμπρὰν
3495 3141 3712 3212 μανίαν.

2053 3230 2214 3284 Ἀλλά
2247 3231 2321 3303 μὴ
2346 3232 2560 3304 δείσητε
2593 3233 2654 3286 τὸ
2681 3231 2868 3303 θηρίον
2887 3271 2902 3295 ,
2944 3233 3075 3286 ὅταν
3107 3231 3240 3285 αὐτὸ
3272 3229 3669 3300 ἐκκαλύψωμεν
3697 3246 3711 3260 ·

2040 3318 2097 3370 ἐν
2119 3318 2228 3390 γὰρ
2257 3319 2334 3388 τῷ
2367 3319 2564 3390 λόγῳή
2590 3320 2762 3390 σκηνὴ
2781 3360 2794 3386 ,
2817 3319 2917 3372 οὐκ
2941 3319 2999 3372 ἐν
3028 3317 3256 3388 ἀληθεία
3285 3318 3330 3349 ³⁸
3363 3318 3424 3370 τὸ
3455 3317 3712 3388 πρᾶγμα.

2043 3410 2224 3462 Ἔστω
2259 3410 2437 3463 τοίνυν
2486 3426 2570 3472 τις
2615 3409 2901 3481 ἄνθρωπος
2953 3408 3063 3480 πῦρ
3109 3408 3218 3462 ἀπὸ
3268 3407 3377 3462 τῶν
3421 3406 3715 3477 ὀφθαλμῶν

2039 3499 2243 3566 ἀφιεὶς,
2279 3498 2467 3568 μέλας.
2504 3497 2563 3562 ἐξ
2597 3499 2874 3568 ἑκατέρων
2904 3495 3010 3550 τῶν
3054 3495 3224 3564 ῶμων
3256 3495 3559 3566 δράκοντας
3592 3493 3716 3547 ἀντί

2040 3586 2240 3662 χειρῶν
2274 3583 2414 3654 ἔχων
2447 3583 2848 3657 ἐξηρτημένους
2874 3601 2891 3617 ο
2923 3583 3064 3637 ἔστω
3099 3583 3157 3635 δέ
3189 3581 3338 3652 αύτῷ
3369 3582 3464 3635 καὶ
3506 3581 3714 3652 στόμα,

2040 3675 2160 3728 ἀντὶ
2190 3674 2288 3745 μὲν
2313 3673 2539 3727 ὀδόντων
2573 3672 2698 3743 ξίφη
2715 3672 2842 3739 ὀξέα
2874 3671 2995 3743 ἔχον
3023 3670 3382 3743 ἐμπεπηγότα
3410 3671 3477 3736 ³⁸,
3507 3669 3628 3723 ἀντὶ
3657 3669 3716 3721 δέ

2039 3760 2292 3831 γλώσσης
2323 3759 2403 3814 ἰοῦ
2434 3759 2527 3814 καὶ
2569 3759 2891 3831 δηλητηρίου
2925 3759 3216 3830 φαρμάκου
3263 3756 3446 3827 πηγὴν
3477 3754 3714 3809 ἀναϐλύ-

2041 3849 2240 3914 ζουσαν
2267 3866 2280 3880 ’
2310 3850 2522 3921 γαστὴρ
2554 3849 2608 3902 δὲ
2628 3888 2642 3910 ,
2676 3850 2905 3919 καμίνου
2962 3849 3144 3918 πάσης
3189 3845 3709 3917 δαπανητικωτέρα,

2039 3938 2108 3991 τά
2138 3938 2517 4008 ὲμϐαλλόμενα
2551 3936 2912 3988 ἀναλίσκουσα
2945 3936 3190 3988 ἅπαντα·
3241 3933 3334 3985 καὶ
3372 3932 3532 3994 πόδες
3577 3931 3713 3982 ὑπό-

2040 4025 2229 4096 πτεροί
2275 4041 2418 4086 τινες
2455 4023 2550 4076 καὶ
2596 4021 2789 4090 φλογὸς
2843 4021 3060 4092 ἀπάσης
3113 4019 3494 4092 σφοδρότεροι·
3529 4018 3624 4071 καὶ
3655 4018 3716 4070 τὸ

2045 4113 2335 4183 πρόσωπον
2362 4111 2419 4163 δέ
2449 4108 2598 4179 αύτῷ
2626 4109 2732 4162 ἀπὸ
2767 4110 2925 4172 κυνὸς
2954 4109 3048 4161 καὶ
3077 4107 3241 4160 λύκου
3275 4106 3716 4175 κατεσκευασμέ-

2044 4217 2131 4254 νον
2161 4199 2301 4252 έστω
2321 4217 2333 4229 ·
2362 4198 2454 4251 καὶ
2489 4196 2806 4266 φθεγγέσθω
2845 4195 3007 4266 μηδὲν
3057 4195 3412 4266 ἀνθρώπινον,
3458 4193 3572 4247 ἀλλ’
3604 4193 3714 4246 ἀπ-

2044 4287 2175 4358 ηχές
2203 4304 2256 4339 τι
2283 4286 2376 4338 καί
2403 4285 2564 4356 ἀηδὲς
2596 4285 2688 4338 καὶ
2730 4283 2959 4354 φοϐερόν
2980 4301 2993 4313 ·
3030 4283 3200 4354 ἐχέτω
3244 4281 3299 4334 δὲ
3329 4283 3424 4334 καὶ
3469 4281 3528 4333 ἐν
3557 4281 3714 4350 χερσὶ

2045 4375 2236 4445 φλόγα.
2273 4375 2424 4444 Τάχα
2454 4372 2659 4446 φοϐερά
2688 4373 2835 4426 δοκεῖ
2860 4368 2998 4439 εἶναι
3019 4372 3145 4441 ὑμῖν
3179 4369 3247 4424 τὰ
3272 4369 3538 4441 εἰρημένα
3560 4387 3570 4398 ο
3595 4367 3709 4420 ἀλλ’

2038 4464 2248 4516 οὐδέπω
2292 4464 2410 4516 κατ’
2463 4461 2620 4528 ἀξίαν
2672 4461 2831 4514 αὑτὸν
2883 4457 3329 4531 ἐσχηματίσαμεν
3357 4473 3369 4485 ’
3419 4455 3557 4527 μετά
3604 4456 3712 4526 γὰρ

2038 4550 2242 4606 τούτων
2275 4551 2368 4603 καὶ⁷
2393 4549 2555 4620 ’ἐτερα
2580 4549 2660 4602 δεῖ
2682 4548 3020 4619 προσθεῖναι.
3048 4547 3155 4600 Καὶ
3181 4547 3286 4614 γὰρ
3312 4544 3353 4576 ⁸⁷
3383 4545 3509 4608 τοὺς
3538 4545 3713 4597 ἀπαν-

2037 4638 2244 4700 τῶντας
2299 4637 2604 4706 σφαττέτω,
2672 4635 3028 4698 κατεσθιέτω,
3091 4633 3200 4687 τῶν
3257 4633 3476 4704 σαρκῶν
3530 4632 3712 4686 αὐτῶν

2039 4725 2315 4779 ἁπτέσθω.
2335 4724 2492 4777 Ἀλλὰ
2523 4724 2618 4776 καὶ
2632 4725 2821 4777 τούτου
2845 4722 3022 4792 πολλῴ
3053 4719 3429 4791 χαλεπώτερος
3455 4722 3484 4773 ό
3515 4721 3710 4791 φιλάρο

2040 4829 2223 4882 γυρος,
2257 4813 2420 4864 πᾶσιν
2450 4811 2620 4864 ἐπιὼν
2653 4810 2840 4882 ὥσπερ
2869 4809 3021 4882 ᾅδης,
3057 4809 3265 4872 πάντας
3295 4808 3340 4840 ⁸⁸
3373 4808 3708 4869 καταπίνων,

2041 4901 2217 4962 κοινὸς
2259 4900 2512 4969 πολέμιος
2560 4899 2980 4969 περιερχόμενος
3007 4895 3101 4949 τοῦ
3144 4896 3254 4948 τῶν
3284 4893 3587 4967 ἀνθρώπων
3619 4895 3712 4963 γέ⁴

2039 5005 2182 5052 νους.
2240 4989 2349 5040 Καὶ
2388 4987 2496 5059 γὰρ
2547 4987 2794 5058 βούλεται
2845 4985 3048 5055 μηδένα
3091 4983 3376 5054 ἄνθρωπον
3408 4979 3544 5036 εἶναι
3570 5022 3584 5045 ,
3622 4983 3711 5034 ἵνα

2039 5075 2108 5128 τά
2154 5075 2330 5128 πάντα
2359 5076 2401 5106 ³⁸
2462 5075 2683 5146 κατέχῃ.
2736 5075 2845 5128 Kal
2892 5073 3013 5126 οὐδὲ
3053 5071 3286 5126 ἐνταῦθα
3315 5071 3561 5133 ῐσταται,
3593 5070 3710 5124 ἀλλ’

2040 5163 2167 5215 ὅταν
2195 5165 2400 5226 πάντας
2430 5161 2672 5232 ἀπολέσῃ
2702 5163 2768 5232 τῇ
2805 5160 3090 5232 ἐπιθυμίᾳ,
3118 5161 3212 5213 καὶ
3241 5160 3340 5231 τῆς
3360 5160 3463 5230 γῆς
3491 5159 3588 5228 τὴν
3615 5160 3708 5211 ού-

2781 5278 2823 5309 ¹⁷
2858 5279 2953 5332 καὶ
2982 5293 3093 5333 om.
3138 5277 3202 5332 C.
3247 5275 3306 5328 D.
3341 5274 3402 5329 E.
3450 5273 3509 5328 F.
3544 5271 3708 5324 I‘auiu

2681 5348 2741 5402 C.
2779 5348 2954 5403 Verba
2998 5349 3127 5411 τοὺς
3179 5345 3422 5406 συϐώτας
3469 5343 3708 5394 radendo

2662 5459 2674 5471 .
2712 5419 2773 5471 D.
2809 5419 3167 5489 ἀναισθησίας
3300 5483 3313 5489 _
3344 5415 3384 5445 ¹⁹
3543 5413 3702 5465 KUN.

2733 5481 3196 5559 ἀπεστερημένος
3203 5483 3341 5559 Edd1
3354 5481 3562 5559 ’στολῇς
3610 5498 3706 5549 pm

3059 5558 3128 5606 5ει
3158 5554 3218 5606 F.
3323 5554 3371 5584 "
3404 5550 3565 5604 αὑτὸν
3591 5569 3702 5606 (una.

2227 5673 2642 5770 κξβξξδξδιῑξῑει
2696 5673 3518 5770 ποειτ’-ειτνξεξεεζάλλῑ,τέρα.
3554 5673 3676 5770 πέρ

1990 5781 2072 5839 pr.
2108 5767 2191 5839 1),
2248 5768 2292 5798 ³⁸
2326 5764 2640 5839 ὀχλούμενοι
2683 5774 2745 5824 Α.
2769 5771 2828 5822 C.
2865 5771 2923 5822 1).
2977 5768 3048 5839 “3‘
3076 5764 3253 5822 αὐτῶν
3289 5780 3399 5819 om.
3435 5765 3501 5820 Α.
3576 5764 3620 5794 ³⁵
3647 5772 3703 5820 ἐν

233 5828 334 5912 τῇ
366 5828 453 5888 ἀλ.
485 5832 621 5888 Edd.
703 5831 748 5863 ³⁸
774 5829 1060 5898 πεπηγότα
1098 5828 1162 5882 Α.
1193 5828 1353 5884 (ΚΡ.
1433 5833 1474 5862 ³⁷
1508 5832 1637 5905 γάρ]
1662 5833 1786 5890 add.
1817 5835 1909 5887 καί

2041 5837 2072 5889 Ι.
2152 5837 2196 5869 ³³³
2230 5828 2405 5892 πάντᾶ
2447 5828 2580 5896 ΕΜ,
2661 5843 2704 5873 ³³
2732 5841 2946 5894 πάντων
2973 5837 3032 5891 Ιθ.

508 5922 777 5995 Ριιίἰιοι..
826 5917 942 5978 (in.
995 5915 1180 5975 LVII.

3313 5941 3337 5996 ἰ
3351 5947 3380 5996 <5
