4050 6220
276 278 381 334 357

280 408 384 444 non
415 390 589 444 antica
609 431 626 455 ,
656 406 761 446 non
792 397 1047 460 cognato,
1083 402 1188 442 non
1219 387 1400 451 fratri,
1434 402 1537 440 non
1568 388 1723 455 patri.
1755 384 1866 440 lmo

280 499 408 537 vero
447 499 553 538 non
588 500 721 552 opus
747 492 831 538 est
871 481 1022 535 nobis
1053 480 1138 534 illa
1179 479 1500 550 ltypothesi;
1531 478 1866 532 sciscitemur

278 573 346 627 ab
374 589 461 641 eo,
487 590 663 628 annon
694 573 782 628 ille
803 570 1101 642 huiusmodi
1125 585 1214 624 res
1241 571 1290 623 in
1313 568 1634 637 cogitatione
1657 578 1863 631 verset,

279 681 455 720 annon
484 681 670 721 omnes
697 665 876 720 animo
911 663 1158 728 invadat,
1181 677 1360 716 annon
1387 660 1613 714 trucidet
1641 660 1862 724 amicos,

277 772 534 830 cognatos
556 770 608 816 et
637 760 1024 830 progenitores.
1049 759 1161 814 lmo
1184 772 1310 816 vero
1339 756 1479 811 nulla
1505 755 1863 826 interrogandi

277 852 591 918 necessitas,
619 865 742 906 cum
772 865 930 906 nemo
956 838 1161 905 neseiat
1188 862 1282 904 eos
1305 889 1320 912 ,
1349 847 1440 916 qui
1480 846 1581 900 hoc
1614 855 1866 902 tenentur

277 941 486 1007 morbo,
515 950 844 996 senectutem
871 940 1033 1010 patris
1056 940 1134 995 sui
1156 953 1298 1008 azgre
1327 937 1484 1000 ferre,
1510 936 1722 1006 etquod
1751 937 1868 990 aliis

278 1031 433 1086 dulce
459 1033 795 1103 Optabileque
823 1042 924 1096 est,
951 1048 1140 1101 nempe
1167 1031 1304 1086 filios
1331 1031 1548 1094 habere,
1580 1045 1863 1085 onerosum

278 1123 606 1179 existimare.
639 1123 784 1177 Multi
814 1124 956 1178 enim
996 1123 1096 1178 hac
1129 1121 1197 1178 de
1238 1137 1396 1176 causa
1428 1121 1708 1174 orbitatem
1740 1129 1864 1174 sunt

277 1214 479 1282 adepti,
516 1224 866 1284 naturamque
893 1215 1127 1269 sterilem
1159 1212 1542 1275 reddiderunt,
1575 1226 1676 1264 non
1707 1209 1866 1264 modo

277 1315 434 1362 natos
470 1307 772 1362 occidentes
796 1349 810 1371 ,
843 1306 936 1360 sed
963 1306 1120 1360 etiam
1153 1319 1219 1359 ne
1256 1313 1600 1357 nascerentur
1625 1301 1866 1356 eflieien-

284 1410 385 1455 tes.
414 1399 490 1454 Ne
517 1400 781 1455 miremini
810 1400 986 1468 itaque
1005 1439 1018 1460 ,
1051 1399 1094 1451 si
1121 1413 1335 1451 avarum
1367 1397 1452 1451 illa
1486 1395 1655 1449 forma
1681 1395 1868 1464 depin-

277 1492 515 1546 xerimns
545 1508 560 1547 :
591 1506 711 1545 nam
755 1491 908 1560 longe
945 1489 1118 1542 adhuc
1143 1488 1375 1542 deterior
1403 1496 1480 1540 est
1502 1525 1517 1552 ,
1549 1501 1707 1556 quam
1735 1485 1868 1539 dixi-

277 1597 417 1636 nms.
457 1581 563 1639 Sed
599 1581 871 1637 videamus
912 1596 1018 1649 quo
1059 1590 1212 1648 pacto
1241 1595 1361 1634 eum
1400 1579 1468 1632 ab
1497 1581 1595 1631 hoe
1625 1577 1870 1633 d.entnne

280 1674 508 1729 liberare
537 1673 846 1743 potet-imus.
886 1670 1164 1738 Quomodo
1196 1669 1327 1724 liber
1351 1669 1496 1723 erit?
1533 1669 1587 1722 Si
1617 1669 1759 1722 clare
1787 1668 1869 1722 di-

275 1766 466 1822 dicerit
499 1765 777 1819 avaritiam
809 1764 889 1818 vel
933 1762 998 1817 ad
1032 1760 1283 1832 pecunias
1312 1758 1698 1828 comparandas
1734 1773 1868 1813 con-

277 1857 496 1910 trariam
535 1869 655 1910 esse
682 1871 697 1910 :
732 1870 852 1909 nam
879 1852 968 1923 qui
1002 1867 1159 1921 parva
1191 1851 1382 1905 lucrari
1413 1851 1629 1912 volunt,
1659 1863 1870 1918 semper

277 1964 466 2019 magna
498 1948 769 2018 patiuntur
790 1947 982 2002 damna
1005 1963 1019 2000 :
1041 1944 1091 1999 id
1112 1942 1250 2014 qttod
1274 1945 1431 1998 etiam
1455 1943 1505 1996 in
1531 1942 1866 2010 proverbium

281 2057 495 2096 versum
536 2051 637 2096 est.
670 2039 814 2093 Multi
845 2049 990 2093 certe
1015 2052 1136 2092 eum
1174 2045 1414 2089 mutuum
1445 2048 1635 2104 magno
1667 2033 1868 2088 frenare

276 2132 487 2198 darent,
517 2145 620 2185 non
643 2129 930 2199 exploratis
956 2125 1264 2196 accipientis
1289 2124 1645 2190 facultatibus,
1665 2134 1864 2179 sortem

281 2222 447 2290 ipsant
471 2237 591 2275 cum
619 2221 792 2276 usuris
814 2220 1134 2291 amiserunt.
1149 2215 1378 2270 Rursum
1401 2215 1487 2268 alii
1517 2215 1566 2268 in
1595 2215 1864 2284 periculis,

275 2327 400 2366 eum
431 2313 630 2366 nollent
661 2327 823 2383 pauca
854 2309 1113 2380 proferre,
1139 2309 1300 2361 vitam
1325 2321 1450 2378 cum
1473 2307 1663 2376 opibus
1689 2306 1867 2374 perdi-

275 2404 498 2459 derunt.
531 2405 662 2458 Item
692 2403 782 2457 alii
811 2418 931 2457 cum
961 2400 1247 2470 dignitates
1271 2399 1608 2469 pecuniarias
1627 2439 1641 2462 ,
1672 2397 1755 2452 vel
1788 2398 1867 2452 si-

280 2495 425 2552 milia
452 2495 673 2564 adipisci
707 2500 960 2564 possent,
990 2507 1110 2545 cum
1141 2490 1481 2559 parcimonia:
1510 2489 1666 2544 nimis
1687 2489 1869 2544 stude-

276 2595 417 2652 rent,
437 2601 463 2637 a
485 2594 595 2640 toto
613 2584 942 2639 exeiderunt.
966 2581 1224 2649 Quoniam
1243 2582 1382 2634 enim
1401 2595 1583 2634 serere
1601 2579 1865 2646 nesciunt,

273 2679 369 2734 sed
402 2687 599 2731 metere
629 2686 828 2730 tantum
859 2674 1107 2738 student,
1135 2687 1164 2725 a
1193 2687 1368 2726 messe
1396 2671 1699 2741 frequenter
1727 2672 1871 2726 exci-

1236 274 1298 328 lN
1339 271 1744 328 MAT'I‘IM‘ZUM
1785 271 1864 328 ΗΟ

1973 307 2012 326 Α·
2058 270 2248 328 XXIX.
2289 271 2360 326 al.
2406 273 2570 328 XXX.
3461 281 3563 335 359

1975 385 2126 439 dttnt.
2160 385 2327 440 Nemo
2365 388 2507 442 enim
2551 403 2760 460 semper
2793 400 2994 448 metere
3025 403 3201 464 potest
3231 436 3244 460 ,
3289 396 3428 450 sicut
3467 414 3566 453 nec

1977 492 2188 546 semper
2235 479 2449 534 lucrari.
2490 480 2622 547 Quia
2673 482 2831 552 igitur
2875 483 3181 554 impendere
3226 487 3429 551 nolunt,
3467 504 3565 543 nee

1983 568 2174 623 lucrari
2201 570 2410 633 sciunt,
2449 571 2541 625 sed
2569 582 2621 626 et
2647 573 2692 627 si
2720 588 2940 629 uxorem
2971 575 3168 631 ducere
3197 588 3439 646 eportcat
3464 621 3478 643 ,
3514 580 3567 634 in

1978 658 2119 713 idem
2153 659 2390 714 incidunt
2429 659 2680 716 damnum
2701 704 2717 727 ,
2746 662 2873 718 dum
2903 663 2984 718 vel
3023 668 3234 734 inopem
3278 685 3373 736 pro
3402 668 3569 726 divite

1976 748 2196 814 ducunt,
2230 749 2310 803 vel
2337 751 2378 803 si
2407 750 2626 806 divitem
2659 753 2942 823 accipiant,
2967 766 3020 810 et
3046 756 3134 809 illa
3163 758 3310 811 inille
3331 759 3471 814 vitiis
3499 762 3568 818 si:

1976 839 2198 905 aﬂ'eeta,
2235 841 2285 894 in
2328 843 2498 912 majus
2540 844 2779 898 incidunt
2823 845 3222 904 detrimentum.
3264 850 3378 905 Non
3423 855 3567 910 enim

1977 932 2268 1000 opulentia,
2298 933 2390 988 sed
2425 934 2588 989 virtus
2614 935 2824 990 divitias
2855 938 3009 1007 parit.
3039 938 3169 994 Nam
3198 956 3314 1010 quae
3339 959 3402 996 ex
3431 942 3573 998 diti-
3602 932 3605 935 ’

1979 1025 2064 1078 tiis
2087 1025 2304 1088 utilitas,
2339 1026 2382 1081 si
2407 1027 2492 1079 illa
2518 1027 2733 1098 prodiga
2759 1028 2826 1083 sit
2848 1039 2901 1084 et
2921 1040 3252 1099 sumptuosa,
3272 1041 3325 1088 et
3346 1035 3389 1090 si
3414 1037 3566 1105 quasi

1979 1127 2167 1170 ventus
2195 1118 2372 1170 omnia
2403 1117 2670 1190 dissipet?
2698 1120 2824 1190 quid
2851 1121 2894 1176 si
2918 1121 3111 1177 lasciva
3139 1124 3227 1187 sit,
3254 1140 3316 1179 ac
3344 1140 3571 1182 sexcen-

1979 1219 2060 1264 tos
2090 1221 2357 1266 amatores
2391 1213 2662 1267 attrahat?
2689 1213 2814 1283 quid
2844 1215 2888 1268 si
2929 1215 3184 1271 ebriosa?
3219 1232 3394 1273 annon
3421 1218 3568 1277 brevi

1975 1303 2256 1373 eonjugem
2296 1320 2449 1359 suum
2487 1305 2552 1360 ad
2599 1305 2832 1376 inopiam
2874 1305 3115 1378 rediget?
3153 1307 3268 1364 Non
3307 1310 3357 1364 iu
3397 1327 3569 1370 uxore

1975 1393 2214 1449 ducenda
2243 1405 2466 1461 tanttttn,
2496 1396 2587 1451 sed
2611 1398 2769 1451 etiam
2801 1397 2853 1452 in
2879 1399 3106 1454 emendo
3139 1399 3409 1467 falluntur,
3437 1401 3563 1457 dum

1975 1501 2178 1552 servos,
2211 1503 2314 1541 non
2345 1488 2538 1557 probos
2564 1504 2626 1544 ac
2652 1499 2899 1544 strenuos
2921 1531 2934 1552 ,
2964 1490 3056 1546 sed
3090 1506 3184 1546 eos
3207 1492 3294 1560 qui
3322 1494 3412 1547 vili
3447 1511 3568 1564 pre-

1977 1578 2052 1632 tio
2078 1577 2293 1636 dantur.
2324 1589 2652 1634 comparant.
2698 1581 2821 1637 llaec
2860 1581 3035 1647 itaque
3061 1585 3236 1638 omnia
3266 1587 3562 1644 cogitantes

1979 1671 2238 1740 (nondum
2276 1671 2416 1724 enim
2456 1662 2524 1727 de
2551 1673 2792 1742 gehenna
2819 1681 2872 1727 et
2902 1673 2970 1729 de
3002 1689 3169 1744 regno
3196 1675 3356 1731 verba
3382 1678 3569 1733 audire

1976 1759 2286 1828 potuistis),
2315 1773 2369 1815 et
2395 1761 2711 1817 detrimenta
2743 1764 2793 1817 in
2822 1773 3052 1819 mentem
3086 1776 3425 1830 revocantes,
3450 1785 3570 1840 quae

1974 1864 2117 1919 stupe
2156 1849 2225 1904 ab
2271 1853 2489 1906 avaritia
2534 1855 2674 1923 passi
2715 1856 2877 1921 estis,
2928 1858 2978 1910 in
3025 1856 3355 1928 faenoribus,
3389 1862 3469 1914 vel
3516 1864 3567 1918 in

1974 1941 2224 2006 emendo,
2249 1945 2326 1998 vel
2358 1945 2408 1998 in
2434 1945 2673 2001 ducenda
2695 1963 2876 2012 uxore,
2911 1949 2960 2002 in
2993 1952 3326 2019 patrociniis,
3348 1954 3398 2007 in
3424 1955 3570 2008 aliis-

1973 2046 2076 2101 que
2126 2034 2408 2100 omnibus,
2451 2037 2518 2092 ab
2556 2053 2739 2092 amore
2767 2042 3112 2109 pecuniarqu
3161 2043 3449 2100 abscedite.
3479 2045 3570 2102 Sic

1973 2123 2114 2178 enim
2139 2125 2380 2193 poteritis
2403 2135 2457 2182 et
2480 2139 2796 2198 prmsentem
2823 2131 2984 2186 vitam
3014 2141 3126 2187 tuto
3155 2136 3445 2207 transigere
3468 2178 3483 2203 ,
3513 2149 3570 2193 et

1975 2215 2249 2284 paululum
2279 2219 2420 2273 aucti
2452 2233 2730 2276 sermones
2758 2222 2826 2276 de
2855 2222 3188 2292 philosophia
3225 2227 3410 2283 audire
3433 2269 3446 2293 ,
3487 2238 3568 2283 at-

1973 2322 2078 2377 que
2101 2309 2308 2364 acutius
2336 2311 2600 2376 videntes,
2634 2313 2803 2383 ipsum
2829 2314 3048 2384 iustitia:
3078 2317 3246 2372 solem
3275 2320 3566 2390 respicere,

1977 2401 2344 2471 promissaque
2361 2403 2476 2473 ejus
2497 2407 2750 2474 consequi
2776 2425 2789 2460 :
2812 2422 3037 2477 quorum
3062 2410 3264 2465 utinam
3285 2424 3565 2470 consortes

1975 2493 2142 2548 simus
2166 2509 2376 2562 omnes,
2396 2497 2564 2566 gratia
2590 2507 2646 2552 et
2665 2499 2987 2569 benignitate
3013 2502 3220 2559 Domini
3248 2509 3413 2562 nostri
3437 2507 3564 2564 Jesn

1974 2583 2196 2650 Christi,
2214 2585 2300 2640 cui
2323 2587 2490 2657 gloria
2517 2598 2571 2644 et
2598 2588 2902 2660 imperium,
2927 2593 2978 2648 in
3006 2597 3199 2651 srecula
3225 2597 3561 2653 saeculorum.

1977 2676 2171 2730 Amen.

1767 2789 3545 2823 ______.___________________

1413 2864 1762 2926 HOMILIA
1805 2866 2050 2927 XXIX.
2097 2869 2183 2930 al.
2232 2871 2444 2932 XXX.

271 2991 401 3049 Car.
433 2993 485 3048 9.
511 3008 560 3046 v.
597 2991 648 3046 1.
697 2990 760 3044 Et
789 2989 1067 3043 ascendens
1093 2985 1245 3041 Iesus
1275 2987 1327 3040 in
1365 2986 1669 3052 naviculam,
1700 2997 1861 3041 trans-

347 3086 546 3157 fretavit
565 3127 580 3152 ,
614 3095 658 3138 et
685 3084 813 3138 venit
843 3085 893 3136 in
919 3083 1164 3136 civitatem
1195 3097 1358 3132 suam.
1379 3079 1436 3134 2.
1468 3078 1532 3132 Et
1557 3096 1669 3134 ecce
1688 3080 1866 3146 offere-

347 3179 467 3233 bant
496 3182 542 3233 ei
558 3178 892 3250 paralyticum
919 3177 969 3229 in
997 3175 1122 3229 lecto
1144 3177 1416 3244 jacentem.
1440 3172 1506 3225 Et
1528 3174 1699 3228 videns
1716 3173 1868 3229 Iesus

348 3271 502 3340 ﬁdem
530 3270 754 3330 illormn,
783 3268 912 3346 dixit
941 3265 1219 3336 paralytico
1242 3280 1261 3318 :
1292 3262 1521 3333 Con/ide,
1549 3264 1626 3332 fili
1645 3303 1661 3330 ,
1691 3265 1863 3318 remit-

348 3370 522 3415 tuntur
551 3360 638 3413 tibi
668 3369 873 3427 peccata
901 3367 1006 3410 tua.

349 3495 397 3549 ‘l.
436 3492 712 3563 Paralylici
742 3491 841 3544 duo
866 3490 917 3543 in
949 3487 1258 3557 Evangrliis.
1294 3484 1459 3540 Filius
1485 3485 1728 3554 (aqualem
1763 3485 1868 3540 Pa-

277 3586 345 3639 tri
375 3602 426 3639 se
454 3585 781 3638 deuictistrat.
804 3611 877 3622 -—
903 3580 1181 3635 Civitatem
1213 3574 1365 3631 snam
1408 3575 1494 3630 hic
1527 3576 1862 3644 Capernaum

271 3676 507 3746 appellat
538 3692 550 3727 :
581 3689 700 3728 nam
741 3687 859 3741 qua:
895 3671 1012 3723 tulit
1047 3670 1216 3738 ipsum
1250 3666 1556 3722 Bethleltem
1586 3666 1718 3730 fuit;
1749 3683 1867 3736 qua:

265 3768 543 3831 educavit,
563 3765 810 3830 Nazaret;
830 3780 950 3834 qua:
970 3765 1061 3820 diu
1084 3766 1474 3821 inhabitantem
1491 3768 1504 3798 ¹
1523 3765 1735 3827 habuit,
1753 3763 1852 3815 Ca-

273 3870 533 3928 pernaum
596 3851 923 3924 Paralyticus
949 3859 1125 3905 autem
1165 3851 1250 3903 hic
1274 3850 1407 3902 alius
1436 3857 1518 3902 est
1549 3848 1614 3901 ab
1639 3864 1704 3903 eo
1731 3889 1746 3914 ,
1775 3850 1863 3919 qui

275 3955 607 4000 memoratur
632 3959 661 3998 a
687 3942 914 3998 Joanne.
946 3940 1041 3995 llle
1066 3941 1262 4010 quippe
1300 3940 1351 3992 in
1383 3939 1579 4007 piscina
1607 3939 1817 4007 jaeebat
1846 3957 1862 4006 ;

274 4037 365 4091 hic
387 4047 559 4091 autem
589 4037 639 4089 in
668 4034 1001 4103 Capernaum
1034 4049 1049 4084 :
1081 4039 1136 4086 et
1163 4031 1249 4084 ille
1270 4029 1480 4100 quidem
1511 4030 1720 4098 triginta
1747 4041 1866 4085 ceto

271 4127 431 4182 annis
462 4126 784 4196 paralyticos
821 4123 955 4187 fuit;
986 4123 1053 4177 de
1083 4121 1186 4176 hoc
1229 4136 1356 4174 vero
1395 4119 1521 4172 nihil
1563 4120 1738 4174 simile
1779 4120 1864 4174 di-

271 4228 420 4272 ctum
440 4226 521 4272 est
545 4233 561 4270 :
592 4217 678 4271 ille
697 4215 869 4270 nullos
893 4213 1138 4278 habebat,
1159 4211 1248 4282 qui
1274 4211 1354 4265 sui
1375 4227 1558 4265 curam
1580 4219 1863 4280 gererent;

273 4311 364 4365 hic
400 4321 583 4367 centra
626 4309 808 4364 habuit
843 4308 932 4378 qui
979 4321 1037 4361 se
1077 4305 1142 4360 ad
1185 4304 1366 4360 Jesutn
1413 4304 1700 4359 deferrent.
1734 4304 1867 4360 lluic

273 4419 436 4472 porro
461 4403 593 4457 dixit
621 4419 636 4458 :
683 4401 820 4464 Fili,
847 4398 1168 4454 remittuntur
1202 4396 1289 4448 tibi
1327 4407 1568 4466 peccata;
1597 4397 1670 4450 illi
1701 4411 1826 4451 vero
1845 4439 1861 4464 ,

285 4493 374 4548 Vis
401 4510 553 4547 sanus
583 4509 688 4547 esse
713 4491 891 4562 (Joan.
921 4491 972 4545 5.
1000 4490 1104 4559 6)?
1131 4488 1282 4542 Illum
1315 4489 1365 4542 in
1389 4487 1610 4541 sabbato
1637 4488 1861 4555 curavit,

274 4583 418 4636 hunc
447 4600 550 4636 non
576 4583 626 4637 in
655 4583 913 4647 sabbato;
942 4581 1172 4650 alioquin
1203 4589 1380 4633 autem
1408 4579 1550 4631 illum
1589 4579 1687 4634 hac
1714 4579 1779 4634 de
1806 4596 1865 4636 re

270 4673 442 4729 Judaei
471 4685 814 4729 accusassent
834 4715 848 4739 ,
873 4673 962 4742 qui
992 4671 1076 4726 hic
1103 4680 1301 4734 tacent,
1330 4670 1437 4724 illic
1465 4688 1590 4725 vero
1619 4673 1819 4726 instant
1844 4714 1859 4739 ,

272 4769 558 4835 ipsumque
607 4778 1016 4836 persequuntur.
1060 4764 1184 4818 llaec
1228 4781 1328 4818 non
1374 4764 1490 4819 sine
1527 4780 1683 4818 causa
1725 4765 1862 4820 dicta

271 4867 400 4912 sunt
428 4874 455 4910 a
486 4873 570 4911 me
594 4873 609 4919 ;
636 4856 729 4910 sed
758 4872 821 4909 ne
845 4855 963 4918 quis
986 4871 1145 4908 unum
1173 4855 1525 4924 emndemque
1550 4869 1671 4910 esse
1692 4857 1865 4924 suspi-

269 4965 404 5004 cans
431 4949 776 5020 paralyticmn
804 4989 818 5012 ,
850 4946 1231 5001 dissonantiam
1265 4946 1349 4998 hie
1375 4960 1494 5000 esse
1526 4955 1752 5014 putaret.
1784 4947 1861 5002 Tu

273 5058 404 5096 vero
434 5039 733 5110 pet-pendas
755 5055 911 5108 quam
947 5037 1238 5099 modestus,
1269 5052 1426 5105 quam
1457 5048 1764 5092 mansuetus
1794 5041 1861 5094 sit

276 5134 553 5187 Dominus.
592 5130 719 5185 Nam
753 5141 805 5184 et
833 5142 986 5184 antea
1018 5129 1199 5182 turbas
1224 5138 1493 5181 amoverat
1515 5170 1527 5191 ,
1547 5140 1600 5182 et
1628 5145 1657 5183 a
1687 5129 1862 5183 Gada-

273 5225 422 5279 renis
446 5238 624 5292 pinsus
648 5238 752 5276 non
773 5221 998 5280 obstitit,
1028 5220 1120 5274 sed
1145 5219 1385 5286 secessit,
1409 5220 1505 5274 etsi
1528 5238 1628 5274 non
1657 5223 1857 5290 procul.

271 5318 612 5387 Rursumque
632 5358 645 5379 ,
674 5332 792 5370 eum
822 5315 1151 5369 ascrttdissut
1182 5313 1231 5366 in
1267 5312 1591 5377 naviculam,
1617 5316 1858 5382 trajecit,

271 5424 398 5462 cum
431 5417 607 5476 posset
633 5405 794 5476 pedes
825 5406 1069 5459 transire.
1098 5401 1280 5473 Neque
1300 5403 1439 5456 enim
1467 5417 1681 5472 semper
1710 5405 1862 5458 mira-

275 5499 402 5554 bilia
445 5508 653 5567 patrare
691 5497 939 5562 volebat,
987 5513 1052 5550 ne
1096 5495 1408 5550 CCCOIIOIIlitP.
1449 5509 1556 5548 suae
1600 5497 1859 5550 rationem

278 5591 642 5648 labefactaret.
674 5589 948 5643 blattlncus
976 5590 1133 5658 igitur
1157 5589 1247 5655 ait,
1273 5587 1559 5642 Attulerunt
1586 5605 1699 5642 eum
1725 5603 1744 5642 :
1772 5590 1860 5645 alii

369 5725 493 5779 ‘Alii
521 5727 883 5787 inltubittmtem,
905 5726 1014 5779 sine
1042 5728 1145 5778 diu.

1976 3004 2104 3044 vero
2145 2991 2328 3047 dicunt
2367 3008 2567 3063 mgrnm
2609 3009 2703 3065 per
2741 2996 3006 3069 dirupttnn
3039 3009 3232 3057 tectum
3270 3003 3560 3060 demissmn

1974 3080 2137 3138 fuisse
2163 3092 2216 3138 et
2243 3093 2366 3139 ante
2389 3084 2658 3141 Christum
2690 3089 2940 3158 positum,
2974 3091 3105 3146 nihil
3130 3094 3429 3150 dicentibus
3457 3098 3562 3152 illas

1974 3173 2064 3238 qui
2107 3175 2435 3243 attulerant,
2467 3177 2561 3232 sed
2599 3187 2766 3234 totum
2809 3181 2907 3251 ipsi
2938 3184 3388 3252 permittentibus.
3430 3187 3560 3241 Nam

1973 3264 2122 3318 initio
2141 3265 2354 3334 quidem
2378 3268 2467 3323 ille
2489 3270 2769 3334 circuibat,
2793 3288 2968 3342 neque
2986 3281 3186 3329 tantam
3214 3278 3281 3330 ab
3304 3278 3563 3333 acceden-

1974 3356 2113 3410 tibus
2142 3360 2441 3427 postnlabat
2469 3361 2626 3417 fidem
2655 3382 2669 3418 :
2701 3363 2787 3420 hic
2815 3375 2990 3421 autem
3018 3379 3072 3422 et
3095 3381 3433 3426 accesserunt
3460 3412 3476 3437 ,
3507 3382 3564 3427 et

1974 3446 2105 3502 lides
2134 3448 2200 3502 ab
2222 3449 2349 3518 ipsis
2377 3452 2627 3521 requisita
2653 3468 2765 3519 est;
2794 3470 2914 3511 nam
2946 3458 3039 3522 ait,
3056 3458 3243 3514 Viden:
3265 3462 3416 3529 ﬁdem
3445 3463 3563 3518 illa-

1972 3554 2107 3606 rum,
2136 3539 2188 3594 id
2215 3549 2330 3606 est,
2358 3558 2545 3599 eorum
2574 3546 2662 3616 qui
2696 3547 3021 3605 demiserant
3049 3553 3421 3622 paralyticum.
3453 3555 3562 3611 Ne-

1971 3647 2075 3700 que
2106 3633 2247 3688 enim
2281 3635 2474 3707 ubique
2500 3648 2820 3707 aegrotorum
2852 3643 3076 3712 requirit
3108 3644 3267 3700 ﬁdem
3294 3688 3310 3710 ,
3345 3659 3402 3701 ut
3437 3664 3558 3704 cum

1970 3722 2278 3790 desipiunt,
2315 3726 2398 3780 vel
2438 3727 2544 3783 alio
2580 3729 2738 3784 modo
2765 3740 2942 3786 mente
2963 3733 3105 3804 capti
3135 3745 3276 3792 sunt.
3314 3739 3406 3792 llic
3435 3755 3561 3794 vero

1971 3813 2155 3880 aegroti
2183 3812 2316 3870 fides
2336 3827 2452 3871 erat
2478 3834 2700 3888 magna;
2723 3822 2960 3892 alioquin
2985 3826 3130 3880 enim
3163 3843 3266 3881 ron
3296 3830 3364 3882 ita
3387 3846 3444 3883 se
3471 3831 3563 3886 de-

1976 3905 2112 3958 mitti
2155 3907 2506 3976 permisisset.
2549 3911 2812 3977 Quoniam
2855 3914 3014 3984 igitur
3042 3925 3240 3971 taut-am
3271 3921 3562 3977 exhibuere

1973 3993 2151 4059 fidem,
2178 3998 2396 4052 exhibet
2415 4009 2468 4054 et
2496 4001 2608 4070 ipse
2629 4004 2920 4071 potentiam
2947 4020 3118 4072 suam,
3141 4022 3262 4062 cum
3290 4012 3432 4064 omni
3463 4027 3557 4080 po-

1971 4094 2162 4141 testate
2188 4101 2402 4156 peccata
2425 4092 2657 4156 solvens,
2688 4108 2750 4147 ac
2777 4109 2872 4163 per
2899 4097 3075 4150 omnia
3103 4097 3478 4156 demonstrans
3502 4119 3562 4158 se

1971 4177 2115 4231 Patri
2147 4180 2406 4248 mqnalem
2433 4197 2571 4236 esse.
2605 4183 2701 4239 Hie
2728 4200 2854 4238 vero
2885 4189 3153 4256 perpende
3183 4206 3198 4246 :
3229 4194 3474 4262 superius
3507 4197 3558 4250 id

1971 4269 2281 4324 ostendebat
2314 4271 2400 4326 ille
2425 4314 2438 4336 ,
2477 4288 2598 4327 eum
2636 4274 2863 4330 docebat
2896 4293 2988 4332 eos
3025 4290 3292 4350 tamquam
3326 4293 3552 4352 potesta-

1972 4369 2078 4414 tem
2110 4361 2344 4425 habens;
2378 4381 2471 4434 per
2496 4366 2791 4435 leprosum,
2815 4385 2938 4424 cum
2969 4371 3123 4438 dixit,
3167 4372 3290 4428 γυιο
3313 4378 3562 4432 mundare

1972 4452 2184 4522 (.llattli.
2219 4454 2272 4509 8.
2307 4455 2415 4526 '5);
2452 4471 2545 4526 per
2588 4461 2954 4516 centurionem
2979 4503 2992 4526 ,
3033 4479 3153 4518 cum
3191 4465 3402 4523 dicente
3433 4470 3556 4537 illo,

1974 4545 2188 4599 Tantum
2216 4547 2295 4601 dic
2324 4549 2490 4615 verba,
2519 4560 2563 4605 et
2589 4553 2851 4607 sanabitur
2880 4573 3003 4624 puer
3033 4574 3170 4612 tuens
3200 4557 3357 4621 (Ibid.
3383 4577 3428 4615 υ.
3460 4563 3554 4634 8),

1971 4636 2191 4692 miratus
2217 4648 2317 4702 est,
2342 4640 2619 4710 ipsumque
2645 4643 2762 4714 plus
2793 4661 2949 4715 qttam
2980 4662 3166 4702 omnes
3195 4650 3437 4707 laudibus
3462 4673 3549 4710 ex-

1971 4729 2122 4793 tulit;
2165 4746 2259 4799 per
2299 4747 2444 4788 mare
2471 4776 2486 4800 ,
2517 4750 2635 4789 cum
2667 4737 2837 4805 ipsum
2864 4739 3027 4794 verbo
3059 4749 3260 4796 tantum
3289 4744 3515 4802 frenavit
3543 4769 3557 4813 ;

1972 4838 2066 4890 per
2095 4822 2402 4891 daemonas,
2434 4827 2647 4897 quando
2688 4829 2858 4898 ipsum
2895 4830 3127 4899 judicem
3167 4848 3288 4890 esse
3327 4838 3557 4894 confite-

1972 4915 2199 4982 bantur,
2238 4929 2291 4973 et
2334 4935 2456 4974 cum
2497 4930 2759 4990 potestate
2805 4940 2994 4995 magna
3042 4927 3188 4997 ipsos
3231 4931 3409 4999 ejecit.
3456 4935 3556 4990 Hic

1970 5021 2178 5060 rursum
2211 5009 2397 5077 majori
2424 5011 2582 5064 modo
2611 5013 2851 5068 inimicos
2879 5032 3006 5071 suos
3028 5018 3383 5087 aequalitatem
3413 5025 3553 5080 illam

1969 5096 2210 5151 confiteri
2248 5100 2427 5168 cogit,
2460 5109 2514 5154 et
2544 5116 2638 5170 per
2667 5103 2900 5172 ipsorum
2933 5109 3091 5162 verba
3126 5111 3176 5164 in
3206 5116 3552 5182 conspicuum

1971 5189 2161 5244 reddit.
2203 5191 2319 5260 Ipse
2358 5208 2585 5262 namque
2623 5210 2682 5249 se
2720 5197 2787 5250 ab
2820 5200 3112 5258 ambitione
3149 5205 3380 5260 alienum
3407 5222 3554 5262 com-

1969 5289 2276 5335 monstraus
2308 5281 2451 5351 (nam
2483 5299 2731 5354 maguum
2773 5291 3126 5355 Spectantium
3166 5277 3430 5350 theatrum
3460 5297 3554 5348 ad-

1969 5372 2206 5440 erat,qui
2237 5373 2475 5441 ingressu
2503 5377 2776 5442 arcebant,
2811 5377 2931 5434 ideo
2951 5383 3295 5454 parulyticum
3323 5399 3554 5452 superne

1967 5461 2297 5516 demiserunt
2329 5463 2367 5535 ),
2399 5481 2503 5521 non
2545 5469 2722 5522 statim
2760 5471 2826 5523 ad
2870 5488 3064 5543 corpus
3103 5475 3242 5546 quod
3279 5476 3556 5531 videbatur

1970 5554 2264 5608 Curandum
2298 5569 2355 5608 se
2381 5558 2626 5620 Contulit,
2659 5559 2752 5615 sed
2781 5561 2849 5616 ab
2879 5563 2985 5617 illis
3009 5566 3290 5624 occasione
3319 5580 3550 5634 sumpta,

1969 5643 2109 5712 quod
2143 5659 2247 5698 non
2279 5647 2566 5714 apparebat
2589 5651 2816 5718 primum
2843 5654 3066 5719 curavit,
3085 5669 3274 5723 nempe
3296 5655 3550 5718 an'mam.

1969 5751 2089 5791 cum
2115 5745 2326 5808 peccata
2349 5737 2548 5795 dimisit
2569 5757 2584 5798 :
2609 5741 2660 5796 id
2687 5743 2828 5814 quod
2857 5744 3148 5815 paralytico
3174 5748 3394 5804 salutem
3420 5765 3562 5820 pra:-
