4050 6220
465 332 570 392 559

467 450 648 511 bebat,
679 437 776 511 Ipsi
801 446 927 489 vero
956 442 1062 484 non
1085 421 1306 479 multum
1331 412 1512 486 gloria:
1537 403 1675 476 apud
1705 403 1822 456 illos
1845 394 2039 451 attulit.

469 541 547 594 Illi
574 537 714 592 enim
746 547 775 585 a
805 523 1034 596 nequitia
1062 531 1155 572 sua
1195 507 1478 580 exagitati,
1514 515 1634 556 cum
1667 495 1862 548 vellent
1893 500 2044 540 occa-

470 634 652 688 siones
691 611 1036 679 maledicendi
1063 616 1338 676 quaerere,
1367 593 1496 651 illud
1537 588 1685 646 inviti
1713 582 2004 640 eiecerunt
2030 617 2047 640 ,

475 733 532 778 nt
562 734 648 775 res
676 713 872 768 clarior
899 703 1170 762 evaderet.
1196 695 1369 762 Saga:
1399 686 1541 743 enim
1568 695 1688 737 cum
1717 682 1880 733 esset.
1909 672 2052 738 ipso-

473 829 592 870 rum
634 805 829 863 invidia
861 808 944 856 est
983 808 1113 850 usus
1150 790 1216 844 ad
1246 787 1452 856 signum
1487 770 1886 834 celebrandum.
1914 766 2054 830 Quo-

477 907 617 960 niam
645 855 1180 970 igittirvtnrbabantnr
1203 888 1258 934 et
1283 855 1530 931 dicebant
1556 885 1571 923 :
1601 867 1656 922 ὅ.
1694 863 1791 916 Hic
1819 855 2056 926 blasphe-

1279 969 1300 970 η
1363 967 1371 970 -
1630 955 1684 969 ·-
1930 945 2056 970 n-...

480 945 762 1060 munditis
802 993 960 1058 potest
1009 985 1213 1049 peccata
1251 967 1498 1021 dimittere
1526 1002 1539 1022 ,
1587 955 1685 1011 nisi
1733 952 1870 1007 solus
1921 945 2057 999 Deus

482 1039 766 1162 (Eleiet-Di.
795 1039 906 1151 9)?
934 1039 1206 1128 videamus
1235 1059 1375 1132 quod
1413 1058 1526 1125 ipse
1552 1051 1644 1105 ait.
1682 1046 1818 1102 Nunt
1855 1039 2062 1110 opinio-

1220 1155 1231 1162 .
1304 1152 1316 1162 .
1514 1140 1717 1162 νηί-Α..-
1761 1135 1869 1162 nm
1912 1138 2020 1162 om

481 1135 604 1236 item
633 1175 779 1230 illam
809 1135 1037 1237 rejecit?
1077 1155 1236 1227 Atqui
1275 1152 1320 1207 si
1359 1163 1465 1203 non
1501 1140 1720 1212 arqualis
1761 1135 1870 1189 Deo
1911 1138 2059 1190 erat,

483 1275 661 1326 dicere
684 1261 864 1320 debuit
888 1252 1057 1326 :Quid
1087 1251 1152 1305 de
1176 1261 1261 1300 me
1293 1256 1395 1296 non
1417 1241 1826 1291 consentaneum
1853 1220 2064 1290 Opinio-

486 1378 608 1421 nem
635 1353 879 1414 habetis?
905 1342 1092 1403 Procul
1124 1339 1308 1393 absum
1339 1347 1366 1384 a
1397 1338 1540 1383 tanta
1570 1313 2065 1393 potestate.\’erttm

489 1453 619 1512 nihil
639 1446 813 1504 simile
831 1441 994 1503 dicit;
1019 1437 1125 1490 imo
1147 1443 1273 1483 vero
1290 1425 1434 1479 illam
1457 1416 1759 1488 opinionem
1783 1406 2066 1463 conﬁrma-

488 1551 561 1602 vit
584 1555 636 1601 ct
663 1537 924 1600 asseruit,
956 1541 1063 1586 tam
1095 1539 1250 1588 voce,
1277 1533 1436 1588 quam
1467 1510 1741 1569 miraculo.
1769 1503 1902 1572 Quia
1929 1499 2071 1553 cuitu

489 1643 556 1697 de
583 1637 761 1707 seipse
788 1628 1030 1701 qna‘dam
1071 1618 1310 1692 proferre
1347 1604 1680 1665 auditoribus
1709 1599 2073 1667 importunum

489 1750 610 1791 esse
639 1728 937 1785 videbatur,
971 1733 1067 1789 per
1087 1714 1220 1768 alios
1244 1707 1330 1761 illa
1362 1717 1478 1772 quae
1495 1698 1562 1753 ad
1589 1712 1647 1751 se
1671 1697 1915 1763 spectant
1944 1700 2077 1740 con-

493 1828 666 1880 iirmat
687 1838 702 1876 :
722 1815 967 1888 quodque
996 1809 1185 1862 mirum
1209 1800 1325 1860 fuit.
1358 1809 1463 1850 non
1496 1805 1588 1860 per
1619 1783 1820 1840 amicos
1852 1788 2076 1841 tantum,

1533 1882 1544 1888 -
1644 1879 1655 1888 .
1753 1876 1765 1888 ,
1860 1886 1873 1888 Α
1921 1867 2076 1888 ,__‘,__

561 1867 666 1880 ......
688 1867 702 1876 .
725 1867 790 1888 η-
837 1867 859 1870 ,κ
885 1867 895 1882 ,

493 1917 589 1974 sed
607 1915 766 1969 etiam
792 1925 883 1978 per
902 1902 1173 1959 inimicos:
1191 1890 1330 1962 quod
1352 1903 1416 1943 ex
1435 1879 1706 1952 sapientize
1720 1876 1835 1944 ejus
1851 1867 2084 1926 culmine

1537 1973 1568 1978 ““
1611 1972 1623 1978 ⁸
1685 1967 1725 1978 “”
1769 1965 1781 1978 ⁸
1921 1976 1978 1978 μην
1997 1958 2054 1978 Δ-

494 2005 756 2083 procedit.
783 2002 882 2055 Per
901 1994 1100 2050 amicos
1123 1985 1357 2058 quidem,
1379 1992 1499 2032 cum
1520 1965 1834 2034 dixit,Volo,
1863 1958 2085 2014 munda-

1140 2079 1180 2083 "
1285 2077 1295 2083 -
1431 2071 1442 2082 -
1477 2078 1488 2083 -
1692 2059 1833 2083 cJ-_..
1855 2055 1905 2083 ε..
1932 2050 2085 2083 1",”,

498 2050 756 2083 ι’·νυνν--ν
784 2050 803 2055 -
829 2050 870 2054 --
1143 2050 1154 2058 .

498 2121 573 2168 re,
593 2102 826 2165 itemque
849 2104 970 2145 cum
997 2085 1102 2147 ait,
1130 2079 1249 2134 Non
1279 2071 1442 2129 inveni
1472 2075 1659 2121 tantam
1684 2059 1834 2130 ﬁdem
1855 2055 1905 2109 in
1924 2050 2088 2106 Israel

1783 2166 1811 2168 α
1843 2146 2086 2168 1Ξ-.2,.,,,,,,ο

501 2146 573 2168 ’“”ν
595 2146 757 2165 """1
805 2146 818 2148 ν
1092 2146 1098 2147 ,

501 2191 713 2266 (Matth.
729 2182 886 2252 8.10)
907 2197 922 2236 :
940 2193 1037 2250 per
1058 2171 1301 2228 inimicos
1313 2173 1486 2220 autem
1507 2171 1674 2217 nunc;
1698 2166 1818 2207 cum
1832 2146 2091 2202 dixissent

1167 2263 1176 2266 -
1477 2261 1488 2266 ‘
1587 2247 1660 2266 73A:
1683 2243 1817 2266 —-'--A
1844 2238 1970 2266 ’ὶικιι
2011 2234 2091 2266 ἶη..

502 2234 669 2349 ‘enim,
695 2277 858 2333 Nemo
875 2234 1034 2343 poiest
1055 2263 1301 2319 dimittere
1320 2261 1543 2328 peccata,
1567 2247 1660 2301 nisi
1679 2243 1817 2297 solus
1839 2238 1991 2298 Deus,
2011 2234 2091 2287 in-

1197 2347 1204 2349 ‘
1267 2343 1277 2349 ·
1409 2339 1422 2349 ·
1538 2342 1550 2349 -
1775 2321 1912 2349 ’.ι-ι.-.
1933 2317 2091 2349 mis...

505 2317 644 2341 cuius
695 2317 857 2333 ..νων
893 2317 1030 2326 .,----

505 2369 624 2424 tulit
639 2324 753 2435 ipse
770 2359 852 2416 :6.
873 2317 938 2412 iit
952 2362 1116 2407 autem
1135 2317 1330 2406 sciatis,
1338 2339 1454 2410 quia
1467 2339 1756 2406 potestatem
1769 2321 1912 2378 habet
1929 2317 2093 2372 Filius

507 2413 718 2515 hominris
746 2453 989 2506 dimittere
1019 2448 1217 2516 peccata
1233 2449 1384 2503 super
1403 2439 1586 2483 terram
1606 2463 1621 2489 ,
1651 2428 1768 2474 tunc
1793 2413 1919 2468 dixit
1944 2423 2095 2479 para-

509 2555 696 2626 !ytico:
719 2548 943 2618 Surgens
965 2504 1083 2594 tolle
1107 2531 1397 2606 grabbatum
1417 2532 1577 2582 tuum,
1606 2523 1655 2570 et
1675 2510 1799 2566 vade
1816 2511 1867 2562 in
1893 2504 2096 2559 domum

1269 2621 1283 2626 -
1358 2619 1370 2626 -
1585 2608 1599 2626 -
1622 2621 1728 2626 mm
1747 2603 1976 2626 λεηηη...
1998 2590 2095 2626 au.

511 2590 658 2626 ιυιιιν
678 2592 692 2606 .
719 2590 942 2618 νων..-
1107 2590 1131 2606 ν

511 2659 670 2701 tuam.
683 2641 866 2712 Neque
882 2636 1052 2691 solum
1069 2629 1173 2690 hic,
1193 2621 1286 2680 sed
1302 2619 1460 2676 etiam
1477 2608 1601 2668 alibi
1613 2603 1982 2662 cmndicerent
1998 2590 2095 2647 illi:

513 2741 589 2796 De
617 2742 743 2793 bona
769 2689 1042 2806 dperenon
1069 2720 1355 2790 lapidamus
1383 2721 1461 2774 te,
1494 2705 1581 2762 sed
1603 2704 1664 2757 de
1691 2689 2000 2766 blasphemia
2017 2726 2033 2752 ,
2051 2693 2100 2738 et

511 2833 628 2902 quia
654 2781 936 2883 homorcum
959 2825 1045 2882 sis,
1072 2781 1198 2887 facis
1224 2809 1434 2879 teipsum
1456 2800 1619 2854 Deum
1648 2792 1824 2865 (Joan.
1857 2783 1944 2840 10.
1969 2781 2063 2848 '55)
2085 2795 2098 2832 :

516 2879 628 2902 1m"
1033 2879 1041 2882 -
1072 2879 1084 2887 .

516 2939 686 2996 neque
713 2930 837 2976 tunc
867 2915 1003 2969 hanc
1028 2905 1330 2979 opinionem
1357 2888 1666 2953 confutavit.
1691 2881 1784 2939 sed
1807 2879 1949 2934 illam
1971 2887 2102 2926 con-

1308 2989 1320 2996 -
1526 2995 1533 2996 .
1573 2977 1610 2996 η
1629 2973 1735 2996 _.__.‘_
1764 2967 1860 2996 ...Α
1899 2981 1959 2996 ..ρ
1984 2959 2102 2996 ,ηειή

518 2959 686 2996 "UIqu
715 2959 837 2976 ιιι-ιν
869 2959 1003 2969 ...η-ν
1033 2959 1127 2979 γ’.-.

518 3013 746 3072 ﬁrmavit
769 3009 983 3063 dicens:
1005 3000 1063 3056 Si
1091 3011 1191 3050 non
1220 2989 1353 3063 facio
1381 2995 1537 3052 opera
1565 2973 1735 3031 Patris
1764 2967 1882 3032 mei,
1899 2981 1959 3018 ne
1984 2959 2105 3014 mihi

1791 3060 1817 3072 "
1832 3058 1858 3072 ν’
1941 3071 1945 3072 ν
1966 3052 2025 3072 ..Ιι
2038 3065 2102 3072 -,,,

519 3105 756 3165 credatis;
779 3101 820 3154 si
841 3103 1009 3152 autem
1032 3087 1182 3158 facio.
1207 3052 1399 3136 etiamsi
1421 3073 1541 3129 mihi
1565 3083 1664 3122 non
1685 3058 1908 3124 creditis,
1930 3052 2106 3108 saltem

520 3198 754 3268 operibus
779 3188 965 3246 credite
986 3181 1145 3256 (Ibid.
1174 3177 1264 3232 '57.
1291 3171 1407 3240 58).

593 3293 650 3346 2.
687 3285 850 3344 Unius
890 3279 983 3333 Dei
1026 3283 1094 3328 est
1122 3277 1310 3326 secreta
1335 3259 1502 3318 cordis
1527 3269 1669 3311 nosse
1709 3258 1752 3305 et
1785 3243 2110 3302 revelare.—

524 3386 622 3441 llic
650 3392 810 3451 porro
838 3364 1130 3427 divinitatis
1161 3373 1274 3416 suae
1313 3351 1457 3409 aliud
1485 3349 1690 3418 signum
1737 3354 1843 3394 non
1892 3345 2109 3404 parvum

1315 3449 1340 3451 -
1651 3433 1808 3451 "LA-
1857 3427 1932 3451 In:
1965 3437 2109 3451 "Am,

528 3427 763 3534 exhibet,
790 3477 995 3522 necnon
1023 3472 1133 3513 sua:
1162 3467 1283 3510 cum
1313 3449 1472 3506 Patre
1500 3433 1833 3510 thttalitatis.
1857 3427 1934 3484 llli
1965 3437 2114 3478 nam-

528 3582 633 3638 que
666 3560 935 3622 dicebant,
985 3557 1203 3623 peccata
1231 3540 1501 3596 dimittere
1524 3532 1682 3586 unius
1710 3525 1802 3582 Dei
1831 3534 1951 3577 esse
1984 3534 1996 3570 :
2030 3514 2115 3568 hic

1243 3635 1275 3638 -Α
1340 3631 1350 3638 ·
1403 3631 1414 3638 ·
1562 3623 1574 3638 ι
1611 3628 1754 3638 κη.--
1801 3605 2115 3638 -i:...t....:.L

528 3605 658 3714 vicre
679 3670 783 3710 non
811 3647 968 3704 modo
987 3605 1202 3714 peccata
1227 3631 1462 3696 dimittit,
1484 3623 1577 3680 sed
1605 3628 1760 3676 antea
1800 3610 1940 3667 aliud
1960 3605 2116 3678 quid-

535 3707 930 3822 piant—eahibet,
958 3707 1098 3806 quod
1113 3729 1267 3786 unius
1292 3723 1385 3778 Dei
1403 3730 1503 3782 est,
1527 3711 1669 3785 quod
1693 3719 1884 3776 nempe
1913 3707 2118 3758 secreta

533 3795 712 3898 get-dis
740 3832 957 3892 revelet.
987 3827 1170 3895 Neque
1193 3817 1334 3874 enim
1361 3813 1411 3868 id
1436 3807 1576 3881 quod
1596 3801 1897 3874 cogitabant
1925 3795 1978 3849 in
2009 3805 2119 3845 me-

535 3935 683 3990 dium
729 3884 1158 3999 protulerunt.-3.
1191 3911 1322 3966 Ecce
1347 3949 1362 3972 ,
1393 3901 1562 3974 inquit
1588 3941 1602 3964 ,
1629 3895 1835 3964 quidam
1861 3890 1923 3943 de
1948 3884 2122 3941 scribis

1370 3997 1374 3999 ⁴
1589 3991 1601 3999 ·
1678 3986 1734 3999 "-
1835 3981 1845 3992 '
1881 3997 1931 3999 η-
1985 3975 2003 3999 Ι
2025 3989 2121 3999 .-ηρ

539 3975 1012 4078 daturcum-intrata
1035 4023 1054 4062 :
1087 4005 1179 4059 Hic
1210 3997 1546 4069 blasphemat.
1577 3991 1629 4044 4.
1672 3986 1735 4040 Et
1774 3981 1934 4038 sciens
1971 3975 2122 4029 Jcsus

539 4111 865 4184 cogitationes
910 4117 1102 4163 eorum,
1136 4095 1261 4150 dixit
1297 4107 1313 4145 :
1347 4085 1481 4154 Quid
1511 4099 1596 4136 vos
1621 4074 1851 4156 c.itatis
1889 4069 2027 4123 mala
2071 4067 2126 4119 in

1532 4175 1544 4184 .
1664 4168 1752 4184 η.
1806 4165 1867 4184 ,η
1920 4164 2121 4184 nam“

543 4164 776 4262 eoi-dibus
806 4193 1016 4252 vestris?
1047 4187 1197 4256 Quod
1234 4193 1409 4237 autem
1458 4175 1614 4230 unius
1664 4168 1756 4223 Dei
1802 4165 1873 4219 sit
1920 4164 2123 4215 secreta

546 4311 727 4357 nosse,
763 4290 884 4346 audi
917 4281 1228 4356 prophetam
1259 4274 1522 4328 dicentem
1552 4283 1566 4319 :
1599 4262 1674 4317 Tu
1704 4257 1834 4314 nosti
1863 4252 2020 4309 corda
2047 4264 2130 4302 so-

548 4395 628 4446 lus
655 4385 748 4457 (ἓ.
783 4341 958 4436 Parui.
991 4341 1042 4429 ϐ’.
1074 4371 1211 4437 '50);
1257 4374 1312 4419 et
1337 4373 1544 4417 rursum
1570 4397 1586 4422 ,
1632 4353 1876 4408 Scrutaris
1906 4341 2060 4398 corda
2083 4349 2130 4393 et

548 4437 857 4538 reiie‘steus
886 4468 1064 4542 (l’sal.
1087 4466 1137 4517 Ἰ.
1169 4462 1235 4516 10
1253 4458 1293 4530 ).
1322 4451 1578 4510 lcremias
1601 4460 1727 4500 vero
1755 4443 1829 4496 ait
1858 4458 1871 4493 :
1904 4437 2132 4507 Profun-

553 4581 674 4632 dum
717 4587 803 4627 cor
828 4577 900 4623 est
929 4577 1032 4634 prae
1059 4556 1306 4615 omnibus,
1338 4559 1383 4602 et
1424 4547 1570 4599 homo
1593 4549 1687 4603 est,
1737 4545 1783 4590 et
1812 4533 1922 4604 quis
1969 4535 2136 4583 noscet

689 4623 836 4736 (—Jver.
868 4623 954 4712 Π..
982 4654 1016 4710 9
1035 4651 1084 4722 ,ι
1106 4658 1180 4712 et,
1213 4643 1376 4697 Homo
1401 4637 1531 4692 uidet
1557 4634 1608 4686 in
1631 4629 1778 4702 facie,
1807 4623 1945 4678 Deus
1971 4626 2138 4672 autent

1294 4733 1310 4736 ‘
1474 4729 1485 4736 ·
1515 4726 1526 4736 ·
1739 4733 1775 4736 γ-
1817 4715 1929 4736 -122-
1962 4709 2138 4736 ..ΜΛ-υ.

854 4709 1053 4816 ιζπερί
1073 4709 1264 4808 56.7).
1294 4733 1352 4788 ιιι
1381 4726 1559 4785 multis
1575 4733 1782 4793 quoque
1814 4715 1933 4771 aliis
1962 4709 2141 4764 videre

563 4860 665 4913 est,
691 4849 854 4901 Deum
885 4853 1048 4894 unum
1075 4847 1194 4888 esse
1220 4827 1310 4899 qui
1340 4829 1545 4880 mentes
1572 4811 1796 4871 noverit.
1845 4803 2144 4862 Ostendens

565 4943 744 5008 itaque
771 4950 832 4990 se
855 4933 1015 4987 Deum
1039 4939 1180 4991 esse,
1221 4915 1479 4989 aequalem
1517 4906 1685 4974 Patri,
1715 4916 1834 4974 qua:
1877 4897 1976 4968 ipsi
2005 4897 2058 4950 in
2087 4907 2146 4948 se

1438 5004 1468 5008 -.
1514 5003 1525 5008 -
1580 5001 1592 5008 .
1762 4995 1791 5008 ..
2011 4987 2144 5008 ..μη

563 5015 885 5101 cogitabant.
903 5037 966 5077 ac
991 4987 1180 5075 timore
1208 4987 1557 5067 multitudinis
1580 5001 1630 5055 in
1658 4995 1887 5052 medium
1911 4987 2148 5061 proferre

1390 5099 1398 5101 _
1702 5088 1744 5101 ,,
1804 5095 1813 5101 Α
1918 5097 1934 5101 Α
1959 5078 2104 5101 ,ωτι

857 5078 884 5085 ν,

567 5138 673 5178 non
702 5115 987 5176 audebant,
1017 5110 1132 5178 ipse
1170 5099 1428 5160 revelavit
1476 5104 1532 5150 et
1576 5088 1852 5146 manifesta
1884 5078 2146 5142 reddidit,

570 5225 814 5283 magnam
854 5205 941 5260 hic
967 5213 1174 5272 quoque
1199 5193 1360 5250 animi
1391 5190 1660 5245 lenitatem
1688 5176 1993 5234 ostendens.
2019 5169 2149 5224 Nam

574 5261 792 5283 "'“D"“"
986 5261 1000 5272 ι
1091 5261 1106 5270 .

574 5309 651 5362 ait
678 5322 692 5361 :
725 5300 859 5370 Quid
887 5293 1114 5367 cogitatis
1157 5289 1296 5343 mala
1332 5285 1386 5339 in
1425 5279 1656 5336 cordibus
1682 5269 1894 5328 vestris?
1922 5266 2079 5321 Certe
2109 5261 2152 5315 si

573 5392 838 5470 indignari
861 5383 1162 5462 quempiam
1192 5375 1488 5450 oportebat,
1517 5383 1715 5440 aegrum
1736 5362 1885 5434 quasi
1914 5357 2154 5412 tlclusum

1357 5466 1388 5470 ”
1604 5461 1616 5470 ⁸
1656 5459 1667 5470 ¹
1730 5455 1762 5470 "
1823 5454 1834 5470 ¹
1868 5445 2154 5470 -ι--.ι-..1...-.

575 5507 672 5562 par
687 5445 798 5544 iuit
825 5445 1041 5550 indigne
1065 5445 1316 5533 terrm-ar.
1339 5466 1516 5520 dicere
1545 5480 1558 5515 :
1590 5459 1671 5514 Ad
1697 5454 1837 5510 aliud
1864 5445 2156 5505 sanandum

580 5539 663 5562 ι---
701 5539 794 5544 --ν
936 5539 966 5550 ..

580 5580 796 5642 venisti,
822 5571 963 5632 aliud
987 5579 1040 5624 tu
1063 5561 1261 5622 curas?
1284 5559 1547 5615 undenam
1577 5550 1706 5606 mihi
1736 5543 1991 5616 liquidum
2033 5539 2158 5602 erit,

524 5727 528 5730 .
585 5674 800 5727 diruisse
823 5663 950 5721 mihi
973 5649 1358 5726 essepeccata?
1389 5646 1538 5701 Nunc
1555 5651 1734 5699 autem
1763 5637 1850 5692 ille
1881 5631 2009 5689 nihil
2035 5629 2162 5684 dicit

524 5758 527 5760 ’
589 5757 914 5831 hujusmodi,
932 5752 1024 5810 sed
1045 5723 1346 5807 incurantis
1366 5745 1680 5813 potestatem
1707 5748 1766 5788 se
1785 5727 1942 5786 tradit
1962 5744 1976 5795 ;
1995 5723 2048 5780 hi
2065 5739 2160 5779 au-

1245 303 1299 360 S.
1344 293 1618 356 JOAN’NIS
1655 273 2129 344 CHRYSOSTOMI
2173 273 2482 329 ARCIIIEP.
2523 270 3059 328 CONSTANTINOP.

3636 270 3742 326 360

2156 399 2258 442 tem
2286 386 2518 457 perversi
2549 398 2598 441 et
2629 386 2824 448 invidi,
2848 385 3074 440 aliorum
3105 383 3376 438 beneficiis
3402 383 3742 440 insidiantur.

2153 483 2276 538 ideo
2303 483 2447 552 ipsos
2466 497 2584 535 cum
2612 481 2757 534 onmi
2798 488 2972 535 tamen
3004 479 3220 533 lenitate
3262 479 3499 542 corripit.
3532 478 3662 532 Nam
3697 479 3744 532 si

2155 591 2261 630 non
2299 575 2516 630 creditis
2540 615 2554 639 ,
2597 574 2804 645 inquit,
2835 573 2977 628 dicto
3015 574 3185 641 primo
3207 614 3220 633 .
3249 571 3667 642 jactantiamqne
3690 572 3746 626 id

2156 683 2278 725 esse
2303 667 2519 736 putatis,
2543 681 2669 722 ecce
2692 667 2801 735 jam
2827 664 2966 720 aliud
3000 665 3121 719 huic
3149 667 3380 733 adjungo
3411 666 3448 727 '.
3486 666 3626 735 quod
3655 680 3748 718 se-

2157 769 2300 814 creta
2331 769 2504 813 vestra
2542 757 2807 822 rei-clem;
2843 757 2909 811 ad
2939 757 3051 811 bare
3079 757 3292 811 tertium
3320 757 3531 826 adjicio.
3559 756 3752 823 Quod-

2159 866 2281 906 nam
2313 851 2438 905 illud
2456 851 2479 904 ?
2499 849 2649 917 Quod
2673 849 2944 920 paralytici
2966 863 3160 919 corpus
3180 849 3385 902 ﬁrmum
3407 849 3648 902 reddam.
3672 850 3758 903 Ac

2163 941 2376 1011 quando
2406 941 2750 1012 paralyticum
2776 939 3164 1009 alloquebatur.
3197 954 3302 992 non
3339 940 3481 992 clare
3513 947 3757 1007 potesta-

2169 1041 2273 1086 tem
2323 1046 2472 1086 suam
2503 1031 2580 1086 sic
2606 1030 2914 1093 declaravit,
2945 1045 3045 1084 nec
3065 1030 3196 1084 dixit
3221 1072 3235 1090 ,
3263 1030 3478 1083 Dimitto
3503 1029 3597 1084 tibi
3631 1045 3764 1099 pec-

2167 1131 2313 1226 cata;
2337 1121 2451 1226 sed,
2474 1121 2821 1225 .Dimittuntur
2844 1121 2932 1175 tibi
2960 1131 3179 1192 peccata.
3211 1121 3322 1176 Illis
3348 1132 3522 1176 antem
3555 1137 3762 1192 cogen-

2171 1215 2330 1316 tibus,
2361 1213 2555 1268 clarius
2583 1227 2733 1267 suam
2761 1214 3004 1268 enuntiat
3043 1222 3380 1280 potestatem,
3431 1215 3653 1268 dicens:
3690 1213 3768 1269 Ut

2170 1306 2359 1408 sciatis,
2393 1306 2512 1408 quia
2532 1313 2822 1376 potestatem
2870 1305 3016 1359 habet
3056 1303 3105 1356 F
3107 1305 3224 1358 ilius
3267 1305 3484 1357 hominis
3533 1307 3586 1358 in
3627 1318 3770 1358 terra

2174 1397 2456 1451 dimittendi
2510 1406 2735 1465 peccata.
2790 1395 2978 1451 Viden’
3004 1405 3260 1466 quantum
3309 1396 3482 1457 abest.
3531 1405 3591 1449 ut
3633 1397 3773 1449 nolit

2174 1487 2393 1591 aqualis
2419 1486 2822 1591 Patri'rcputari
2843 1487 2866 1540 ?
2889 1486 3003 1540 Non
3031 1487 3174 1542 enim
3203 1486 3334 1540 dixit
3359 1504 3372 1538 :
3403 1485 3568 1540 Filius
3590 1487 3772 1540 homi-

2179 1581 2260 1634 nis
2284 1579 2390 1633 alio
2414 1592 2547 1648 opus
2574 1578 2770 1642 habet;
2802 1593 2973 1647 neque
2998 1577 3128 1632 dicit
3153 1618 3167 1640 .
3217 1577 3371 1633 Dedit
3416 1579 3489 1632 illi
3535 1588 3775 1647 potesta-

2181 1678 2322 1728 tem:
2349 1671 2464 1736 sed,
2489 1669 2792 1724 l’otcstatem
2811 1669 2977 1722 habet.
2997 1668 3178 1738 Neque
3199 1669 3326 1722 illud
3355 1683 3420 1722 ex
3443 1669 3582 1722 fastu
3603 1668 3736 1722 dicit
3760 1688 3776 1723 :

2181 1763 2285 1820 Sed
2304 1761 2522 1818 utvobis
2543 1763 2908 1832 persuadeam,
2931 1762 3118 1830 inquit,
3142 1777 3228 1816 me
3249 1777 3352 1815 non
3375 1760 3752 1829 blasphemare

2194 1802 2285 1820 αν..
2304 1802 2359 1818 υ..
2380 1802 2522 1818 ww
2544 1802 2908 1832 γ..υ.............,
2933 1802 3118 1830 ....,....,
3142 1802 3227 1816 ...ν
3530 1802 3750 1814 ..-........

2194 1878 2318 1918 cum
2349 1876 2436 1916 me
2463 1859 2602 1914 facio
2629 1857 2891 1928 :equalem
2924 1854 3030 1909 Deo
3048 1854 3090 1905 '.
3115 1852 3326 1922 Ubique
3355 1802 3655 1906 enimrvnlt
3681 1802 3781 1905 de:

2197 1951 2617 2007 monstrationes
2633 1948 2869 2018 prtebere
2885 1947 3061 2001 claras
3075 1946 3454 2013 ﬁrmasque,ut
3472 1958 3599 1997 cum
3615 1943 3780 1997 dicit:

2211 2042 2370 2106 Vade,
2394 2038 2599 2093 ostende
2617 2049 2664 2092 te
2683 2035 2943 2091 sacerdoti
2967 2034 3186 2104 (Matth.
3222 2034 3276 2088 8.
3311 2034 3380 2102 4)
3406 2054 3416 2086 :
3448 2047 3792 2098 sacrumque

2199 2133 2340 2190 Petri
2379 2131 2596 2188 exhibet
2640 2129 3058 2193 ministrantem,
3088 2143 3154 2182 ac
3193 2142 3390 2196 porcos
3447 2125 3787 2195 praecipitari

2201 2224 2462 2329 permittit
2491 2224 2532 2276 ³.
2572 2221 2663 2278 Sic
2716 2231 2772 2276 et
2813 2235 2990 2285 nunc,
3040 2219 3382 2274 remissionis
3425 2229 3789 2286 peccatorum

2194 2317 2403 2388 signum
2416 2317 2600 2372 statuit
2615 2315 2856 2386 corporis
2872 2314 3232 2370 valetudinem
3251 2330 3264 2375 ;
3290 2311 3612 2366 valetudinis
3631 2323 3791 2372 vero,

2196 2408 2338 2478 quod
2365 2406 2680 2480 grabbatum
2711 2408 2880 2470 tollat,
2910 2421 2977 2461 ne
3005 2413 3280 2476 putaretur
3307 2404 3356 2456 id
3403 2402 3542 2471 quod
3576 2411 3799 2471 gestum

2197 2507 2316 2603 erat
2345 2497 2652 2603 phantasma
2695 2511 2834 2552 esse.
2863 2497 3046 2566 Neque
3086 2497 3228 2565 prius
3283 2492 3411 2547 illud
3459 2491 3602 2553 fecit,
3628 2505 3802 2560 quam

2200 2591 2344 2696 ipsos
2370 2592 2768 2660 interrogasset.
2793 2591 2845 2644 5.
2867 2589 3001 2656 Quid
3027 2600 3119 2652 est,
3146 2587 3335 2656 inquit,
3361 2585 3564 2653 facilius
3587 2583 3762 2635 dicere
3779 2596 3802 2635 :

2204 2684 2538 2738 Dimittuntur
2579 2684 2669 2737 tibi
2708 2691 2943 2752 peccata,
2973 2699 3041 2735 an
3080 2682 3246 2734 dicere
3268 2722 3284 2747 ,
3315 2679 3456 2733 Tolle
3492 2677 3808 2748 grabbatsnu

2206 2788 2368 2881 tuum,
2396 2787 2442 2830 et
2469 2777 2593 2830 vade
2620 2778 2670 2830 in
2697 2777 2900 2829 domum
2929 2775 3104 2829 tuam?
3125 2773 3275 2842 Quod
3304 2781 3480 2827 autem
3509 2771 3660 2832 dicit,
3697 2769 3808 2824 htt-

2201 2870 2431 2939 jusmotli
2461 2879 2541 2923 est
2570 2887 2582 2922 :
2617 2867 2750 2936 Quid
2785 2866 2932 2921 vobis
2956 2866 3160 2920 videtur
3191 2864 3392 2918 facilius
3419 2877 3563 2925 esse,
3601 2873 3813 2930 corpus

2206 2961 2520 3017 dissolutum
2546 2960 2776 3022 lii-tuarc,
2801 2966 2889 3012 aut
2907 2958 3095 3011 anima:
3119 2963 3328 3026 peccata
3351 2951 3654 3008 dimittere?
3673 2950 3818 3006 Cor-

2210 3069 2310 3123 pus
2337 3053 2546 3106 ﬁrmare
2567 3059 2729 3107 certe.
2757 3050 2965 3117 Quanto
2985 3050 3126 3103 enim
3152 3047 3325 3100 anima
3350 3045 3699 3116 praestantior
3731 3053 3819 3098 est

2211 3159 2467 3248 corpore,
2502 3154 2645 3198 tanto
2677 3153 2886 3212 peccata
2914 3141 3184 3195 dimittere
3229 3140 3396 3208 majus
3435 3149 3516 3192 est
3557 3137 3820 3206 corporis

2211 3237 2486 3292 curatione
2519 3235 2650 3290 :sed
2693 3233 2812 3303 quia
2861 3232 2986 3287 illud
3025 3231 3310 3295 occultum,
3344 3229 3445 3284 hoc
3484 3229 3822 3282 veromani-

2214 3329 2406 3434 festum
2431 3338 2532 3434 est,
2558 3327 2750 3396 adjicio
2777 3327 2825 3380 id
2849 3325 2987 3394 quod
3017 3327 3192 3380 minus
3221 3332 3322 3385 est.
3342 3324 3433 3377 sed
3465 3322 3742 3391 apertius,
3765 3329 3825 3375 ut

2765 3431 2774 3434 _
2824 3418 2854 3434 I.
2966 3431 3052 3434 _,,_
3095 3425 3163 3434 _,.
3236 3413 3454 3434 _.,,__L---
3485 3412 3690 3434 l‘,.-.--__.
3727 3409 3792 3434 ΔΑ

2219 3422 2270 3476 id
2309 3421 2447 3492 quod
2479 3420 2648 3490 majus
2687 3418 3059 3486 occultumque
3086 3425 3169 3470 est
3192 3456 3207 3480 ,
3236 3429 3330 3484 per
3357 3413 3457 3466 hoc
3483 3412 3695 3465 factum
3723 3409 3824 3465 de-

2217 3522 2560 3575 monstretur,
2585 3511 2692 3581 jam
2722 3510 2865 3581 prius
2887 3508 3136 3578 operibus
3154 3506 3394 3560 revelan“
3417 3505 3467 3558 id
3485 3504 3625 3574 quod
3650 3504 3827 3558 Joan-

2222 3621 2317 3660 nes
2359 3604 2585 3670 dixerat,
2617 3603 2715 3668 Qui
2763 3602 2891 3654 tollit
2914 3610 3117 3670 peccata
3142 3598 3318 3650 mundi
3347 3597 3366 3668 (
3391 3594 3551 3649 Joau.
3598 3597 3652 3649 1.
3685 3595 3764 3649 29
3787 3603 3825 3662 ).

2293 3699 2345 3754 5.
2363 3699 2492 3754 Cum
2515 3696 2691 3763 itaque
2709 3693 2859 3762 jussu
2881 3692 3044 3761 ip-ius
3061 3689 3395 3749 surrexisset,
3411 3688 3630 3740 domum
3669 3686 3829 3739 illum

2224 3792 2468 3846 remisit:
2498 3788 2583 3843 hic
2624 3801 2832 3845 rursum
2876 3783 3197 3846 ostendens,
3243 3796 3454 3850 quatna
3498 3779 3641 3832 fastu
3675 3788 3831 3832 esset

2225 3886 2449 3949 alienus,
2473 3896 2690 3952 remque
2713 3881 2852 3934 illam
2880 3878 3187 3947 phantasma
3213 3890 3315 3928 non
3335 3873 3531 3928 fuisse:
3559 3873 3664 3927 bos
3685 3874 3833 3928 enim

2227 3989 2282 4036 et
2303 3978 2469 4034 morbi
2497 3987 2550 4033 et
2570 3975 2811 4032 sanitatis
2834 3969 2996 4029 testes
3019 3971 3251 4025 adhibet.
3273 3969 3387 4037 Ego
3399 3967 3616 4038 quidem
3643 3976 3838 4037 Optas-

2228 4085 2363 4134 Sem,
2397 4069 2585 4140 inquit,
2617 4082 2711 4137 per
2742 4064 2982 4119 morbum
3025 4072 3168 4115 tuum
3197 4076 3310 4123 eos,
3340 4059 3428 4130 qui
3457 4057 3574 4112 sani
3603 4058 3839 4126 quidem

2231 4165 2496 4228 videntur,
2527 4162 2620 4219 sed
2658 4160 2833 4214 anima
2875 4163 3156 4227 mgrotant,
3189 4169 3378 4208 sanare
3407 4153 3573 4222 :quia
3611 4166 3761 4206 vero
3792 4151 3841 4205 id

2235 4252 2592 4314 nolunt.Vade
2617 4253 2668 4304 iu
2693 4251 2917 4313 domum,
2945 4257 3001 4302 ut
3041 4261 3135 4303 eos
3164 4245 3252 4315 qni
3292 4245 3361 4299 ibi
3391 4255 3515 4298 sunt
3541 4242 3843 4298 emendes.

2236 4351 2398 4407 Vides
2428 4346 2695 4420 quomodo
2724 4342 2969 4398 ostendat
2992 4355 3051 4396 se
3071 4348 3126 4395 et
3143 4339 3333 4392 animm
3358 4346 3411 4391 et
3438 4336 3699 4404 corporis
3727 4349 3850 4388 esse

2239 4443 2571 4499 creatorem?
2587 4437 2869 4504 Utriusque
2881 4433 3022 4489 enim
3045 4430 3352 4486 substantim
3367 4427 3636 4498 paralysin
3662 4433 3849 4486 sanat.

2241 4547 2294 4591 et
2323 4535 2464 4606 quod
2504 4531 2765 4587 occultum
2795 4537 2929 4591 erat,
2961 4540 3025 4580 ex
3056 4538 3122 4579 eo
3164 4521 3305 4593 quod
3336 4519 3691 4574 manifestum
3741 4529 3851 4582 est,

2245 4638 2424 4684 notum
2452 4625 2592 4680 iacit.
2622 4625 2864 4677 Attamen
2887 4619 2958 4672 illi
2990 4616 3164 4671 adhuc
3204 4614 3349 4669 humi
3377 4613 3642 4683 rcpcbant
3677 4633 3693 4668 :
3728 4628 3854 4665 nam

2246 4722 2297 4777 8.
2334 4719 2751 4782 Gloriﬁcaverunt
2803 4712 2986 4775 Deum,
3026 4709 3217 4779 inquit,
3263 4707 3348 4777 qui
3375 4705 3509 4758 dedit
3533 4713 3855 4774 potestatem

2247 4813 2398 4866 talem
2431 4806 2746 4868 hominibus;
2772 4803 2899 4874 ipsis
2924 4801 3064 4856 enim
3105 4813 3230 4854 caro
3252 4794 3555 4852 resistebat.
3590 4794 3699 4849 llle
3729 4809 3860 4848 vero

2251 4921 2354 4959 non
2382 4899 2800 4971 inerepaviteos,
2831 4892 2922 4949 sed
2953 4891 3171 4962 prodest
3195 4898 3370 4944 tamen
3405 4886 3534 4946 illis.
3560 4900 3662 4954 per
3687 4898 3860 4954 opera

2252 4997 2508 5059 excitans,
2534 5005 2824 5058 eorumque
2847 4986 3078 5040 animum
3109 4983 3159 5036 in
3186 4979 3410 5035 sublime
3435 4977 3682 5046 erigens.
3717 4975 3859 5030 lute-

2255 5092 2356 5147 rim
2385 5101 2512 5142 vero
2539 5101 2642 5139 non
2673 5096 2892 5154 parvum
2922 5087 3057 5140 erat,
3101 5072 3240 5145 quod
3289 5071 3530 5125 omnium
3572 5068 3865 5121 hominum

2258 5184 2519 5239 maximus
2546 5177 2850 5238 haberetur,
2875 5169 3120 5242 quodque
3141 5183 3170 5220 a
3197 5167 3308 5220 Deo
3333 5161 3516 5215 venire
3547 5170 3866 5230 putaretur.

2258 5278 2389 5333 Nam
2412 5275 2454 5328 si
2481 5274 2593 5326 hate
2614 5269 2836 5323 iirmitcr
2865 5274 3042 5318 mente
3096 5260 3413 5314 tenuissent.
3441 5253 3667 5321 paulum
3701 5249 3869 5322 proft-

2260 5370 2461 5424 cientes
2497 5363 2833 5433 (igitOVlS\Ctll
2873 5357 3042 5424 ipsum
3065 5365 3183 5405 esse
3212 5349 3300 5402 Dei
3333 5345 3547 5399 Filium.
3606 5341 3726 5396 Sed
3762 5343 3870 5394 ha-c

2263 5478 2368 5516 non
2415 5457 2633 5513 firmiter
2678 5453 3029 5510 retinuerunt,
3062 5445 3289 5512 ideoque
3336 5437 3594 5492 accedere
3623 5451 3746 5489 non
3779 5449 3869 5504 po-

2333 5603 2350 5670 ξ
2386 5599 2479 5670 alii
2501 5595 2701 5670 habent.
2725 5589 2871 5670 qtiud.
2883 5587 3085 5670 signari;
3093 5578 3207 5631 huic
3223 5576 3454 5641 adjungo.

2332 5666 2353 5730 ξ
2508 5659 2696 5719 legunt.
2717 5655 2888 5730 ~(Patri,
2911 5666 3017 5716 pro,
3049 5649 3162 5698 Deo.

2335 5728 2356 5758 ³
2389 5722 2502 5782 Alii,
2524 5715 2824 5784 pi'a'ctpitm'i
2855 5715 2997 5769 iubet.
