4050 6220
351 396 446 452 561

353 522 568 566 tnerunl
588 511 676 582 (a).
715 511 940 566 Rursum
969 507 1108 561 enim
1127 504 1372 559 dicebant
1401 520 1413 555 :
1446 499 1542 554 llic
1570 500 1719 552 homo
1741 511 1839 548 non
1861 503 1932 547 est

353 620 383 655 α
410 602 727 673 Deo(Joan.
761 604 814 656 9.
854 600 992 670 16);
1023 609 1098 660 et,
1158 593 1423 663 Quomodo
1469 592 1549 645 hic
1592 607 1624 642 (ι
1670 588 1776 642 Deo
1816 587 1934 640 est?

356 694 582 763 Harcqne
621 695 925 762 frequenter
965 688 1264 752 versabant,
1317 685 1401 738 illa
1427 683 1674 736 vitiorum
1719 692 1934 732 suorum

357 786 583 854 tegmina
605 783 958 838 obtendentes
989 800 1000 834 :
1033 779 1170 849 quod
1188 779 1346 833 etiam
1375 790 1517 830 nunc
1535 772 1681 826 multi
1714 769 1934 834 facium,

357 891 442 945 qut
470 876 594 929 duttt
628 877 791 929 Deum
826 874 1094 928 vindicare
1120 870 1386 927 videntur.
1418 865 1528 920 suis
1564 862 1836 930 indulgent
1861 857 1940 910 af-

355 967 600 1032 fectibus,
658 981 778 1018 eum
827 972 1095 1034 oporteret
1137 962 1312 1014 omnia
1359 974 1479 1012 cum
1539 951 1941 1008 mansuetudine

359 1067 608 1112 tractare.
644 1058 850 1111 Etenim
902 1057 1266 1109 universorum
1311 1051 1468 1113 Deus,
1507 1045 1595 1116 qni
1640 1044 1836 1098 fulmen
1865 1039 1943 1093 vi-

360 1150 513 1203 hrare
536 1158 708 1217 poteSl
731 1149 780 1202 iIt
813 1162 908 1201 eos
952 1146 1040 1214 qtti
1074 1144 1244 1214 ipsum
1277 1137 1622 1208 blasphemiis
1653 1135 1938 1202 impetunt,

358 1239 528 1293 solent
554 1253 706 1292 suum
737 1238 864 1292 oriri
913 1247 1084 1299 curat,
1138 1233 1336 1287 imbres
1388 1229 1619 1290 emittit,
1649 1233 1946 1289 ca-teraque

359 1330 536 1384 omnia
569 1329 783 1397 largiter
809 1326 1112 1396 suppeditat
1143 1340 1157 1375 :
1187 1337 1345 1393 quem
1371 1317 1564 1373 imitari
1591 1330 1686 1369 nos
1712 1319 1943 1381 oportet,

359 1436 547 1490 rogare
575 1434 782 1488 nempe,
814 1432 1050 1480 monere,
1077 1415 1352 1468 instituere
1367 1426 1487 1466 eum
1518 1403 1944 1468 mansuetudine,

362 1530 468 1567 non
498 1514 677 1579 irasci,
723 1527 823 1566 nec
853 1509 1085 1566 efferari.
1114 1508 1296 1574 Neque
1325 1503 1464 1558 enim
1509 1517 1573 1555 ex
1624 1494 1948 1565 blaSpbemia

359 1604 487 1673 quid
517 1604 821 1656 nocumenti
848 1601 914 1655 ad
940 1601 1103 1653 Deum
1133 1597 1356 1658 accedit,
1391 1601 1448 1646 nt
1475 1601 1530 1645 ιιι
1557 1588 1947 1648 exeandescas;

362 1696 457 1748 sed
488 1695 576 1764 qui
605 1693 993 1764 blasphemavit
1023 1693 1134 1760 ipse
1159 1691 1349 1742 vulnus
1379 1685 1604 1753 accepit.
1644 1681 1825 1749 Itaque
1871 1682 1950 1731 itt-

363 1787 617 1855 gemisce,
646 1786 941 1855 lacrymare
971 1801 981 1834 :
1024 1781 1276 1852 lacrymis
1321 1779 1464 1832 enim
1501 1777 1716 1845 dignum
1743 1772 1952 1827 esthoc

367 1877 572 1939 vitium,
600 1877 684 1929 cui
705 1873 942 1929 curando
974 1872 1176 1927 nullum
1215 1867 1617 1922 mansuetudine
1645 1865 1835 1918 tuelius
1862 1876 1951 1915 re-

367 1967 618 2022 medium.
648 1963 996 2020 Mansuetudo
1015 1963 1209 2033 quippe
1237 1960 1380 2015 omni
1410 1957 1656 2011 violentia
1686 1955 1954 2025 potentior

365 2068 470 2112 est.
499 2057 626 2112 Vide
651 2057 806 2126 igitur
831 2053 1098 2126 quomodo
1134 2054 1180 2106 is
1207 2053 1340 2120 ipse,
1363 2050 1451 2118 qui
1475 2047 1666 2116 injuria
1695 2045 1948 2107 afficitur,

369 2157 425 2202 et
463 2149 513 2201 in
555 2147 719 2200 veteri
750 2157 804 2200 et
845 2147 896 2199 in
937 2160 1073 2197 nova
1115 2147 1234 2211 lege
1275 2141 1521 2210 loquatur
1564 2154 1577 2192 :
1626 2137 1693 2190 ibi
1739 2135 1952 2204 quidem

370 2241 554 2296 dicens
586 2258 599 2293 :
626 2240 822 2309 Papule
852 2255 1009 2298 meus,
1049 2237 1170 2304 quid
1193 2235 1286 2303 Ieci
1329 2234 1415 2286 tibi
1450 2229 1648 2301 (Miclt.
1677 2229 1729 2283 6.
1755 2230 1789 2283 5
1809 2225 1872 2298 )‘!
1903 2228 1952 2281 in

377 2347 514 2386 no\a
544 2342 744 2392 autem,
767 2331 946 2390 Saule,
969 2326 1282 2396 Saule,quid
1311 2341 1388 2378 me
1412 2323 1717 2394 persequeris
1735 2321 1869 2393 (Act.
1898 2319 1954 2375 9.

372 2423 404 2476 4
422 2423 479 2491 )?
506 2423 701 2476 Paulus
728 2423 849 2475 item
877 2420 1028 2488 jubet
1053 2417 1386 2472 adversarios
1406 2430 1525 2468 cum
1549 2412 1957 2467 mansuetudine

371 2515 644 2584 corripere
683 2514 770 2582 (2.
805 2513 934 2566 Tim.
986 2512 1039 2564 2.
1096 2508 1222 2578 9.4).
1273 2507 1389 2578 Ipse
1434 2520 1644 2575 queque
1692 2505 1954 2568 Clu-istos,

370 2606 585 2674 quando
609 2614 951 2660 accesserunt
995 2601 1258 2670 discipuli,
1310 2609 1558 2667 rogantes
1589 2605 1646 2650 ut
1693 2597 1864 2666 ignem
1891 2595 1960 2651 de

371 2697 508 2750 czelo
530 2698 821 2758 emitteret,
877 2695 1221 2749 vehementer
1263 2690 1555 2756 increpavit
1603 2703 1697 2742 eos
1738 2689 1958 2757 dicens,

377 2786 598 2841 Nescitis
622 2789 770 2856 cujus
787 2787 993 2857 spiritus
1017 2786 1133 2840 estis
1150 2800 1233 2837 vos
1259 2781 1405 2851 (Luc.
1434 2778 1485 2833 9.
1509 2779 1634 2848 at).
1660 2777 1755 2831 llic
1781 2787 1958 2832 autem

375 2893 482 2931 non
512 2879 638 2932 dicit
664 2879 793 2947 ipse,
823 2879 867 2932 0
892 2877 1201 2932 exsecrandi
1243 2885 1297 2930 et
1344 2869 1789 2944 prtesugiatorcs!
1819 2885 1852 2922 o
1881 2870 1961 2922 itt-

376 2970 480 3023 vidi
508 2979 561 3024 et
613 2970 883 3023 hominum
913 2969 1100 3023 salutis
1153 2968 1386 3023 inimici!
1431 2968 1548 3036 sed,
1574 2970 1708 3038 Quid
1735 2969 1962 3040 cogitatis

439 3083 512 3142 (α)
547 3081 600 3130 Ill
624 3089 802 3138 61⁸3³00,
829 3089 887 3145 διὸ
907 3097 1014 3131 τοῦτο
1029 3090 1112 3131 οὗδὶ
1130 3093 1336 3145 πρασιλθιῐν
1357 3089 1599 3145 ἠδυνήθησαν,
1629 3095 1741 3145 quae
1763 3084 1832 3132 SlC
1851 3098 1962 3131 CC“-

380 3145 501 3206 verti
535 3145 752 3192 debent:
785 3144 986 3202 Ideoque
1034 3144 1142 3192 ultci
1158 3144 1233 3192 ius
1270 3143 1499 3206 progredi
1535 3158 1627 3194 non
1647 3143 1915 3206 'potuerunt
1942 3157 1961 3195 :

376 3205 558 3253 St'tlieet
585 3218 676 3253 non
715 3211 973 3266 potuerunt
1017 3219 1078 3254 eo
1109 3206 1335 3268 progredi
1371 3205 1427 3254 ιιι
1457 3205 1760 3255 divinitatem
1785 3207 1962 3258 (Ἀπιδιί

377 3275 719 3328 agnoscerent.

1307 383 1372 438 ΙΝ
1406 378 1811 438 ΔΙΛΤΤΙΙΛΞΠΜ
1851 373 2079 431 llOMlL.
2120 374 2290 429 XXX.
2333 375 2403 428 al.
2448 373 2639 430 XXXI.

3516 369 3618 426 569

2038 492 2174 543 mala
2201 491 2253 542 in
2290 490 2522 544 cordibus
2545 490 2715 543 vestris
2738 489 2754 558 (
2782 489 2966 542 ΜιιιιΙι.
3001 489 3086 543 15.
3113 490 3180 544 50
3198 486 3254 557 )?
3280 488 3500 554 Oportet
3527 491 3620 554 igi-

2040 591 2261 636 turetnn
2294 583 2697 636 mansuetudine
2741 581 2984 636 morbum
3028 596 3320 637 removere.
3351 580 3482 636 Nam
3533 585 3622 651 qui

2039 690 2105 727 cx
2133 674 2362 727 humano
2391 675 2578 729 timore
2606 675 2794 728 melior
2816 674 3062 738 efficitur,
3087 676 3191 728 cito
3211 675 3276 729 ad
3309 679 3621 745 pravitatem

2043 765 2254 817 redibit.
2289 764 2522 833 Ideoque
2546 765 2746 818 zizania
2781 766 3008 834 relinqui
3034 766 3210 833 jussit,
3255 770 3386 819 dans
3419 779 3627 835 tenqtts

2057 853 2120 905 ad
2149 853 2543 920 pmnitenliam.
2577 850 2726 904 Multi
2761 867 2996 919 namque
3019 853 3233 906 illorum
3258 855 3629 920 pmttilentiam

2056 953 2366 1012 egerunt,et
2396 943 2546 1012 probi
2575 944 2701 997 facti
2743 953 2890 1006 sunt,
2917 943 3007 1012 qui
3033 945 3269 1012 perversi
3287 946 3438 1014 prius
3453 957 3628 1014 erant,

2044 1038 2490 1108 quemadmodum
2516 1037 2728 1100 Paulus,
2755 1036 3062 1105 publicanus
3086 1077 3100 1100 ,
3135 1039 3268 1091 latro
3297 1056 3311 1093 :
3342 1055 3462 1092 nam
3491 1055 3632 1108 post-

2047 1147 2205 1199 quam
2251 1129 2452 1184 zizania
2511 1129 2740 1192 fuerant,
2789 1129 2842 1182 iit
2892 1129 3123 1182 triticum
3153 1139 3416 1184 tuaturum
3445 1133 3632 1187 mutati
3661 1161 3684 1172 κ

2050 1234 2192 1278 5ιιιι1.
2226 1222 2280 1276 In
2310 1222 2602 1276 seminibus
2629 1231 2776 1277 certe
2804 1221 2855 1276 id
2886 1221 3000 1275 ﬁeri
3029 1221 3249 1292 nequit;
3284 1223 3335 1276 in
3362 1229 3636 1294 propasito
3695 1236 3698 1240 '

2051 1327 2106 1369 et
2134 1314 2404 1368 voluntate
2435 1313 2484 1367 id
2527 1323 2672 1367 certe
2727 1312 2877 1366 facile
2923 1321 3004 1365 est
3035 1333 3048 1368 :
3079 1328 3186 1366 non
3245 1315 3386 1366 enim
3434 1324 3636 1369 natura:

2055 1404 2426 1474 tcrminisipsa
2459 1405 2724 1474 alligatur,
2757 1404 2848 1458 sed
2881 1403 3124 1459 libertate
3150 1404 3353 1459 arbitrii
3379 1405 3637 1459 honorata

2056 1497 2173 1551 fuit.
2220 1498 2352 1552 Cum
2394 1513 2522 1567 ergo
2561 1497 2755 1551 videris
2785 1497 3021 1550 veritatis
3051 1496 3293 1560 hostem,
3323 1497 3638 1567 obsequium

2057 1591 2131 1646 illi
2164 1591 2362 1661 prtebe,
2404 1605 2588 1644 curam
2641 1590 2778 1645 illius
2827 1589 2985 1654 habe,
3032 1589 3100 1642 ad
3152 1590 3399 1646 virtutem
3456 1592 3638 1658 reduc,

2055 1687 2354 1753 exemplum
2383 1684 2504 1738 vitze
2529 1683 2787 1751 optimum
2822 1683 3081 1751 praebens,
3107 1698 3356 1737 sermone
3383 1693 3536 1738 utens
3564 1687 3650 1738 itt-

2055 1777 2288 1843 cnlpato,
2321 1775 2672 1843 patrocinium
2704 1774 2800 1841 ipsi
2834 1783 2889 1826 et
2933 1789 3116 1828 curam
3168 1773 3502 1844 impendens,
3529 1791 3641 1829 mo.

2056 1869 2182 1922 dum
2211 1883 2422 1920 onmem
2453 1866 2840 1920 emendationis
2855 1865 3168 1930 admovens,
3189 1865 3447 1921 imitando
3471 1867 3642 1922 medi-

2057 1977 2150 2014 cos
2178 1962 2426 2028 optimos,
2459 1960 2546 2029 qni
2580 1974 2682 2012 non
2739 1974 2841 2012 una
2871 1966 3072 2011 tantum
3118 1957 3398 2013 medicina}
3441 1961 3645 2016 ratione

2059 2060 2297 2113 utuntur,
2347 2049 2441 2104 sed
2484 2065 2606 2103 cum
2647 2047 2825 2101 vident
2854 2048 3004 2102 ulcus
3034 2049 3194 2117 priori
3226 2049 3514 2118 pharmaco
3541 2066 3644 2106 non

2057 2142 2270 2206 cedere,
2319 2140 2463 2194 aliud
2503 2139 2780 2210 adjiciunt,
2831 2149 2882 2193 et
2931 2148 3047 2208 post
3077 2139 3205 2193 illud
3235 2156 3442 2194 rnrsmn
3466 2141 3646 2204 aliud;

2059 2245 2112 2288 et
2141 2249 2282 2288 nunc
2306 2241 2510 2297 serant,
2544 2247 2684 2285 nunc
2709 2231 2945 2301 alligant.
2982 2230 3047 2284 Et
3076 2241 3129 2284 ttt
3154 2231 3328 2301 itaque
3349 2232 3645 2287 animarum

2062 2328 2299 2382 medicus
2323 2327 2565 2392 effectus,
2611 2324 2752 2378 omni
2786 2324 2951 2377 utaris
2979 2325 3196 2378 cnramli
3226 2326 3431 2380 ratione
3458 2341 3649 2380 seem»

2060 2419 2186 2472 dum
2211 2417 2407 2472 Christi
2439 2415 2617 2484 leges,
2646 2425 2701 2468 ut
2731 2423 2786 2469 et
2811 2413 3126 2466 salutarium
3176 2430 3401 2484 operum
3436 2425 3646 2469 tuorum

2063 2518 2116 2563 et
2139 2509 2364 2562 aliorum
2416 2516 2579 2575 parta:
2607 2506 2797 2560 salutis
2837 2504 3138 2560 mercedem
3174 2506 3424 2574 accipias,
3455 2507 3522 2560 ad
3555 2507 3647 2562 Dei

2061 2601 2282 2670 gloriam
2301 2600 2478 2654 omnia
2495 2599 2713 2663 faciens,
2745 2609 2798 2652 et
2827 2597 2950 2651 inde
2973 2598 3062 2650 tibi
3081 2598 3301 2665 gloriam
3322 2598 3612 2652 concilians
3635 2618 3647 2653 :

2065 2709 2184 2746 nam
2207 2693 2301 2757 ait,
2329 2689 2682 2758 Gloriﬁcautes
2710 2705 2788 2742 me
2815 2689 3128 2759 gloriﬁcubo,
3150 2697 3194 2741 et
3222 2690 3306 2752 qui
3332 2698 3649 2742 contemnunt

2065 2800 2161 2846 nte,
2184 2792 2562 2836 contemnemur
2589 2781 2608 2851 (
2635 2783 2680 2832 Ι.
2718 2781 2843 2848 Reg.
2875 2779 2928 2832 9..
2962 2781 3084 2848 '50).
3118 2780 3304 2833 "mnia
3355 2780 3533 2846 itaque
3583 2782 3648 2836 ad

2064 2878 2178 2943 ejus
2205 2875 2424 2942 gloriam
2456 2874 2730 2937 faciamus,
2761 2881 2817 2926 ut
2846 2873 3055 2927 beatam
3101 2873 3243 2927 illam
3275 2885 3475 2928 sortem
3517 2890 3648 2929 cou-

2063 2981 2355 3037 sequamur
2385 2983 2399 3020 :
2431 2980 2590 3035 quam
2621 2965 2821 3018 utinam
2855 2979 3045 3018 omnes
3077 2963 3455 3032 adipiscamur,
3484 2968 3649 3035 gratia

2065 3067 2120 3112 et
2173 3057 2494 3126 benignitate
2528 3056 2734 3110 Domini
2766 3055 2930 3108 nostri
2961 3055 3085 3109 .lesu
3121 3055 3336 3117 Christi,
3363 3057 3448 3110 cui
3486 3057 3650 3128 gloria

2066 3161 2120 3206 et
2151 3150 2452 3221 imperium,
2487 3150 2538 3203 in
2582 3149 2773 3203 szccula
2805 3149 3142 3202 saeculorum.
3178 3150 3368 3205 Amen.

1493 3468 1836 3529 HOMILIA
1909 3468 2123 3530 XXX.
2141 3467 2226 3529 al.
2257 3467 2500 3528 XXXI.

378 3590 504 3647 Car.
531 3591 583 3644 9.
612 3606 661 3644 ν.
693 3589 745 3644 9.
775 3587 838 3643 Et
858 3605 971 3642 cum
1001 3589 1230 3642 transiret
1255 3588 1370 3642 inde
1389 3587 1558 3653 Iesus,
1576 3589 1696 3642 vidit
1718 3590 1968 3643 hominem

449 3685 700 3739 sedentem
726 3686 778 3738 in
809 3685 1013 3746 telouio,
1042 3681 1340 3736 Matt/tantm
1367 3685 1589 3736 nomine.
1630 3681 1698 3737 Et
1738 3683 1811 3737 ait
1837 3683 1914 3737 illi
1947 3698 1966 3736 :

453 3779 674 3846 Sequere
692 3793 787 3830 me.
822 3775 887 3829 Et
908 3793 1115 3846 surgens
1132 3787 1368 3846 sequutus
1391 3786 1461 3830 est
1480 3793 1613 3830 eum.

454 3871 504 3923 1.
546 3868 806 3934 Quomodo
845 3885 933 3920 nos
961 3883 1132 3936 gerere
1158 3868 1422 3920 debeamus
1461 3883 1580 3935 erga
1626 3867 1964 3921 insidiatores.

384 3961 614 4016 illiut/cci
642 3961 832 4014 vacatio
862 3969 904 4011 rt
925 3960 1185 4012 virtus.—-
1205 3958 1428 4012 Peracto
1458 3959 1735 4022 miraculo,
1763 3972 1866 4011 non
1893 3956 1966 4011 ibi

385 4055 600 4114 tnansit,
631 4068 696 4106 ne
725 4052 814 4106 illo
842 4059 1102 4122 praesente
1144 4049 1336 4103 invidia
1385 4049 1552 4117 magis
1600 4049 1842 4111 arderet;
1873 4047 1966 4102 sed

387 4146 438 4196 in
471 4143 690 4212 gratiam
722 4144 955 4210 ipsormu
987 4141 1229 4205 recessit,
1262 4151 1319 4192 ιιι
1341 4139 1556 4191 morlms
1583 4139 1675 4190 ille
1700 4139 1968 4208 mitigare-

385 4247 490 4290 tnr.
520 4234 649 4289 lllud
679 4250 891 4303 quoque
918 4248 1015 4287 nos
1065 4232 1340 4296 faciamus,
1374 4246 1480 4282 non
1511 4227 1668 4283 simul
1695 4237 1966 4284 versantes

385 4345 506 4381 cum
537 4327 928 4391 insidiantibus,
978 4325 1073 4380 sed
1119 4339 1303 4379 cormn
1353 4320 1513 4376 ulceri
1564 4320 1964 4390 indulgeamus,

384 4419 638 4472 cedentes
666 4428 718 4471 et
748 4417 1144 4472 contentionem
1190 4415 1436 4468 vitantes.
1461 4412 1564 4467 Sed
1589 4428 1685 4466 cur
1711 4429 1814 4464 non
1843 4428 1964 4466 cum

387 4509 576 4572 Petro,
621 4508 826 4564 Joanne
880 4518 934 4562 ct
981 4508 1096 4561 aliis
1147 4506 1356 4560 vocavit
1379 4506 1543 4560 eum?
1583 4503 1648 4560 Ut
1687 4513 1812 4558 tunc
1842 4505 1967 4560 illuc

386 4601 565 4666 venit,
612 4615 732 4655 cum
786 4601 948 4654 sciret
1001 4598 1248 4653 homines
1300 4598 1762 4667 obtemperaturos
1803 4610 1961 4649 esse:

387 4692 466 4745 sic
515 4699 641 4745 tunc
688 4688 988 4744 Mattlurum
1039 4688 1267 4752 voravit,
1319 4701 1437 4742 cum
1469 4695 1814 4757 scqnuturum
1843 4699 1966 4740 eum

386 4797 509 4838 esse
559 4791 798 4836 noverat.
857 4781 1142 4848 Propterea
1187 4778 1346 4835 etiam
1387 4779 1610 4833 Paulum
1637 4787 1756 4847 post
1789 4793 1968 4832 resur-

389 4876 682 4930 rectionem
715 4873 947 4943 piscatus
987 4881 1086 4927 est.
1120 4871 1251 4926 Nam
1288 4871 1377 4941 qui
1408 4871 1565 4926 corda
1597 4871 1764 4933 novit,
1794 4879 1847 4924 ct
1872 4884 1965 4923 0c-

384 4969 530 5024 cnlta
583 4965 835 5019 mentium
881 4963 1152 5033 perspicit,
1204 4964 1406 5018 sciebat
1454 4963 1788 5030 quandonam
1818 4961 1966 5029 quis-

386 5077 493 5129 que
518 5073 702 5112 eorum
743 5056 1132 5124 obsequutttrus
1182 5063 1344 5109 esset.
1396 5053 1627 5122 Ideoque
1671 5068 1774 5105 non
1819 5053 1968 5106 initio

390 5149 598 5203 vocavit
643 5149 788 5202 illum
815 5187 830 5211 ,
875 5161 995 5200 eum
1023 5145 1196 5198 adlmc
1237 5144 1455 5198 duriore
1485 5154 1624 5198 esset
1649 5144 1848 5208 animo,
1873 5145 1966 5198 sed

392 5251 510 5310 post
539 5250 787 5293 sexcenta
823 5235 1075 5290 miracula
1097 5277 1111 5299 ,
1143 5251 1262 5290 cum
1310 5236 1443 5288 fama
1489 5249 1581 5288 sua
1635 5234 1970 5303 percrebuis-

390 5345 493 5395 set,
525 5331 734 5400 quando
765 5331 908 5384 illum
935 5335 1158 5383 noverat
1186 5327 1251 5380 ad
1280 5327 1751 5395 obtemperantium
1795 5329 1969 5393 aptio-

393 5441 506 5476 rem
535 5439 671 5478 esse.
715 5422 831 5477 Non
858 5422 955 5474 abs
983 5435 1040 5473 re
1067 5428 1244 5471 autem
1290 5415 1447 5470 fuerit
1475 5417 1700 5486 apostoli
1733 5416 1969 5484 philoso-

392 5515 570 5588 phiam
609 5516 621 5544 '
655 5514 864 5573 mirari,
897 5509 985 5580 qui
1015 5516 1312 5562 anteactam
1345 5507 1505 5560 vitam
1533 5521 1636 5560 non
1663 5505 1967 5571 occultavit,

458 5646 475 5676 ι
509 5641 648 5691 savii.
675 5648 725 5691 et
749 5639 931 5699 Morqu
954 5637 1282 5699 sapientiam;
1318 5637 1406 5686 sed
1455 5650 1567 5693 vox,
1603 5635 1970 5699 philosophiam,

392 5710 468 5756 hit-
495 5704 674 5754 melius
695 5704 930 5769 quadrare
956 5699 1182 5769 videtur:
1213 5716 1320 5769 nam
1347 5699 1642 5769 philosophia
1675 5699 1973 5768 apudCllzry-

389 5774 658 5818 sostoutum
687 5761 789 5825 pro,
831 5765 1016 5822 virtute,
1043 5761 1276 5812 modestia
1321 5770 1372 5825 et
1410 5761 1692 5814 humilitate.
1715 5761 1967 5825 accipitur.

393 5834 482 5883 llic
497 5842 639 5891 porro
657 5822 921 5876 nautarum
945 5826 1119 5887 laudat,
1138 5827 1220 5890 qui
1246 5824 1527 5889 publicanus
1544 5837 1651 5873 cum
1671 5827 1823 5884 esset,
1843 5822 1974 5872 ideo-

2077 3587 2172 3643 sed
2202 3597 2260 3644 et
2288 3605 2481 3643 nomen
2503 3604 2658 3644 suum
2679 3589 2876 3658 posuit,
2903 3589 3045 3660 quod
3073 3591 3163 3646 alii
3198 3593 3247 3645 in
3277 3592 3417 3647 aliud
3462 3608 3654 3649 nomen

2077 3681 2329 3735 nmtando
2353 3682 2712 3736 occultavere.
2744 3683 2850 3735 C-nr
2881 3697 3039 3750 porro
3080 3682 3212 3738 dixit
3255 3683 3427 3754 ipsum
3454 3687 3656 3741 sedisse

2077 3773 2129 3828 in
2157 3774 2392 3829 telonio?
2426 3773 2676 3828 Vocautis
2704 3773 2812 3828 vim
2841 3773 3130 3830 ostendens
3152 3817 3166 3838 ,
3199 3777 3340 3846 quod
3370 3793 3493 3832 cum
3522 3793 3656 3832 non-

2074 3864 2200 3918 dum
2232 3863 2526 3919 destitisset
2552 3874 2607 3919 et
2636 3864 2883 3934 improbo
2913 3865 3110 3918 telonio
3139 3865 3388 3932 haereret,
3431 3883 3496 3922 ex
3544 3885 3658 3924 me-

2074 3958 2176 4010 diis
2216 3958 2386 4026 ipsum
2442 3958 2597 4010 malis
2645 3957 2954 4010 extraxerit.
3007 3957 3466 4022 Quemadmodum
3512 3962 3656 4015 enim

2076 4049 2287 4103 beatum
2339 4049 2560 4103 l‘aulum
2595 4049 2856 4102 furentem
2884 4058 2936 4102 et
2962 4049 3112 4102 rabie
3145 4051 3404 4118 percitam
3435 4067 3659 4106 eonver»

2075 4141 2130 4193 tit
2161 4158 2173 4192 :
2203 4140 2252 4194 id
2277 4141 2416 4209 quod
2450 4142 2562 4209 ipse
2593 4139 2834 4194 vocantis
2873 4139 3120 4194 virtutem
3172 4140 3547 4196 demonstrans
3581 4143 3660 4198 ait

2073 4232 2139 4284 ad
2181 4231 2398 4286 Galatas
2447 4233 2690 4287 scribens
2719 4250 2732 4286 :
2759 4231 2984 4286 Audistis
3037 4235 3460 4287 conversationem
3498 4252 3660 4289 meum

2071 4321 2346 4390 aliquando
2365 4321 2419 4374 in
2445 4321 2735 4386 Judaismo,
2766 4321 2884 4390 quia
2923 4338 3076 4391 supra
3103 4323 3308 4375 modum
3333 4326 3651 4393 persequebar

2077 4411 2357 4466 Ecclesium
2388 4412 2480 4466 Dei
2510 4411 2659 4484 (Gal.
2695 4413 2749 4470 1.
2790 4414 2894 4484 l3)
2924 4429 2938 4466 :
2963 4413 3039 4467 sic
3065 4423 3116 4468 et
3142 4415 3432 4484 piscatores
3459 4415 3509 4469 in
3541 4433 3657 4470 tue-

2072 4505 2175 4558 diis
2192 4505 2446 4574 operibus
2471 4505 2718 4560 vocavit:
2749 4505 2840 4560 sed
2885 4505 2960 4559 illi
2989 4515 3158 4560 artem
3203 4506 3522 4560 exercebant
3550 4523 3656 4560 non

2075 4598 2478 4667 vituperabilem
2508 4598 2744 4668 quidetn,
2777 4597 2870 4652 sed
2901 4613 3020 4668 qtae
3045 4606 3161 4650 erat
3209 4597 3482 4651 hominum
3505 4613 3657 4668 agre-

2077 4694 2260 4757 stium,
2311 4708 2416 4746 non
2462 4693 2808 4754 urbanorum,
2854 4699 3014 4760 atque
3057 4689 3276 4743 omnino
3295 4690 3654 4760 simplicimn;

2076 4784 2188 4838 haec
2219 4793 2394 4838 autem
2424 4783 2663 4836 lueramli
2693 4781 2849 4848 ratio,
2879 4781 3202 4850 impudentia
3231 4782 3380 4849 plena
3409 4791 3543 4847 erat,
3591 4797 3654 4838 ac

2078 4877 2364 4946 petulantia
2387 4917 2400 4939 ,
2435 4887 2672 4944 qua-stus
2698 4875 2910 4944 iniquus
2932 4883 2988 4928 et
3017 4883 3312 4928 mercatura
3341 4874 3614 4930 illiberalis
3641 4894 3653 4928 :

2075 4979 2307 5023 attamen
2356 4968 2484 5022 nihil
2515 4967 2703 5021 horum
2735 4966 2946 5022 erttbuit
2981 4969 3025 5020 is
3046 4968 3134 5037 qui
3165 4969 3390 5022 vocavit.
3416 4968 3525 5024 Nec
3556 4985 3658 5023 nn‘

2077 5079 2214 5126 rum,
2245 5062 2286 5114 si
2310 5060 2651 5132 publicanum
2680 5075 2784 5115 non
2807 5061 3104 5119 erubescat,
3133 5060 3344 5130 quando
3366 5076 3463 5115 nec
3488 5077 3660 5114 mere-

2076 5157 2258 5210 tricem
2281 5168 2472 5208 vocare
2495 5167 2598 5207 non
2629 5153 2788 5207 modo
2818 5167 2921 5205 non
2961 5153 3192 5214 erubuit,
3221 5153 3312 5206 sed
3344 5153 3505 5218 pedes
3534 5167 3661 5204 suos

2074 5249 2327 5312 osculari,
2378 5248 2733 5318 lacrytnisqtte
2777 5247 2950 5315 rigare
2995 5246 3254 5315 permisit.
3303 5245 3509 5299 Etenim
3541 5243 3660 5296 ideo

2077 5341 2240 5404 venit,
2275 5354 2378 5393 non
2421 5348 2479 5391 ut
2517 5353 2712 5407 corpus
2740 5345 2954 5392 curaret
2985 5337 3202 5406 (solum,
3231 5335 3324 5390 sed
3368 5344 3424 5388 ut
3465 5333 3660 5387 anima:

2079 5432 2279 5486 morbis
2308 5429 2630 5486 mederetur.
2653 5429 2805 5498 Quod
2839 5431 2998 5485 etiam
3051 5428 3344 5499 paralytico
3366 5424 3613 5496 praistitit
3645 5443 3659 5481 :

2077 5647 2177 5696 que
2200 5632 2327 5696 male
2351 5632 2538 5696 audiret
2558 5630 2684 5694 apud
2723 5629 2929 5696 Judgcos,
2968 5636 3322 5696 nomenusuutn
3353 5630 3515 5674 tamen
3559 5637 3657 5674 non

2077 5685 2410 5750 occultaverit.
2450 5693 2538 5743 sed
2558 5685 2674 5742 sese
2707 5692 2960 5739 Matthtemt‘
3002 5685 3350 5750 appellaverit,
3388 5699 3552 5750 neque
3569 5699 3656 5736 no—

2078 5772 2190 5806 men
2206 5771 2345 5805 suum
2365 5754 2783 5816 mutaverit.quotl
2802 5759 2955 5800 tamet
2986 5749 3209 5800 fecerunt
3226 5749 3304 5798 alii
3323 5749 3659 5816 evaltgelista’.

2080 5823 2161 5885 qui
2188 5823 2340 5883 ipsum
2364 5821 2475 5869 Levi
2499 5815 2821 5880 appellarunt.
