4050 6220
396 314 501 370 363

393 441 445 484 et
474 432 752 497 postquam
779 427 922 482 clare
948 424 1272 488 ostenderat,
1304 438 1362 478 se
1389 437 1544 492 posse
1571 431 1781 492 peccata
1805 421 1982 475 dimit-

393 531 525 586 tere,
560 521 626 574 ad
658 521 796 575 hunc
821 531 1002 589 postea
1033 518 1278 578 accessit,
1313 529 1367 570 ut
1407 533 1511 571 non
1534 515 1877 570 turbarentur
1905 517 1982 568 vi-

394 615 585 668 dentes
617 614 949 681 publicanum
983 611 1034 664 iu
1063 609 1447 680 discipulorum
1487 609 1710 663 chorum
1733 609 1982 662 adscribi.

392 702 526 760 Nam
555 706 641 773 qui
675 713 845 772 potest
894 712 1106 772 peccata
1151 702 1328 757 omnia
1369 703 1598 766 solvere,
1631 701 1756 770 quid
1788 701 1981 754 mirum

391 797 438 849 si
461 806 514 849 et
557 797 698 848 hunc
723 795 1020 863 apostolum
1053 793 1249 848 faciat?
1277 793 1380 849 Sed
1413 803 1470 847 ut
1491 792 1722 847 didicisti
1748 793 1987 846 vocantis

393 895 731 956 potcSIatcm,
770 886 848 939 sic
873 885 1018 940 disce
1039 885 1210 940 vocati
1238 883 1620 939 obedientiam.
1641 881 1823 952 Neque
1844 883 1984 936 enim

391 979 722 1048 repugnavit,
755 995 925 1048 neque
951 978 1197 1032 dubitans
1217 977 1382 1031 dixit:
1412 976 1548 1044 Quid
1579 975 1682 1030 hoc
1703 975 1827 1029 est?
1857 990 1984 1028 num

397 1085 486 1125 me
527 1069 798 1124 hominem
842 1067 1148 1138 hujusmodi
1208 1067 1576 1122 fraudulenter
1619 1066 1815 1120 vocat?
1854 1065 1983 1118 Nam

397 1172 544 1219 certe
584 1163 955 1232 intempestiva
996 1161 1180 1216 fuisset
1217 1161 1517 1231 hujusmodi
1556 1159 1846 1213 humilitas.
1879 1157 1984 1213 Sed

395 1258 577 1312 statim
607 1256 840 1312 obedivit
871 1274 882 1310 :
918 1270 1090 1326 neque
1121 1254 1270 1322 petiit
1298 1251 1605 1308 utdomum‘
1634 1254 1711 1306 ire
1763 1252 1982 1315 liceret,

395 1359 454 1402 ut
498 1363 610 1404 rem
657 1363 778 1402 eum
851 1347 964 1402 suis
1017 1345 1472 1409 communicaret,
1530 1343 1982 1412 quemadmodum

393 1441 554 1495 etiam
576 1441 868 1510 piscatores
896 1438 1134 1494 fecerunt
1167 1455 1179 1490 :
1216 1446 1271 1490 ut
1310 1438 1452 1491 enim
1480 1436 1551 1489 illi
1581 1442 1736 1500 retia,
1772 1435 1987 1488 navicu-

397 1533 526 1596 lam,
567 1543 622 1587 et
647 1543 873 1602 patrem,
902 1533 972 1586 ita
1005 1541 1060 1586 et
1085 1529 1523 1585 hicteloniariam
1554 1543 1792 1582 mensam
1823 1537 1877 1580 et
1907 1525 1989 1578 lu-

399 1640 550 1678 crum
579 1623 818 1693 reliquit,
850 1634 908 1677 ut
936 1633 1270 1692 sequeretur,
1299 1619 1364 1674 ad
1389 1619 1566 1674 omnia
1597 1626 1836 1688 paratum
1868 1615 1986 1670 ani-

396 1732 543 1772 mum
580 1716 840 1773 exhibens
872 1734 884 1769 :
917 1726 970 1770 et
1019 1729 1048 1768 a
1079 1715 1237 1770 rebus
1263 1713 1511 1767 omnibus
1553 1711 1897 1766 saicularibus
1930 1723 1990 1763 se

395 1809 577 1864 statim
625 1807 966 1872 abscindens,
993 1821 1088 1875 per
1117 1804 1483 1860 obedientiam
1517 1801 1803 1871 perfectam
1838 1800 1988 1854 testi-

396 1902 678 1966 licabatur,
707 1914 864 1967 quam
897 1897 1216 1966 tempestive
1238 1903 1457 1949 vocatus
1503 1894 1704 1947 fuisset.
1754 1891 1823 1944 Et
1871 1906 1986 1955 cur,

397 1994 626 2062 inquies,
659 2007 765 2046 non
809 1990 876 2044 de
897 1989 1014 2042 aliis
1035 1989 1187 2050 dixit,
1243 1985 1511 2056 quomodo
1541 1985 1711 2037 vocati
1750 1982 1942 2037 fuerint
1971 2022 1986 2047 ,

398 2083 492 2137 sed
522 2082 588 2136 de
619 2081 776 2136 Petro
798 2089 1020 2140 tantum,
1050 2077 1274 2138 Jacobo,
1307 2075 1512 2130 Joanne
1544 2084 1597 2129 et
1627 2073 1889 2142 Philippo,
1923 2071 1990 2126 de

397 2176 612 2230 ezcteris
649 2189 776 2226 vero
807 2169 1104 2240 nusquam?
1147 2168 1278 2236 Quia
1326 2166 1376 2220 hi
1429 2165 1658 2219 maxime
1693 2173 1867 2228 erant,
1899 2162 1988 2231 qui

399 2267 629 2321 humih-s
674 2264 753 2317 vel
807 2271 988 2331 turpes
1033 2270 1175 2315 artes
1231 2259 1583 2321 exercebant;
1636 2270 1806 2324 neque
1846 2254 1988 2312 enim

396 2357 670 2426 quidpiam
709 2365 792 2411 est
837 2355 1120 2425 publicano
1145 2352 1399 2416 deterius,
1424 2349 1506 2405 vel
1527 2350 1789 2419 piscatore
1810 2347 1994 2402 vilius.

401 2449 552 2517 Quod
578 2463 736 2516 porro
764 2447 1040 2515 Philippus
1068 2445 1228 2499 etiam
1276 2443 1414 2496 inter
1448 2440 1708 2512 ignobiles
1747 2454 1992 2493 censere—

401 2550 508 2605 tur,
537 2555 599 2594 ex
622 2537 786 2608 patria
818 2537 1002 2605 liquet.
1039 2534 1241 2588 Idcirco
1269 2532 1366 2587 hos
1386 2532 1614 2586 maxime
1642 2546 1761 2585 cum
1789 2529 1992 2583 artibus

401 2632 516 2688 suis
567 2630 880 2701 praedicant,
915 2628 996 2681 his
1042 2626 1380 2680 declarantos
1407 2623 1507 2677 sibi
1538 2622 1700 2676 etiam
1748 2621 1798 2674 in
1831 2621 1992 2674 rebus

403 2722 699 2794 Splendidis
741 2720 898 2775 fidem
949 2733 1069 2773 esse
1125 2715 1449 2771 habendam.
1496 2713 1630 2766 Cum
1676 2711 1818 2766 enim
1862 2710 1992 2763 nihil

405 2824 935 2887 praetereanteorum
973 2827 1092 2882 quas
1144 2806 1511 2877 vituperabilia
1551 2805 1631 2858 vel
1672 2803 1795 2857 vilia
1845 2811 1990 2865 sunt,

403 2909 498 2964 sed
527 2909 640 2962 inec
669 2922 775 2976 przc
805 2904 924 2959 aliis
949 2911 1196 2958 accurate
1221 2899 1530 2969 pnudiccnt,
1561 2896 1673 2949 sive
1716 2894 1802 2948 illa
1831 2892 1994 2961 magi-

404 3012 598 3066 strum,
648 2999 760 3053 sive
812 2996 1104 3065 discipulos
1154 2989 1640 3060 spectent,euriu
1691 2984 1991 3055 splendidis

406 3089 814 3158 conspicuisque
832 3085 1066 3156 suspecti
1093 3081 1310 3146 fuerint,
1362 3094 1481 3132 eum
1505 3077 1736 3131 maxime
1770 3075 1917 3143 signa
1943 3081 1998 3127 et

412 3180 675 3236 miracula
703 3180 867 3233 multa
901 3186 916 3216 ι
947 3181 1389 3245 pt':rtCI'curt'attt,
1446 3179 1499 3223 et
1540 3183 1656 3237 qua:
1681 3166 1744 3220 ad
1783 3182 1994 3220 crucem

407 3280 669 3342 Spectant,
695 3286 814 3338 qua:
847 3278 996 3322 certe
1032 3265 1283 3334 probrosa
1317 3262 1563 3316 videntur
1589 3270 1834 3314 accurate
1853 3275 1997 3328 pra:-

409 3364 614 3427 dicent,
647 3358 1028 3428 discipulorum
1078 3356 1202 3410 item
1251 3362 1416 3414 artes,
1467 3351 1730 3420 vilemque
1775 3359 1991 3412 sortem,

408 3453 645 3524 magistri
667 3467 876 3521 quoque
895 3448 1283 3520 progenitores,
1303 3447 1392 3514 qui
1425 3445 1506 3498 vel
1541 3459 1603 3497 cx
1638 3443 1884 3512 peccatis,
1913 3442 1995 3494 vel

408 3562 475 3602 ex
514 3545 602 3600 vili
633 3542 942 3600 conditione
976 3539 1087 3594 nuli
1128 3545 1300 3600 erant,
1339 3537 1483 3590 clara
1515 3548 1645 3589 voce
1681 3534 1731 3587 in
1765 3533 1995 3586 medium

409 3636 738 3707 praeferunt?
767 3633 924 3689 Unde
950 3631 1293 3686 tuanilestuu'i
1321 3637 1425 3689 est,
1456 3627 1600 3695 ipsos
1631 3639 1878 3693 magnam
1903 3639 1997 3677 ve-

409 3727 586 3784 ritatis
618 3725 869 3781 habuisse
899 3723 1180 3777 rationem.
1235 3733 1296 3771 ac
1341 3732 1513 3786 neque
1541 3715 1606 3769 ad
1629 3715 1873 3785 gratiam,
1905 3727 1998 3767 ne-

410 3835 516 3890 que
547 3817 613 3872 ad
648 3815 1058 3871 ostentationem
1090 3810 1391 3879 scripsisse.

482 3912 538 3966 2.
567 3909 754 3966 Christi
801 3906 942 3974 apud
986 3904 1281 3958 Mttll/td‘ttm
1327 3899 1633 3954 com-ivuntis
1655 3897 1836 3968 agendi
1871 3897 2000 3949 ratio

409 4003 712 4073 explicatur.
757 3997 1152 4064 Rcdurguuntur
1193 3993 1230 4046 ii
1255 3992 1339 4060 qui
1369 3991 1461 4045 sibi
1501 3992 1690 4060 famam
1721 4005 1782 4041 cx
1800 3989 1998 4058 jejunio

411 4112 590 4168 parere
623 4101 824 4148 curant.
872 4119 944 4130 -—
973 4088 1226 4142 Vocatum
1265 4088 1440 4154 itaque
1471 4082 1776 4137 Matthwum
1809 4095 2000 4150 magno

411 4187 592 4244 slieeit
643 4186 847 4239 honore
890 4181 957 4236 ad
1006 4196 1244 4236 mensam
1286 4178 1594 4238 admittens,
1624 4192 1730 4244 quo
1761 4174 1905 4228 illum
1933 4172 2001 4227 de

410 4281 595 4335 futuro
622 4277 757 4331 bene
783 4290 1000 4346 sperare
1027 4283 1198 4335 curat,
1223 4283 1275 4324 et
1298 4269 1552 4339 majorem
1577 4268 1709 4322 indit
1731 4266 1998 4322 ﬁduciam.

412 4369 530 4426 Non
563 4368 708 4424 enim
735 4367 786 4420 in
817 4363 1052 4418 sananda
1070 4362 1185 4428 ejus
1212 4360 1485 4428 iniquitate
1506 4359 1728 4412 multum
1749 4357 2003 4426 temporis

411 4459 679 4522 adhibuit,
726 4457 822 4512 sed
869 4455 996 4508 illud
1046 4454 1224 4506 statim
1279 4451 1474 4504 factum
1517 4459 1628 4512 est;
1671 4465 1844 4518 neque
1878 4465 2000 4502 cum

415 4551 510 4606 Illo
539 4557 752 4604 tantum
782 4544 1051 4600 recumbit
1069 4543 1134 4597 ad
1152 4555 1419 4605 mensam,
1438 4540 1531 4594 sed
1554 4554 1677 4592 cum
1697 4538 1819 4590 aliis
1841 4536 1982 4590 mul-

417 4643 522 4696 tis:
545 4654 873 4710 quamquam
895 4637 946 4690 id
967 4637 1043 4689 illi
1061 4635 1279 4690 crimini
1303 4633 1553 4692 dabatur,
1573 4629 1714 4699 quod
1740 4638 1987 4697 peccato-

416 4749 508 4788 s'cs
537 4747 643 4785 non
666 4731 922 4799 abigeret.
947 4723 1146 4781 Verum
1173 4741 1347 4794 neque
1373 4725 1475 4778 hoc
1503 4722 1681 4775 (:ciattl
1711 4716 1986 4788 evangeli-
2073 4745 2080 4753 ε

419 4833 518 4877 sue
547 4823 818 4891 quomodo
857 4821 929 4872 illi
958 4818 1252 4872 accusandi
1280 4817 1604 4870 occasiones
1645 4811 1935 4881 captabant
1972 4848 1988 4874 ,

417 4911 538 4980 eius
562 4909 901 4978 explorantes
925 4921 1106 4976 Opera.
1135 4903 1476 4958 Conveniunt
1514 4916 1670 4970 porro
1697 4901 1959 4972 publicani
1988 4942 2001 4965 ,

419 5002 572 5072 quasi
620 5001 686 5055 ad
734 5001 863 5054 artis
907 5007 1242 5061 consortem;
1291 5011 1412 5049 nam
1443 4995 1630 5049 honori
1671 4995 1771 5048 sibi
1804 4994 2003 5049 ducens

417 5093 560 5165 quod
585 5093 827 5148 Christus
857 5091 923 5144 ad
951 5107 1008 5146 se
1035 5090 1288 5153 venisset,
1317 5103 1503 5142 omnes
1525 5088 1855 5142 convocavit.
1886 5087 2006 5140 Etc-

416 5190 526 5244 nim
557 5201 716 5241 omne
754 5183 1040 5240 curationis
1081 5197 1249 5252 genus
1277 5180 1520 5236 Christus
1555 5178 1873 5242 adhibebat,
1905 5192 2004 5233 nec

415 5280 580 5337 modo
599 5294 720 5334 eum
752 5277 1175 5338 concinnaretur,
1211 5288 1330 5327 cum
1355 5279 1588 5333 curaret,
1611 5285 1731 5324 cum
1762 5269 2004 5324 inimicos

417 5373 784 5441 redargueret,
843 5368 935 5423 sed
987 5368 1144 5421 etiam
1193 5380 1316 5420 cum
1365 5364 1754 5424 convivaretur,
1807 5360 2003 5415 multos

424 5465 566 5518 male
597 5462 814 5517 affectos
845 5459 1162 5514 emendabat
1187 5475 1200 5510 :
1226 5455 1309 5509 his
1334 5469 1431 5509 nos
1454 5454 1654 5509 docens
1678 5469 1837 5508 omne
1867 5461 2004 5509 tem-

421 5567 522 5621 pus
570 5566 834 5620 omneque
883 5563 1015 5620 opus
1065 5560 1218 5616 posse
1266 5544 1418 5598 nobis
1463 5543 1737 5598 utilitatem
1792 5543 2002 5599 afferre.

424 5643 676 5710 Quamvis
703 5651 876 5696 autem
898 5655 960 5694 ea
984 5655 1100 5708 qum
1131 5647 1254 5690 time
1272 5634 1511 5704 apposita
1537 5643 1705 5700 erant,
1733 5635 2007 5705 iniquitate

499 5778 513 5806 ι
551 5772 663 5834 Alii,
686 5785 794 5821 cum
812 5772 1019 5822 maxim
1043 5769 1180 5835 sith
1205 5768 1354 5819 multa
1375 5775 1419 5819 et
1446 5766 1699 5818 mirabilia.

1144 313 1199 367 S.
1240 310 1514 366 JOANNIS
1551 305 2027 364 CIIRYSOSTOMI
2065 305 2382 365 ARCHIEP.
2421 310 2954 369 CONSTANTINOP.

3565 320 3670 376 561

2087 430 2142 476 et
2171 424 2389 478 avaritia
2421 436 2567 492 parta
2595 437 2778 482 essent
2810 446 2822 482 :
2859 445 2965 483 non
2996 431 3257 487 recusavit
3281 442 3458 488 tamen
3515 435 3674 490 Clu-i-

2080 525 2195 572 stus
2217 516 2299 572 his
2325 514 2594 570 eonvivari
2621 519 2771 586 :quia
2799 535 3047 587 maguum
3077 522 3198 575 inde
3225 525 3428 578 lucrnni
3452 539 3674 582 eventu-

2086 619 2202 659 rtnn
2243 614 2389 672 erat;
2432 609 2524 663 sed
2551 612 2944 666 contubernalis
2971 624 3024 668 et
3051 616 3324 671 convictor
3363 630 3446 672 est
3483 636 3674 674 eorum

2087 695 2174 763 qui
2219 696 2520 766 hujusmodi
2569 700 2827 769 iniquitati
2873 718 2930 757 se
2977 703 3308 761 dediderant.
3357 709 3672 776 liujnsinodi

2086 787 2284 858 quippe
2305 789 2562 853 medicus,
2593 792 2692 846 nisi
2722 808 2984 862 aegrorum
3015 798 3346 864 putredinem
3377 802 3529 864 ferat,
3566 818 3673 855 non

2088 891 2182 930 eos
2207 893 2236 931 a
2269 879 2456 934 morbo
2480 881 2617 934 eruit
2651 900 2664 936 :
2697 898 3014 952 quamquam
3046 886 3166 941 inde
3207 889 3399 943 malam
3442 893 3540 946 sibi
3591 894 3672 948 fa-

2090 984 2231 1024 mam
2253 971 2563 1039 attrahcret,
2596 984 2648 1028 et
2675 977 2814 1043 quod
2844 992 2964 1031 eum
2995 978 3083 1033 illo
3109 962 3314 1045 ederet,
3354 993 3405 1038 et
3445 986 3584 1055 quod
3619 990 3672 1042 in

2087 1059 2248 1114 domo
2276 1062 2391 1129 ejus
2421 1078 2541 1117 cum
2591 1066 2880 1133 publicanis
2927 1069 3127 1124 multis.
3173 1071 3301 1127 Vide
3330 1085 3504 1128 autem
3535 1093 3672 1142 quo—

2091 1153 2250 1208 modo
2295 1154 2344 1209 id
2391 1156 2464 1210 illi
2505 1158 2698 1224 probro
2723 1170 2930 1214 vertant
2956 1179 2969 1216 :
2998 1161 3131 1217 Ecce
3159 1164 3308 1219 homo
3336 1168 3473 1222 edax
3495 1179 3539 1223 et
3571 1173 3676 1225 vini

2091 1254 2308 1311 potator,
2330 1248 2712 1317 publicanorum
2726 1253 2916 1306 amicus
2941 1264 2985 1306 et
3005 1267 3320 1322 peccatorum
3346 1258 3558 1325 (Matth.
3581 1265 3603 1316 1
3624 1266 3670 1317 1.

2092 1335 2204 1406 19).
2237 1339 2464 1391 Audiam
2498 1340 2568 1392 illi
2598 1341 2685 1410 qui
2716 1359 2958 1412 magnam
2999 1347 3098 1400 sibi
3130 1347 3320 1402 famam
3361 1367 3426 1406 ex
3465 1352 3674 1422 jejunio

2091 1443 2278 1496 parere
2299 1439 2544 1500 satagunt
2577 1449 2590 1485 :
2623 1434 2964 1506 cogitentqite
2997 1439 3276 1495 Dominum
3308 1453 3548 1498 nostrum
3579 1462 3676 1498 vo-

2088 1537 2264 1576 raccm
2305 1533 2359 1578 et
2387 1523 2493 1577 viui
2523 1535 2817 1592 potatorem
2856 1541 3094 1585 vocatum
3125 1534 3284 1589 fuisse
3308 1578 3321 1602 ,
3353 1553 3524 1608 neque
3549 1556 3676 1595 eru-

2088 1611 2296 1677 buisse;
2345 1614 2439 1669 sed
2472 1617 2584 1670 lncc
2619 1620 2797 1673 omnia
2828 1621 3160 1691 despexisse,
3195 1637 3250 1680 ut
3277 1643 3388 1682 rem
3410 1632 3509 1684 sibi
3543 1648 3676 1700 pro-

2091 1709 2314 1775 positam
2359 1710 2639 1777 perlieeret
2673 1727 2688 1776 ;
2739 1714 2786 1766 id
2818 1715 2956 1784 quod
3005 1717 3165 1771 etiam
3213 1722 3409 1775 evenit.
3451 1723 3582 1778 Nam
3621 1736 3678 1780 et

2089 1796 2400 1864 publicanus
2424 1815 2710 1856 conversus
2737 1813 2818 1856 est
2843 1814 2896 1859 et
2924 1806 3113 1861 melior
3133 1809 3368 1865 effectus.
3403 1813 3470 1868 Ut
3492 1827 3676 1870 autem

2091 1887 2282 1951 discas,
2307 1900 2558 1958 quantum
2586 1891 2707 1946 boni
2739 1896 3016 1952 accederet
3057 1899 3121 1952 iis
3160 1901 3247 1970 qui
3288 1901 3526 1971 ejusdem
3549 1922 3678 1960 cum

2091 1995 2156 2033 co
2185 1995 2382 2035 mensa:
2403 1984 2685 2054 participes
2703 1996 2902 2054 essent,
2925 1989 3045 2042 audi
3073 1992 3196 2060 quid
3222 1993 3359 2048 dicat
3385 1994 3681 2053 Zacclnens

2091 2071 2224 2124 alius
2256 2072 2582 2141 publicanus.
2633 2078 2763 2144 Quia
2792 2079 2933 2132 enim
2963 2081 3163 2137 audivit
3191 2084 3461 2140 Christum
3491 2087 3683 2142 dicen-

2097 2173 2201 2216 tem
2222 2205 2237 2227 ,
2271 2164 2438 2221 llodie
2466 2168 2519 2221 in
2547 2169 2696 2224 domo
2735 2181 2820 2224 tua
2849 2184 3041 2241 Oportet
3069 2193 3147 2229 me
3172 2181 3411 2250 manere(
3437 2180 3560 2234 Luc.
3586 2185 3677 2239 i9.

2090 2255 2172 2320 5),
2203 2257 2396 2326 gaudio
2439 2260 2682 2327 perfusus
2701 2303 2714 2326 ,
2745 2262 2872 2318 dixit
2902 2281 2916 2318 :
2947 2264 3225 2321 Dimidium
3253 2271 3496 2324 bonorum
3539 2291 3682 2326 meo-

2091 2348 2293 2401 rumdo
2321 2351 2647 2418 pauperibus,
2674 2365 2720 2406 et
2742 2357 2785 2407 si
2800 2356 2921 2420 quid
2944 2356 3159 2427 aliquem
3177 2359 3493 2429 defraudaoi,
3517 2365 3682 2417 rcdto

2092 2441 2431 2510 quadruplum
2461 2443 2603 2510 (Ibid
2654 2460 2701 2497 υ.
2734 2445 2810 2515 8).
2835 2445 2929 2500 Cui
2962 2451 3232 2518 respondit
3270 2451 3466 2511 Jesus:
3509 2453 3686 2510 llodte
3755 2490 3758 2493 λ

2093 2532 2230 2586 salus
2258 2533 2428 2586 domui
2456 2534 2571 2588 huic
2597 2537 2733 2605 facta
2759 2548 2829 2591 est
2855 2538 3014 2608 (Ibid.
3042 2555 3089 2594 υ.
3121 2543 3194 2612 9).
3227 2543 3312 2598 Sic
3332 2559 3396 2598 ex
3427 2548 3683 2601 omnibus

2095 2625 2228 2679 alios
2259 2625 2536 2682 instituere
2564 2628 2705 2683 licet.
2742 2631 2806 2685 Et
2849 2634 3153 2702 quomodo,
3191 2636 3435 2707 inquies,
3482 2640 3686 2696 l'aulus

2097 2718 2333 2786 principii
2360 2735 2372 2770 :
2399 2717 2459 2772 Si
2484 2719 2614 2784 quis,
2637 2737 2752 2773 cum
2767 2722 2924 2791 frater
2944 2726 3247 2794 nominetur,
3267 2730 3329 2782 sit
3346 2731 3684 2798 fornicarius,

2095 2820 2182 2861 aut
2212 2825 2414 2875 avarus,
2441 2827 2554 2864 cum
2575 2828 2633 2866 eo
2655 2829 2715 2866 ne
2741 2816 2997 2868 comedere
3019 2817 3220 2886 quidem
3242 2832 3436 2889 Oportet
3461 2824 3536 2892 (l.
3556 2822 3685 2877 Cor.

2096 2901 2149 2957 5.
2181 2900 2310 2972 ll)?
2336 2903 2406 2957 At
2431 2919 2534 2957 non
2565 2912 2727 2972 patet,
2757 2920 2824 2959 au
2856 2906 2982 2961 illud
3009 2909 3166 2962 etiam
3199 2913 3464 2980 magistris
3494 2915 3694 2982 [muci-

2096 2996 2306 3066 piatur,
2349 3011 2519 3066 neque
2565 2997 2737 3051 solum
2779 2997 3048 3053 fratribus.
3086 3001 3284 3056 Deinde
3326 3004 3397 3058 illi
3441 3005 3690 3060 nondum

2099 3085 2318 3155 perfecti
2348 3088 2595 3156 suetique
2621 3098 2807 3152 erant,
2856 3105 3025 3158 neque
3060 3090 3312 3146 fratribus
3352 3109 3693 3148 annumera-

2097 3178 2309 3233 bautur.
2369 3179 2446 3232 Ad
2498 3178 2615 3234 hac
2659 3195 2783 3233 Vero
2829 3180 3043 3244 Paulus,
3081 3181 3188 3251 jam
3219 3183 3338 3238 illos
3379 3184 3428 3236 iu
3457 3184 3694 3241 fratrum

2099 3288 2376 3327 numerum
2421 3272 2652 3326 adscitos
2689 3275 2922 3328 aversari
2946 3275 3091 3342 jubet
3113 3317 3127 3341 ,
3159 3277 3202 3329 si
3239 3276 3292 3330 in
3321 3278 3475 3332 malis
3502 3294 3698 3345 perse-

2100 3375 2285 3420 vercnt
2319 3383 2331 3419 :
2364 3365 2416 3419 hi
2443 3375 2620 3420 autem
2654 3367 2792 3421 male
2833 3382 2992 3434 agere
3037 3380 3379 3422 cessaverant
3413 3372 3693 3426 conversi.

2103 3461 2296 3514 Verum
2328 3461 2456 3514 nihil
2487 3460 2676 3513 borum
2707 3459 3005 3514 Pharismos
3034 3465 3386 3530 compressit,
3436 3462 3530 3516 sed
3573 3464 3693 3516 crio

2099 3554 2365 3608 minantes
2391 3552 2770 3620 aggrediuntur
2795 3551 3085 3620 discipulos
3117 3552 3196 3605 his
3225 3552 3398 3607 verbis
3423 3569 3436 3605 :
3471 3554 3558 3609 11.
3583 3553 3698 3606 Cur

2099 3663 2216 3718 cum
2281 3644 2560 3712 publicanis
2621 3653 2666 3696 et
2723 3645 3068 3712 peccatoribus
3124 3645 3395 3696 mandarat
3446 3645 3700 3713 magister

2099 3737 2294 3791 vester?
2317 3737 2372 3790 Ει
2403 3751 2523 3790 eum
2559 3736 2798 3805 discipuli
2832 3751 3053 3806 peccare
3097 3736 3374 3801 videntur,
3412 3734 3698 3793 Christum

2101 3831 2180 3884 sic
2205 3828 2548 3897 alioqttuutur
2578 3843 2591 3878 :
2632 3825 2762 3880 Ecce
2797 3827 3034 3896 discipuli
3070 3827 3143 3879 tui
3185 3829 3377 3898 faciunt
3415 3828 3553 3897 quod
3584 3846 3697 3884 non

2101 3923 2214 3974 licet
2251 3921 2304 3973 in
2346 3918 2551 3974 sabbato
2595 3918 2760 3988 facere
2788 3918 2999 3987 (Matth.
3033 3918 3118 3972 12.
3147 3919 3238 3988 2);
3269 3919 3354 3973 hic
3379 3935 3505 3974 vero
3543 3922 3697 3988 apud

2101 4012 2387 4082 discipulos
2433 4012 2700 4065 Christum
2737 4011 3112 4065 criminantur.
3160 4010 3289 4078 Qua:
3315 4013 3493 4065 omnia
3527 4011 3698 4065 mali-

2101 4106 2371 4176 gnantium
2417 4112 2588 4167 erant,
2631 4113 2684 4156 et
2731 4103 3018 4156 volentium
3055 4101 3431 4169 d‘scipnlorutu
3459 4102 3697 4156 chorum

2101 4213 2130 4251 a
2155 4197 2408 4264 magistro
2427 4193 2816 4260 avellere.Quid
2837 4194 2992 4262 igitur
3011 4194 3268 4247 immensa
3293 4194 3379 4247 illa
3401 4194 3700 4262 sapientia?

2109 4289 2191 4342 1'2.
2227 4287 2347 4340 Non
2369 4286 2612 4356 indigent,
2643 4286 2842 4354 inquit,
2891 4285 3003 4338 sani
3032 4287 3245 4349 medico,
3294 4286 3382 4339 sed
3425 4287 3510 4353 qui
3556 4287 3702 4340 male

2105 4381 2304 4433 habent.
2337 4377 2467 4433 Vide
2500 4377 2765 4446 quomodo
2797 4391 3096 4431 sermonem
3140 4393 3327 4432 eorum
3374 4377 3424 4430 iu
3465 4387 3696 4431 contra-

2104 4469 2243 4524 rium
2284 4469 2462 4522 vertit.
2497 4466 2572 4520 Illi
2605 4482 2832 4535 namque
2873 4466 3082 4519 crimini
3124 4466 3322 4519 dabant
3365 4465 3497 4535 ipsi,
3543 4467 3697 4535 quod

2105 4560 2339 4615 eumillis
2362 4570 2694 4623 versaretur;
2716 4558 2802 4611 ille
2824 4559 3147 4611 contrarium
3173 4559 3390 4626 profert,
3415 4557 3697 4628 indignum

2109 4651 2432 4719 benignitate
2479 4664 2572 4701 sua
2625 4664 2744 4706 esse
2782 4649 2825 4702 si
2881 4664 2982 4702 non
3014 4665 3131 4702 cmn
3164 4649 3269 4704 illis
3311 4661 3587 4713 versetur;
3627 4668 3700 4705 ac

2107 4760 2213 4800 non
2245 4743 2401 4798 modo
2442 4758 2499 4797 se
2539 4743 2762 4796 crimine
2794 4759 3012 4796 vacuum
3044 4757 3163 4797 esse
3201 4760 3322 4797 cum
3353 4744 3472 4797 illos
3501 4761 3698 4797 emcn-

2107 4838 2290 4901 daret,
2323 4835 2415 4890 sed
2445 4851 2554 4889 rem
2585 4850 2704 4888 esse
2737 4835 3051 4903 prmeipuam
3074 4876 3088 4899 ,
3131 4843 3186 4888 et
3213 4835 3566 4888 iicCcssai-iatn
3591 4878 3606 4899 ,
3638 4845 3703 4890 et

2108 4931 2252 4984 mille
2279 4929 2522 4983 laudibus
2562 4928 2796 4998 dignam.
2845 4926 3044 4981 Deinde
3074 4945 3138 4981 ne
3175 4928 3448 4981 videretur
3474 4937 3702 4981 vocatos

2107 5024 2309 5094 pudore
2338 5020 2550 5074 afﬁcere
2569 5062 2583 5085 ,
2614 5035 2734 5073 cum
2765 5019 2999 5079 diceret,
3037 5018 3134 5084 Qui
3171 5022 3302 5072 male
3327 5019 3536 5081 habent,
3572 5018 3704 5073 vide

2107 5114 2374 5184 quomodo
2419 5113 2580 5167 leniat
2626 5111 2792 5174 illud,
2840 5126 2959 5163 cum
3004 5111 3121 5164 illos
3163 5110 3401 5178 increpat
3439 5118 3494 5164 et
3522 5110 3699 5164 dicit:

2109 5207 2196 5260 15.
2233 5205 2442 5268 Euntcs,
2475 5203 2654 5256 discite
2671 5203 2790 5271 quid
2814 5211 2903 5264 cst,
2935 5200 3334 5254 Misericordiam
3357 5201 3489 5263 volo,
3521 5212 3566 5254 et
3593 5217 3702 5255 non

2107 5299 2412 5368 sacri/icium
2443 5295 2594 5364 (Osce
2621 5295 2675 5349 6.
2707 5296 2784 5361 ϐ).
2817 5294 2925 5346 Hoc
2965 5303 3136 5345 autem
3170 5293 3412 5358 dicebat,
3442 5292 3700 5360 Scriptu-

2107 5407 2284 5444 rarum
2337 5388 2684 5457 ignorantiam
2731 5385 2860 5455 ipsis
2903 5386 3028 5436 vitio
3061 5396 3290 5439 vertens.
3331 5385 3697 5451 Quamobrem

2109 5476 2564 5546 acriusloquitur,
2589 5491 2694 5530 nou
2727 5477 2929 5542 iratus;
2947 5476 3089 5529 absit
3108 5493 3122 5542 ;
3144 5477 3236 5530 sed
3259 5478 3418 5532 neilli
3437 5477 3690 5531 animum

2109 5571 2529 5640 desponderent.
2563 5569 2904 5637 Quamquam
2945 5569 3128 5623 dicere
3157 5579 3365 5636 poterat
3397 5587 3410 5622 :
3445 5568 3564 5623 Non
3592 5584 3693 5623 co-

2112 5660 2334 5730 gitatis,
2386 5661 2660 5726 quomodo
2719 5659 3016 5728 paralytico
3067 5670 3286 5726 peccata
3337 5659 3696 5712 dimiserim!

2115 5769 2308 5821 corpus
2328 5751 2445 5821 ejus
2466 5750 2792 5804 firmaverim
2817 5749 2838 5802 ?
2859 5751 2926 5803 At
2943 5750 3080 5804 nihil
3097 5750 3288 5805 horum
3310 5749 3442 5804 dicit
3465 5765 3692 5804 :Verum
