4050 6220
355 415 460 472 εξτις

360 547 387 584 a
415 525 786 584 communilms
809 516 1100 576 ratiociniis
1127 514 1246 569 illos
1271 506 1575 580 aggreditur
1604 501 1852 570 primum,
1885 501 1939 545 et

364 631 545 692 postea
570 634 599 671 a
628 613 932 684 Seripturis.
961 609 1094 665 Cum
1117 606 1335 663 dixisset
1363 599 1503 652 enim
1527 638 1542 660 ,
1579 592 1696 647 Non
1727 598 1796 642 est
1819 601 1946 655 opus

362 679 644 764 rotantibus
682 679 903 759 medicus
929 743 942 763 ,
985 700 1071 753 scd
1103 697 1234 748 nmle
1259 688 1551 744 habentibus
1574 727 1590 751 ,
1628 693 1680 737 et
1707 679 1943 747 seipsum

363 815 484 855 esse
523 799 786 852 medicum
825 793 1152 846 subobscure
1180 785 1504 839 declarasset
1541 794 1554 829 :
1598 786 1721 828 tunc
1767 770 1897 823 dixit
1927 809 1942 833 ,

369 892 592 951 Euntes,
623 887 798 941 discite
837 883 959 951 quid
997 881 1066 934 ést
1089 919 1102 940 ,
1144 871 1542 930 illiscricortlium
1587 867 1728 930 volo,
1762 875 1806 915 et
1847 876 1947 912 non

365 982 691 1052 sacriﬁcium.
717 979 826 1032 Hoc
849 984 902 1027 et
931 972 1123 1026 Paulus
1145 968 1285 1020 facit.
1315 965 1490 1017 Primo
1508 959 1648 1013 enim
1671 974 1698 1007 a
1717 967 1949 1007 comnm-

365 1076 524 1128 nibus
566 1069 822 1138 exemplis
856 1067 932 1121 sic
957 1077 1148 1117 orsus:
1183 1060 1308 1122 Quis
1351 1053 1506 1124 pascit
1541 1064 1766 1120 gregem,
1807 1054 1850 1096 ct
1887 1057 1948 1094 ex

368 1169 496 1221 lacte
521 1167 629 1236 ejus
658 1179 754 1216 non
781 1158 993 1213 comedit
1025 1155 1098 1225 (ι.
1127 1153 1244 1206 Cor.
1272 1150 1324 1203 9.
1358 1147 1448 1211 7)?
1481 1155 1603 1197 tunc
1645 1140 1948 1204 Scriptor-as

370 1233 605 1320 inducit,
638 1264 690 1308 et
715 1252 787 1306 ait
815 1268 829 1305 ε
861 1249 925 1303 lu
955 1251 1061 1318 lege
1088 1259 1300 1312 namque
1335 1237 1530 1307 .Mogsis
1570 1233 1812 1298 scriptum
1840 1236 1946 1289 est,

376 1350 493 1404 Non
522 1347 751 1416 alligabis
775 1361 830 1398 os
856 1337 1235 1395 bovi-triturunti
1263 1331 1420 1407 bitt.
1441 1328 1547 1383 v.9.
1577 1325 1728 1377 Deut.
1753 1320 1839 1374 ‘23.
1870 1319 1946 1384 4):

369 1456 434 1495 ac
454 1455 663 1494 t'llt‘Stltlt
685 1478 700 1500 ,
731 1436 820 1490 Sic
857 1431 1102 1486 Dominus
1127 1424 1414 1486 constituit,
1444 1431 1498 1473 ut
1523 1419 1606 1487 qni
1639 1412 1952 1482 evangelium

371 1532 708 1593 annuntiaut,
754 1542 817 1581 ea:
861 1522 1119 1593 evangelio
1165 1520 1328 1571 vivant
1377 1513 1593 1580 (l.(.'or.
1635 1509 1687 1563 9.
1732 1506 1841 1573 Μ).
1872 1503 1951 1556 Ad

372 1625 660 1692 discipulos
689 1629 866 1674 autem
891 1633 994 1670 non
1021 1615 1097 1668 sic
1121 1630 1136 1677 ;
1165 1611 1256 1664 sed
1279 1611 1427 1678 signa
1453 1619 1548 1659 sua
1570 1606 1618 1655 in
1644 1599 1954 1654 memoriam

375 1717 580 1773 reducit
611 1715 712 1767 hoc.
739 1721 892 1780 pacto
922 1726 936 1763 :
971 1707 1091 1760 Non
1121 1701 1414 1756 meministis
1445 1698 1658 1768 quinque
1678 1708 1888 1762 panum,
1913 1698 1958 1741 et

377 1809 633 1863 hominum
667 1806 882 1874 quinque
912 1800 1126 1854 millium
1147 1838 1161 1862 ,
1193 1805 1238 1850 et
1267 1803 1384 1866 quot
1427 1791 1668 1860 cophinos
1689 1783 1958 1855 collegisti:

379 1900 584 1973 (Matth.
620 1898 704 1952 16.
736 1897 832 1963 9)?

453 1992 507 2045 5.
549 1989 652 2044 Sed
702 2003 804 2040 non
859 1984 926 2037 ita
978 1996 1037 2036 se
1084 1979 1219 2050 gerit
1255 1991 1373 2029 eum
1415 1973 1562 2032 i<t's;
1597 1984 1778 2022 verum
1809 1980 1958 2020 com-

381 2099 594 2139 munem
616 2079 976 2134 inﬁrmitatem
1006 2076 1419 2132 commemorat,
1461 2063 1796 2130 ostenditque
1822 2059 1963 2128 ipsos

381 2177 539 2230 etiam
570 2189 632 2226 ex
666 2171 992 2225 inﬁrmorum
1016 2178 1236 2218 munero
1259 2174 1406 2223 esse,
1432 2157 1517 2225 qui
1550 2171 1646 2208 nec
1667 2151 1964 2220 Scripturas

383 2265 620 2320 sciebant
658 2303 673 2327 ,
718 2271 772 2314 et
822 2272 1038 2312 onmem
1077 2255 1323 2306 virtutem
1378 2247 1743 2316 negligentes.
1789 2242 1841 2296 in
1880 2255 1964 2295 sa-

382 2358 596 2413 criﬁciis
659 2364 827 2407 totum
894 2346 1288 2404 constituebant
1342 2360 1356 2396 :
1415 2339 1554 2409 quod
1624 2334 1968 2391 subindieans

387 2449 502 2518 ipse
526 2488 540 2510 ,
575 2446 624 2499 id
670 2444 808 2513 quod
852 2457 881 2494 a
930 2437 1200 2509 prophetis
1237 2433 1485 2490 omnibus
1517 2430 1712 2484 dictum
1758 2427 1968 2489 fuerat,

388 2539 570 2610 paucis
600 2538 760 2590 refert
792 2533 975 2586 dicens
1007 2549 1020 2584 :
1053 2529 1240 2582 Discite
1263 2526 1384 2596 quid
1421 2534 1530 2585 est,
1575 2518 1972 2575 Misericordia»:

391 2631 527 2696 colo,
555 2641 603 2682 et
628 2644 727 2680 non
749 2624 1055 2692 sacriﬁcium
1083 2619 1238 2687 (Osee
1260 2620 1312 2673 6.
1338 2617 1416 2683 6).
1441 2616 1531 2670 His
1551 2615 1693 2666 enim
1721 2610 1970 2668 ostendit,

392 2739 498 2778 non
530 2737 588 2776 se
616 2720 794 2788 inique
824 2732 1004 2787 agere,
1031 2715 1122 2768 sed
1151 2715 1322 2782 ipsos;
1347 2727 1408 2763 ae
1437 2712 1479 2763 si
1511 2709 1732 2770 diceret,
1753 2706 1862 2756 (tur
1890 2718 1978 2754 ae-

393 2815 592 2871 cusatis
620 2813 739 2867 me?
766 2827 830 2864 an
858 2811 980 2879 quia
1009 2815 1316 2876 peccatores
1342 2802 1607 2857 emendo?
1635 2801 1773 2868 Ergo
1803 2808 1852 2850 et
1879 2797 1975 2849 Pa-

398 2920 532 2970 trem
583 2919 758 2959 meum
807 2902 906 2954 hac
951 2899 1017 2952 de
1059 2913 1118 2952 re
1161 2894 1498 2950 accusabitis.
1544 2891 1696 2958 Quod
1748 2900 1801 2942 et
1851 2887 1975 2940 alibi

398 2998 584 3053 eadem
613 3004 790 3050 mente
826 2994 1036 3048 dicebat
1059 3009 1072 3044 :
1104 2989 1255 3042 Pater
1283 3004 1420 3040 mcus
1447 3002 1603 3056 usque
1629 2983 1775 3036 modo
1802 2997 1978 3051 operu-

403 3101 506 3150 tnr,
551 3099 600 3143 et
653 3104 742 3157 ego
794 3101 975 3154 operor
1021 3081 1204 3153 (Joan.
1255 3078 1310 3132 5.
1365 3080 1490 3146 l'i);
1537 3073 1702 3131 ethic
1731 3089 1980 3128 rursum:

403 3178 597 3232 Euntes
625 3177 798 3229 discite
820 3174 941 3242 quid
965 3183 1073 3238 est,
1104 3171 1157 3224 Μ
1166 3169 1503 3225 isericorttiam
1533 3165 1643 3220 volo
1663 3207 1677 3228 ,
1707 3175 1750 3217 et
1779 3180 1878 3215 non
1904 3179 1986 3214 sn—

408 3269 678 3337 criﬁcinm.
712 3264 1169 3332 Quemadmodum
1199 3262 1343 3316 enim
1375 3262 1473 3313 hoc
1504 3261 1589 3312 ille
1622 3259 1766 3320 vult,
1814 3255 1892 3308 sic
1933 3265 1986 3308 ct

409 3377 526 3430 ego.
565 3359 747 3414 Vilen’
777 3357 1044 3427 quomodo
1068 3356 1150 3407 illa
1181 3353 1392 3424 quidem
1421 3349 1685 3418 superﬂua
1723 3350 1850 3409 sint,
1876 3345 1990 3398 hare

408 3471 538 3508 vero
579 3451 917 3508 necessaria?
964 3448 1146 3518 Neque
1188 3446 1328 3500 enim
1374 3443 1499 3497 dixit
1526 3486 1540 3508 ,
1574 3439 1988 3495 Misericordiam

413 3549 532 3602 volo
556 3557 608 3600 ct
629 3543 944 3600 sacriﬁcimu
971 3559 985 3607 ;
1017 3540 1146 3600 sed,
1184 3536 1582 3592 Misericordia»:
1622 3533 1734 3586 colo
1757 3572 1772 3598 ,
1816 3541 1860 3584 et
1891 3547 1989 3583 non

413 3638 735 3706 sacri/icium.
783 3635 1021 3688 Alterum
1054 3632 1194 3686 enim
1229 3627 1592 3697 comprobavit
1615 3667 1628 3685 ,
1658 3624 1881 3678 alterum
1912 3637 1995 3675 re-

417 3730 697 3802 probavit;
747 3725 1236 3793 dcmonslravitque
1282 3721 1332 3774 id
1390 3718 1529 3789 quod
1580 3715 1998 3770 criminabantur

417 3839 522 3876 lion
555 3820 711 3874 modo
744 3835 846 3872 non
889 3817 1106 3871 vetitum
1134 3857 1148 3879 ,
1200 3811 1293 3868 sed
1342 3811 1499 3865 etiam
1533 3809 1646 3879 lege
1677 3815 1998 3876 prmeeptum

417 3931 556 3978 esse,
606 3913 773 3979 magis
822 3925 980 3978 quam
1020 3907 1279 3962 sacriﬁcia
1315 3923 1327 3958 :
1359 3905 1633 3973 ipsamque
1687 3902 1856 3971 legem
1904 3915 1999 3952 ve-

421 4017 587 4061 terem
632 4003 833 4058 inducit
864 4002 944 4055 his
978 4014 1214 4056 consona
1255 3999 1559 4066 loquentem
1593 4003 1646 4048 et
1689 3992 2003 4061 przeeipien-

421 4110 550 4153 tem.
606 4096 730 4150 Illos
775 4095 951 4162 itaque
1010 4091 1371 4162 perstringens
1415 4096 1468 4141 et
1516 4101 1581 4140 ex
1628 4083 2004 4138 eommuuibus

426 4192 704 4260 exemplis,
737 4197 788 4241 ct
820 4203 884 4241 ex
909 4183 1217 4254 Scripturis,
1241 4182 1423 4248 adjicit
1454 4197 1467 4232 :
1518 4178 1638 4232 Non
1681 4178 1790 4230 veni
1833 4192 2009 4230 vocare

424 4287 602 4350 iustos,
634 4283 723 4340 sed
753 4289 1034 4350 peccatores
1059 4276 1126 4329 ad
1155 4274 1517 4345 penitentiam.
1562 4271 1614 4326 ld
1655 4286 1782 4324 vero
1807 4269 2008 4323 ironice

428 4379 682 4446 loquitur,
729 4386 780 4427 ut
823 4387 942 4426 cum
987 4369 1160 4425 dicit:
1193 4366 1328 4421 Ecce
1370 4365 1532 4418 Adam
1565 4365 1727 4434 factus
1769 4371 1842 4414 est
1881 4361 2009 4413 sicut

431 4487 558 4525 unus
589 4484 650 4522 ex
679 4466 818 4521 nobis
841 4463 992 4534 (Gen.
1019 4463 1068 4517 5.
1097 4459 1213 4528 22);
1255 4473 1316 4512 ac
1353 4471 1560 4511 rursum
1585 4496 1599 4520 ,
1647 4453 1708 4508 Si
1755 4452 1969 4505 esurierc
1995 4494 2009 4514 ,

433 4578 531 4614 non
557 4560 722 4612 dicam
749 4557 837 4610 tibi
864 4553 1032 4627 (Psal.
1059 4553 1147 4608 49.
1179 4551 1291 4621 12).
1318 4547 1466 4615 Quod
1499 4546 1639 4602 enim
1672 4545 1848 4600 nullus
1874 4553 2016 4596 esset

433 4653 608 4724 justus
635 4654 686 4706 in
720 4660 856 4704 terra
878 4691 893 4712 ,
932 4648 1124 4703 Paulus
1149 4644 1439 4701 declaravit
1471 4642 1550 4696 his
1583 4641 1760 4696 verbis
1788 4659 1801 4694 :
1830 4637 2015 4692 Omnes

435 4747 566 4800 enim
590 4750 949 4816 peccaverunt,
972 4751 1018 4793 et
1044 4749 1186 4810 egent
1215 4737 1377 4808 gloria
1405 4735 1497 4789 Dei
1526 4734 1699 4804 (Rom.
1731 4734 1783 4787 5.
1815 4730 1928 4802 25).
1965 4729 2016 4783 ld

436 4841 596 4896 etiam
638 4837 715 4891 eis
756 4835 844 4903 qui
878 4832 1048 4887 vocati
1079 4841 1202 4884 sunt
1245 4826 1596 4883 consolationi
1627 4832 1760 4878 erat.
1789 4824 2018 4878 Tantum

441 4934 590 4989 abest
619 4973 632 4994 ,
668 4928 871 4996 inquit,
904 4935 958 4979 ut
990 4932 1296 4992 peccatores
1340 4919 1720 4974 abominationi
1753 4917 1976 4970 habeam
2005 4929 2072 4987 ,ιχ

444 5035 498 5080 ιιι
524 5021 684 5079 etiam
713 5029 930 5089 propter
955 5016 1076 5069 illos
1106 5024 1306 5068 tantum
1339 5009 1645 5066 advenerim
1704 5009 1920 5069 Deinde,
1956 5021 2022 5060 ne

445 5119 562 5170 illos
610 5111 830 5182 supinos
870 5107 1142 5164 redderet.
1182 5119 1302 5158 eum
1338 5110 1642 5171 peceatores
1670 5099 1977 5152 memoravit
2008 5137 2025 5160 ,

447 5224 549 5262 non
566 5207 675 5277 jam
701 5201 882 5264 tacuit,
913 5197 1006 5254 sed
1031 5195 1241 5266 adjecit,
1263 5197 1340 5248 Ad
1363 5193 1720 5263 paenitentiam.
1751 5190 1863 5245 Non
1883 5190 2023 5243 enim

451 5302 569 5356 ideo
602 5299 792 5354 adveni
833 5306 889 5351 ut
935 5296 1006 5349 illi
1035 5301 1341 5364 peccatores
1368 5296 1665 5348 manerent,
1700 5285 1791 5338 sed
1822 5293 1877 5336 ut
1909 5299 2026 5334 mu-

453 5403 685 5448 tarentur
711 5401 765 5446 et
800 5389 1048 5444 meliores
1077 5384 1382 5442 evaderent.
1415 5379 1546 5436 Cum
1591 5389 1766 5430 autem
1815 5375 2026 5428 illorum

453 5500 542 5539 ora
575 5499 790 5554 prorsus
818 5483 1112 5542 clausisset,
1132 5489 1240 5533 tmn
1269 5494 1332 5532 ex
1359 5473 1666 5543 Scripturis,
1684 5481 1793 5523 tum
1824 5485 1886 5523 ex
1918 5468 2030 5533 ipsa

457 5597 629 5634 rerum
653 5578 820 5641 serie,
854 5584 908 5629 et
938 5575 1067 5629 nihil
1105 5574 1236 5627 ultra
1265 5571 1444 5626 dicere
1472 5575 1723 5638 possent,
1753 5562 1891 5632 quod
1932 5561 2032 5630 ipsi

457 5679 519 5732 iis
530 5671 840 5728 criminibus
856 5669 1064 5724 obnoxii
1078 5668 1445 5736 probarentur,
1462 5680 1577 5733 quzr
1596 5660 1697 5731 ipsi
1711 5657 2032 5720 obtulerant,

460 5769 782 5835 insupcrqoe
812 5763 909 5830 legi
943 5773 1104 5815 veteri
1128 5759 1491 5818 adverSantcs,
1540 5754 1630 5806 illo
1661 5752 1842 5810 misso.
1875 5750 1926 5800 in
1956 5748 2037 5799 di-

467 5856 697 5928 scipulos
725 5855 922 5908 crimen
947 5852 1286 5908 transferunt.
1310 5849 1478 5904 Lucas
1495 5845 1645 5917 (Cap.
1668 5845 1719 5899 5.
1739 5857 1788 5896 υ.
1808 5841 1897 5912 55)
1917 5842 2029 5910 qui-

1333 392 1398 448 ιη
1438 378 1846 445 ΜᾹΤΤῑΙίΕυΜ
1887 371 2116 430 1101111..
2158 370 2327 428 XXX.
2372 372 2443 426 al.
2486 367 2676 424 XXXL

3523 363 3626 416 Sﬁﬁ

2057 489 2178 541 dem
2208 486 2282 540 ait
2308 485 2601 539 Pharisaros
2627 482 2728 535 hoc
2749 477 2967 538 dixis=e,
2990 475 3264 530 Matthmus
3296 489 3441 532 vero.
3471 474 3630 528 disci—

2059 578 2208 646 pulos
2230 575 2450 631 Joannis
2483 592 2495 627 :
2527 569 2813 626 verisimile
2867 579 3042 621 autem
3091 577 3171 620 est
3217 567 3330 620 lucc
3377 576 3631 634 utrosque

2054 672 2273 726 dixisse.
2303 668 2436 722 Cum
2478 665 2617 721 enim
2648 663 2720 717 illi
2765 664 2815 716 in
2842 661 3004 715 dubio
3031 669 3368 715 versarentur
3391 701 3406 722 ,
3441 659 3626 712 verisi-

2051 763 2246 815 milit«.-r
2290 770 2341 813 et
2391 759 2510 812 illos
2558 771 2738 810 secum
2786 762 3210 821 assumpseruut,
3251 751 3389 819 quod
3430 761 3628 804 etcum

2053 851 2361 908 llerodianis
2393 857 2574 918 postea
2604 846 2857 900 fecerunt.
2910 842 3217 897 lovidehant
3246 842 3386 894 enim
3415 857 3628 911 semper

2049 946 2263 998 (mi-isto
2289 941 2509 994 Joannis
2527 937 2792 1004 discipuli.
2815 947 2867 989 et
2891 945 3073 988 eontra
3100 935 3243 986 illum
3268 933 3632 1002 di~'pu'abaut;

2054 1053 2177 1096 tunc
2206 1041 2422 1095 demum
2455 1037 2764 1090 humiliores
2792 1033 2988 1092 effecti,
3023 1047 3144 1083 cum
3173 1029 3407 1082 Joannes
3436 1031 3484 1080 iu
3515 1044 3633 1079 car-

2052 1151 2228 1190 cerem
2263 1143 2441 1186 trusus
2483 1141 2584 1184 est.
2629 1128 2759 1182 Nam
2809 1135 2932 1178 tunc
2964 1124 3013 1178 id
3047 1132 3308 1177 venerunt
3339 1123 3634 1174 mmtiatum

2053 1225 2179 1280 Jesu
2213 1223 2426 1278 Christo
2462 1238 2476 1275 :
2509 1230 2691 1289 postea
2722 1234 2848 1271 vero
2881 1217 2931 1268 in
2965 1215 3194 1284 priorem
3241 1227 3447 1265 rursum
3497 1212 3630 1264 invi-

2055 1319 2196 1372 diam
2214 1327 2331 1370 sunt
2359 1313 2578 1369 reversi.
2605 1311 2738 1378 Quid
2769 1308 2992 1378 igiturhi
3013 1305 3226 1360 dicunt?
3247 1305 3325 1358 l4.
3356 1303 3526 1368 Quare
3547 1321 3637 1356 nos

2057 1420 2102 1464 et
2133 1407 2376 1462 Pharisaei
2408 1406 2621 1458 multum
2639 1405 2932 1472 jcjnnamus
2970 1415 2988 1451 :
3029 1396 3265 1464 discipuli
3295 1412 3408 1448 vero
3438 1395 3506 1446 tui
3542 1410 3640 1445 non

2051 1500 2326 1573 jt-junant?
2349 1499 2443 1552 llic
2470 1496 2687 1549 morbus
2718 1503 2992 1560 cst,qucm
3015 1489 3140 1542 olim
3165 1487 3459 1540 ahsiriderat
3484 1484 3639 1539 Chri-

2059 1601 2172 1646 stus
2188 1605 2307 1644 cum
2321 1589 2395 1641 ait
2411 1607 2422 1640 :
2440 1586 2560 1639 Cum
2564 1582 2894 1655 jejunaveris,
2911 1597 3040 1648 ungo
3054 1588 3205 1648 caput
3219 1588 3378 1633 (tuan.
3396 1587 3439 1628 et
3461 1577 3642 1643 faciem

2063 1693 2199 1736 tuam
2227 1683 2338 1734 lavo
2369 1677 2580 1746 (Matth.
2613 1678 2665 1730 (5.
2706 1674 2821 1742 l7);
2851 1688 2970 1724 cum
2999 1670 3269 1737 pnesciret
3293 1682 3353 1720 ea
3376 1682 3493 1734 quas
3521 1665 3643 1717 inde

2065 1773 2327 1828 nasi-itura
2352 1779 2506 1825 erant
2528 1767 2685 1821 mala.
2711 1764 2814 1816 Sed
2843 1762 2938 1815 hos
2959 1762 3042 1813 ille
3065 1775 3169 1812 non
3196 1760 3453 1824 increpat,
3476 1772 3648 1822 neque

2063 1866 2196 1920 dixit
2217 1864 2292 1919 :0
2307 1877 2456 1917 value
2468 1859 2651 1929 gloria:
2667 1856 2866 1922 cupidi,
2887 1863 2935 1905 et
2955 1852 3127 1904 futiles
3142 1849 3401 1903 homines!
3418 1849 3508 1901 sed
3527 1863 3646 1900 cum

2064 1957 2208 2011 omni
2226 1950 2634 2007 mansuetmliue
2649 1949 2793 2016 ipsos
2806 1945 3084 2011 alloquitur
3098 1941 3300 1994 dicens.
3320 1937 3529 1993 l5.Non
3546 1955 3652 2005 pos-

2067 2059 2183 2104 sunt
2202 2049 2294 2115 ﬁlii
2312 2044 2485 2114 sponsi
2493 2042 2749 2113 jejunare,
2774 2035 3012 2106 quamdiu
3041 2049 3153 2086 cum
3175 2032 3276 2084 illis
3297 2040 3365 2083 est
3391 2045 3626 2095 sponsus.

2069 2140 2293 2208 Quando
2311 2137 2450 2192 enim
2465 2150 2560 2204 pro
2579 2133 2696 2187 aliis
2714 2127 3050 2199 loquebatur,
3073 2139 3168 2193 pro
3193 2122 3486 2191 publicanis
3509 2135 3654 2172 uein-

2074 2250 2157 2304 pe,
2213 2241 2272 2285 ut
2304 2243 2487 2284 eorum
2521 2226 2731 2279 animos
2780 2221 3089 2274 vulneratos
3141 2215 3424 2275 solaretur.
3459 2228 3652 2280 expro-

2073 2327 2288 2380 brantes
2336 2317 2708 2374 vehementius
2759 2309 3084 2380 increpavit:
3113 2322 3232 2362 cum
3277 2314 3452 2359 autem
3485 2304 3656 2371 ipsum

2075 2426 2130 2470 ct
2152 2411 2440 2480 discipulos
2469 2404 2780 2476 carpebant,
2809 2417 2929 2455 eum
2957 2398 3100 2452 omni
3130 2393 3534 2448 mansuetudine
3563 2406 3660 2444 oe-

2074 2504 2240 2560 currit
2271 2503 2418 2570 ipsis.
2451 2497 2602 2564 Quod
2631 2502 2804 2548 autem
2847 2491 3027 2544 dicunt
3057 2488 3168 2551 illi,
3204 2483 3504 2552 hujusn‘iodi
3534 2495 3614 2536 est
3645 2497 3658 2532 :

2083 2602 2230 2661 Esto,
2257 2609 2308 2651 ιιι
2338 2603 2518 2663 utpote
2542 2588 2778 2645 medicus
2810 2586 2909 2639 hoc
2942 2583 3101 2636 facias
3133 2596 3145 2631 :
3179 2578 3269 2633 sed
3291 2593 3386 2631 cur
3423 2574 3664 2643 discipuli

2084 2693 2180 2755 tui,
2234 2688 2399 2740 misso
2453 2681 2678 2752 jejunio,
2729 2674 3029 2744 hujusmodi
3078 2671 3275 2725 mensis
3310 2663 3666 2721 accumbunt?

2086 2779 2287 2838 Deinde
2311 2787 2365 2830 ut
2387 2775 2642 2843 majorem
2666 2769 3059 2823 accusationem
3089 2763 3321 2815 facerent
3343 2801 3356 2822 ,
3389 2775 3447 2812 se
3469 2757 3669 2825 primos

2089 2880 2308 2944 ponunt,
2333 2876 2622 2938 posteaque
2652 2861 2969 2920 Pharisa-os,
2997 2855 3396 2922 comparatione
3425 2851 3666 2904 volentes

2087 2969 2289 3023 crimen
2321 2974 2555 3030 augere;
2598 2971 2718 3009 nam
2767 2950 2832 3004 Et
2880 2966 2990 3011 nos,
3026 2947 3285 3015 inquiunt,
3329 2953 3375 2996 et
3421 2940 3670 2994 Plan-iuvi

2089 3059 2300 3111 multum
2347 3054 2656 3123 jejuuamus.
2701 3043 2832 3099 Nam
2884 3038 3218 3110 jejttnahant,
3266 3035 3337 3087 illi
3395 3048 3422 3084 a
3469 3031 3674 3086 Joanne

2058 3151 2062 3154 ’
2089 3147 2285 3211 edocti,
2309 3146 2499 3199 hivero
2524 3155 2552 3194 a
2582 3140 2729 3207 lege;
2754 3129 3198 3204 quemadmodum
3232 3127 3354 3178 item
3379 3125 3430 3178 ΡΖ
3455 3125 3676 3176 ιιι-ἱδιιτιιε

2091 3241 2302 3296 dict-hat
2332 3254 2350 3292 :
2379 3237 2566 3305 Jejuno
2613 3232 2687 3284 bis
2735 3229 2786 3282 in
2831 3222 3160 3279 Iicbtlomada.
3199 3220 3331 3285 Quid
3365 3219 3521 3287 igitur
3549 3217 3677 3268 dicit

2093 3333 2288 3389 .lcsus?
2320 3327 2462 3382 Num
2520 3331 2726 3394 possunt
2776 3319 2872 3387 lilii
2921 3313 3095 3382 sponsi
3134 3313 3393 3381 jejunare,
3437 3307 3678 3377 quamdiu

2097 3444 2210 3482 cuin
2235 3424 2337 3479 illis
2376 3430 2450 3474 est
2488 3431 2703 3487 sponsus
2729 3414 2746 3480 (
2776 3411 2907 3467 Luc.
2934 3409 3020 3464 18.
3052 3407 3120 3461 12
3147 3405 3204 3474 )‘l
3247 3402 3426 3456 Primo
3469 3399 3679 3468 quidem

2099 3535 2217 3575 sese
2247 3516 2510 3572 medicum
2533 3507 2757 3571 vocavit,
2783 3505 2868 3558 hic
2889 3517 3016 3556 vero
3036 3512 3312 3568 sponsum,
3336 3503 3540 3548 secreta
3570 3507 3681 3562 my-

2099 3617 2259 3672 steria
2289 3626 2384 3682 per
2414 3608 2530 3662 lucc
2568 3603 2781 3658 nomina
2815 3595 3059 3652 revelans
3087 3609 3101 3647 :
3125 3603 3444 3661 quamquam
3478 3593 3682 3653 [mterat

2103 3711 2223 3764 illos
2247 3704 2423 3760 acrius
2451 3699 2694 3755 refellere
2726 3693 2911 3747 dicens
2941 3705 2956 3742 :
2991 3686 3097 3741 Vos
3128 3700 3233 3738 non
3277 3680 3482 3733 habetis
3506 3687 3687 3731 aucto-

2102 3805 2314 3860 ritatem
2345 3790 2648 3865 imjusmodi
2677 3789 2822 3858 leges
2852 3781 3080 3854 ponendi
3113 3796 3126 3832 :
3153 3792 3271 3847 quae
3309 3775 3450 3829 enim
3489 3770 3694 3825 utilitas.

2104 3911 2168 3950 ex
2194 3860 2656 3962 ῘοῙιιιιὶυξίιιιθιιιιο
2681 3880 2858 3933 anima
2883 3873 3154 3942 iniquitate
3181 3868 3330 3937 plena
3350 3875 3451 3928 est,
3474 3877 3595 3916 eum
3623 3860 3690 3914 de

2107 3985 2226 4038 aliis
2255 3975 2602 4037 accusamini,
2631 3985 2752 4026 eum
2797 3961 3120 4020 damnamiui
3141 4001 3156 4024 ,
3185 3974 3304 4011 cum
3339 3954 3512 4008 trahes
3544 3951 3692 4005 fertis

2110 4074 2376 4134 inocuhs,
2421 4078 2476 4122 et
2521 4065 2587 4120 ad
2636 4058 3052 4118 ostentationem
3097 4050 3275 4104 omnia
3322 4045 3532 4102 facitis?
3559 4046 3694 4097 Ante

2114 4171 2177 4222 ha
2197 4182 2229 4221 e
2253 4165 2394 4219 enim
2425 4157 2604 4213 omnia
2633 4167 2823 4206 vanam
2850 4147 3073 4218 gloriam
3122 4142 3317 4210 ejicere
3354 4141 3691 4206 oportuerat,

2113 4271 2274 4331 atque
2303 4257 2405 4311 alia
2437 4251 2615 4306 omnia
2636 4255 2782 4301 recte
2803 4241 3034 4313 operari,
3061 4237 3360 4293 caritatem.
3388 4237 3694 4285 mansuetu-

2118 4321 2320 4411 dinem,
2349 4346 2567 4399 fratrum
2597 4351 2857 4392 amorem.
2893 4332 3086 4385 \‘erum
3130 4327 3257 4381 nihil
3308 4327 3497 4380 horum
3546 4321 3696 4382 dicit,

2120 4443 2211 4499 sed
2234 4425 2354 4494 eum
2381 4436 2522 4490 omni
2556 4427 2962 4487 mansuetudine
2991 4441 3004 4476 :
3041 4421 3160 4476 Non
3187 4427 3392 4488 possunt
3408 4415 3502 4483 lilii
3528 4413 3699 4481 sponsi

2111 4539 2364 4610 jejunare,
2389 4527 2631 4602 qumudiu
2656 4539 2772 4577 cum
2797 4521 2866 4574 eis
2892 4527 2961 4572 est
2988 4531 3203 4586 sponsus
3226 4511 3244 4583 (
3266 4511 3422 4564 Joan.
3456 4508 3509 4561 5.
3539 4506 3646 4574 29)
3685 4521 3697 4564 ;

2122 4603 2280 4687 vei-ha
2309 4624 2529 4682 Joannis
2561 4627 2866 4673 memorans
2894 4610 3116 4664 istluec:
3154 4605 3251 4670 Qui
3290 4603 3434 4655 liabet
3465 4613 3701 4669 sponsam

2122 4738 2335 4793 sponsus
2357 4727 2428 4771 est
2461 4730 2478 4767 :
2506 4711 2699 4764 amicus
2725 4714 2888 4758 autem
2917 4699 3122 4768 sponsi,
3154 4705 3224 4749 est
3264 4693 3350 4763 qui
3375 4700 3475 4745 stat
3495 4706 3514 4744 .'
3541 4698 3589 4742 et
3609 4705 3699 4741 au-

2126 4781 2265 4870 diens
2285 4827 2418 4871 cum,
2447 4803 2634 4878 gaudio
2683 4797 2866 4869 gaudet
2897 4801 3096 4862 propter
3127 4804 3295 4842 rorem
3333 4783 3526 4854 sponsi.
3554 4781 3705 4847 Quod

2094 4964 2097 4966 _
2127 4921 2302 4962 autem
2335 4902 2484 4962 dicit,
2520 4891 2820 4963 lmjusmodi
2851 4898 2930 4942 est
2965 4903 2979 4938 :
3013 4885 3256 4939 Praesens
3289 4889 3502 4948 tempus
3530 4874 3704 4946 gaudii

2128 5013 2182 5056 et
2208 4998 2402 5053 l:vtiti:e
2431 5001 2532 5048 est.
2565 4989 2638 5043 Ne
2659 4987 2836 5054 itaque
2864 4979 3027 5034 tristia
3050 4978 3287 5030 inducas.
3308 4971 3500 5026 Tristis
3515 4967 3710 5038 quippe

2132 5107 2219 5147 res
2247 5083 2629 5156 estjejuuium,
2665 5093 2768 5130 non
2801 5083 2987 5128 natura
3014 5087 3129 5130 sua,
3153 5067 3244 5120 sed
3274 5065 3594 5118 illistantum
3618 5058 3706 5127 qui

2133 5154 2392 5241 inﬁrmius
2413 5175 2583 5230 allecti
2620 5179 2775 5232 sont;
2811 5176 2864 5220 at
2891 5167 2954 5220 iis
2983 5162 3070 5232 qui
3100 5155 3460 5229 philosophari
3489 5154 3666 5204 volunt
3691 5187 3707 5213 ,

2135 5294 2220 5333 res
2250 5271 2534 5328 admodum
2577 5263 2746 5320 dulcis
2785 5270 2867 5316 est
2906 5269 2958 5312 et
3002 5250 3388 5308 desiderabilis.
3435 5241 3708 5313 Quemad-

2135 5367 2350 5425 modum
2377 5363 2518 5417 euim
2544 5371 2768 5426 corpore
2792 5354 2927 5407 bene
2948 5350 3176 5411 valente,
3209 5343 3368 5396 multa
3393 5338 3572 5392 hetitia
3597 5343 3708 5389 est:

2138 5464 2215 5517 sic
2239 5459 2413 5513 anima
2446 5455 2580 5508 bene
2603 5450 2787 5502 aﬂ'ecta
2810 5487 2824 5506 ,
2864 5441 3032 5509 major
3064 5447 3144 5492 est
3197 5434 3459 5499 voluptas.
3498 5426 3601 5482 Sed
3645 5425 3711 5478 at!

2139 5555 2348 5610 illorum
2378 5554 2610 5602 mentem
2641 5541 2757 5594 haec
2789 5533 3082 5604 respondit.
3115 5529 3204 5582 Sic
3224 5535 3277 5579 et
3300 5521 3458 5577 Isaias
3478 5520 3542 5574 de
3569 5519 3710 5587 Μυ-

2140 5648 2229 5702 nio
2257 5646 2498 5710 loquens,
2531 5633 2886 5688 humilitatem
2917 5621 3077 5674 animi
3107 5626 3259 5671 vocat
3289 5612 3416 5668 illud
3447 5611 3596 5680 (lsoi.
3622 5611 3710 5666 5a.

2137 5733 2194 5807 ὅ)
2227 5707 2558 5799 tet-Moyses
2585 5719 2831 5778 similiter
2857 5711 3042 5783 (Num.
3073 5707 3158 5764 50.
3194 5707 3296 5775 ιιι).
