4050 6220
439 374 544 433 367

513 499 568 554 4.
609 495 790 567 Neque
813 497 936 550 hinc
966 503 1167 549 tantum
1199 494 1318 548 illos
1343 494 1588 562 reprimit
1630 493 1906 558 Dominus,
1929 491 2024 546 sed

443 589 654 643 aliunde
679 589 839 643 etiam
868 587 949 640 his
976 586 1150 640 verbis
1184 603 1197 639 :
1237 582 1444 638 Venient
1463 584 1604 650 dies,
1630 583 1832 653 quando
1881 587 2026 653 unfe-

438 691 577 734 retnr
595 681 656 732 ab
680 681 752 732 eis
777 693 1011 747 sponsas,
1037 685 1082 729 et
1099 685 1216 728 tunc
1225 676 1548 744 jejunabunt.
1575 674 1666 728 His
1679 675 1820 728 enim
1844 682 2024 726 osten-

439 774 518 827 dit
546 788 648 826 non
688 771 824 840 gula:
867 783 1024 824 causa
1059 784 1162 821 non
1195 767 1488 836 jejunasse,
1538 765 1634 819 sed
1692 781 1755 819 ex
1792 766 2020 835 quadam

438 865 836 932 dispensatione
875 861 1102 916 tnirabili
1134 861 1326 915 :simul
1359 875 1483 913 vero
1513 858 1579 912 de
1631 860 1880 928 passione
1926 874 2018 912 sua

435 956 678 1026 qumdam
709 955 1019 1024 pra-mittit,
1073 962 1129 1010 et
1169 954 1273 1008 illis
1318 951 1689 1021 respomlendo
1730 951 2019 1021 discipulos

436 1046 666 1101 instituit
685 1059 737 1100 et
767 1044 1025 1100 exercitat
1055 1045 1106 1099 in
1139 1043 1482 1098 meditatione
1507 1058 1688 1097 rerum
1729 1058 1849 1112 qua:
1885 1057 2017 1095 one~

436 1155 575 1193 rosa:
599 1149 651 1193 et
681 1139 860 1192 tristes
882 1153 1002 1192 eSse
1049 1138 1387 1191 videbantur.
1433 1135 1542 1190 Illis
1577 1135 1719 1190 enim
1766 1136 1868 1190 hoc
1905 1135 2016 1204 jam

432 1232 614 1286 dicere
645 1231 928 1285 molestum
958 1229 1183 1293 fuisset,
1212 1227 1640 1297 quandoquidem
1673 1243 1792 1282 cum
1831 1235 2014 1295 postea

434 1322 633 1376 dictum
659 1323 761 1376 illis
791 1321 906 1386 fuit,
941 1321 1082 1390 ipsos
1122 1319 1458 1375 conturbavit
1490 1337 1502 1386 ;
1533 1334 1652 1372 cum
1681 1327 1861 1372 autem
1896 1316 2015 1371 aliis

432 1415 718 1480 diceretur,
745 1414 921 1468 minus
944 1414 1047 1467 illis
1067 1428 1355 1467 onerosum
1380 1423 1511 1466 erat.
1530 1411 1661 1479 Quia
1689 1426 1850 1481 porro
1876 1411 2015 1466 veri-

434 1506 612 1561 simile
637 1517 752 1562 erat
779 1507 898 1560 illos
927 1507 994 1561 de
1035 1506 1280 1576 passione
1323 1505 1548 1559 Joannis
1597 1505 1760 1558 altum
1799 1520 2010 1574 sapere,

432 1601 574 1654 hunc
601 1602 834 1670 ipsorum
884 1609 1150 1654 tumorem
1198 1598 1323 1653 inde
1363 1599 1515 1652 sedat
1544 1615 1556 1650 :
1584 1613 1682 1651 nec
1718 1607 1896 1652 tamen
1943 1597 2012 1652 dc

431 1693 825 1747 resurrectione
854 1705 1156 1745 sermonem
1183 1690 1411 1755 inducit;
1445 1690 1681 1743 nondum
1705 1690 1846 1744 enim
1879 1698 2012 1743 tem-

430 1800 527 1852 pus
552 1794 684 1838 erat.
723 1783 834 1837 lloe
865 1785 1058 1852 quippe
1080 1782 1370 1836 secundum
1397 1791 1639 1835 naturam
1675 1791 1823 1844 erat,
1866 1780 2008 1851 quod

429 1875 588 1929 homo
628 1891 748 1928 cum
795 1885 1088 1944 putaretur,
1140 1873 1428 1927 moriturus
1475 1885 1653 1939 esset;
1710 1873 1836 1927 illud
1883 1888 2009 1928 vero
2075 1931 2077 1934 ,

423 1981 582 2033 supra
610 1975 874 2017 naturam.
911 1964 1109 2018 Deinde
1138 1964 1190 2017 id
1217 1964 1356 2033 quod
1384 1974 1507 2017 ante
1536 1964 1752 2029 fecerat,
1778 1964 2008 2035 hicquo-

423 2071 527 2124 que
555 2054 692 2108 facit.
728 2054 1184 2122 Quemadmodum
1202 2070 1342 2108 enun
1387 2071 1506 2108 cum
1536 2067 1860 2110 conarentur
1885 2072 2005 2110 eum

422 2143 632 2197 crimini
662 2143 952 2197 obnoxium
982 2144 1288 2208 Ostendere,
1321 2145 1460 2213 quod
1489 2161 1610 2198 cum
1636 2147 2004 2214 peccatoribus

421 2233 745 2297 eomederct,
775 2234 1099 2287 eont;arinm
1153 2234 1244 2287 ille
1285 2235 1548 2303 probavit,
1589 2236 1639 2289 id
1667 2251 1860 2306 nempe
1895 2253 2003 2292 non

419 2324 620 2378 crimen
650 2339 801 2389 esse,
833 2325 926 2380 sed
964 2324 1323 2379 laudandum:
1354 2326 1433 2380 sic
1473 2335 1527 2380 et
1578 2325 1679 2380 hoc
1721 2327 1839 2382 loco
1879 2342 2000 2381 cum

419 2419 604 2471 volunt
631 2417 879 2486 probare.
913 2419 1082 2486 ipsum
1109 2433 1213 2470 non
1246 2418 1317 2471 uti
1362 2433 1455 2487 par
1491 2429 1572 2473 est
1601 2419 1890 2488 discipulos
1917 2421 2000 2475 in-

416 2512 658 2575 stituere,
692 2510 925 2564 ostendit
948 2526 1043 2565 eos
1062 2512 1150 2580 qui
1185 2511 1308 2566 illud
1332 2513 1590 2578 dicerent,
1625 2515 1870 2584 ignorare
1893 2533 2000 2586 quo

419 2611 573 2668 pacto
601 2601 952 2655 sectatoribus
983 2603 1234 2656 utendum
1265 2615 1444 2671 esset,
1489 2607 1581 2660 sed
1616 2616 1814 2662 temere
1838 2624 1998 2663 accu-

415 2709 535 2747 sare
565 2709 577 2744 :
615 2694 699 2747 16.
733 2691 924 2746 Nullus
949 2695 1103 2760 enim,
1147 2695 1336 2765 inquit,
1369 2697 1589 2751 immittit
1618 2701 1997 2754 commissuram

415 2785 572 2850 partiti
598 2785 711 2837 novi
739 2785 790 2837 in
812 2786 1149 2838 vestimentum
1171 2798 1324 2840 vetns.
1341 2787 1546 2840 Rursus
1571 2803 1600 2842 a
1626 2792 1997 2846 communibus

411 2875 669 2944 exemplis
691 2890 994 2929 sermonem
1026 2877 1329 2930 concinnat.
1348 2881 1499 2942 Quod
1524 2889 1700 2934 autem
1721 2881 1870 2942 dicit,
1893 2883 1996 2936 lm-

410 2966 640 3035 jusmodi
667 2975 790 3020 est:
823 2966 1066 3022 Nondum
1111 2969 1275 3022 fortes
1318 2979 1443 3023 sunt
1481 2969 1746 3040 discipuli,
1777 2975 1868 3026 sed
1897 2974 1994 3028 ad-

411 3057 514 3111 iinc
566 3058 730 3112 multa
792 3069 950 3128 egent
1018 3059 1647 3129 indulgentia:nonduttt
1693 3065 1834 3116 enim
1897 3081 1994 3132 per

408 3151 661 3219 Spiritum
692 3150 928 3204 renovati
951 3163 1093 3205 sunt.
1116 3152 1202 3206 Sic
1229 3161 1406 3205 autem
1427 3153 1632 3208 allectis
1654 3171 1756 3208 non
1781 3168 1993 3224 oportet

408 3240 585 3308 gravia
634 3250 1020 3309 prteceptorum
1075 3256 1238 3296 oaera
1289 3242 1579 3311 imponere.
1635 3245 1763 3300 [Lee
1811 3259 1988 3302 autem

407 3331 636 3395 dicebat,
668 3331 813 3400 leges
842 3341 896 3385 et
925 3333 1134 3402 regulas
1164 3333 1446 3403 imponens
1471 3335 1742 3405 discipulis
1773 3339 1904 3403 suis,
1933 3348 1990 3395 ut

405 3439 527 3475 cnm
557 3423 631 3476 illi
681 3424 732 3478 in
773 3425 1064 3494 diseipulos
1097 3425 1401 3482 adscribent
1445 3443 1633 3485 omnes
1660 3432 1747 3501 qui
1778 3433 1826 3486 in
1857 3435 1989 3488 urbe

407 3523 668 3568 terrarum
708 3524 851 3577 sunt,
883 3530 1002 3570 eum
1035 3532 1225 3588 magna
1268 3518 1386 3574 illos
1421 3524 1825 3578 mansuetudine
1877 3535 1985 3578 Ira.

403 3615 572 3664 ctcnt.
607 3609 689 3662 l7.
727 3608 902 3678 Neque
942 3609 1216 3665 immittunt
1241 3613 1410 3667 vinum
1438 3630 1620 3668 novum
1648 3617 1699 3670 in
1731 3628 1865 3672 utres
1899 3633 1983 3671 ve-

405 3713 551 3757 teres.
583 3701 767 3757 Viden”
795 3705 1042 3775 exempla
1077 3706 1126 3758 iu
1167 3708 1330 3760 veteri
1362 3708 1476 3776 lege
1506 3712 1796 3779 usurpata?
1826 3713 1985 3766 vesti-

352 3829 366 3841 .
405 3805 663 3859 mentum,
693 3797 878 3850 utres?
914 3797 1176 3851 Jcremias
1206 3798 1456 3868 populum
1490 3812 1642 3853 vocat
1693 3803 1981 3870 perizoma,

405 3887 639 3957 itemque
669 3899 813 3943 utres
847 3901 1107 3944 memorat
1150 3902 1310 3960 atque
1359 3893 1540 3946 vinum
1565 3894 1582 3962 (
1607 3892 1718 3947 Jer.
1773 3896 1857 3949 15.
1893 3895 1978 3950 l0.

403 3981 512 4051 1‘2).
541 3982 672 4049 Quia
694 3981 836 4037 enim
866 3983 932 4038 de
960 3999 1140 4037 mensa
1161 3993 1214 4038 et
1238 3984 1305 4037 de
1347 3986 1468 4054 gula
1515 4000 1697 4039 sermo
1743 3999 1854 4041 erat
1873 4027 1889 4053 ,
1917 4003 1982 4041 ex

405 4073 532 4140 ipsis
554 4075 798 4144 exempla
825 4076 1075 4130 desumit.
1111 4075 1279 4129 Lucas
1309 4075 1457 4147 (Cap.
1479 4078 1532 4132 5.
1551 4092 1597 4129 υ.
1618 4077 1710 4149 '56)
1741 4093 1864 4132 vero
1888 4079 1984 4132 ali-

401 4165 524 4234 quid
552 4167 781 4235 amplius
808 4167 956 4231 dicit,
987 4172 1183 4221 novum
1214 4183 1406 4236 nempe
1436 4168 1627 4228 scindi,
1652 4170 1693 4222 si
1741 4170 1865 4222 illud
1894 4185 1983 4223 vc-

402 4261 499 4308 teri
518 4256 778 4325 junxcris.
815 4257 1000 4312 Viden‘
1019 4275 1121 4311 non
1154 4259 1313 4312 modo
1340 4261 1534 4312 iutllam
1565 4261 1867 4324 utilitatem,
1887 4263 1980 4316 sed

401 4347 570 4416 majus
595 4347 972 4402 detrimentum
997 4349 1120 4403 hinc
1141 4350 1313 4404 oriri?
1355 4351 1417 4404 Et
1449 4353 1728 4419 praisentia
1765 4355 1978 4422 quidem

402 4449 600 4500 narrat,
622 4439 794 4491 futura
823 4454 949 4493 vero
979 4440 1250 4507 przcdicit;
1279 4457 1471 4509 netupe
1498 4443 1614 4494 illos
1643 4430 1808 4496 novos
1839 4454 1982 4512 post-

402 4545 467 4583 ea
512 4532 716 4583 futuros
757 4545 914 4585 esse:
948 4541 1002 4584 et
1030 4543 1314 4599 antequam
1350 4531 1398 4584 id
1431 4534 1676 4598 eveniat,
1705 4534 1832 4587 nihil
1881 4551 1978 4588 au-

395 4631 601 4677 sterum
629 4632 682 4676 et
702 4639 860 4693 grave
902 4624 1026 4692 ipsis
1074 4632 1396 4693 pra3ceptmn
1450 4624 1532 4676 iri.
1566 4623 1696 4678 Nam
1730 4627 1816 4695 qui
1857 4636 1982 4681 ante

396 4725 756 4783 Opportunum
792 4725 1020 4785 tempus,
1053 4716 1242 4786 inquit,
1286 4716 1535 4769 sublimia
1561 4716 1806 4785 dogmata
1846 4733 1980 4771 con-

395 4808 618 4862 stituere
643 4810 851 4878 qua-rit,
882 4825 978 4863 suo
1003 4819 1185 4878 postea
1233 4817 1471 4877 tempore
1509 4824 1610 4860 non
1651 4807 1870 4861 idoneos
1898 4823 1982 4861 rc-

399 4899 588 4966 periet,
640 4900 780 4969 quod
832 4899 952 4954 illos
994 4899 1160 4954 semel
1219 4900 1431 4953 inutiles
1486 4898 1791 4952 reddiderit.
1847 4899 1978 4953 Illud

400 5005 559 5058 porro
585 5004 689 5042 non
719 5004 782 5044 ex
816 4989 938 5045 vino
968 4989 1226 5060 procedit,
1259 5007 1431 5059 neque
1467 5006 1529 5044 ex
1560 4990 1766 5044 utribus
1796 4991 1977 5044 vinum

396 5081 784 5150 excipientibus
806 5122 820 5147 ,
853 5082 944 5136 sed
972 5098 1039 5138 ex
1081 5098 1268 5136 eorum
1297 5085 1384 5151 qui
1415 5083 1720 5136 infuderunt
1757 5083 1976 5138 festina-

397 5177 559 5227 tione.
591 5174 724 5229 llinc
756 5175 908 5228 nobis
937 5189 1150 5230 causam
1182 5176 1534 5243 exponimur
1559 5175 1678 5228 illos
1698 5174 1981 5242 alloquens

393 5269 684 5324 humilibus
711 5269 890 5323 verbis
937 5268 1243 5336 frequenter
1291 5277 1548 5322 uteretur.
1583 5271 1714 5321 Nam
1759 5277 1981 5336 propter

394 5365 632 5431 ipsorum
663 5361 1024 5416 inﬁrmitatem
1059 5360 1219 5414 multa
1251 5360 1458 5413 dicebat
1506 5360 1682 5413 minus
1731 5358 1976 5413 sublimia

393 5473 552 5525 quam
578 5469 674 5522 pro
705 5468 797 5508 sua
827 5453 1084 5523 dignitate
1115 5468 1127 5503 :
1153 5451 1291 5520 quod
1339 5451 1509 5519 ipsum
1538 5465 1749 5518 quoque
1777 5449 1977 5502 dixisse

395 5551 470 5601 sic
498 5565 536 5600 ri
557 5548 652 5601 fert
681 5546 912 5601 Joannes
940 5564 952 5600 :
983 5544 1144 5596 Multa
1175 5545 1330 5596 habeo
1361 5542 1496 5596 vobis
1527 5543 1689 5595 dicere
1711 5583 1727 5608 ,
1767 5541 1854 5594 sed
1875 5557 1976 5593 non

393 5639 599 5707 potestis
630 5653 832 5706 portare
858 5637 1004 5689 modo
1026 5635 1204 5702 (Joun.
1228 5636 1310 5689 lii.
1333 5633 1445 5704 lit).
1469 5633 1546 5687 Ne
1571 5641 1811 5701 putarent
1831 5633 1973 5686 enim

395 5732 487 5787 illa
515 5731 683 5784 solum
713 5746 834 5786 esse
879 5747 998 5800 qua:
1035 5729 1188 5796 dixit,
1232 5737 1392 5798 utque
1422 5726 1526 5782 alia
1569 5725 1723 5795 longe
1767 5723 1969 5793 majora

1146 380 1201 434 s.
1243 376 1521 433 mmsis
1559 371 2036 432 cnnvsosrom
2075 376 2386 457 artantur.
2428 382 2964 442 COXSTANTINOP.

3616 394 3724 447 368

2135 502 2310 548 mente
2337 495 2702 563 conciperent,
2752 498 3117 554 inﬁrmitatem
3161 515 3348 556 eorum
3382 502 3433 557 in
3479 507 3722 558 medium

2129 581 2367 644 adduxit.
2405 586 2670 654 pollicitus
2698 605 2759 642 ea
2786 603 2846 644 se
2867 589 3152 654 dicturum,
3177 610 3298 646 cum
3322 593 3573 650 fortiores
3597 598 3721 651 fue-

2128 675 2233 728 rint
2258 693 2272 730 :
2305 676 2356 729 id
2384 679 2523 746 quod
2547 677 2630 734 hic
2671 682 2830 735 etiam
2857 683 2986 736 dicit
3019 701 3033 736 :
3071 684 3274 739 Venient
3301 688 3410 740 dies
3433 728 3449 751 ,
3475 704 3592 740 cum
3619 706 3715 742 au-

2125 770 2314 836 feretur
2336 767 2398 820 ab
2429 770 2498 822 eis
2523 787 2757 840 sponsus,
2808 783 2854 827 et
2895 784 3013 828 tunc
3048 775 3377 845 jejunabunt.
3421 778 3499 832 Ne
3532 781 3716 850 itaque

2125 872 2222 911 nos
2247 859 2425 913 omnia
2473 860 2540 914 ab
2570 863 2819 918 oumibns
2855 865 2905 918 in
2940 866 3202 935 principio
3248 869 3565 937 exigamus,
3612 873 3713 926 sed

2121 959 2314 1016 quanta
2345 962 2566 1021 possunt
2592 953 2726 1022 ﬁeri,
2751 965 2805 1011 et
2827 957 2934 1011 cito
2960 959 3312 1027 procedemus
3337 963 3493 1015 ultra.
3517 962 3572 1018 Si
3612 980 3713 1017 au-

2123 1047 2228 1093 tem
2259 1044 2454 1109 premis
2474 1053 2528 1098 et
2555 1044 2806 1107 festinas.
2846 1046 2966 1101 ideo
3001 1063 3068 1102 ne
3093 1063 3306 1118 premas
3327 1091 3342 1113 ,
3376 1060 3432 1104 ut
3458 1050 3706 1108 festines.

2118 1129 2270 1198 Quod
2299 1133 2341 1186 si
2372 1132 2474 1189 hoc
2505 1135 2594 1190 tibi
2618 1138 2844 1206 :enigma
2873 1137 3080 1193 videtur
3100 1155 3241 1206 esse,
3270 1142 3340 1196 ab
3379 1143 3488 1212 ipsa
3521 1160 3706 1201 rerum

2118 1231 2302 1276 natura
2327 1223 2490 1290 disce,
2519 1236 2575 1282 et
2597 1237 2719 1284 tunc
2739 1229 2868 1284 dicti
2896 1230 3001 1284 vim
3024 1247 3238 1287 onmem
3269 1235 3572 1304 percipies:
3602 1255 3708 1293 nec

2118 1322 2168 1368 te
2197 1327 2444 1373 moveant
2484 1319 2519 1373 ii
2566 1321 2655 1390 qui
2708 1322 3010 1393 importune
3046 1335 3326 1389 accusant;
3356 1341 3479 1380 nam
3521 1327 3610 1384 hic
3647 1339 3704 1384 et

2115 1405 2368 1462 Pharismi
2390 1411 2726 1474 accusabant,
2749 1423 2801 1466 et
2818 1412 3092 1481 discipulis
3121 1415 3540 1485 exprobrabant.

2186 1499 2239 1553 5.
2273 1499 2559 1556 Moderatio
2601 1503 2788 1558 Christi
2814 1505 2867 1558 in
2891 1506 3009 1560 aliis
3045 1515 3091 1560 et
3129 1509 3382 1577 prwcipue
3421 1509 3703 1566 hixuriam

2113 1591 2401 1646 mulieribus
2420 1593 2764 1660 emendandis,
2788 1595 3054 1651 imitanda.
3071 1599 3405 1655 —-Attamen
3431 1602 3556 1656 nihil
3601 1605 3702 1658 lio-

2112 1699 2228 1736 rum
2259 1685 2528 1739 Christum
2555 1702 2584 1741 a
2611 1689 2873 1743 sententia
2900 1688 3162 1754 dimovit,
3193 1707 3368 1762 neque
3397 1694 3529 1748 dixit
3561 1697 3652 1750 ille
3677 1715 3694 1750 :

2109 1775 2288 1830 Pudor
2312 1786 2396 1832 est
2437 1777 2534 1832 hos
2564 1779 2806 1848 jejunare
2835 1789 2890 1836 et
2927 1781 3025 1837 hos
3062 1797 3167 1836 non
3204 1782 3469 1852 jejunare.
3501 1786 3605 1841 Sed
3638 1799 3700 1843 ut

2108 1870 2340 1938 optimus
2364 1871 2688 1939 gubernator
2726 1888 2829 1928 non
2870 1876 3150 1930 commotis
3175 1875 3444 1946 ﬂuctibus,
3464 1881 3557 1934 sed
3590 1883 3695 1936 arti

2106 1977 2218 2015 sua:
2248 1963 2477 2017 intentus
2503 1973 2586 2018 est
2614 1981 2628 2018 :
2659 1965 2728 2018 ita
2759 1975 2812 2018 et
2851 1964 3095 2020 Christus
3136 1977 3259 2022 tunc
3302 1968 3446 2024 fecit.
3477 1971 3693 2026 Etenim

2108 2053 2277 2121 pudor
2297 2063 2433 2119 erat,
2463 2072 2565 2108 non
2615 2057 2753 2126 quod
2798 2057 2872 2112 illi
2904 2074 3008 2112 non
3037 2058 3362 2129 jejunarent,
3404 2063 3497 2118 sed
3541 2066 3692 2135 quod

2106 2155 2322 2211 propter
2359 2145 2617 2214 jejunium
2649 2148 2825 2203 letalia
2866 2151 3083 2204 vulnera
3114 2152 3440 2222 acciperent,
3481 2156 3687 2211 discin-

2101 2235 2373 2299 dcrcntnr,
2403 2237 2852 2308 dirumperentur.
2885 2241 3014 2310 Qua:
3043 2243 3204 2297 etiam
3249 2260 3349 2299 nos
3385 2248 3564 2302 animo
3601 2265 3689 2304 re-

2102 2337 2368 2395 putantes,
2400 2331 2477 2383 sic
2506 2347 2629 2400 erga
2672 2345 2885 2388 nostros
2927 2349 3024 2387 nos
3066 2351 3334 2404 geramus.
3365 2337 3418 2394 Si
3459 2355 3685 2396 uxorem

2103 2417 2317 2485 habeas,
2349 2422 2646 2485 ornatibus,
2688 2422 2809 2476 fuco
2837 2432 2890 2478 et
2933 2425 3215 2494 pigmentis
3242 2428 3476 2483 deditam
3514 2441 3568 2484 et
3600 2433 3684 2484 his

2098 2510 2411 2574 inhiantem,
2439 2513 2641 2566 deliciis
2674 2514 2981 2570 afﬂuentem
3004 2557 3016 2576 .
3052 2517 3350 2585 loquacem,
3383 2530 3436 2574 et
3461 2538 3684 2588 prorsus

2097 2601 2335 2656 inutilem
2361 2617 2377 2666 ;
2405 2619 2721 2672 quamquam
2745 2605 2958 2660 difficile
2986 2607 3140 2662 estin
3171 2624 3271 2662 una
3306 2611 3527 2666 muliere
3563 2613 3682 2667 haec

2094 2694 2270 2747 omnia
2299 2709 2651 2759 Concurrere;
2695 2697 2954 2765 litigamus
2999 2706 3174 2752 tamen
3205 2714 3326 2753 esse
3357 2701 3534 2754 talem.
3568 2703 3677 2758 Sed

2093 2801 2210 2850 cur,
2246 2785 2470 2854 inquies,
2517 2787 2816 2850 mulierem,
2865 2803 2968 2842 non
3014 2789 3182 2842 virum
3221 2789 3502 2862 depingis?
3539 2796 3680 2850 Sunt

2092 2887 2235 2931 certe
2275 2877 2372 2931 viri
2422 2878 2723 2946 hujusmodi
2768 2879 2995 2934 muliere
3043 2881 3356 2937 deteriores.
3402 2883 3508 2942 Sed
3549 2888 3676 2959 quia

2090 2969 2418 3037 gubernandi
2455 2970 2687 3024 officium
2731 2971 2856 3024 viris
2908 2972 3158 3026 traditum
3196 2984 3299 3040 est,
3343 2974 3428 3029 hic
3458 2978 3675 3032 interim

2091 3060 2368 3115 mulierem
2407 3060 2774 3116 describamus
2803 3080 2815 3113 :
2847 3079 2949 3117 non
2980 3064 3119 3132 quod
3153 3065 3204 3118 in
3250 3065 3460 3128 feminis
3499 3071 3677 3135 major

2085 3152 2156 3204 sit
2185 3152 2446 3218 nequitia;
2477 3152 2640 3204 multa
2669 3144 2863 3220 quippe
2891 3163 2944 3207 et
2971 3155 3108 3223 apud
3140 3156 3278 3210 viros
3306 3159 3537 3228 reperire
3561 3173 3672 3225 est,

2089 3251 2211 3306 quae
2265 3238 2577 3295 mulieribus
2629 3257 2736 3296 non
2789 3259 3117 3314 competunt,
3175 3261 3231 3304 ut
3285 3255 3664 3319 homicidium,

2088 3327 2459 3395 si-pulcrorum
2524 3330 2895 3399 clfossioncm,
2959 3354 3080 3392 cum
3117 3337 3308 3392 bclluis
3341 3354 3573 3408 pugnam
3621 3348 3661 3410 ι,

2085 3427 2139 3472 et
2195 3421 2361 3474 multa
2430 3421 2516 3475 bis
2582 3423 2797 3477 similia.
2851 3425 2929 3479 Ne
2986 3429 3186 3496 putetis
3249 3447 3379 3500 ergo
3441 3449 3541 3486 nos
3591 3452 3660 3488 ex

2085 3527 2249 3568 sexus
2311 3513 2615 3580 hujusmodi
2660 3528 2970 3589 contemptu
3023 3523 3135 3576 Ιηεο
3183 3525 3334 3578 effari
3385 3545 3399 3580 :
3443 3529 3590 3582 absit
3631 3549 3662 3583 a

2075 3619 2193 3667 me;
2224 3605 2315 3658 sed
2343 3605 2407 3658 ad
2435 3621 2547 3660 rem
2589 3622 2728 3660 nunc
2766 3607 2916 3676 juvat
2952 3609 3124 3680 imago
3159 3610 3479 3680 hujusmodi.
3519 3614 3664 3683 Stip-

2075 3707 2299 3765 ponatur
2328 3712 2457 3766 ergo
2499 3699 2652 3754 nobis
2695 3701 2885 3755 mulier
2930 3701 3080 3766 talis,
3130 3703 3313 3773 virque
3355 3705 3469 3774 ejus
3505 3709 3656 3763 omni

2071 3789 2228 3841 modo
2258 3787 2468 3842 studeat
2494 3789 2658 3857 ipsam
2681 3790 2984 3845 emendare.
3004 3792 3283 3858 Quomodo
3309 3795 3658 3851 emendabit?

2067 3878 2179 3931 Non
2210 3879 2388 3932 omnia
2419 3880 2574 3933 simul
2612 3881 2988 3950 prazcipiendo,
3030 3884 3122 3936 sed
3166 3883 3364 3940 leviora
3397 3887 3650 3956 primum,

2065 3973 2254 4040 quibus
2285 3973 2372 4026 illa
2397 3987 2499 4026 non
2523 3973 2747 4028 multum
2763 3983 3003 4044 angatur.
3029 3974 3158 4029 Nam
3187 3978 3232 4030 si
3262 3988 3428 4031 totum
3450 3995 3479 4032 a
3505 3981 3657 4048 prin-

2065 4065 2204 4129 cipio
2226 4064 2513 4120 emendare
2550 4064 2791 4128 festines,
2824 4074 2988 4119 totum
3023 4067 3233 4135 perdes.
3275 4068 3351 4124 Ne
3381 4085 3509 4140 ergo
3532 4083 3652 4126 sta-

2066 4159 2156 4210 tim
2187 4157 2234 4211 ei
2267 4172 2426 4210 aurea
2453 4165 2760 4211 ornamenta
2790 4156 3030 4224 auferas;
3055 4159 3146 4212 sed
3177 4159 3291 4214 h.ec
3320 4163 3529 4216 interim
3555 4164 3656 4216 ha-

2063 4250 2204 4312 beat,
2240 4248 2408 4317 iisque
2435 4259 2612 4303 utatur
2653 4266 2666 4301 :
2699 4264 2818 4302 nam
2852 4249 3026 4303 minus
3057 4251 3250 4304 malum
3281 4252 3486 4308 videtur
3515 4255 3651 4310 illud

2062 4357 2199 4402 csse,
2233 4356 2388 4409 quam
2422 4340 2682 4409 pigmenta
2713 4348 2768 4393 et
2795 4338 2968 4392 fucus.
3011 4340 3100 4394 Illa
3139 4342 3366 4410 primttm
3398 4344 3650 4400 auferan-

2064 4442 2164 4494 tur,
2197 4446 2298 4484 non
2325 4446 2390 4483 ex
2416 4429 2821 4484 connuinatioue
2845 4431 2923 4484 vel
2952 4431 3160 4495 timore,
3191 4433 3284 4487 sed
3305 4450 3370 4488 ex
3393 4436 3650 4493 suasione

2059 4531 2114 4574 et
2143 4521 2380 4586 tenuitate,
2411 4535 2473 4574 ex
2505 4519 2841 4574 accusatione
2885 4520 2935 4572 in
2970 4521 3102 4574 alias
3131 4522 3381 4578 mulieres
3425 4523 3644 4592 injecta,

2059 4632 2123 4669 ex
2156 4613 2364 4684 propria
2418 4623 2503 4666 tua
2552 4613 2812 4666 sententia
2863 4621 3020 4682 atque
3062 4625 3238 4684 gustu.
3274 4616 3364 4670 Dic
3413 4617 3488 4670 illi
3533 4618 3646 4673 frc-

2058 4717 2281 4777 quenter
2315 4724 2327 4760 :
2372 4706 2553 4760 Facies
2579 4721 2697 4758 cum
2734 4705 2822 4759 tali
2863 4717 3053 4759 ornatu
3099 4723 3201 4760 non
3247 4708 3489 4762 amabilis
3534 4721 3642 4775 est,

2061 4804 2164 4855 illiti
2195 4800 2474 4868 injucunda
2509 4817 2522 4853 :
2566 4798 2748 4867 illique
2793 4798 2976 4864 suade,
3025 4799 3144 4851 ideo
3186 4799 3415 4854 mavitttc
3445 4801 3494 4853 id
3548 4803 3644 4856 tibi

2057 4892 2358 4960 displicere.
2389 4890 2514 4943 l‘ost
2546 4901 2685 4943 tuam
2713 4899 2888 4943 autem
2915 4890 3240 4959 opinionem,
3259 4891 3481 4945 aliormu
3511 4909 3648 4961 quo-

2056 5002 2158 5056 que
2188 4983 2503 5038 sententiam
2544 4981 2714 5035 adduc
2744 4980 2794 5035 in
2825 4981 3078 5045 mediuut,
3111 4981 3324 5051 dieque,
3359 4983 3408 5036 id
3441 4983 3643 5037 formo-

2056 5095 2143 5132 sas
2167 5079 2468 5132 deformare
2510 5075 2701 5138 solere,
2745 5086 2803 5128 ut
2852 5073 3096 5128 morbum
3137 5074 3203 5128 de
3242 5074 3419 5129 medio
3463 5077 3642 5131 tollas.

2059 5172 2197 5227 Nihil
2217 5169 2390 5225 adhuc
2418 5168 2484 5223 de
2513 5167 2750 5238 gehenna
2792 5166 3046 5234 loquaris,
3086 5166 3167 5220 vel
3195 5165 3261 5219 de
3290 5181 3452 5234 regno
3476 5183 3490 5219 :
3516 5183 3642 5222 nam

2058 5263 2249 5318 frustra
2283 5261 2396 5314 ba‘c
2429 5258 2648 5312 dixeris.
2676 5256 2942 5312 Persuade
2996 5257 3113 5323 ipsi,
3172 5255 3360 5324 majori
3409 5257 3499 5310 tibi
3550 5274 3648 5311 vo-

2059 5353 2239 5420 luptati
2269 5364 2411 5408 esse.
2436 5349 2478 5402 si
2513 5349 2622 5417 ipsa
2663 5348 2752 5401 llei
2776 5361 2908 5416 opus
2935 5347 3131 5399 nudmn
3168 5345 3417 5400 ostendat
3445 5363 3459 5399 :
3490 5346 3641 5400 illaut

2055 5445 2196 5498 enim
2238 5457 2356 5510 qua:
2387 5441 2573 5493 faciem
2613 5439 2879 5507 perlricat,
2925 5437 3114 5502 tendit,
3157 5436 3413 5505 depingit,
3459 5439 3643 5510 multis

2057 5555 2159 5591 non
2205 5537 2488 5591 formosam
2535 5533 2722 5585 videri.
2775 5531 3006 5584 l‘rimum
3054 5529 3424 5584 eonununibus
3478 5531 3638 5582 ratio-

2054 5631 2209 5684 ciniis
2234 5637 2287 5681 et
2308 5625 2543 5679 omnium
2583 5622 2798 5674 calculis
2828 5620 3070 5674 morbum
3110 5619 3326 5686 abigere
3371 5628 3556 5684 tenta;
3587 5629 3643 5672 et

2145 5725 2161 5756 ι
2188 5725 2283 5773 tlt'r.
2314 5722 2484 5772 Αίιηυι.
2512 5717 2754 5769 Friderici
2784 5716 2925 5768 Ficld
2966 5720 3023 5768 ad
3045 5735 3156 5782 pag.
3179 5721 3289 5767 ὅδε,
