4050 6220
312 269 410 327 56‘.)

315 396 589 455 postquam
607 384 749 439 illam
777 379 1076 451 bujusmodi
1109 380 1288 435 verbis
1316 379 1659 441 emolliveris,
1686 378 1771 431 illa
1790 378 1891 432 alia

310 476 500 545 adiice.
533 475 588 530 Si
621 474 784 530 semel
816 474 1039 533 dixeris,
1073 487 1169 526 nec.
1195 472 1462 536 suaseris,
1498 470 1752 534 secundo,
1785 478 1893 523 ter-

311 571 405 631 tio,
451 578 506 622 ct
539 568 733 636 saepius
759 568 933 630 dicas;
981 565 1093 618 haec
1120 576 1364 634 repetere
1395 578 1461 617 ne
1491 562 1746 632 graveris,
1784 577 1888 614 non

308 661 491 716 odiosa
519 661 742 730 quadam
772 659 994 722 ratione,
1026 656 1120 711 sed
1161 656 1388 724 placide,
1421 669 1562 708 nunc
1599 651 1890 706 avertendo

308 765 382 819 te,
407 769 548 808 nunc
576 751 840 806 adulando
869 760 926 806 et
965 749 1210 805 colendo.
1259 750 1448 803 Annon
1481 748 1628 801 vides
1660 747 1889 816 pictores

309 846 468 901 modo
495 845 693 902 delere.
730 843 890 898 modo
930 843 1150 912 picturae
1177 840 1560 911 superaddere,
1595 848 1650 893 ut
1690 839 1890 892 formo-

305 952 417 990 sam
449 938 635 992 faciem
657 935 947 1004 depingant
965 935 988 986 ?
1008 934 1084 989 Ne
1106 935 1180 988 sis
1207 949 1336 1003 ergo
1361 932 1535 986 minus
1560 947 1719 1002 sagax
1760 929 1882 984 illis.

305 1028 435 1082 Nam
461 1027 504 1080 si
533 1027 602 1081 illi
630 1027 871 1096 corporis
899 1025 1182 1095 imaginem
1216 1025 1510 1093 pingentes,
1545 1031 1687 1076 tanta
1721 1033 1882 1074 utun-

308 1129 394 1173 tur
422 1119 692 1188 diligentia
720 1136 732 1171 :
761 1120 925 1172 multo
951 1118 1116 1186 magis
1141 1132 1238 1170 nos
1264 1117 1494 1170 animam
1521 1115 1880 1180 cll‘ormaotes,

302 1227 515 1264 omnem
545 1211 840 1266 machinam
873 1225 1086 1264 movere
1117 1225 1209 1278 par
1238 1218 1336 1262 est.
1366 1207 1495 1262 Nam
1517 1208 1560 1262 si
1591 1207 1745 1275 hujus
1770 1206 1887 1260 ani-

302 1319 404 1356 mm.
432 1302 618 1355 faciem
655 1301 875 1371 pulchre
917 1300 1298 1364 efl‘ormaveris,
1331 1314 1435 1352 non
1464 1297 1667 1352 videbis
1694 1311 1885 1366 corpo-

300 1396 378 1449 ris
416 1395 764 1449 deformatam
801 1391 1009 1456 faciem,
1052 1408 1157 1446 non
1198 1392 1462 1446 rubricata
1497 1391 1656 1455 labia,
1692 1405 1795 1444 non
1820 1405 1884 1443 os

301 1501 440 1540 ursas
469 1488 548 1540 ori
570 1494 847 1540 cruentato
879 1485 1073 1547 simile,
1107 1500 1211 1539 non
1245 1493 1360 1539 atra
1399 1485 1700 1554 supercilia,
1731 1485 1880 1553 quasi

300 1594 364 1633 ex
412 1579 532 1633 olla:
574 1576 813 1647 fuligine,
863 1591 968 1630 non
1009 1576 1165 1630 illitas
1198 1590 1382 1645 genas,
1427 1584 1486 1629 ut
1516 1575 1880 1646 sepulcrorum

299 1672 549 1740 parietes.
589 1671 712 1724 llzec
749 1669 944 1739 quippe
970 1670 1144 1723 omnia
1191 1668 1354 1738 fuligo
1377 1708 1392 1734 ,
1436 1666 1605 1737 pulvis
1643 1677 1699 1722 et
1723 1667 1878 1734 cinis,

299 1762 627 1831 extremique
657 1761 862 1815 laeteris
890 1761 1060 1830 signa.

370 1854 424 1908 6.
475 1852 667 1907 Verum
719 1851 900 1905 nescio
945 1865 1051 1920 quo
1093 1858 1246 1919 pacto
1294 1849 1345 1903 in
1393 1847 1694 1916 IllljllSﬂlOdl
1719 1848 1878 1904 verba

297 1945 544 2013 delapsus
574 1943 694 2005 sim,
727 1951 781 1995 et
800 1941 925 1994 dum
954 1941 1086 1994 alios
1122 1939 1304 1994 hortor
1335 1948 1387 1993 ut
1417 1955 1536 1993 cum
1575 1949 1882 1994 mansuetu-

297 2039 422 2092 dine
462 2043 748 2098 moneant,
796 2035 850 2088 in
896 2032 1220 2088 iracundiam
1269 2032 1382 2101 ipse
1423 2031 1704 2086 devolutus
1753 2031 1874 2084 sim.

301 2131 651 2184 Ilet'ertamttr
706 2127 882 2197 itaque
943 2125 1009 2179 ad
1080 2123 1344 2179 mitiorem
1405 2123 1874 2189 admonitionem,

295 2223 580 2294 omniaque
617 2221 848 2275 feramus
895 2219 1172 2287 mulierum
1217 2218 1342 2272 vitia
1369 2258 1384 2284 ,
1430 2228 1490 2272 ut
1534 2234 1652 2287 qua:
1693 2218 1743 2271 in
1777 2232 1876 2286 op-

295 2315 416 2366 tatis
463 2320 588 2365 sunt
633 2311 987 2381 perficiamus.
1029 2313 1219 2364 Annon
1264 2310 1412 2364 vides
1446 2309 1712 2379 quomodo
1754 2309 1878 2363 feri-

293 2422 411 2459 mus
438 2405 666 2459 infautes
693 2405 962 2474 vagientes
987 2418 1106 2458 cum
1151 2418 1181 2457 a
1228 2417 1456 2457 mamma
1501 2413 1624 2456 sunt
1671 2402 1876 2456 abstra-

295 2496 452 2550 hendi
487 2515 501 2550 :
534 2496 816 2565 omniaque
857 2496 1175 2559 toleramus,
1221 2494 1288 2548 ad
1341 2493 1391 2549 id
1430 2494 1623 2559 solum,
1675 2502 1730 2548 ιιι
1771 2493 1874 2547 illis

291 2589 607 2643 suadeamus
631 2587 861 2657 priorem
882 2587 1156 2657 despicere
1173 2586 1449 2641 mensam?
1471 2585 1542 2639 Ita
1564 2596 1616 2640 et
1642 2600 1780 2640 nunc
1797 2583 1875 2638 fa-

291 2681 494 2734 ciamus
520 2695 533 2731 :
565 2687 757 2732 czctcra
783 2677 960 2731 omnia
991 2677 1240 2742 feramus,
1283 2686 1341 2731 ut
1374 2677 1475 2731 hoc
1501 2690 1868 2746 assequamur.

289 2770 422 2825 Cum
453 2770 593 2824 enim
621 2768 747 2824 illud
770 2768 1106 2822 emendatum
1138 2767 1313 2830 fuerit,
1347 2767 1487 2822 aliud
1517 2775 1661 2822 recte
1687 2782 1872 2835 proce-

289 2863 417 2917 dere
444 2861 678 2926 videbis,
706 2870 862 2930 atque
893 2859 958 2914 ad
999 2875 1157 2914 aurea
1188 2869 1500 2914 ornamenta
1529 2860 1711 2914 venies
1733 2900 1749 2925 ,
1774 2873 1868 2913 eo-

288 2953 517 3021 demque
552 2951 711 3006 modo
735 2950 802 3006 de
830 2950 911 3005 his
947 2951 1106 3005 etiam
1133 2949 1398 3020 loqueris:
1423 2958 1477 3005 et
1499 2951 1576 3005 sic
1617 2951 1867 3019 paulatim

291 3059 508 3098 uxorem
543 3047 867 3097 conciunans
887 3083 903 3109 ,
933 3041 1038 3096 eris
1063 3043 1234 3111 pictor
1257 3041 1485 3111 optimus
1509 3082 1524 3106 ,
1548 3042 1718 3096 fidelis
1755 3058 1870 3098 ser-

288 3147 418 3198 vus',
452 3135 679 3205 agricola
707 3145 973 3188 strenuus.
1007 3133 1133 3187 Post
1163 3131 1276 3186 [nec
1307 3144 1480 3187 autem
1506 3175 1522 3201 ,
1554 3134 1606 3186 in
1635 3144 1866 3190 mentem

288 3227 385 3296 ipsi
415 3240 599 3280 revoca
627 3226 870 3295 antiquas
893 3224 1011 3278 illas
1027 3224 1296 3287 mulieres,
1315 3225 1518 3286 Suram,
1545 3225 1863 3292 Rebeccam,

286 3318 548 3372 formosas
588 3327 640 3372 et
688 3315 992 3377 deformes,
1039 3325 1094 3370 et
1135 3315 1354 3371 ostende
1400 3316 1470 3370 illi
1516 3332 1704 3372 omnes
1751 3319 1866 3372 illas

285 3410 446 3464 fuisse
475 3418 826 3478 temperantes
847 3418 897 3462 et
926 3406 1078 3478 frugi.
1097 3406 1224 3461 Nam
1248 3406 1339 3460 Lia
1371 3409 1681 3476 patriarchae
1711 3424 1862 3476 uxor,

281 3516 403 3555 cum
437 3498 667 3554 formosa
696 3514 800 3552 non
827 3507 1001 3565 esset,
1048 3515 1316 3568 nunquam
1347 3499 1450 3553 tale
1476 3500 1744 3569 quidpiam
1772 3517 1865 3555 ex-

281 3589 553 3661 cogitavit,
577 3590 669 3646 sed
695 3589 950 3645 deformis
977 3606 1096 3644 cum
1126 3600 1265 3645 esset
1288 3631 1303 3655 ,
1336 3607 1433 3646 nec
1459 3593 1681 3646 multum
1713 3609 1874 3648 ama--

281 3695 427 3739 retur
453 3699 482 3736 a
514 3684 627 3737 viro
645 3724 661 3748 ,
685 3683 814 3737 nihil
847 3681 1146 3751 bujusmodi
1175 3682 1410 3738 adhibuit
1433 3725 1448 3748 ,
1475 3699 1648 3754 neque
1672 3685 1860 3740 faciem

279 3791 431 3830 suam
465 3775 706 3839 vitiavit,
738 3774 831 3828 sed
863 3775 1056 3829 mansit
1086 3776 1285 3844 integra
1331 3791 1653 3833 conservans
1697 3779 1861 3834 liuea-

279 3877 455 3922 menta
482 3909 497 3932 ,
524 3866 728 3921 etiamsi
760 3865 943 3921 fuisset
970 3882 998 3920 a
1030 3867 1314 3936 gentilibus
1339 3868 1580 3923 educata.
1615 3869 1692 3924 Tu
1733 3885 1861 3926 vero

279 3975 396 4030 qua:
427 3958 594 4014 fidelis
623 3974 711 4021 es,
737 3957 885 4026 cujus
911 3967 1067 4026 caput
1095 3957 1357 4023 Christus,
1387 3961 1677 4015 satanicam
1705 3963 1858 4016 nobis

280 4051 577 4105 machinam
612 4050 817 4103 inducis
838 4051 861 4102 ’ἶ
893 4066 987 4103 nec
1021 4051 1316 4106 recordaris
1349 4068 1500 4123 aqum
1533 4054 1671 4107 illius
1692 4095 1708 4120 ,
1741 4072 1889 4125 qure-

1261 264 1322 321 ΙΝ
1365 263 1768 320 ΜΛΤΤῐιι-ΕϋΜ
1812 262 2041 319 ΙΙΟΜΙΙ..
2085 263 2270 319 XXXI.
2316 266 2386 320 al.
2429 264 2643 320 ΧΧΧΞΙ.

3480 266 3583 321 570

2000 377 2150 434 faciei
2179 391 2280 433 tum
2304 380 2618 435 circumfusa
2663 378 2752 432 fuit
2781 420 2797 444 ,
2824 379 3069 434 sacrificii
3097 422 3110 442 ,
3142 378 3284 449 quod
3313 379 3448 434 labia
3495 393 3579 434 tua

1997 473 2236 536 ornavit,
2267 473 2570 542 sanguinis,
2601 473 2690 541 qui
2721 472 2951 542 linguam
2984 483 3124 526 tuam
3151 473 3492 526 cruentavit?
3522 473 3579 525 Si

1997 567 2139 620 enim
2172 565 2285 619 haec
2314 566 2492 620 omnia
2522 573 2694 618 tecum
2729 575 3026 633 reputares,
3053 565 3390 634 quantumvis
3415 580 3577 618 orna-

1996 658 2136 711 tibus
2165 656 2462 725 bujusmodi
2496 655 2672 710 dedita
2698 671 2847 711 esses
2871 696 2886 718 ,
2919 671 3023 708 non
3053 655 3279 710 auderes
3308 657 3576 725 pulverem

1995 748 2142 802 illum
2170 749 2510 816 cineremque
2539 746 2812 800 adhibere.
2846 746 2995 800 Disce
3036 756 3086 799 te
3111 745 3323 799 Christo
3351 747 3580 814 ιιυειιοιι-

1993 850 2162 897 satam
2191 854 2331 906 esse,
2359 849 2408 894 et
2439 839 2541 892 hoc
2561 838 2792 892 dedecus
2819 852 3086 892 aversare.
3113 836 3296 906 Neque
3318 837 3458 890 enim
3488 838 3577 891 ille

1995 935 2184 988 ta!ibus
2210 932 2507 987 delectatur
2530 931 2786 1002 pieturis;
2815 930 2907 984 sed
2936 931 3091 984 aliam
3133 930 3321 998 qtnerit
3347 929 3579 997 pulchri-

1995 1026 2228 1079 tudinem
2253 1065 2269 1084 .
2299 1041 2457 1094 quam
2502 1024 2848 1078 vehementer
2886 1025 3061 1084 amat,
3091 1023 3282 1076 anima:
3326 1022 3574 1076 decorem

1989 1117 2130 1172 dico.
2162 1117 2312 1172 Hune
2340 1125 2391 1171 te
2421 1116 2677 1186 propheta
2710 1129 2954 1183 quan-ere
2983 1113 3134 1181 jubet
3164 1113 3244 1166 his
3273 1113 3484 1168 verbis:
3510 1111 3576 1165 Et

1988 1209 2303 1277 concupiscet
2329 1224 2416 1261 rex
2441 1208 2667 1261 decorem
2688 1215 2826 1258 tuum
2857 1204 3022 1277 (Psaf.
3051 1204 3136 1258 4-4.
3163 1204 3270 1269 12).
3298 1203 3373 1257 Ne
3399 1203 3575 1272 itaque

1987 1299 2252 1368 superflua
2293 1310 2348 1354 et
2385 1299 2632 1353 indecora
2672 1312 3013 1367 quaeramus:
3040 1311 3211 1365 neque
3255 1297 3396 1350 enim
3440 1310 3574 1363 epos

1990 1391 2082 1445 Dei
2112 1389 2397 1460 quodpiam
2435 1387 2803 1458 imperfectum
2849 1395 2932 1441 est
2957 1428 2972 1452 ,
3001 1394 3059 1440 ut
3088 1396 3172 1440 tua
3201 1395 3355 1454 egeat
3393 1399 3574 1438 corre-

1985 1482 2183 1537 ctione.
2200 1481 2329 1536 Nam
2352 1481 2395 1535 si
2419 1481 2538 1549 quis
2558 1479 2912 1548 itnperatorizc
2931 1478 3143 1546 imagini
3165 1486 3357 1530 erecta:
3373 1475 3570 1545 aliquid

1985 1575 2053 1631 de
2079 1591 2177 1630 suo
2203 1575 2433 1645 adjicere
2460 1581 2705 1634 tentaret,
2736 1586 2838 1624 non
2872 1578 3014 1622 tutus
3041 1577 3184 1623 esset
3210 1576 3452 1630 conatus,
3477 1565 3572 1621 sed

1985 1677 2226 1723 extremo
2275 1667 2510 1737 periculo
2546 1666 2680 1718 foret
2719 1663 2998 1718 obnoxius.
3043 1661 3199 1731 Atqui
3243 1661 3402 1714 homo
3429 1660 3569 1714 illaut

1984 1773 2235 1830 operatus
2259 1771 2359 1821 est,
2391 1769 2445 1814 et
2475 1758 2605 1812 nihil
2633 1757 2820 1827 adjicis
2853 1775 2864 1809 :
2901 1756 2987 1810 hic
3019 1771 3146 1809 vero
3177 1755 3314 1809 Deus
3340 1764 3526 1808 auctor
3550 1791 3568 1821 ,

1984 1862 2037 1906 et
2061 1850 2356 1907 emendas?
2381 1850 2498 1904 Non
2525 1850 2726 1918 cogitas
2751 1847 3008 1917 gehennze
3051 1847 3265 1915 ignem?
3307 1859 3413 1899 non
3457 1845 3570 1897 ani-

1983 1959 2123 1996 mam
2152 1941 2448 2011 neglectam
2473 1940 2496 1993 ?
2529 1940 2650 1994 Ideo
2679 1953 2906 2007 namque
2939 1937 3026 1991 illa
3051 1937 3288 2007 neglecta
3320 1947 3421 2000 est,
3446 1936 3567 2004 quia

1985 2047 2091 2090 tota
2130 2050 2256 2090 cura
2309 2037 2358 2088 in
2402 2048 2618 2088 carnem
2658 2032 2848 2086 collata
2895 2030 3009 2083 fuit.
3042 2030 3241 2099 Ecquid
3284 2029 3352 2082 dc
3391 2031 3567 2081 anima

1983 2126 2362 2198 loquor?Nam
2393 2125 2490 2196 ipsi
2528 2139 2739 2194 quoque
2767 2122 2915 2178 carni
2951 2121 3213 2176 contraria
3257 2121 3568 2189 contingant

1981 2223 2047 2278 iis
2069 2237 2184 2291 qua:
2211 2233 2306 2273 vos
2334 2219 2547 2290 optatis.
2574 2216 2669 2271 llic
2693 2231 2821 2270 vero
2846 2213 3080 2269 attende.
3106 2213 3198 2268 Vis
3225 2212 3456 2266 formosa
3482 2229 3568 2279 ap-

1982 2314 2203 2385 parere?
2226 2313 2336 2367 lloc
2365 2322 2417 2367 te
2445 2311 2737 2366 deformem
2767 2309 3018 2364 ostendit.
3046 2307 3140 2362 Vis
3175 2306 3382 2376 placere
3409 2305 3566 2358 viro?

1981 2407 2033 2461 Id
2064 2407 2210 2460 illum
2240 2418 2472 2458 maerore
2501 2401 2660 2456 afficit
2685 2419 2700 2455 :
2724 2415 2787 2454 ac
2827 2413 2998 2468 neque
3037 2396 3186 2451 illum
3225 2396 3398 2450 solum
3423 2435 3438 2460 ,
3469 2395 3562 2449 sed

1977 2509 2230 2554 externos
2276 2510 2466 2550 omnes
2507 2494 2598 2548 tibi
2647 2501 2989 2548 accusatores
3034 2489 3218 2544 efficit.
3260 2487 3350 2542 Vis
3383 2487 3564 2555 junior

1976 2589 2258 2660 apparere?
2273 2589 2384 2644 Iloc
2400 2597 2451 2644 te
2465 2588 2620 2642 citius
2640 2586 2693 2640 in
2714 2592 3040 2641 senectutem
3058 2580 3333 2637 duceLVis
3356 2578 3564 2634 ornari?

1980 2685 2088 2738 lltnr
2106 2684 2198 2737 tibi
2211 2681 2458 2737 dedecori
2475 2689 2579 2734 est.
2596 2679 2729 2734 Nam
2749 2676 3047 2748 bujusmodi
3066 2675 3373 2730 muliernon
3386 2687 3561 2742 :equa-

1977 2778 2055 2833 les
2076 2777 2254 2842 modo,
2281 2774 2374 2830 sed
2403 2774 2625 2828 ancillas
2649 2773 2891 2827 conscias
2919 2779 2973 2826 et
2990 2769 3312 2824 domesticos
3331 2767 3560 2822 scientes

1977 2869 2176 2939 pudore
2201 2868 2394 2933 afficit;
2429 2867 2702 2935 multoque
2731 2863 2896 2932 magis
2922 2865 3174 2930 seipsam.
3197 2858 3301 2914 Sed
3323 2875 3420 2912 cur
3447 2858 3558 2912 ha-c

1974 2959 2144 3015 dicam
2167 2961 2190 3014 ?
2214 2960 2346 3015 Nam
2372 2957 2512 3029 quod
2538 2957 2773 3010 omnium
2805 2955 3171 3024 gravissimum
3213 2961 3292 3006 est
3333 2957 3555 3019 prnder-

1975 3052 2127 3106 misi:
2149 3061 2200 3106 te
2221 3066 2412 3118 nempe
2440 3049 2603 3103 Deum
2630 3045 2921 3107 offendere,
2945 3045 3240 3099 castitatem
3269 3041 3554 3100 suffodere.

1972 3144 2250 3214 zelotypiae
2285 3141 2525 3203 flammas
2565 3137 2878 3199 accendere,
2907 3136 3184 3206 prostituta
3211 3136 3309 3189 sub
3356 3131 3556 3186 fornice

1972 3249 2144 3291 scorta
2167 3234 2382 3291 imitari.
2406 3233 2531 3288 I-Iasc
2551 3234 2724 3302 itaque
2744 3231 2920 3285 omnia
2937 3229 3248 3299 cogitantes,
3265 3229 3554 3282 satanicant

1973 3343 2252 3398 pompam,
2280 3325 2701 3394 diabolicnmque
2722 3333 2889 3378 artem
2918 3322 3240 3376 contenmitc
3258 3360 3271 3381 ,
3303 3318 3554 3373 dimisso-

1970 3435 2074 3488 que
2107 3419 2198 3472 illo
2225 3427 2414 3472 ornatu
2435 3457 2450 3482 ,
2479 3417 2587 3471 imo
2616 3415 2900 3478 dedecore,
2935 3411 3380 3482 pulchritudinem
3413 3410 3552 3464 illam

1971 3511 2022 3564 in
2053 3509 2332 3563 animabus
2361 3508 2550 3562 vestris
2579 3515 2832 3575 apparate
2851 3546 2866 3569 ,
2891 3520 3010 3574 qua:
3038 3503 3242 3573 angelis
3270 3502 3512 3556 amabilis
3535 3541 3553 3567 ,

1973 3603 2082 3657 llco
2108 3600 2356 3671 optabilis
2383 3607 2439 3653 et
2465 3596 2802 3654 consortibus
2830 3596 3006 3650 suavis
3029 3602 3130 3658 est,
3161 3604 3215 3648 ut
3241 3601 3295 3647 et
3322 3606 3556 3662 przcscn-

1971 3703 2076 3748 tem
2105 3702 2160 3748 et
2187 3692 2415 3746 futuratn
2448 3689 2671 3761 gloriam
2695 3685 3095 3757 consequamini
3123 3703 3136 3739 :
3161 3699 3319 3754 quam
3352 3684 3552 3737 utinam

1969 3801 2068 3840 nos
2096 3799 2286 3838 omnes
2313 3783 2688 3853 adipiscamur,
2717 3781 2884 3851 gratia
2912 3791 2966 3834 et
2994 3780 3318 3849 benignitate
3344 3779 3551 3832 Domini

1968 3879 2136 3934 nostri
2162 3878 2286 3931 .lesu
2313 3875 2531 3940 Christi,
2561 3875 2644 3930 cui
2674 3874 2840 3945 gloria
2867 3881 2920 3928 et
2949 3873 3251 3943 imperium,
3275 3873 3326 3925 itt
3355 3871 3550 3925 saecula

1968 3972 2305 4027 sa'culornm.
2338 3971 2530 4024 Amen.

1367 4259 1712 4323 HOMILIA
1755 4263 2000 4325 XXXI.
2046 4263 2132 4326 al.
2180 4263 2456 4324 XXXII.

278 4406 407 4462 CAP.
427 4407 478 4462 9.
508 4407 652 4462 v.18.
687 4405 810 4460 ch
841 4404 930 4459 illo
960 4404 1207 4469 loquente,
1228 4420 1338 4458 ecce
1350 4405 1583 4474 princeps
1603 4405 1858 4476 ingressus

349 4499 592 4552 adorabat
613 4513 726 4551 eum
753 4498 959 4551 dicens:
987 4494 1125 4550 Filia
1169 4512 1279 4550 mea
1305 4496 1453 4550 modo
1471 4497 1710 4567 defuncta
1739 4509 1810 4551 est
1837 4513 1856 4560 ,-

347 4591 435 4644 sed
454 4591 583 4656 veni,
613 4590 813 4658 impone
839 4606 1041 4644 manum
1061 4599 1199 4643 luam
1221 4607 1373 4658 super
1387 4608 1518 4657 earn,
1538 4602 1582 4645 et
1603 4594 1748 4646 vivet.
1771 4592 1858 4648 l9.

351 4680 417 4735 Et
442 4698 652 4753 surgens
674 4680 711 4735 Ι
713 4697 826 4735 esus
856 4692 1092 4751 sequutus
1119 4692 1188 4735 cst
1214 4698 1328 4735 eum
1353 4724 1366 4746 ,
1397 4693 1442 4736 et
1469 4682 1705 4751 discipuli
1725 4685 1853 4745 eius.

352 4779 403 4831 l.
433 4776 580 4845 Opus
607 4787 885 4830 sermones
915 4784 1194 4842 sequutum
1225 4785 1327 4840 est,
1359 4776 1427 4829 ita
1453 4786 1508 4829 ut
1531 4777 1697 4846 magis
1717 4775 1858 4829 Pha-

275 4870 556 4923 risreorum
584 4879 679 4920 ora
722 4868 1208 4934 comprimerentur
1260 4884 1273 4919 :
1327 4883 1446 4919 nam
1498 4867 1585 4935 qtti
1629 4865 1858 4920 accessit

277 4948 584 5032 synagogze'
611 4955 856 5025 princeps
897 4963 1014 5010 erat
1043 4995 1057 5020 ,
1109 4954 1388 5025 luctusque
1443 4956 1618 5024 gravis
1654 4973 1668 5010 :
1703 4957 1861 5011 unica

278 5052 422 5106 enim
449 5049 619 5120 puella
641 5055 756 5104 erat
777 5089 791 5110 ,
833 5062 1201 5117 annorumque
1228 5047 1507 5102 duodecim
1533 5089 1546 5113 ,
1592 5048 1732 5117 quod
1762 5049 1862 5104 flos

277 5153 399 5198 erat
423 5141 632 5197 aetatis:
661 5148 716 5196 et
742 5141 918 5194 statim
950 5141 1090 5193 illam
1114 5140 1407 5193 suscitavit.
1432 5141 1581 5206 Quod
1619 5141 1663 5194 si
1693 5141 1862 5197 Lucas

280 5244 462 5291 narrat
491 5236 699 5289 venisse
729 5235 818 5304 qui
841 5234 1077 5288 dicerent
1110 5251 1122 5285 ε
1159 5231 1285 5286 Noli
1313 5250 1497 5288 vexare
1536 5237 1862 5303 magistrum;

281 5336 481 5379 mortua
510 5327 640 5379 enim
666 5335 734 5379 est
763 5323 910 5394 (Luc.
935 5323 989 5380 8.
1026 5321 1120 5393 49)
1151 5342 1164 5378 :
1207 5323 1446 5378 dicemus
1478 5326 1606 5380 illud
1638 5367 1654 5391 ,
1704 5325 1861 5380 Modo

281 5419 522 5486 defuncta
546 5429 638 5482 est,
658 5433 687 5471 a
718 5427 956 5486 tempore
987 5415 1038 5470 in
1068 5416 1258 5470 itinere
1285 5416 1552 5486 insumpto
1575 5416 1861 5486 conjicien-

285 5511 353 5562 tis
378 5507 544 5562 fuisse
569 5549 582 5570 .
618 5509 699 5562 vel
729 5508 1085 5562 calamitatem
1118 5506 1384 5577 augentis.
1417 5506 1531 5562 Mos
1559 5510 1700 5560 enim
1729 5522 1861 5576 sup-

281 5601 480 5670 plicum
510 5609 614 5663 est,
643 5599 778 5654 mala
809 5615 900 5653 sua
932 5600 1106 5654 verbis
1143 5600 1435 5663 extollere,
1468 5607 1520 5653 et
1559 5599 1676 5666 plus
1703 5614 1860 5668 quam

288 5709 414 5753 vere
439 5693 507 5749 sit
532 5693 741 5764 dicere,
766 5701 825 5750 ut
857 5692 1064 5750 facilius
1092 5703 1304 5765 regatos
1331 5701 1574 5749 exorent.
1607 5691 1736 5746 Vide
1763 5707 1856 5747 au-

778 5795 790 5826 \

1970 4416 2074 4462 tem
2101 4421 2258 4477 quam
2290 4407 2436 4461 rudis
2464 4405 2552 4459 sit.
2587 4404 2700 4460 Duo
2730 4407 2870 4459 enim
2903 4405 3189 4475 postulata
3217 4405 3428 4460 Christo
3451 4447 3465 4471 ,
3495 4415 3555 4460 ut

1967 4500 2166 4565 veniat,
2195 4508 2244 4553 et
2272 4513 2489 4552 manum
2519 4497 2758 4564 imponat
2786 4497 2960 4567 :qttod
2990 4497 3199 4566 signant
3228 4507 3345 4551 erat
3375 4498 3546 4565 ipsmu

1967 4604 2083 4644 eam
2113 4587 2287 4643 adhuc
2339 4588 2630 4658 spirantem
2667 4589 2967 4655 reliquisse.
2996 4588 3106 4642 IIoc
3150 4598 3204 4642 et
3253 4588 3420 4659 Syrus
3461 4589 3550 4642 ille

1964 4679 2198 4735 Ncetnan
2229 4694 2258 4733 a
2312 4680 2567 4749 prepheta
2612 4681 2824 4748 petebat
2876 4678 2958 4732 his
2984 4679 3158 4732 verbis
3191 4695 3205 4732 :
3238 4677 3411 4732 Exibit
3443 4721 3459 4737 .
3508 4690 3554 4732 et

1966 4789 2171 4826 manum
2196 4789 2340 4826 suam
2361 4772 2581 4842 imponet
2609 4773 2686 4841 (4.
2715 4771 2838 4843 Reg.
2871 4772 2922 4828 5.
2954 4772 3063 4840 ll).
3093 4771 3223 4826 Nam
3252 4771 3368 4826 visu
3394 4782 3447 4827 ct
3469 4789 3554 4828 re-

1965 4864 2064 4949 bus
2094 4865 2194 4918 sub
2229 4879 2446 4918 sensum
2475 4863 2787 4918 cadentibus
2816 4879 2948 4932 opus
2980 4863 3174 4917 habent
3207 4865 3238 4918 ii
3262 4865 3348 4933 qui
3374 4865 3550 4918 rudio-

1964 4957 2039 5011 ris
2065 4956 2225 5010 animt
2255 4965 2396 5009 sunt.
2426 4955 2633 5010 Marcus
2660 4955 2812 5026 (Cap.
2841 4956 2893 5010 5.
2915 4957 3003 5027 37)
3034 4972 3191 5024 porro
3220 4957 3350 5013 dicit
3378 4959 3550 5029 ipsum

1966 5054 2075 5101 tres
2137 5047 2488 5117 assumpsisse
2545 5047 2870 5116 discipulos,
2928 5047 3203 5118 LucaSque
3277 5049 3444 5121 (Cap.
3495 5051 3549 5105 8.

1966 5137 2056 5208 51)
2101 5137 2377 5202 similiter;
2432 5136 2516 5192 hic
2559 5153 2688 5192 vero
2733 5138 3019 5208 discipulos
3068 5141 3398 5210 simpliciter.
3447 5141 3553 5194 Cur

1966 5244 2094 5299 ergo
2123 5228 2427 5282 .‘llattlneum
2461 5243 2566 5283 non
2598 5231 2804 5299 accepit
2834 5271 2848 5293 ,
2882 5231 2968 5300 qui
3001 5248 3169 5300 nuper
3207 5235 3552 5288 accesserat?

1967 5323 2036 5378 Ut
2064 5323 2208 5376 illum
2243 5323 2293 5376 iu
2318 5323 2572 5392 majorem
2606 5323 2946 5393 cupiditatem
2983 5325 3266 5394 injiceret,
3313 5335 3368 5379 et
3409 5323 3548 5392 quod

1967 5413 2330 5482 imperfectior
2367 5413 2539 5468 adlmc
2569 5426 2730 5470 esset.
2784 5414 2908 5470 Ideo
2936 5415 3077 5470 enim
3126 5418 3244 5471 illos
3285 5416 3548 5480 honorat,

1966 5515 2024 5558 ιιι
2054 5504 2106 5558 hi
2137 5505 2254 5560 illos
2285 5505 2574 5560 imitentur.
2608 5505 2854 5560 Mattiaco
2885 5518 3062 5562 autem
3088 5507 3216 5561 satis
3237 5514 3373 5569 erat,
3403 5505 3546 5573 qllfld

1967 5597 2238 5667 sanguinis
2269 5599 2409 5651 fluxu
2441 5597 2771 5653 laborantem
2806 5599 3044 5661 vidisset,
3076 5605 3131 5650 et
3169 5597 3306 5664 quod
3360 5595 3547 5650 eadem

1969 5704 2155 5746 mensa
2183 5689 2427 5762 dignatus
2457 5691 2674 5756 fuisset,
2703 5687 2939 5760 ejusdem
2963 5690 3089 5745 satis
3119 5687 3544 5760 participatione.
