4050 6220
476 224 572 278 3⁸71
1213 213 1266 269 S.
1307 210 1583 268 10.“le
1613 201 2082 263 Clll‘tYSOSTOMI
2125 201 2441 258 ARClllEP.
2482 197 3014 255 CONSTANTINOP.

476 339 793 409 Surgentem
825 348 986 402 porro
1011 331 1160 386 multi
1201 328 1409 398 sequuti
1439 335 1596 392 sunt,
1637 324 1785 394 quasi
1835 321 1900 375 ad
1952 334 2064 374 ma-

476 448 637 498 gnum
665 428 998 490 miraculum,
1042 436 1090 478 et
1122 424 1192 476 ob
1238 421 1549 488 dignitatem
1579 416 1882 472 accedentis
1905 455 1920 478 ,
1951 423 2062 468 tum

476 527 638 581 etiam
671 524 793 593 quia
823 520 971 575 nmlti
1004 518 1177 570 adhuc
1219 515 1461 569 rndiores
1489 528 1594 566 non
1621 521 1727 564 tam
1757 510 1948 562 anima:
1968 522 2063 560 cu-

481 635 616 684 ram,
647 631 806 685 quam
835 613 1076 681 corporis
1098 610 1378 663 sanitatem
1405 605 1736 675 quaarehaut:
1754 611 1802 655 et
1824 600 2061 654 conﬂue-

482 711 628 772 bant,
658 707 747 760 alii
767 706 876 759 suis
897 701 1160 772 compulsi
1185 699 1495 761 morbis,alii
1517 696 1808 750 curationis
1833 693 2060 747 aliorum

407 795 410 799 ’
479 807 806 871 spectatores
821 791 1514 863 essecupientes:doetrina:
1532 799 1708 843 autem
1727 801 1884 841 causa
1910 783 2062 854 pauci

479 891 692 945 interim
711 889 777 943 ad
799 905 920 944 eum
939 885 1285 942 accedebant.
1311 882 1420 937 Nec
1439 879 1702 946 concessit
1723 893 1816 932 eos
1845 877 2060 930 domum

476 981 706 1052 ingredi,
728 980 823 1036 sed
847 978 1139 1048 discipulos
1164 986 1388 1040 tantum,
1417 988 1588 1043 neque
1626 987 1835 1028 omnes.
1869 970 2064 1040 ubique

487 1092 585 1131 nos
611 1076 892 1129 instituens
912 1072 976 1125 ad
996 1070 1134 1140 vulgi
1158 1068 1606 1123 existimationem
1633 1063 2023 1134 depellendam.

552 1166 746 1237 Agendi
779 1165 909 1218 ratio
937 1163 1158 1216 mulieris
1181 1163 1378 1231 [luxum
1408 1158 1670 1226 sanguinis
1693 1155 1923 1222 patientis
1943 1195 1956 1212 ,
1983 1153 2061 1205 (li-

488 1260 719 1312 scutitur.
751 1257 980 1310 Christus
1008 1257 1158 1307 homo
1183 1269 1282 1305 non
1313 1251 1527 1320 gloriam
1551 1248 1771 1300 amabat.
1797 1276 1863 1285 —
1885 1245 1974 1298 20.
2000 1243 2063 1297 Et

482 1366 593 1404 ecce
619 1349 796 1402 mulier
825 1363 938 1415 qure
966 1345 1226 1414 sanguinis
1265 1345 1459 1412 [lua'ttttt
1491 1340 1774 1410 patiebatur
1797 1356 1827 1389 a
1873 1337 2065 1388 duode-

479 1445 577 1496 cim
607 1443 753 1494 anuis
778 1483 791 1499 .
820 1440 1024 1493 arcessit
1048 1449 1220 1497 retro;
1247 1447 1290 1487 et
1316 1435 1475 1504 tetigit
1505 1433 1755 1500 ﬁmbriam
1788 1431 2065 1484 vestimenti

481 1535 612 1602 ejus.
641 1531 729 1586 2|.
765 1530 968 1583 Dicebat
998 1529 1130 1580 enim
1175 1528 1307 1579 intra
1337 1543 1391 1577 se
1443 1540 1461 1577 :
1505 1524 1564 1578 Si
1615 1525 1821 1590 tetigero
1869 1531 2063 1572 tantum

481 1627 825 1680 vestimentum
853 1625 982 1693 ejus,
1007 1622 1146 1674 salva
1176 1636 1278 1672 ero.
1301 1619 1412 1672 Cur
1435 1635 1536 1670 non
1567 1616 1790 1670 ﬁdenter
1818 1614 1883 1666 ad
1915 1615 2062 1666 illum

478 1716 748 1773 accessit?
777 1714 925 1782 Quod
953 1712 1175 1782 puderet
1205 1711 1271 1765 de
1304 1709 1490 1762 morbo
1515 1724 1528 1771 ;
1557 1722 1676 1762 sese
1701 1721 1929 1774 namque
1961 1705 2062 1758 im-

480 1810 730 1864 mundam
763 1808 996 1878 putabat.
1053 1805 1180 1859 Nam
1219 1805 1265 1858 si
1332 1813 1658 1855 menstruata
1707 1817 1810 1852 non
1866 1799 2060 1852 munda

481 1903 785 1971 putabatur,
821 1900 991 1952 multo
1025 1897 1190 1963 magis
1221 1895 1302 1946 illa
1323 1910 1438 1962 qua-
1463 1895 1549 1945 tali
1581 1894 1766 1946 morbo
1789 1890 2063 1944 laborabat

484 1993 534 2046 id
581 1992 802 2046 credere
845 1998 1052 2059 poterat
1096 2004 1108 2040 :
1164 1984 1463 2054 bujusmodi
1512 1985 1653 2037 euitn
1703 1982 2065 2035 immttudities

483 2097 672 2152 magna
704 2081 993 2135 secumlmn
1043 2079 1211 2147 legem
1258 2075 1537 2145 putabatur
1585 2091 1723 2128 esse.
1777 2074 1898 2128 Ideo
1945 2088 2064 2127 sese

480 2175 624 2229 abdit
651 2181 704 2228 et
730 2172 980 2227 occultat.
1012 2169 1260 2238 Alioquin
1291 2181 1419 2222 vero
1460 2165 1693 2220 nondum
1722 2165 1809 2220 illa
1842 2181 2064 2220 consen-

482 2276 687 2320 taneam
711 2273 763 2317 et
791 2262 1079 2332 perfectam
1110 2261 1178 2314 de
1203 2259 1292 2312 illo
1319 2258 1623 2327 opinionem
1662 2256 1892 2312 habebat
1921 2273 1936 2309 :
1970 2271 2066 2310 ue-

479 2374 583 2427 que
607 2356 749 2411 enim
782 2361 1020 2423 putasset
1057 2366 1116 2406 se
1143 2352 1308 2405 latere
1342 2363 1521 2419 posse.
1554 2348 1730 2402 Prima
1781 2363 1909 2402 vero
1941 2347 2056 2402 haec

483 2449 670 2504 mulier
693 2447 904 2517 publice
927 2444 1136 2498 accedit
1164 2462 1176 2496 :
1209 2443 1408 2498 ctenim
1437 2441 1657 2505 audivit,
1691 2441 1863 2510 ipsum
1901 2442 2061 2495 etiam

481 2542 732 2596 mulieres
761 2555 952 2594 curare
974 2580 988 2603 ,
1020 2548 1074 2591 et
1115 2536 1344 2606 puellam
1371 2543 1634 2588 mortuam
1662 2533 1831 2589 adire.
1887 2533 1940 2587 In
1968 2533 2064 2587 do-

482 2650 626 2687 mum
653 2642 834 2686 autcm
864 2645 1054 2684 vocare
1085 2646 1190 2683 nou
1218 2642 1345 2681 ausa
1385 2637 1467 2682 est
1491 2668 1507 2691 ,
1554 2627 1651 2681 etsi
1679 2626 1827 2681 dives
1873 2638 2018 2682 esset
2047 2644 2061 2680 :

483 2741 655 2797 neque
683 2725 892 2796 publice
919 2723 1163 2786 accessit,
1197 2720 1290 2776 sed
1313 2721 1450 2774 clam
1477 2735 1598 2774 cum
1624 2720 1726 2773 ﬁde
1747 2721 2062 2774 vestimenta

482 2820 671 2888 tetigit.
705 2817 820 2870 Non
841 2815 1119 2876 dubitavit,
1153 2829 1323 2884 neque
1345 2813 1397 2866 in
1427 2812 1602 2881 seipsa
1627 2812 1760 2865 dixit
1788 2830 1800 2865 :
1831 2811 1966 2884 Num
2001 2812 2065 2864 li-

483 2912 713 2966 berabor
737 2927 765 2964 a
798 2910 1004 2972 morbo,
1031 2907 1232 2962 necne?
1250 2905 1343 2960 sed
1365 2904 1435 2959 de
1451 2905 1679 2958 sanitate
1700 2904 2062 2972 recuperanda

481 3003 754 3058 conlidens
784 3003 1011 3057 accessit
1043 3019 1056 3054 :
1088 3000 1292 3053 Dicebat
1319 2999 1471 3063 enirn,
1505 2998 1695 3067 inquit,
1723 2999 1858 3050 intra
1887 3013 1939 3051 se
1965 3013 1983 3050 :
2003 2999 2066 3053 Si

478 3098 642 3151 solum
685 3096 891 3166 tetigero
933 3094 1274 3147 vestimentum
1316 3092 1427 3160 ejus
1453 3131 1467 3153 ,
1509 3090 1650 3143 salva
1697 3106 1801 3143 ero.
1834 3090 2067 3146 Noverat

482 3189 700 3241 enimex
726 3203 827 3254 qua
853 3184 1198 3253 egrederetur
1214 3182 1396 3245 domo,
1419 3196 1609 3249 nempe
1635 3181 2061 3250 publicanorum,

487 3290 539 3332 et
561 3283 778 3348 quinam
823 3285 1199 3344 sequerentur,
1253 3273 1500 3326 uituirtuu
1551 3283 1858 3340 peccatores
1893 3281 1947 3328 et
1979 3289 2069 3342 pu-

485 3368 677 3423 blicani
707 3366 857 3420 :hznc
888 3381 1014 3421 vero
1041 3364 1219 3420 omnia
1262 3364 1416 3418 ﬁdem
1457 3364 1554 3432 ipsi
1596 3363 1867 3417 indebant.
1921 3364 2059 3432 Quid

483 3463 641 3531 igitur
705 3460 987 3516 Christus?
1039 3458 1154 3513 Non
1223 3458 1462 3528 permisit
1530 3472 1648 3511 eam
1715 3458 1917 3524 latere,
1969 3459 2065 3514 sed

483 3553 536 3608 in
578 3553 807 3608 medtum
833 3551 1086 3616 adduxit,
1115 3560 1169 3605 et
1202 3550 1382 3603 multis
1429 3549 1496 3602 de
1537 3548 1714 3602 causis
1759 3549 1900 3602 illam
1950 3563 2063 3602 ma-

485 3647 728 3700 nifestam
755 3658 876 3698 esse
918 3641 1107 3695 voluit.
1137 3641 1468 3710 Quamquam
1502 3640 1717 3709 quidam
1760 3640 1938 3694 stolidi
1983 3640 2066 3693 di-

480 3752 623 3797 eaut,
657 3735 754 3788 hoc
785 3735 957 3803 ipsum
994 3732 1116 3787 ideo
1148 3731 1337 3786 fecisse
1359 3771 1375 3794 ,
1407 3731 1547 3800 quod
1579 3731 1804 3800 gloriam
1831 3742 2060 3787 amaret.

481 3833 590 3887 Cur
613 3829 778 3892 enim,
808 3826 1047 3896 inquiunt
1071 3867 1084 3888 ,
1116 3840 1218 3877 non
1245 3823 1484 3892 permisit
1522 3824 1662 3876 illam
1681 3825 1897 3884 latere?
1925 3826 2064 3892 Quid

481 3925 647 3987 dicis,
675 3918 1028 3977 essecrandc?
1055 3917 1143 3986 qui
1168 3916 1318 3983 jubet
1342 3924 1541 3977 tacere,
1572 3915 1658 3983 qui
1690 3925 1936 3969 sexcenta
1962 3916 2066 3970 mi-

485 4015 662 4068 racula
695 4009 1087 4080 praetercurrit,
1132 4006 1354 4076 gloriam
1397 4005 1588 4059 amat?
1625 4004 1735 4059 Cur
1764 4021 1890 4075 ergo
1921 4006 2065 4061 illam

485 4107 538 4159 iu
571 4103 802 4159 medium
834 4099 1073 4154 adducit?
1103 4098 1278 4151 Primo
1307 4096 1471 4152 solvit
1499 4095 1739 4150 mulieris
1776 4095 2060 4164 timorem,

485 4214 551 4252 ne
578 4195 924 4252 conscientia:
951 4192 1179 4246 stimulis
1200 4189 1392 4259 agitata
1421 4229 1435 4252 ,
1481 4197 1662 4257 utpote
1692 4203 1811 4257 qua:
1835 4189 2063 4258 gratiam

485 4292 628 4345 illam
656 4288 910 4344 sull'urata
942 4293 1126 4348 esset,
1171 4282 1425 4352 scrupulo
1451 4281 1741 4336 laboraret.
1773 4280 2023 4336 Secundo
2046 4322 2060 4348 ,

484 4388 650 4453 ipsam
683 4380 923 4450 corrigit,
954 4377 1097 4448 quod
1127 4391 1186 4430 se
1212 4374 1378 4430 latere
1407 4382 1637 4442 putaret.
1671 4373 1874 4438 Tertio,
1905 4373 2067 4428 ﬁdem

483 4477 599 4545 ejus
627 4473 878 4529 onmibus
898 4479 1083 4524 notam
1115 4466 1308 4532 reddit,
1341 4475 1396 4519 ut
1420 4465 1509 4518 alii
1538 4480 1654 4518 eam
1681 4463 2016 4518 imitarentur
2043 4516 2049 4526 ,

485 4582 657 4638 neque
684 4571 864 4620 minus
890 4564 1097 4633 signum
1152 4558 1301 4622 edit,
1335 4572 1454 4610 cum
1500 4555 1732 4610 ostendit
1785 4570 1844 4609 se
1888 4571 2066 4608 οιιιιι..‹

483 4663 643 4722 seire,
674 4673 832 4728 quam
871 4671 992 4711 cum
1023 4654 1223 4709 lluxtnu
1271 4648 1545 4720 sanguinis
1591 4647 1823 4701 cohibet.
1866 4646 2068 4700 Deinde

485 4751 981 4822 archisynagogum,
1007 4747 1159 4812 cujus
1181 4742 1312 4796 lidcs
1337 4737 1755 4810 periclitabatur,
1786 4753 1891 4806 quo
1914 4748 2067 4804 pacto

486 4843 662 4894 oumia
697 4840 1052 4909 perdidisset,
1087 4853 1182 4906 per
1208 4835 1482 4888 mulierem
1517 4831 1658 4884 illam
1687 4829 2064 4883 conﬁrmabat.

487 4933 615 4988 Nam
637 4942 889 4987 venerant
904 4932 991 5000 qui
1008 4930 1262 4984 dicereut:
1277 4926 1398 4980 Noli
1415 4941 1592 4979 vexare
1609 4923 1932 4993 magistrum;
1950 4939 2066 4976 nam

482 5038 684 5082 mortua
699 5035 770 5077 est
797 5023 966 5093 puella
987 5021 1138 5091 (Luc.
1163 5019 1633 5088 8.49).Quiautem
1663 5017 1714 5069 in
1737 5015 1897 5070 domo
1913 5024 2068 5069 erant

489 5116 779 5172 irridehaut
798 5130 943 5178 eum,
963 5112 1103 5183 quod
1121 5113 1324 5166 diceret
1347 5111 1486 5164 illam
1515 5108 1774 5173 dormire;
1797 5107 2065 5162 verisimi-

487 5211 641 5279 leque
669 5218 782 5262 erat
810 5214 1014 5276 patrem
1033 5204 1190 5258 etiam
1210 5201 1478 5272 quidpiam
1495 5200 1665 5255 simile
1684 5213 1900 5268 passum
1920 5213 2060 5252 esse.

553 5301 605 5354 2.
637 5301 759 5354 Ideo
786 5298 929 5352 illam
949 5295 1310 5350 inﬁrmitatem
1340 5294 1484 5362 prius
1510 5291 1823 5354 emendans,
1860 5290 2064 5343 mulier-

483 5395 659 5450 culum
687 5392 902 5448 adducit
923 5390 973 5443 itt
1008 5387 1262 5442 medium.
1301 5383 1454 5450 Quod
1482 5383 1622 5438 enim
1656 5380 1943 5436 admodum
1977 5396 2038 5433 ru

483 5490 564 5543 dis
593 5489 680 5542 ille
711 5495 890 5546 esset,
929 5479 1050 5535 audi
1073 5478 1198 5549 quid
1228 5476 1326 5546 ipsi
1355 5475 1524 5528 dicat:
1552 5473 1633 5527 Ne
1660 5474 1856 5533 timeas,
1892 5480 1947 5523 tu
1975 5485 2049 5522 so-

485 5583 588 5634 lum
613 5580 775 5642 crede,
810 5588 856 5630 et
881 5577 1023 5629 saltm
1067 5572 1160 5626 crit
1237 5569 1368 5624 Ibid.
1402 5583 1449 5620 tt.
1478 5567 1546 5621 50
1639 5565 1770 5620 Nam
1799 5565 1866 5618 de
1910 5562 2064 5616 ittdtt-

489 5673 616 5731 stria
657 5673 962 5728 morabatur
991 5711 1006 5730 .
1041 5677 1096 5722 ut
1145 5675 1269 5720 tunc
1321 5659 1601 5716 a'eederet
1630 5701 1643 5723 ,
1697 5674 1817 5713 cum
1851 5662 2057 5709 mortua

3657 196 3768 254 37‘!

2175 327 2362 379 esset,
2423 325 2480 369 ut
2523 316 2666 369 clara
2718 314 3042 369 resurrectio
3091 321 3256 370 esset.
3307 312 3510 368 Idcirco
3562 324 3766 368 tardius

2175 406 2412 470 incedit,
2472 417 2526 460 et
2601 406 2810 460 mulieri
2883 406 3048 459 multa
3117 405 3386 475 loquitur,
3442 415 3500 459 ιιι
3549 407 3767 459 interim

2176 498 2262 551 illa
2295 508 2618 562 moreretur,
2649 507 2704 551 et
2728 496 3047 550 accederent
3076 496 3164 566 qui
3208 499 3322 550 bme
3346 497 3676 561 nuntiarent,
3707 512 3767 550 ac

2173 589 2451 642 dicerent:
2491 589 2618 642 Noli
2646 606 2828 642 vexare
2849 589 3169 658 magistrum.
3220 588 3332 642 lloc
3357 599 3410 642 et
3436 591 3765 655 evangelista

2171 683 2470 736 suhindieat
2511 683 2739 737 dicens:
2781 683 2958 735 Att/mc
2989 699 3045 735 eo
3084 683 3355 749 loquente,
3399 693 3642 735 σειιοτιιηι
3694 685 3760 735 de

2170 777 2319 830 domo
2354 779 2575 830 dicentes
2606 793 2624 830 :
2659 776 2861 830 Mortua
2895 787 2964 829 est
2987 776 3100 844 ﬁlia
3143 787 3228 828 tua
3257 792 3277 828 :
3299 775 3404 828 noli
3439 792 3620 828 vexare
3653 793 3764 826 ma-

2169 869 2400 937 gistrum.
2432 868 2650 922 Volebat
2690 868 2830 922 enim
2863 867 3096 935 evulgari
3125 875 3180 921 et
3209 865 3354 919 credi
3386 876 3614 918 mortem
3647 908 3662 930 ,
3698 883 3764 918 no

2173 961 2496 1013 resurrectio
2539 969 2794 1028 suspecta
2827 970 2986 1013 esset.
3037 958 3102 1011 Et
3133 957 3233 1011 hoc
3261 959 3457 1026 ubique
3487 957 3633 1012 facit.
3667 959 3763 1014 Sic

2169 1059 2224 1102 et
2255 1049 2304 1102 in
2335 1059 2507 1104 marte
2561 1050 2742 1103 Lazari
2774 1091 2789 1113 ,
2845 1059 2964 1119 post
3013 1048 3236 1116 primum
3259 1090 3274 1112 ,
3322 1050 3613 1103 secumqu
3648 1061 3762 1103 ter-

2174 1141 2406 1210 tiamque
2446 1141 2584 1196 diem
2633 1143 2878 1196 accessit.
2943 1142 3171 1209 Ideoque
3222 1142 3370 1195 illuu
3423 1142 3475 1194 in
3520 1143 3762 1196 medium

2169 1234 2382 1287 adducit
2409 1243 2463 1289 et
2488 1234 2562 1288 ait
2596 1249 2608 1288 :
2635 1233 2724 1287 ἢεί.
2759 1234 2989 1300 Con/ide,
3024 1234 3133 1300 ﬁlia
3157 1248 3174 1294 ;
3202 1233 3339 1286 sicut
3370 1243 3423 1286 et
3466 1235 3762 1303 paralytico

2169 1324 2400 1386 dicebat,
2424 1323 2656 1392 Con/ide,
2681 1325 2753 1394 [ili
2777 1324 2990 1393 (Matth.
3008 1325 3057 1377 9.
3080 1324 3538 1391 ‘2).Fut‘tttitlulusa
3561 1327 3761 1395 quippe

2169 1419 2357 1472 mulier
2383 1426 2530 1479 erat,
2565 1418 2791 1487 ideoque
2819 1417 2969 1482 dicit,
3004 1415 3234 1484 Con/ide,
3261 1425 3318 1470 et
3373 1417 3532 1470 ﬁliam
3568 1433 3759 1472 Vocat:

2171 1523 2291 1562 nam
2325 1508 2454 1562 ﬁdes
2505 1509 2646 1564 illam
2703 1509 2862 1562 ﬁliam
2920 1509 3218 1573 cll‘eecrat;
3274 1509 3397 1563 hinc
3441 1511 3492 1561 iu
3545 1511 3761 1564 laudem

2171 1601 2285 1669 ejus
2306 1601 2471 1655 dicit:
2506 1600 2658 1654 Fides
2683 1612 2770 1655 tua
2794 1611 2839 1654 te
2859 1602 3052 1654 salvam
3081 1601 3216 1668 fecit.
3249 1601 3418 1655 Lucas
3442 1617 3573 1656 vero
3609 1605 3760 1671 plura

2170 1696 2268 1746 alia
2295 1695 2450 1748 nobis
2479 1694 2546 1749 de
2578 1695 2799 1748 muliere
2839 1703 3038 1748 narrat.
3071 1693 3204 1748 Cum
3232 1695 3378 1748 enim
3410 1696 3757 1759 aeces~isset,

2173 1786 2362 1855 inquit,
2395 1797 2441 1841 et
2467 1797 2646 1840 curata
2681 1787 2864 1839 luisset
2887 1826 2902 1848 ,
2955 1802 3057 1839 non
3108 1787 3287 1840 statim
3315 1786 3458 1840 illam
3499 1788 3755 1840 Christus

2170 1876 2398 1941 Vocavit,
2423 1877 2516 1930 sed
2547 1878 2689 1945 prius
2717 1877 2849 1930 dixit
2875 1895 2886 1928 :
2910 1877 3032 1942 Quis
3049 1894 3128 1930 me
3153 1878 3353 1946 tetigit?
3379 1878 3582 1932 Deinde
3602 1879 3764 1932 l‘etro

2170 1979 2223 2024 et
2251 1971 2369 2024 aliis
2395 1970 2699 2024 dicentibus
2730 1987 2742 2022 :
2785 1969 3098 2039 Pra'ceptor,
3138 1969 3296 2022 turba:
3322 1980 3370 2021 te
3407 1972 3765 2040 constringunt

2170 2071 2216 2114 et
2247 2063 2585 2131 comprimunt
2613 2101 2626 2125 ,
2661 2071 2708 2115 et
2733 2061 2880 2124 diris,
2913 2060 3037 2126 Quis
3063 2077 3141 2113 me
3165 2060 3322 2128 tetigit
3355 2059 3505 2130 (Luc.
3536 2062 3592 2113 8.
3620 2062 3764 2126 lii)?

2170 2151 2309 2218 quod
2365 2151 2651 2205 maximum
2703 2151 2911 2220 signum
2967 2160 3123 2214 erat,
3179 2150 3348 2218 ipsmn
3411 2165 3575 2204 carne
3635 2166 3765 2204 vere

2169 2243 2550 2296 circumdatum
2603 2242 2799 2307 fuisse,
2855 2251 2908 2295 et
2971 2241 3162 2294 fastum
3209 2257 3419 2296 omnem
3469 2242 3760 2295 calcasse:

2171 2348 2341 2402 neque
2369 2334 2511 2387 enim
2542 2333 2724 2401 procul
2769 2333 3150 2402 sequebantur,
3204 2333 3296 2385 sed
3330 2333 3563 2401 undique
3609 2349 3763 2387 com-

2173 2425 2492 2494 primehaut;
2529 2425 2616 2478 illo
2649 2441 2796 2485 γυνθ.
2831 2424 3019 2493 iuqttit,
3049 2424 3226 2477 dict-re
3258 2425 3488 2491 perstitit
3518 2442 3531 2477 :
3570 2425 3762 2495 Tetigi!

2171 2515 2446 2584 meuliquis
2472 2531 2489 2568 :
2515 2516 2629 2568 novi
2650 2517 2780 2568 enim
2807 2516 3036 2568 virtutem
3064 2531 3125 2567 ea:
3160 2531 3236 2566 me
3265 2515 3475 2566 exivisse
3500 2515 3516 2578 (
3527 2513 3551 2566 1
3559 2516 3666 2568 bid.
3708 2533 3755 2569 ιν.

2170 2607 2297 2672 liti);
2329 2607 2595 2661 rudiorem
2638 2605 3040 2675 responsionem
3070 2620 3162 2674 pro
3185 2606 3486 2658 auditorum
3521 2619 3678 2674 captu
3707 2617 3762 2662 et

2169 2701 2420 2769 opinione
2449 2700 2794 2754 concinnatis.
2827 2699 2951 2753 llzec
2997 2711 3173 2754 autem
3205 2699 3415 2752 dicebat
3447 2740 3462 2764 ,
3518 2709 3574 2754 ut
3613 2702 3759 2755 illam

2169 2793 2233 2846 ad
2263 2793 2624 2848 conﬁtendum
2659 2792 2956 2846 induceret.
2993 2791 3216 2862 Ideoque
3247 2809 3350 2845 nou
3375 2794 3556 2846 statim
3613 2795 3760 2848 illam

2170 2887 2474 2954 arguit,quo
2493 2885 2801 2952 ostendens,
2821 2900 2878 2938 se
2891 2885 3066 2938 omnia
3090 2902 3100 2952 ι
3123 2883 3319 2938 erleetc
3345 2886 3763 2948 scire,suaderet

2172 2976 2245 3030 illi
2276 2986 2332 3031 ut
2358 2976 2533 3030 omnia
2564 2992 2657 3030 sua
2701 2983 2889 3044 sponte
2931 2974 3264 3038 declararet,
3310 2983 3362 3028 et
3393 2976 3533 3044 quod
3563 2977 3762 3029 factum

2171 3077 2282 3123 erat
2304 3067 2707 3136 przrdicaret,ne
2725 3067 2769 3120 si
2792 3066 2905 3135 ipse
2923 3065 3447 3134 dixisset,Stt5|)Cetus
3465 3067 3762 3122 videretur.

2243 3159 2400 3212 Fides
2430 3159 2653 3212 mulieris
2685 3157 2947 3226 sanguinis
2973 3158 3168 3225 ﬂuxum
3219 3157 3473 3225 patientis.
3498 3157 3765 3212 —\'ideu'

2173 3254 2448 3307 mulierem
2504 3253 2929 3322 arehisynagogo
2972 3250 3444 3318 praestantiorem?
3473 3249 3587 3303 Non
3635 3253 3761 3304 rei-

2175 3347 2307 3409 nuit,
2362 3360 2466 3399 non
2499 3343 2884 3414 apprehendit;
2919 3342 3012 3396 sed
3066 3341 3294 3395 summis
3346 3352 3550 3395 tantum
3578 3343 3765 3412 digitis

2177 3438 2368 3508 tetigit,
2395 3446 2447 3492 et
2477 3452 2595 3490 eum
2621 3435 2804 3489 ultima
2830 3435 3078 3497 venisset,
3112 3434 3256 3501 prior
3283 3444 3465 3487 sanata
3488 3435 3762 3490 discessit.

2174 3532 2264 3586 llle
2295 3529 2555 3584 medicum
2587 3527 2804 3581 adduxit
2831 3526 3081 3588 domum;
3114 3525 3230 3578 huic
3256 3534 3429 3578 tactus
3459 3527 3610 3579 Solus
3631 3529 3765 3579 satis

2173 3622 2300 3676 fuit:
2331 3637 2448 3674 nam
2469 3620 2568 3673 etsi
2596 3618 2906 3687 :egritudine
2938 3617 3208 3685 ligaretur,
3236 3616 3336 3668 ﬁde
3360 3617 3764 3670 ceualisadtol-

2176 3714 2402 3768 lehatur.
2438 3711 2709 3777 Perpende
2744 3705 3220 3776 autetu'quomodo
3251 3707 3394 3759 illam
3444 3708 3759 3760 consoletur

2173 3806 2394 3859 dicens:
2431 3802 2584 3856 Fides
2611 3814 2695 3854 tua
2736 3811 2783 3854 te
2825 3802 3015 3854 salvam
3044 3800 3182 3868 fecit.
3229 3799 3384 3867 Atqui
3427 3799 3471 3852 si
3513 3806 3766 3853 ostenta-

2175 3898 2334 3954 tionis
2361 3911 2520 3951 eausa
2554 3896 2603 3948 in
2637 3893 2868 3947 medimn
2918 3893 3059 3946 illam
3110 3891 3443 3962 produxisset
3474 3933 3489 3954 ,
3554 3910 3601 3943 n-
3624 3909 3766 3959 qua-

2173 4007 2330 4062 quam
2365 3989 2492 4044 illud
2529 3988 2834 4055 adjecturus
2867 3994 2978 4040 erat
3005 4001 3018 4046 ;
3049 3985 3141 4038 sed
3177 3987 3290 4036 lucc
3317 3983 3449 4036 dixit
3478 3993 3533 4035 Ill
3577 3986 3766 4037 art-bi-

2173 4096 2501 4155 synagogum
2539 4080 2603 4132 ad
2635 4077 2960 4132 credendum
3009 4077 3304 4130 institueret
3331 4117 3345 4139 ,
3393 4085 3444 4128 et
3479 4078 3765 4131 tnnlierem

2173 4173 2572 4230 Commendaret
2594 4212 2608 4236 ,
2642 4181 2799 4239 atque
2852 4169 2932 4220 his
2962 4169 3136 4220 verbis
3169 4168 3491 4235 Voluptatem
3527 4167 3626 4234 ipsi
3659 4170 3766 4221 uti-

2175 4265 2484 4334 litatemque
2513 4262 2774 4331 praeberet.
2790 4259 3030 4327 corporis
3047 4257 3320 4310 curatione
3343 4272 3445 4308 non
3471 4259 3766 4314 minorem.

2173 4358 2323 4426 Quod
2352 4364 2527 4409 autem
2573 4352 2637 4407 ad
2676 4352 2952 4405 mulierem
2998 4348 3372 4404 celebrandam
3421 4357 3768 4418 ca~teroSque

2173 4447 2534 4506 cumulandos
2577 4446 2626 4500 id
2673 4443 2878 4502 fecerit.
2933 4457 3038 4496 non
3087 4450 3266 4494 autem
3319 4439 3401 4492 sui
3453 4442 3764 4494 ostentandi

2171 4558 2352 4608 causa,
2386 4542 2468 4595 vel
2487 4539 2608 4594 hinc
2632 4538 2979 4606 couSpicuum
3001 4545 3102 4593 est,
3137 4531 3278 4602 quod
3311 4533 3446 4600 ipse,
3478 4532 3760 4588 hoectiam

2171 4635 2389 4702 dempto
2409 4633 2582 4702 signo,
2604 4630 2770 4684 nihilo
2793 4629 2965 4681 minus
2983 4625 3329 4680 admirandus
3356 4623 3567 4679 futurus
3594 4636 3765 4692 essirt,

2179 4717 2585 4772 cumerebriura
2608 4718 2875 4770 nivalibus
2901 4714 3615 4768 imhrihuscircumtluerent
3641 4733 3768 4769 cum

2181 4813 2464 4876 miracula,
2488 4821 2541 4865 et
2560 4812 2715 4880 longe
2743 4813 2949 4880 majora
2977 4810 3196 4865 iecisset
3217 4809 3571 4880 facturosque
3589 4827 3728 4866 esset
3751 4833 3766 4868 :

2184 4905 2539 4967 muliervero,
2577 4904 2679 4957 lllSI
2698 4904 2746 4957 id
2771 4905 2840 4956 ita
2878 4901 3080 4957 factum
3120 4911 3288 4964 esset,
3315 4902 3488 4957 latens
3520 4913 3576 4956 et
3601 4906 3770 4958 tantis

2184 5013 2354 5052 vacua
2369 4998 2618 5051 laudibus
2630 4993 3248 5062 abscessissetddeoque
3264 4994 3434 5064 ipsam
3452 4997 3504 5048 in
3525 4998 3769 5050 medium

2186 5093 2472 5147 adductam
2496 5091 2808 5153 celebravit,
2830 5090 3058 5158 ejusque
3090 5089 3339 5142 timorem
3377 5089 3620 5156 depulit:
3643 5105 3772 5142 nam

2193 5190 2431 5239 Tremens
2451 5181 2841 5247 accessitUbid.
2863 5199 2910 5235 v.
2932 5181 3045 5251 47),
3066 5181 3263 5250 inquit,
3287 5181 3599 5250 ipsequeilli
3631 5182 3776 5234 ﬁdu-

2171 5281 2306 5334 ciam
2343 5276 2551 5338 iudidit,
2585 5287 2637 5329 et
2682 5291 2802 5327 cum
2835 5274 3077 5342 corporis
3125 5272 3429 5326 Valetudine
3458 5313 3475 5339 ,
3521 5274 3628 5326 alia
3671 5275 3773 5342 ipsi

2175 5373 2360 5426 viatica
2391 5370 2575 5430 dedit,
2607 5368 2816 5431 dicens,
2856 5365 2990 5419 Vnde
3013 5367 3065 5418 in
3089 5381 3213 5435 pace
3248 5364 3405 5435 (Ibid.
3441 5382 3488 5418 υ.
3523 5367 3636 5435 48).
3673 5367 3768 5422 25.

2184 5464 2396 5517 Veniens
2428 5471 2605 5513 autem
2648 5461 2699 5512 in
2739 5459 2942 5512 domum
2971 5457 3212 5526 principis
3237 5499 3252 5520 ,
3284 5457 3558 5526 vidensque
3598 5460 3772 5511 tibici-

2175 5571 2260 5608 nes
2289 5563 2334 5606 et
2377 5552 2573 5605 turbam
2616 5551 3002 5603 tumultuantem
3034 5589 3048 5613 ,
3099 5548 3190 5601 2i.
3223 5549 3352 5601 dixit
3383 5563 3403 5602 :
3458 5549 3728 5602 Discedite
3753 5565 3777 5605 :

2177 5664 2275 5703 non
2302 5655 2372 5701 est
2399 5645 2530 5700 cuitu
2552 5654 2748 5697 mortua
2778 5641 2944 5706 puella
2967 5679 2982 5699 .
3020 5640 3107 5695 sed
3138 5640 3345 5694 dormit.
3377 5641 3440 5694 Et
3464 5641 3774 5697 dcridcbant
