4042 6218
323 248 443 301 πτέἶο

326 375 464 412 eum.
495 356 719 414 Pulchra
747 365 893 412 certe
939 353 1483 425 arcbisynagogorum
1529 354 1721 410 indicia
1743 396 1758 419 ,
1788 370 1908 409 eum

327 461 450 519 post
474 460 702 503 mortem
732 446 873 501 tibiae
901 454 953 500 et
1002 443 1244 515 cymbala
1274 444 1341 498 ad
1372 444 1553 499 ﬁctum
1607 453 1906 502 moverent.

324 538 461 606 Quid
496 539 654 609 igitur
678 536 965 592 Christus?
998 534 1143 589 Alios
1173 548 1363 603 omnes
1388 534 1624 604 expulit,
1662 543 1909 603 parentes

326 638 508 684 autem
530 628 839 686 introduxit.
869 641 933 681 ne
964 625 1070 681 dici
1103 634 1288 695 posset
1312 625 1476 679 alium
1508 626 1781 679 curavisse
1810 642 1827 678 :
1856 632 1912 678 et

327 733 609 793 antequam
638 720 883 785 suscitet,
912 734 1046 774 voce
1067 718 1197 773 illud
1219 717 1407 781 efﬁcit,
1436 733 1557 773 cum
1581 719 1675 784 ait,
1698 716 1818 770 Non
1835 727 1907 771 est

326 824 524 868 mortua
542 813 736 882 puella,
770 810 860 864 sed
890 810 1098 863 dormit.
1126 808 1303 863 Multis
1321 823 1532 879 quoque
1557 809 1675 862 aliis
1697 809 1749 863 in
1775 809 1908 863 locis

325 906 428 959 hoc
457 904 581 958 facit
605 919 702 958 :ac
730 903 871 956 sicut
913 902 965 955 in
993 901 1125 955 mari
1158 900 1386 970 primum
1409 899 1701 970 discipulos
1733 900 1910 954 incre-

326 998 470 1068 pavit
495 1017 508 1052 :
537 996 615 1050 sic
643 1005 698 1049 et
740 993 843 1048 hoc
872 993 989 1047 loco
1022 1007 1091 1047 ex
1124 992 1466 1061 praesentium
1488 990 1755 1044 mentibus
1789 1004 1908 1057 pcr-

327 1088 690 1144 turbationem
718 1085 863 1155 eiicit
884 1125 899 1147 ,
944 1084 1104 1139 simul
1132 1082 1446 1148 ostendens,
1476 1080 1631 1137 facile
1660 1081 1759 1137 sibi
1785 1096 1908 1137 esse

324 1190 566 1236 mortuos
593 1178 855 1234 suscitare
882 1175 1044 1246 (quod
1066 1175 1226 1230 etiam
1253 1176 1305 1229 in
1327 1174 1526 1229 Lazaro
1549 1174 1673 1228 fecit
1696 1172 1903 1229 dicens:

325 1272 552 1328 Lazarus
578 1271 770 1323 amicus
795 1278 962 1322 noster
986 1266 1170 1320 dormit
1187 1264 1367 1337 [Joan.
1396 1266 1453 1322 ll
1469 1306 1482 1319 .
1511 1263 1647 1336 11]).
1678 1279 1781 1318 una
1809 1264 1908 1319 do-

322 1379 451 1420 cens
479 1378 584 1417 non
627 1359 914 1416 timendam
956 1372 1077 1411 esse
1122 1367 1349 1411 mortem
1381 1373 1395 1409 :
1427 1371 1599 1425 neque
1624 1356 1767 1411 enim
1794 1354 1905 1423 iam

282 1450 283 1453 “
322 1470 443 1511 esse
472 1464 722 1515 mortem,
751 1450 846 1506 sed
875 1464 1144 1504 somnum.
1170 1448 1300 1502 Nam
1327 1448 1448 1517 quia
1476 1446 1592 1516 ipse
1611 1446 1907 1500 moriturus

323 1556 458 1610 erat,
487 1546 715 1600 aliornnt
741 1557 966 1611 corpora
1014 1540 1324 1596 suscitando
1373 1539 1666 1609 discipulos
1693 1554 1903 1608 praepa-

324 1639 474 1694 rabat
498 1636 563 1692 ad
588 1635 833 1689 ﬁduciam
864 1630 1211 1695 sumendam,
1243 1640 1581 1700 mortemque
1599 1645 1749 1684 suam
1783 1630 1911 1684 leni-

323 1742 405 1786 ter
434 1728 726 1784 ferendam.
753 1726 1039 1795 Postquam
1068 1724 1208 1778 enim
1235 1724 1348 1793 ipse
1376 1722 1673 1777 advenerat
1699 1764 1712 1787 ,
1759 1738 1907 1778 mors

319 1825 427 1893 iam
457 1822 667 1878 nonnisi
695 1833 914 1875 somnus
942 1827 1077 1872 erat.
1122 1819 1371 1869 Attamen
1396 1815 1711 1870 deridebant
1738 1830 1860 1869 eum
1889 1833 1902 1869 :

325 1919 438 1987 ipse
463 1931 590 1969 vero
617 1928 721 1968 non
769 1912 985 1977 indigne
1015 1910 1134 1964 tulit
1160 1948 1176 1975 ,
1219 1923 1340 1961 cum
1390 1924 1493 1961 non
1529 1907 1809 1963 crederent
1843 1908 1905 1961 iis

320 2022 439 2077 quae
463 2020 586 2060 mox
618 2004 732 2072 ipse
782 2001 1096 2056 mirabiliter
1142 2007 1461 2067 operaturus
1504 2006 1624 2051 erat
1662 2013 1676 2051 :
1726 2012 1905 2065 neque

322 2097 618 2168 increpavit
649 2095 883 2151 ridentes
909 2137 921 2158 ,
952 2102 1009 2147 ut
1035 2101 1089 2146 et
1136 2092 1279 2146 risus
1307 2099 1362 2146 et
1385 2089 1528 2145 tibia:
1557 2098 1613 2145 et
1659 2089 1902 2161 cymbala

321 2192 530 2260 aliaque
549 2188 751 2254 omnia,
780 2186 970 2241 mortis
999 2192 1182 2239 essent
1217 2182 1546 2237 testimonia.

389 2284 443 2337 5.
474 2282 704 2337 Christus
730 2277 980 2350 quomodo
1009 2275 1429 2330 resurrectionum
1452 2289 1578 2343 quas
1604 2272 1906 2342 operabatur

317 2375 573 2429 veritatem
600 2372 864 2427 adstruere
887 2371 1086 2424 soleret.
1120 2367 1333 2421 Festum
1380 2377 1427 2421 et
1473 2382 1650 2419 vanam
1690 2367 1905 2435 gloriam

319 2466 523 2521 omnino
544 2464 801 2519 vitandum
816 2472 906 2516 est.
927 2460 1069 2515 Mors
1085 2478 1183 2513 non
1203 2459 1486 2513 metuenda.
1506 2458 1632 2513 Vita:
1646 2461 1906 2530 praesentis

317 2556 710 2626 malm—Quia
736 2557 877 2612 enim
923 2569 1067 2624 sepe
1109 2552 1361 2608 miracula
1409 2561 1611 2622 patrata
1656 2567 1760 2607 non
1789 2568 1907 2607 ere-

317 2652 449 2705 dunt
474 2649 743 2714 homines,
772 2663 866 2702 sua
897 2648 1131 2716 ipsorum
1163 2645 1514 2715 responsione
1552 2644 1670 2700 illos
1699 2660 1904 2714 prtere-

319 2743 417 2808 nit,
447 2750 503 2796 nt
545 2749 599 2795 et
646 2740 699 2794 iit
744 2738 946 2793 Lazaro
970 2746 1023 2793 et
1055 2737 1106 2791 in
1133 2736 1313 2807 Moyse
1360 2734 1555 2790 factum
1594 2744 1697 2791 est.
1737 2734 1903 2806 Moysi

320 2849 545 2905 namque
566 2832 734 2887 dixit:
761 2829 899 2897 Quid
924 2830 1018 2883 hoc
1044 2840 1115 2883 est
1140 2829 1192 2882 in
1220 2845 1372 2881 manu
1398 2836 1484 2881 tua
1511 2827 1702 2899 (Exod.
1731 2829 1783 2882 4.
1813 2826 1905 2899 2γί

320 2936 378 2981 nt
403 2942 521 2981 cum
544 2925 759 2978 vidisset
788 2930 1089 2992 serpentem
1110 2920 1326 2984 factum,
1352 2935 1457 2974 non
1482 2920 1901 2982 oblivisceretur,

318 3020 517 3088 \irgam
541 3016 687 3086 prius
714 3014 908 3078 fuisse;
938 3012 1030 3066 sed
1059 3011 1205 3066 vocis
1230 3011 1455 3080 propriae
1485 3009 1813 3071 recordatus,
1839 3008 1905 3064 de

320 3126 376 3166 re
398 3118 545 3180 gesta
574 3107 996 3175 obstupesceret.
1037 3104 1100 3157 Et
1128 3103 1196 3157 de
1224 3101 1425 3157 Lazaro
1452 3101 1524 3155 ait
1557 3118 1569 3154 :
1603 3099 1701 3155 Ubi
1729 3101 1874 3171 posui
1886 3131 1901 3140 -

318 3205 405 3258 slis
437 3203 591 3257 enni?
620 3210 675 3255 ut
699 3200 787 3270 qni
814 3198 1087 3262 dixerunt,
1127 3196 1272 3263 Veni,
1302 3206 1348 3249 et
1372 3195 1520 3259 vide;
1548 3204 1622 3259 et,
1652 3192 1773 3248 lam
1803 3197 1901 3265 [ω-

317 3307 403 3362 tet,
430 3293 800 3367 quatriduamts
829 3291 959 3344 enim
988 3298 1058 3343 est
1089 3287 1270 3357 (Joan.
1302 3288 1388 3341 ll.
1416 3288 1503 3343 54.
1537 3287 1650 3356 59),
1675 3301 1779 3341 non
1807 3286 1904 3341 dil-

318 3390 487 3445 bitare
516 3394 754 3458 possent,
804 3385 931 3455 quin
985 3383 1155 3451 ipsum
1202 3389 1469 3435 mortuum
1517 3378 1902 3433 snseitavisset.

319 3478 519 3533 Videris
559 3476 719 3546 igitur
756 3472 996 3545 cymbala
1026 3481 1079 3527 et
1114 3470 1325 3536 turbas,
1356 3483 1545 3523 omnes
1578 3469 1743 3537 ejicit,
1772 3478 1822 3521 et
1850 3468 1903 3522 in

316 3570 600 3645 prmsentia
640 3576 917 3637 parentum
946 3562 1258 3618 miraculum
1299 3569 1573 3631 Operatur,
1598 3574 1702 3614 non
1746 3558 1901 3613 aliam

317 3663 574 3718 inducens
598 3659 853 3725 animam,
881 3656 974 3712 sed
998 3655 1140 3709 illam
1168 3654 1336 3724 ipsam
1362 3667 1483 3724 qua:
1511 3652 1718 3707 exierat
1740 3650 1901 3706 redu-

315 3772 465 3823 cens,
498 3764 552 3812 et
577 3753 727 3826 quasi
755 3766 821 3808 ex
857 3764 1046 3806 somno
1070 3749 1331 3804 excitans.
1369 3744 1734 3816 Apprehendit
1774 3757 1903 3799 vero

317 3864 555 3917 manum,
575 3858 630 3903 ut
660 3852 989 3917 spectatores
1017 3840 1275 3897 certiores
1299 3839 1508 3906 ﬁerent,
1526 3837 1699 3893 ethoc
1718 3851 1900 3892 exem-

318 3943 408 4015 plo
430 3942 568 3997 viam
595 3945 810 4009 pararet
836 3934 901 3990 ad
930 3932 1089 3988 ﬁdem
1116 3931 1541 3988 resurrectionis.
1572 3929 1728 3985 Pater
1750 3943 1900 3983 nam-

316 4050 422 4106 que
448 4031 658 4088 dicebat
687 4047 699 4081 :
729 4027 943 4098 Impone
970 4040 1174 4079 manum
1203 4021 1415 4093 (Matth.
1449 4018 1633 4091 9J8);
1663 4020 1749 4074 ille
1777 4033 1903 4073 vero

317 4130 436 4199 plus
466 4127 620 4190 facit;
667 4139 773 4179 non
821 4120 1044 4191 imponit
1070 4117 1246 4179 enim,
1295 4116 1389 4171 sed
1435 4112 1809 4184 apprehendit,
1849 4120 1904 4167 et

317 4219 538 4275 suscitat
565 4223 853 4278 mortuam,
881 4209 1170 4269 ostendens
1199 4208 1375 4263 omnia
1406 4206 1502 4275 ipsi
1535 4215 1778 4275 prompta
1804 4218 1901 4273 pa-

318 4323 536 4383 rataque
576 4325 717 4367 esse.
766 4306 948 4377 Neque
996 4303 1156 4360 modo
1196 4301 1436 4365 suscitat,
1478 4297 1569 4353 sed
1599 4296 1776 4353 cibum
1804 4295 1904 4365 ipsi

317 4407 446 4463 dare
467 4403 636 4475 iubet,
684 4416 751 4456 ne
777 4397 1050 4454 videretur
1094 4410 1179 4449 res
1211 4407 1331 4448 esse
1359 4389 1688 4461 phantasma.
1723 4385 1905 4456 Neque

319 4500 433 4563 ipse
461 4495 572 4557 dat.
602 4491 695 4548 sed
722 4491 855 4545 alios
879 4488 1010 4543 dare
1047 4486 1200 4558 jubet
1232 4499 1246 4536 :
1276 4479 1723 4554 quemadmodum
1760 4486 1814 4533 et
1838 4476 1906 4532 de

317 4589 520 4643 Lazaro
546 4586 620 4639 ait
651 4602 665 4640 :
698 4582 891 4637 Solvite
929 4581 1093 4643 illum,
1140 4587 1187 4631 et
1224 4576 1373 4631 sinite
1410 4573 1549 4626 abire
1592 4570 1768 4642 (Joan.
1816 4568 1904 4622 Η.

320 4681 433 4747 44),
466 4686 519 4731 et
551 4684 730 4745 postea
764 4685 961 4725 mense
988 4676 1290 4723 consortem
1321 4663 1500 4720 efﬁcit.
1528 4661 1738 4716 Etenim
1766 4675 1908 4715 scm-

321 4790 414 4842 per
443 4782 725 4837 utrumque
750 4762 1101 4832 comprobare
1123 4761 1278 4822 solet,
1312 4769 1363 4813 et
1396 4768 1620 4811 mortem
1652 4764 1702 4809 et
1731 4766 1909 4806 resur-

319 4863 612 4919 rectionem
654 4856 1049 4912 accuratissime
1076 4860 1354 4907 asserlam.
1388 4848 1467 4903 Tn
1494 4864 1620 4902 vero
1651 4862 1716 4900 nc
1737 4844 1905 4899 solam

319 4957 762 5017 resurrectionem
786 4947 1085 5022 perpendas
1105 4947 1283 5010 velim,
1315 4943 1408 4999 sed
1434 4942 1591 4997 etiam
1613 4939 1752 5009 quod
1775 4953 1910 5009 pra:-

317 5052 522 5123 ceperit
549 5059 605 5105 ttt
639 5044 835 5103 nemini
864 5043 1135 5103 dicerent;
1178 5046 1231 5092 et
1259 5050 1353 5106 per
1393 5033 1572 5086 omnia
1601 5031 1797 5123 discas,
1831 5027 1907 5123 fa-

320 5120 459 5200 stum
489 5155 789 5209 vanamque
826 5134 1050 5206 gloriam
1081 5145 1207 5186 esse
1246 5127 1466 5183 omnino
1497 5122 1760 5178 vitandam
1787 5138 1800 5174 :
1847 5120 1909 5175 il-

322 5237 520 5307 lndque
546 5242 802 5305 prieteaea
825 5228 1022 5291 discas,
1052 5224 1223 5293 ipsum
1246 5220 1486 5289 lugentes
1514 5227 1663 5307 extra
1689 5213 1907 5307 domum

321 5303 564 5399 eiecisse,
593 5334 753 5396 atque
779 5322 918 5377 velut
966 5315 1212 5386 indignos
1259 5311 1349 5365 tali
1392 5303 1909 5399 spectaculo‘decla-

322 5395 492 5476 rasse.
519 5417 599 5471 Tu
634 5395 760 5469 vero
800 5428 865 5467 ne
895 5423 1057 5465 exeas
1095 5420 1215 5461 cum
1265 5400 1599 5461 tibicinibus;
1628 5395 1723 5452 sed
1754 5409 1910 5449 mane

322 5528 442 5567 eum
475 5509 649 5571 Petro,
673 5506 879 5560 Joanne
908 5510 965 5557 et
987 5498 1205 5555 Jacobo.
1240 5494 1372 5549 Nam
1400 5492 1444 5547 si
1474 5503 1598 5545 tunc
1624 5489 1741 5544 illos
1768 5486 1910 5541 foras

322 5602 500 5673 eiecit,
528 5596 693 5650 multo
715 5594 881 5663 magis
907 5606 1060 5678 nunc.
1073 5588 1123 5645 id
1148 5586 1322 5642 faciat.
1344 5584 1491 5639 Tunc
1512 5582 1654 5637 enim
1673 5577 1908 5633 nondum

326 5695 497 5766 palam
524 5697 638 5746 erat
677 5695 901 5742 mortem
940 5675 1053 5754 iani
1073 5695 1316 5737 somnum
1345 5691 1465 5733 esse
1511 5675 1699 5730 factam
1724 5688 1738 5727 :
1763 5682 1907 5724 nunc

1289 239 1354 293 IN
1394 238 1797 294 MATTIIA‘IUM
1840 239 2067 296 HOMIL.
2113 242 2302 299 XXXI.
2343 247 2416 302 al.
2457 247 2673 305 XXXII.

3502 265 3603 321 Ἧι

2018 367 2196 413 autem
2226 360 2339 429 ipso
2363 363 2478 418 sole
2519 365 2715 421 clarius
2743 377 2842 423 est.
2872 372 2938 425 At
2967 387 3108 428 nunc
3142 388 3245 430 non
3270 375 3430 432 ﬁliam
3461 388 3600 435 tuam

2017 449 2331 539 suscitavit?
2367 452 2471 507 Sed
2513 458 2788 513 suscitabit
2828 460 2968 516 illam
3004 478 3124 517 eum
3169 466 3373 536 majore
3413 469 3600 539 gloria.

2020 536 2109 592 Illa
2146 544 2287 596 enim
2317 559 2438 614 quae
2463 550 2716 611 surrexit,
2750 552 2941 607 iterum
2973 567 3179 613 mortus
3209 570 3323 624 est;
3359 536 3443 616 tua
3476 579 3604 618 vero

2016 643 2136 722 eum
2183 638 2510 702 surrexerit,
2558 642 2793 697 manebit
2829 645 3167 703 immortalis.
3210 650 3379 705 Nemo
3423 654 3601 722 itaque

2018 720 2273 790 deinceps
2294 723 2495 793 lugeat,
2514 742 2687 794 neque
2704 730 3053 797 lamentetur,
3076 748 3232 785 nemo
3268 736 3469 789 Clirtsti
3510 720 3591 791 vi-

2018 812 2245 866 ctoriam
2260 814 2938 874 calumnietur.Vicitenim
2955 822 3040 876 ille
3052 832 3300 878 mortem.
3320 825 3457 892 Quid
3470 843 3596 897 ergo

2017 897 2221 957 frustra
2239 904 2459 973 ploras?
2477 906 2619 963 Mors
2638 922 2866 966 somnus
2878 910 3067 966 cﬁecta
3086 924 3192 968 est.
3219 913 3357 980 Quid
3384 915 3594 971 lamen-

2017 992 2143 1045 taris
2180 1001 2234 1046 et
2264 993 2457 1064 luges?
2502 995 2632 1052 Illud
2657 1000 2798 1054 enim
2845 1003 2890 1055 si
2933 1004 3162 1071 gentiles
3195 1005 3447 1071 facerent,
3486 1008 3603 1063 irri-

2015 1080 2175 1137 dendi
2206 1095 2387 1139 essent
2422 1106 2435 1142 :
2465 1101 2587 1142 cum
2616 1100 2794 1146 aulem
2826 1092 2996 1149 ﬁdelis
3018 1093 3119 1149 hoc
3146 1097 3370 1166 turpiter
3398 1098 3600 1166 fecerit,

2014 1188 2172 1241 quam
2194 1174 2411 1231 habebit
2432 1180 2829 1237 excusationem
2849 1184 2872 1237 ?
2896 1200 3015 1255 qua:
3042 1188 3192 1242 venia
3213 1190 3314 1243 erit
3338 1189 3452 1245 h;ec
3478 1193 3603 1246 insi-

2015 1265 2223 1334 pienter
2251 1270 2534 1338 agentibus
2558 1283 2675 1341 post
2698 1283 2899 1330 tantum
2928 1280 3183 1348 temporis
3208 1292 3262 1335 et
3288 1282 3485 1336 claram
3515 1301 3573 1338 re

2014 1360 2360 1415 surrectionis
2383 1364 2792 1431 probationem?
2818 1369 2896 1423 Tn
2923 1386 3065 1435 vero,
3097 1386 3161 1427 ac
3193 1377 3236 1428 si
3263 1375 3477 1431 studeas
3503 1376 3603 1431 hoc

2016 1462 2287 1519 peccatum
2316 1455 2666 1525 ampliﬁcare,
2697 1460 2936 1529 prreﬁcas
2965 1464 3039 1531 (a)
3068 1464 3222 1520 nobis
3247 1467 3472 1536 gentiles
3509 1469 3603 1521 ad-

2014 1540 2185 1607 ducis,
2230 1544 2431 1599 luetum
2470 1548 2709 1603 excitans
2738 1561 2792 1605 et
2824 1551 3095 1609 fornacem
3140 1556 3430 1611 incendens
3462 1575 3475 1611 :
3506 1576 3604 1615 nec

2013 1633 2167 1690 audis
2213 1635 2435 1692 Paulum
2478 1638 2743 1696 dicentem
2776 1660 2789 1696 :
2827 1643 2957 1710 Qua:
3008 1647 3220 1701 societas
3261 1647 3451 1704 Christi
3489 1667 3603 1704 cum

2014 1723 2222 1780 Belial?
2245 1738 2334 1781 aut
2373 1745 2486 1798 qua:
2510 1732 2673 1800 portio
2700 1733 2867 1801 ﬁdelis
2903 1751 3019 1789 cum
3056 1738 3253 1800 inﬁdeli
3293 1738 3368 1811 (2.
3397 1740 3511 1795 Cor.
3545 1742 3599 1796 6.

2019 1816 2148 1887 15)?
2175 1816 2335 1873 Certe
2354 1821 2602 1889 gentiles,
2629 1824 2718 1891 qui
2746 1822 2875 1878 nihil
2897 1826 2964 1880 de
2993 1829 3386 1885 resurrectione
3405 1830 3599 1896 sciunt,

2012 1910 2327 1964 consolandi
2357 1920 2533 1966 tamen
2558 1913 2799 1969 rationes
2820 1915 3113 1983 inveniunt,
3158 1920 3399 1976 dicentes
3426 1940 3439 1975 :
3471 1921 3606 1977 For-

2014 2001 2139 2055 titer
2167 2000 2338 2066 feras;
2370 2016 2544 2072 neque
2586 2006 2787 2072 poteris
2816 2004 2868 2060 id
2906 2006 3048 2076 quod
3075 2007 3271 2063 factum
3302 2018 3404 2077 est,
3441 2010 3607 2067 infec-

2014 2105 2123 2149 tum
2153 2094 2400 2161 reddere,
2433 2096 2514 2151 vel
2557 2095 2805 2153 lamentis
2834 2113 2946 2154 rem
2976 2110 3218 2168 mutare;
3260 2112 3316 2156 tu
3344 2118 3474 2158 vero
3510 2106 3602 2174 qui

2011 2188 2337 2242 sublimioris
2379 2189 2712 2260 utiliorisque
2744 2191 3099 2263 philosophiae
3136 2203 3399 2265 prateepta
3426 2196 3599 2261 audis,

2012 2293 2118 2332 non
2150 2277 2421 2334 erubescis
2464 2282 2700 2349 turpiora
2727 2296 2883 2349 qnam
2915 2282 2987 2336 illi
3017 2285 3216 2353 agens?
3240 2284 3423 2354 Neque
3450 2288 3591 2341 enim

2011 2370 2241 2425 dicimus
2269 2387 2367 2426 nos
2410 2390 2423 2424 :
2478 2373 2710 2427 Fortiter
2754 2373 2927 2439 feras;
2975 2391 3078 2428 non
3128 2391 3412 2446 possumus
3457 2380 3598 2433 enim

2011 2462 2151 2533 quod
2178 2461 2374 2518 factum
2404 2472 2489 2518 est
2514 2463 2761 2518 infectum
2801 2463 3056 2529 reddere;
3089 2465 3204 2530 sed,
3244 2466 3477 2522 Fortiter
3519 2467 3599 2523 fe-

2014 2569 2133 2616 ras;
2164 2568 2288 2609 nam
2314 2555 2533 2609 omnino
2561 2563 2835 2626 resurget;
2866 2555 3063 2610 dormit
3090 2557 3232 2612 enim
3263 2558 3459 2628 puella,
3491 2575 3603 2615 non

2012 2655 2217 2701 mortua
2246 2656 2329 2702 est
2358 2664 2370 2700 :
2401 2647 2645 2717 quiescit,
2675 2662 2775 2703 nec
2802 2648 2975 2717 periit.
3000 2646 3148 2703 Illam
3175 2650 3404 2720 excipiet
3433 2666 3601 2706 resur-

2012 2740 2209 2804 rectio,
2242 2737 2346 2791 vita
2389 2739 2734 2807 sempiterna,
2772 2739 3161 2807 immortalitas,
3193 2755 3310 2797 sors
3338 2742 3596 2812 angelica.

2010 2830 2125 2886 Non
2156 2830 2309 2886 audis
2334 2830 2600 2886 Psalmnm
2629 2830 2915 2897 dicentem,
2944 2832 3258 2896 Convertere,
3279 2832 3449 2886 animo
3467 2850 3596 2899 inea,

2011 2921 2064 2975 in
2084 2921 2301 2991 requiem
2347 2930 2521 2987 tuam,
2567 2921 2685 2987 quia
2735 2920 2983 2976 Dominus
3026 2922 3270 2994 benefecit
3311 2922 3398 2976 tibi
3427 2921 3596 2991 (Psal.

2012 3014 2134 3068 114.
2166 3013 2262 3083 7)?
2289 3013 2425 3068 Deus
2450 3024 2677 3068 mortem
2706 3012 3019 3069 beneﬁcium
3056 3024 3228 3081 vocat,
3258 3025 3306 3067 et
3335 3024 3387 3068 tn
3420 3015 3599 3084 luges?

2013 3103 2079 3157 Et
2104 3102 2230 3174 quid
2259 3103 2486 3172 amplius
2508 3102 2712 3159 faceres
2742 3104 2785 3159 si
2816 3104 3047 3158 defuncti
3079 3105 3322 3160 inimicus
3351 3115 3402 3159 et
3432 3105 3599 3159 hostis

2011 3195 2194 3251 esses?
2212 3196 2267 3251 Si
2291 3195 2598 3266 lugendum,
2622 3195 2836 3251 diabolo
2858 3197 3141 3268 lugendum
3162 3206 3261 3252 est.
3290 3198 3378 3253 Ille
3398 3198 3593 3268 lugeat,

2014 3288 2102 3344 ille
2122 3290 2463 3350 lamentetur,
2495 3288 2618 3359 quia
2648 3288 2715 3343 ad
2742 3291 2943 3357 majora
2967 3288 3105 3344 bona
3137 3290 3424 3359 pergimus.
3454 3288 3595 3346 lllios

2013 3380 2243 3450 nequitia
2274 3378 2430 3449 digna
2462 3390 2544 3435 est
2573 3380 2831 3450 ejusmodi
2859 3381 3199 3447 lamentatio;
3224 3396 3377 3436 secus
3405 3390 3479 3444 tu,
3507 3384 3595 3452 qui

2009 3472 2075 3527 ad
2105 3486 2357 3528 coronam
2385 3478 2437 3525 et
2459 3471 2695 3540 requiem
2724 3472 2950 3526 vocaris.
2977 3470 3108 3526 Nam
3133 3484 3316 3541 portus
3343 3472 3606 3543 tranquil-

2011 3563 2094 3619 lus
2139 3577 2285 3618 mors
2327 3571 2428 3617 est.
2471 3561 2747 3631 Perpende
2774 3563 2932 3631 igitur
2964 3571 3095 3633 quot
3142 3564 3294 3617 malis
3336 3563 3487 3632 plena
3528 3563 3598 3617 sit

2010 3655 2113 3709 vita
2146 3669 2381 3724 prmsens
2406 3671 2422 3710 :
2451 3654 2622 3725 cogita
2646 3654 2853 3724 quoties
2881 3655 2978 3722 ipsi
3002 3655 3360 3710 maledixeris.
3390 3654 3518 3709 Nam
3547 3658 3596 3710 in

2010 3747 2164 3817 pejus
2190 3761 2403 3817 semper
2441 3761 2527 3802 res
2567 3754 2876 3810 vertuntur,
2921 3755 3082 3818 atque
3122 3763 3149 3801 a
3183 3748 3443 3818 principio
3490 3764 3597 3802 non

2009 3839 2270 3894 modicam
2301 3838 2695 3893 damnationem
2742 3839 2961 3894 sortitus
2990 3852 3067 3894 es.
3110 3838 3173 3894 In
3199 3840 3475 3901 doloribus.
3520 3840 3600 3894 in-

2008 3930 2143 4001 quit,
2191 3932 2358 3999 paries
2396 3930 2531 3998 ﬁlios
2560 3928 2709 3998 (Cen.
2741 3929 2794 3984 5.
2833 3928 2921 3999 16)
2955 3946 2967 3980 :
2998 3937 3071 3991 et,
3109 3927 3179 3982 In
3217 3929 3400 3983 sudore
3435 3930 3597 3983 vultus

2010 4024 2081 4075 tui
2108 4022 2333 4075 comedas
2356 4038 2536 4092 panem
2560 4031 2702 4074 tuum
2729 4019 2830 4090 (Ib.
2864 4037 2914 4075 υ.
2944 4021 3029 4091 Π)
3056 4038 3070 4076 :
3095 4032 3169 4085 et,
3208 4022 3269 4073 In
3295 4020 3485 4075 mundo
3510 4023 3600 4075 tri-

2008 4117 2313 4171 bulationem
2338 4114 2578 4168 habebitis
2603 4112 2779 4185 (Joan.
2804 4113 2890 4168 l6.
2915 4113 3022 4184 53).
3051 4114 3120 4168 At
3145 4113 3212 4169 de
3234 4113 3421 4169 futuris
3442 4114 3599 4168 rebus

2012 4206 2142 4262 nihil
2190 4204 2495 4274 huiusmodi
2536 4204 2751 4267 dicitur,
2799 4203 2909 4259 imo
2950 4204 3277 4258 contrarium
3326 4219 3545 4273 prorsus
3582 4222 3595 4259 :

2012 4296 2207 4373 Elegit
2235 4296 2403 4359 dolor,
2427 4295 2630 4350 tristitia
2649 4306 2696 4350 et
2720 4296 2934 4366 gemitus
2963 4292 3119 4366 (Isai.
3144 4294 3234 4351 55.
3268 4294 3356 4363 10)
3382 4313 3397 4349 '.
3422 4306 3497 4357 et,
3525 4295 3603 4350 Ab

2011 4391 2201 4445 oriente
2222 4398 2270 4444 et
2303 4389 2560 4445 occidente
2584 4388 2797 4451 venient,
2827 4398 2876 4442 et
2901 4388 3186 4444 rerumbent
3206 4388 3259 4443 in
3288 4389 3404 4443 sinu
3434 4389 3600 4443 Abra-

2014 4484 2109 4546 hw,
2156 4493 2204 4538 et
2234 4481 2404 4547 Isaac,
2445 4493 2492 4537 et
2520 4482 2681 4536 Iacob
2713 4481 2923 4553 (Matth.
2957 4482 3009 4538 8.
3056 4480 3146 4552 ll)
3179 4499 3192 4534 τ
3223 4490 3277 4536 et
3308 4480 3414 4536 illic
3439 4495 3601 4550 spon-

2012 4591 2103 4631 sus
2129 4575 2439 4646 spiritualis,
2471 4575 2700 4630 lucorum
2744 4573 2979 4644 fulgidze,
3009 4574 3283 4628 translatio
3304 4575 3355 4629 in
3386 4573 3597 4629 caelum.

2086 4671 2136 4724 4.
2167 4668 2273 4722 Cur
2299 4681 2428 4735 ergo
2457 4674 2721 4719 mortuum
2752 4663 3050 4732 deturpas?
3086 4679 3183 4718 cur
3206 4664 3324 4718 aliis
3355 4665 3598 4717 timorem

2017 4770 2406 4828 tremoremque
2432 4760 2618 4813 mortis
2643 4758 2912 4812 accersis?
2940 4773 3037 4811 cur
3056 4757 3391 4811 occasionem
3420 4758 3596 4812 multis

2018 4853 2222 4921 pnebcs
2244 4850 2516 4907 incusandi
2545 4851 2733 4913 Deum,
2757 4860 2940 4919 utpote
2961 4851 3049 4919 qui
3073 4865 3259 4919 magna
3284 4849 3469 4905 fecerit
3489 4867 3600 4903 ina-

2023 4946 2103 5002 la?
2133 4944 2241 4998 lmo
2283 4957 2411 4998 vero
2445 4957 2540 4998 cur
2572 4950 2754 5011 postea
2796 4956 3059 5012 pauperes
3110 4956 3269 4996 vocas
3292 4982 3308 5008 ,
3340 4951 3393 4996 et
3419 4958 3598 4997 sacer-

2015 5038 2169 5093 dotes
2197 5049 2352 5107 rogas
2378 5035 2444 5090 ad
2477 5033 2837 5103 precandum?
2860 5034 2927 5090 Ut
2952 5035 3004 5088 in
3034 5035 3270 5105 requiem
3298 5034 3483 5101 abeat,
3511 5036 3598 5088 in-

2015 5134 2166 5204 quies
2186 5173 2200 5195 ,
2232 5131 2279 5186 is
2307 5129 2394 5200 qui
2423 5136 2663 5183 mortuus
2688 5138 2771 5182 est
2792 5170 2807 5193 ,
2840 5137 2897 5181 ut
2929 5127 3213 5197 pr0pitimn
3245 5127 3437 5182 habeat
3462 5126 3601 5193 judi-

2015 5242 2153 5282 cem.
2185 5225 2258 5279 Ea
2302 5224 2460 5293 igitur
2485 5220 2554 5276 de
2582 5234 2739 5275 causa
2785 5221 2962 5290 ploras
2989 5230 3043 5274 et
3089 5218 3430 5291 ingemiscis?
3460 5218 3601 5287 Ergo

2019 5329 2191 5375 tecum
2216 5317 2330 5387 ipse
2361 5329 2562 5384 pugnas
2583 5355 2598 5374 .
2630 5328 2751 5368 cum
2775 5312 2849 5367 illi
2877 5321 3216 5382 tempestates
3244 5325 3397 5381 paras
3421 5309 3508 5378 qni
3533 5307 3599 5361 ad

2021 5420 2227 5481 portum
2249 5407 2397 5463 abiit.
2430 5405 2497 5460 Et
2522 5405 2647 5476 quid
2680 5405 2903 5460 faciam?
2931 5405 3170 5475 inquies:
3202 5403 3252 5456 id
3280 5408 3466 5455 natura
3489 5400 3603 5453 esi-

2016 5504 2112 5573 git.
2153 5500 2267 5556 Non
2298 5506 2380 5555 est
2417 5507 2620 5552 naturae
2657 5498 2810 5567 culpa
2853 5510 3024 5564 neque
3059 5508 3240 5548 rerum
3278 5490 3477 5552 seriei;
3507 5490 3606 5544 sed

2080 5613 2154 5677 (a)
2177 5611 2458 5677 De_pr:eﬁca
2480 5609 2594 5677 vide
2611 5610 2927 5677 Antiquit._'_l‘.
2947 5608 3068 5677 5,3.
3086 5604 3165 5665 ιι,
3189 5611 3243 5654 et
3262 5604 3328 5654 de
3351 5601 3498 5653 fin-ma
3519 5616 3600 5653 at»

2020 5667 2121 5726 tem
2137 5667 2344 5741 prebet:
2366 5667 2760 5737 Supplemeutuni
2780 5677 2832 5719 Τ.
2856 5670 2907 5727 5,
2928 5682 2974 5729 p.
3003 5667 3077 5716 ιι.
