4042 6218
464 298 568 353 575

466 431 562 470 nos
584 412 673 483 qui
700 407 876 466 omnia
901 420 989 462 sus
1012 405 1184 472 deque
1205 400 1477 461 vertimus,
1507 395 1697 450 molles
1715 392 1938 483 nimium
1961 405 2050 483 su-

469 482 623 570 mus,
679 511 914 558 nostram
965 494 1239 567 prodimus
1282 490 1646 551 nobilitatem,
1703 493 1757 539 et
1808 482 2049 538 infideles

467 596 763 652 deteriores
801 590 1042 645 facimus.
1083 582 1363 651 Quomodo
1392 580 1533 635 enim
1566 593 1688 632 cum
1718 576 1823 629 alio
1850 574 1917 629 de
1946 574 2047 626 im-

468 685 789 741 mortalitate
811 675 1172 734 disseremus?
1191 688 1294 745 qua
1321 671 1527 725 ratione
1548 669 1797 740 gentilem
1818 666 1883 719 ad
1906 666 2049 719 illam

464 773 783 831 credendam
809 769 1142 833 inducemus,
1185 780 1309 819 cum
1335 762 1501 832 magis
1523 776 1681 831 quam
1708 759 1797 814 ille
1822 765 2047 812 mortem

462 870 777 923 horreamus
819 870 873 919 et
901 859 1220 916 timeamus?
1262 856 1409 911 Multi
1436 863 1583 911 certe
1608 869 1673 909 ex
1717 851 2045 922 gentilibus,

462 961 549 1025 qui
599 955 1050 1013 immortalitatem
1094 965 1199 1004 non
1242 946 1568 1012 credebant,
1618 944 1840 999 mortuis
1890 942 2045 1009 filiis,

463 1051 710 1120 imposita
732 1047 831 1102 sibi
853 1059 1049 1101 corona
1076 1043 1174 1115 (a),
1197 1050 1399 1096 vestem
1427 1038 1705 1093 candidam
1739 1037 2044 1101 induerunt,

464 1153 519 1197 ut
549 1148 866 1211 prmsentem
908 1134 1131 1206 gloriam
1180 1139 1607 1200 aucuparentur;
1642 1138 1694 1183 tu
1728 1143 1853 1183 vero
1884 1142 1950 1182 ne
1979 1128 2049 1183 ob

463 1236 693 1288 futuram
732 1227 948 1299 quidem
995 1225 1217 1295 gloriam
1248 1236 1427 1277 cessas
1454 1220 1759 1275 effeminato
1787 1234 1938 1273 more
1968 1219 2044 1271 la-

464 1323 712 1390 mentari,
735 1331 788 1377 et
811 1321 1080 1391 platigrre.
1106 1316 1210 1372 Sed
1240 1314 1492 1369 heredem
1528 1329 1631 1367 non
1663 1313 1843 1376 habes,
1874 1326 2048 1380 neque

460 1410 866 1470 successorem?
890 1409 1024 1477 Quid
1056 1423 1182 1462 vero
1212 1406 1396 1469 malis,
1430 1404 1691 1458 bonorum
1715 1413 1926 1456 tuorum
1955 1402 2048 1454 he-

463 1507 643 1563 redem
675 1518 827 1568 esse,
862 1518 927 1556 an
959 1500 1248 1555 caelorum?
1278 1497 1401 1568 quid
1445 1496 1631 1561 malis,
1663 1510 1728 1550 an
1760 1503 1817 1548 ut
1844 1494 1930 1548 ille
1959 1504 2045 1547 tua

462 1598 690 1665 excipiat
716 1595 871 1658 bona,
903 1609 1021 1662 quae
1055 1590 1200 1644 brevi
1233 1586 1578 1657 relinquenda
1616 1596 1793 1649 erunt,
1825 1601 1892 1638 an
1927 1600 2042 1638 ma-

463 1689 642 1742 nentia
666 1694 973 1755 :eteruaque
1000 1684 1175 1737 bona?
1205 1682 1355 1735 lllunt
1380 1679 1630 1733 heredem
1655 1692 1758 1731 non
1789 1677 2040 1743 habuisti,

461 1780 555 1836 sed
583 1779 767 1832 habuit
810 1778 947 1831 Dcus
976 1795 987 1829 :
1024 1791 1126 1827 non
1153 1772 1246 1826 fuit
1275 1772 1501 1825 coheres
1529 1769 1753 1823 fratrum
1782 1784 2001 1822 suorum
2024 1809 2038 1831 ,

460 1874 553 1927 sed
585 1872 683 1926 fuit
710 1869 926 1925 Christi.
962 1868 1026 1921 Et
1050 1867 1134 1922 cui
1160 1875 1357 1930 vestes,
1390 1863 1616 1931 inquies,
1644 1862 1729 1915 cui
1756 1860 1898 1914 :edes
1918 1902 1933 1926 ,
1958 1860 2043 1914 cui

462 1979 645 2018 servos
689 1971 743 2016 et
790 1975 943 2031 agros
985 1955 1386 2026 relinquemus?
1429 1955 1527 2023 Ipsi
1562 1953 1833 2022 profecto,
1867 1962 1921 2007 et
1968 1953 2045 2007 sic

462 2058 623 2109 tutius
655 2069 880 2123 repones
904 2093 917 2115 ,
950 2066 1106 2120 quam
1135 2050 1179 2102 si
1210 2049 1449 2110 viveret;
1484 2046 1616 2100 nihil
1642 2046 1839 2115 quippe
1866 2052 1916 2098 te
1940 2045 2042 2097 im-

460 2148 625 2218 pedit.
657 2145 786 2199 Nam
816 2145 858 2197 si
892 2142 1100 2196 barbari
1132 2156 1233 2194 una
1257 2155 1376 2195 cum
1402 2137 1670 2193 defunctis
1696 2153 1782 2192 res
1806 2139 2040 2208 ipsorum

459 2251 699 2291 cremare
724 2234 895 2288 solent
918 2273 930 2297 ,
961 2232 1127 2285 multo
1152 2232 1321 2301 magis
1345 2242 1393 2285 te
1415 2246 1509 2300 par
1533 2237 1615 2284 est
1639 2229 1703 2283 ad
1731 2229 2040 2284 defunctum

458 2329 669 2380 mittere
696 2341 756 2380 ea
787 2340 905 2393 qum
935 2324 997 2377 ad
1031 2323 1204 2391 ipsum
1256 2322 1558 2391 pertinent,
1590 2336 1693 2375 non
1724 2332 1782 2375 ut
1811 2322 1860 2374 in
1887 2322 2038 2376 ciue-

457 2434 568 2475 rem
602 2418 921 2472 reducantur
950 2426 1005 2470 ut
1038 2418 1120 2470 illa
1144 2458 1157 2481 ,
1188 2416 1280 2470 sed
1308 2424 1367 2469 ut
1407 2415 1662 2483 majorem
1705 2414 1779 2468 illi
1815 2415 2039 2485 gloriam

458 2511 662 2578 pariant
687 2526 702 2573 ;
734 2516 788 2562 et
814 2508 858 2560 si
889 2517 1133 2577 peccator
1158 2506 1408 2569 decessit,
1433 2514 1490 2560 ut
1518 2514 1733 2575 peccata
1761 2505 2035 2570 cluantur;

455 2604 498 2657 si
525 2602 720 2671 justus,
751 2610 807 2655 ut
836 2601 910 2655 illi
934 2600 1195 2655 mercedis
1222 2614 1283 2653 ac
1305 2599 1667 2655 retributionis
1694 2610 2035 2668 augmentum

455 2692 690 2747 accedat.
726 2693 791 2746 At
822 2692 1001 2745 videre
1030 2690 1203 2759 ipsum
1229 2690 1537 2745 desideras?
1584 2688 1838 2743 Eamdem
1881 2689 2041 2758 igitur

454 2797 613 2851 quam
645 2781 756 2851 ipse
794 2780 956 2835 vitam
990 2780 1221 2850 transige
1246 2822 1260 2847 ,
1302 2788 1355 2835 et
1384 2779 1491 2834 cito
1520 2779 1607 2833 illa
1652 2792 1802 2834 saera
1835 2779 2038 2832 visione

452 2873 664 2927 frueris.
693 2871 822 2927 lllud
853 2872 1012 2926 etiam
1040 2872 1213 2941 cogita
1235 2912 1249 2935 ,
1284 2879 1336 2926 te
1360 2871 1403 2924 si
1428 2886 1526 2924 nos
1547 2883 1653 2923 non
1683 2868 1948 2931 audieris,
1985 2870 2035 2922 in

453 2967 629 3019 l’uturo
658 2966 707 3019 id
750 2966 966 3019 omnino
997 2974 1342 3033 experturum
1369 2978 1509 3017 esse.
1536 2962 1734 3018 Verum
1767 2962 1911 3016 nulla
1943 2962 2035 3016 tibi

451 3072 658 3113 merces
688 3058 788 3112 erit
814 3076 826 3110 :
862 3073 981 3110 nam
1010 3072 1039 3109 a
1070 3054 1326 3125 temporis
1356 3055 1702 3109 diuturnitate
1739 3054 2037 3109 consolatio

455 3152 541 3206 illa
568 3152 658 3206 tibi
685 3150 921 3206 accedet.
954 3151 1010 3205 Si
1034 3164 1195 3219 porro
1222 3164 1363 3203 nunc
1390 3147 1752 3218 philosophari
1779 3147 2033 3215 volueris,

451 3245 557 3298 duo
587 3245 850 3314 prtt’tiipun
895 3244 1219 3308 lucraheris;
1254 3252 1305 3295 te
1331 3241 1527 3312 quippe
1557 3256 1585 3294 a
1616 3241 1774 3295 malis
1804 3242 2035 3296 cireum-

454 3338 717 3390 stantibus
742 3352 928 3402 erues,
958 3345 1011 3391 et
1041 3336 1399 3405 splendidiore
1437 3349 1633 3389 corona
1665 3350 1692 3389 a
1726 3333 1836 3388 Deo
1863 3333 2032 3388 dona-

452 3429 612 3481 beris.
638 3428 1047 3498 Eleemosynam
1070 3428 1210 3481 enim
1234 3428 1535 3496 multasque
1558 3427 1690 3481 alias
1708 3431 1927 3482 virtutes
1944 3443 2035 3481 su-

452 3528 599 3584 perat
630 3518 987 3572 calamitatum
1031 3518 1331 3573 tolerantia.
1363 3519 1544 3589 Cogita
1578 3519 1747 3588 ipsutn
1797 3520 1886 3575 Dei
1933 3520 2029 3574 Fi—

451 3609 576 3660 lium
609 3619 873 3661 mortuum
903 3624 1056 3672 esse;
1092 3609 1178 3662 ille
1210 3624 1308 3677 pro
1342 3618 1392 3663 te
1432 3619 1672 3663 mortuus
1701 3620 1778 3664 est
1802 3651 1815 3675 ,
1852 3620 1908 3663 tu
1938 3626 2034 3679 pro

451 3700 641 3768 teipse.
673 3701 809 3752 Dixit
832 3711 1009 3753 autem
1034 3718 1046 3751 :
1081 3700 1141 3754 Si
1167 3702 1400 3769 possibile
1427 3711 1518 3767 est,
1551 3711 1823 3755 tramenta
1844 3720 1922 3757 me
1944 3719 2032 3756 ca-

451 3790 525 3843 lix
549 3791 637 3842 istc
660 3791 676 3860 (
699 3789 883 3843 Matth.
907 3790 997 3844 26.
1026 3790 1134 3862 59)
1162 3809 1174 3844 :
1206 3807 1267 3846 ac
1297 3792 1508 3846 tristitia
1535 3808 1872 3864 mteroreque
1899 3795 2031 3850 affe-

449 3893 567 3935 ctus
597 3892 821 3936 mortem
856 3898 958 3936 non
1005 3884 1218 3954 ell‘ugit,
1254 3885 1348 3939 sed
1377 3886 1536 3940 etiam
1582 3887 1823 3956 plurimis
1866 3899 2035 3945 tortus

449 3975 767 4028 cruciatibus
789 4018 801 4036 ,
847 3986 1072 4031 mortem
1114 3976 1275 4030 subiit
1312 3993 1417 4031 non
1458 3978 1729 4048 vulgarem
1752 4022 1766 4045 ,
1796 3983 1887 4034 sed
1920 3997 2034 4036 om.

450 4067 596 4120 nium
638 4068 995 4134 turpissimam
1032 4086 1046 4123 :
1089 4077 1144 4123 et
1180 4078 1303 4123 ante
1354 4079 1581 4125 mortem
1627 4070 1834 4141 ﬂagella
1862 4116 1877 4139 ,
1908 4084 2033 4131 ante

448 4160 652 4229 ﬂagella
689 4175 813 4213 vero
858 4161 1094 4214 convicia
1120 4203 1134 4225 ,
1166 4161 1465 4217 derisiones
1487 4205 1499 4225 ,
1547 4167 1896 4220 contumelias
1919 4207 1933 4231 ,
1982 4178 2033 4222 te

450 4253 734 4305 instituens
768 4250 833 4306 ad
873 4254 1047 4305 omnia
1082 4252 1289 4307 fortiter
1327 4253 1565 4309 ferenda.
1597 4254 1701 4311 Sed
1740 4268 1857 4325 post
1885 4275 2029 4313 mor-

451 4354 576 4408 tem,
612 4353 889 4413 postquam
919 4359 1112 4413 corpus
1141 4342 1483 4413 deposuerat,
1518 4347 1645 4401 illud
1675 4365 1794 4403 eum
1830 4352 2031 4419 majore

448 4437 618 4507 gloria
668 4437 986 4506 resumpsit,
1033 4446 1187 4506 teque
1214 4437 1349 4491 bona
1379 4452 1474 4508 spe
1503 4437 1667 4494 fulcit.
1703 4440 1825 4495 llaec
1851 4444 1893 4496 si
1926 4461 2030 4498 non

452 4526 624 4581 fabula
674 4538 797 4581 sunt
822 4567 837 4593 ,
868 4544 934 4581 ne
964 4528 1142 4596 plores
1172 4545 1184 4580 :
1221 4527 1333 4581 btee
1363 4528 1406 4581 si
1434 4528 1710 4584 credibilia
1740 4544 1893 4601 putas
1918 4578 1930 4601 ,
1966 4552 2032 4590 ne

452 4620 761 4691 laerymeris
788 4637 800 4685 ;
834 4620 878 4674 si
906 4637 1031 4675 vero
1060 4619 1267 4675 fleveris
1289 4662 1303 4686 ,
1334 4614 1604 4691 quomodo
1632 4625 1832 4692 poteris
1869 4629 2033 4697 genti-

451 4711 587 4764 libus
621 4712 942 4780 persuadere
979 4723 1029 4767 te
1059 4727 1182 4767 vere
1211 4712 1469 4767 credere?

522 4803 573 4855 5.
613 4801 800 4856 Μονιυὶ
826 4820 925 4856 non
956 4805 1062 4857 sine
1087 4804 1236 4858 modo
1261 4804 1484 4873 lugendi.
1517 4835 1586 4843 —
1615 4806 1682 4859 At
1724 4806 1813 4859 tibi
1857 4808 2029 4863 adhuc

454 4892 801 4945 intolerabilis
844 4908 1000 4947 casus
1030 4894 1117 4947 ille
1146 4894 1390 4949 videtur?
1436 4895 1576 4964 Ergo
1620 4910 1727 4949 non
1773 4897 2031 4966 lugendus

453 4982 573 5037 ideo
600 4982 689 5035 ille
715 4991 815 5045 est,
844 4984 929 5052 qui
958 4999 986 5037 a
1019 4992 1096 5037 tot
1121 4985 1510 5040 calamitatibus
1536 4986 1643 5055 jam
1666 4997 1746 5041 est
1774 4990 1923 5043 liber.
1954 4991 2031 5046 Ne

447 5076 629 5142 itaque
674 5073 772 5141 ipsi
823 5073 1079 5128 invideas.
1128 5073 1258 5129 Nam
1308 5077 1398 5131 tibi
1432 5078 1502 5130 ob
1546 5080 1885 5134 immaturum
1916 5082 2032 5149 ejus

451 5163 655 5217 obitum
684 5174 909 5217 mortem
943 5175 1127 5234 optare
1152 5210 1165 5233 ,
1201 5168 1488 5239 lttgereque
1509 5210 1523 5235 ,
1562 5172 1683 5239 quia
1729 5188 1837 5228 non
1862 5175 1986 5229 vivit
2015 5219 2027 5239 ,

452 5268 508 5311 ut
540 5255 663 5311 talia
695 5258 858 5311 multa
908 5259 1168 5327 patiatur,
1212 5260 1372 5316 invidi
1417 5272 1565 5318 certe
1609 5273 1711 5318 est.
1756 5266 1872 5321 Noli
1904 5284 2031 5339 ergo

453 5360 686 5419 cogitare
726 5349 898 5417 ipsum
940 5360 1226 5416 numquam
1264 5351 1478 5406 domum
1529 5368 1648 5409 esse
1695 5356 2027 5426 rediturum,

516 5500 707 5576 (a)‘De-
722 5500 1045 5576 Xeppphggte
1064 5502 1256 5576 dicitur,
1276 5505 1437 5576 ipsum
1460 5519 1569 5556 cum
1592 5518 1849 5576 coronatus
1887 5514 2034 5562 sacri-

452 5561 635 5632 θείη-ει..
660 5569 714 5610 ιιι
729 5561 909 5632 audivit
930 5562 1075 5632 illium
1098 5566 1147 5613 in
1170 5561 1413 5632 Mantinzea
1439 5581 1596 5629 pugna
1618 5572 1870 5632 cecidisse,
1897 5561 2032 5623 coro-

454 5635 565 5670 nam
598 5624 911 5690 deposuisse,
960 5627 1043 5690 ubi
1079 5638 1197 5675 vero
1239 5627 1417 5690 acriter
1440 5624 1756 5690 'ptiguantem
1790 5624 2033 5685 corruisse

456 5686 705 5744 comperit,
735 5698 955 5736 coronam
971 5689 1148 5737 iterum
1171 5688 1312 5750 capiti
1335 5686 1637 5751 imposuisse.

1172 292 1228 343 S.
1271 283 1547 341 JOANNIS
1585 271 2061 335 CIIRYSOSTOMI
2108 274 2422 331 ARlllllEP.
2466 274 3000 331 CONSTANTINOP.

3642 281 3752 337 5‘76

2156 387 2248 441 sed
2281 397 2333 443 te
2375 389 2521 445 brevi
2568 392 2633 446 ad
2666 393 2811 448 illum
2853 408 2973 451 esse
3012 396 3381 468 migraturum.
3421 398 3500 457 Ne
3536 402 3753 471 cogites

2156 479 2328 548 ipsum
2358 496 2462 536 non
2496 483 2631 539 ultra
2666 484 2767 541 huc
2795 500 2917 542 esse
2944 497 3227 544 venturum
3250 534 3265 556 ,
3297 492 3391 547 sed
3423 494 3597 564 cogita
3630 494 3751 549 hare

2154 570 2381 626 visibilia
2406 589 2508 628 non
2542 575 2613 629 ita
2637 586 2694 631 ut
2717 586 2841 634 sunt
2868 594 3118 637 mansura
3142 623 3158 646 ,
3186 585 3281 640 sed
3311 586 3746 646 tunsformamla

2154 676 2293 717 esse.
2325 662 2453 718 Nam
2496 667 2690 722 caelum
2714 711 2729 736 ,
2761 678 2930 735 terra,
2957 688 3106 729 mare
3150 684 3205 729 et
3247 680 3425 735 omnia
3473 690 3749 738 transmu-

2154 762 2367 821 tautur,
2417 768 2653 830 tuncque
2689 762 2856 817 lilium
2896 776 3045 821 tuum
3083 771 3311 840 recipies
3342 774 3534 845 majori
3556 777 3732 845 gloria

2156 853 2621 907 eoronatum'.Et
2639 852 2684 906 si
2710 855 2929 922 quidem
2964 869 3220 927 peccator
3248 864 3381 917 abiit
3406 904 3421 927 ,
3468 868 3734 936 nequitiae

2153 950 2341 993 cursus
2361 938 2685 1011 interceptus
2703 942 2819 1009 fuit;
2842 960 3015 1015 neque
3034 949 3175 1003 enim
3196 950 3240 1006 si
3256 954 3567 1011 mutandum
3588 957 3742 1014 illum

2154 1026 2268 1083 fore
2297 1029 2436 1085 Deus
2465 1034 2796 1101 przevidisset
2818 1076 2833 1101 ,
2866 1036 3010 1091 illum
3042 1048 3164 1094 ante
3196 1044 3563 1111 paenitentiam
3596 1049 3744 1102 abri-

2155 1119 2354 1189 puisset
2373 1138 2387 1185 ;
2407 1122 2449 1175 si
2476 1138 2601 1178 vero
2615 1124 2791 1194 justus
2811 1126 3086 1195 discessit,
3118 1131 3169 1185 in
3195 1142 3309 1187 tuto
3336 1134 3471 1190 bona
3494 1154 3589 1192 sua
3614 1155 3741 1210 pos-

2151 1211 2308 1266 sidet.
2377 1213 2530 1270 Unde
2589 1218 2925 1274 manifestum
2983 1231 3065 1277 est
3117 1224 3387 1297 lacrymas
3452 1239 3571 1287 tuas
3627 1250 3738 1290 non

2151 1318 2269 1360 esse
2322 1306 2583 1377 lacrymas
2631 1313 2851 1376 amoris,
2905 1314 2999 1369 sed
3056 1316 3435 1378 irrationabilis
3486 1326 3737 1385 affectus.

2150 1393 2279 1449 Nam
2328 1398 2370 1451 si
2420 1399 2727 1455 defunctum
2780 1420 2990 1460 amares
3018 1450 3033 1472 ,
3079 1410 3313 1477 gaudere
3360 1424 3631 1484 oporteret
3682 1432 3741 1475 et

2150 1489 2316 1544 laetari
2345 1532 2359 1554 ,
2411 1493 2551 1562 quod
2604 1510 2633 1548 a
2672 1500 3024 1565 prmsentibus
3073 1501 3319 1560 ﬂuctibus
3370 1507 3440 1561 sit
3495 1520 3737 1581 ereptus.

2149 1582 2285 1649 Quid
2345 1585 2486 1640 enim
2546 1589 2812 1659 amplius,
2883 1608 3103 1660 qttzeso,
3167 1597 3350 1653 videre
3411 1604 3536 1656 est?
3597 1605 3740 1671 Quid

2150 1680 2418 1734 insolitum
2486 1692 2540 1737 et
2604 1687 2845 1739 novum?
2908 1687 3094 1743 Nonne
3159 1691 3346 1747 eadem
3417 1696 3527 1766 ipsa
3596 1715 3739 1769 quo-

2149 1771 2275 1827 tidie
2296 1775 2494 1829 revolvi
2517 1776 2793 1833 videmus?
2819 1779 2963 1834 Diem
2992 1796 3092 1835 nox
3118 1783 3336 1853 exeipit,
3361 1797 3569 1843 noctem
3594 1790 3737 1856 dies.

2148 1862 2379 1919 hiemem
2422 1874 2610 1933 aestas,
2640 1877 2879 1925 testatem
2913 1871 3082 1927 hiems
3104 1915 3117 1937 ,
3151 1884 3205 1929 et
3233 1876 3360 1930 nihil
3391 1882 3637 1949 amplius.
3673 1884 3741 1939 Et

2148 1952 2261 2009 haec
2286 1956 2497 2025 quidem
2519 1973 2732 2030 semper
2759 1961 2943 2017 eadem
2977 1981 2989 2016 :
3020 1965 3157 2019 mala
3187 1983 3313 2023 vero
3343 1984 3556 2040 semper
3586 1975 3739 2030 inse.

2148 2045 2235 2099 lita
2279 2056 2332 2101 et
2373 2064 2528 2103 nova.
2578 2049 2702 2106 Haec
2743 2068 2873 2123 ergo
2914 2056 3129 2111 volebas
3156 2057 3301 2114 illum
3332 2065 3571 2132 quotidie
3597 2068 3739 2121 bau-

2147 2140 2251 2195 rire
2280 2143 2340 2204 ',
2382 2152 2434 2197 et
2479 2143 2563 2199 hie
2602 2161 2846 2212 manere,
2895 2162 3185 2219 :egrotare,
3238 2154 3451 2225 lugere,
3505 2160 3735 2227 timere,

2147 2241 2407 2299 tremere,
2455 2245 2510 2290 et
2554 2238 2655 2292 aiia
2705 2239 2828 2293 mali
2869 2241 3008 2310 pati,
3051 2242 3154 2298 alia
3194 2244 3522 2303 formidare?
3548 2250 3740 2320 Neque

2145 2324 2285 2377 enim
2308 2326 2483 2381 dicere
2512 2329 2672 2392 ausis,
2706 2331 2943 2399 potuisse
2967 2333 3115 2389 illum
3144 2337 3356 2407 longum
3385 2339 3487 2394 hoc
3514 2343 3737 2413 pelagus

2146 2415 2526 2483 trajicientem,
2558 2421 2876 2476 mceroribus
2915 2424 3460 2499 sollicitudinibusque
3502 2447 3732 2488 vacuum

2144 2520 2283 2562 esse.
2310 2507 2389 2563 Ad
2417 2509 2531 2565 htec
2557 2514 2823 2582 perpende
2851 2523 2901 2569 te
2929 2532 3032 2570 non
3060 2520 3309 2587 genuisse
3341 2524 3729 2592 immortalem;

2143 2612 2204 2652 ac
2225 2599 2266 2652 si
2298 2615 2402 2654 non
2428 2602 2536 2670 jam
2566 2614 2803 2660 mortuus
2825 2618 2983 2671 esset,
3016 2611 3173 2678 paulo
3202 2622 3379 2681 postea
3411 2618 3731 2673 moriturum

2144 2688 2322 2744 fuisse.
2370 2694 2436 2747 At
2476 2711 2578 2749 non
2607 2698 2826 2754 satiatus
2849 2716 2970 2756 eras
2999 2702 3139 2757 illius
3166 2709 3597 2765 consuetudine?
3621 2711 3731 2768 Sed

2144 2786 2213 2840 ibi
2231 2803 2441 2858 semper
2463 2793 2550 2845 illo
2576 2792 2783 2849 frueris.
2817 2798 2882 2851 At
2914 2799 3076 2855 velles
3105 2800 3188 2855 hie
3218 2802 3386 2872 ipsum
3414 2807 3636 2862 videre?
3664 2810 3731 2865 Et

2141 2878 2264 2946 quid
2311 2883 2490 2936 vetat?
2526 2883 2674 2940 Licet
2718 2887 2810 2941 tibi
2862 2888 3007 2943 illum
3040 2892 3238 2961 videre,
3270 2896 3313 2949 si
3348 2897 3521 2966 sapias
3555 2917 3569 2953 :
3602 2914 3731 2969 spes

2141 2973 2281 3027 enim
2330 2975 2621 3032 futurorum
2670 2979 2785 3048 ipso
2826 2982 2939 3036 visu
2983 2984 3177 3039 clarior
3204 2996 3303 3040 est.
3336 2988 3412 3043 Tu
3444 3005 3572 3045 vero
3596 2994 3640 3045 si
3674 2994 3728 3047 in

2143 3067 2284 3135 regia
2329 3077 2503 3134 esset,
2556 3070 2730 3141 ibique
2778 3072 3026 3142 ﬂoreret,
3078 3093 3181 3132 non
3231 3082 3516 3149 quaesisses
3575 3084 3729 3139 illum

2143 3158 2322 3214 videre
2366 3176 2381 3212 :
2426 3175 2489 3214 ac
2534 3178 2651 3216 cum
2689 3164 2753 3216 ad
2784 3165 2938 3239 longe
2964 3169 3238 3224 meliorem
3268 3182 3466 3229 sortem
3492 3173 3726 3241 abierit,

2142 3258 2356 3318 propter
2385 3267 2601 3321 parvum
2632 3253 2884 3312 absentiae
2916 3266 3122 3329 tempus
3146 3262 3327 3319 animo
3353 3264 3535 3321 delicis
3554 3309 3567 3331 ,
3599 3283 3729 3324 cum

2141 3343 2373 3401 maxime
2415 3356 2714 3403 consortem
2759 3359 2929 3406 tecum
2976 3351 3213 3409 habeas?
3254 3356 3360 3413 Sed
3406 3360 3576 3416 virum
3614 3377 3727 3416 non

2143 3435 2347 3491 habes?
2373 3437 2439 3492 At
2482 3442 2869 3498 consolatorem
2916 3444 3078 3501 habes
3113 3447 3323 3504 Patrem
3358 3451 3727 3521 orphanorum

2141 3536 2195 3581 et
2222 3528 2461 3584 Judicem
2493 3531 2791 3587 viduarum.
2825 3534 2961 3590 Audi
2990 3536 3210 3593 Paulum
3244 3540 3382 3597 hanc
3411 3543 3727 3601 viduitatem

2142 3618 2347 3675 beatam
2376 3620 2758 3693 przedicantem
2783 3666 2799 3691 ,
2842 3642 2903 3682 ac
2929 3627 3193 3684 dicentem
3228 3650 3239 3685 :
3275 3633 3401 3698 Quae
3424 3646 3589 3690 autem
3613 3652 3732 3692 vere

2142 3712 2290 3765 vidua
2318 3724 2388 3767 est
2410 3724 2456 3769 et
2483 3716 2710 3769 solitaria
2735 3722 2952 3786 speravit
2979 3722 3029 3775 in
3063 3722 3278 3780 Domino
3302 3728 3379 3796 (l.
3401 3726 3533 3783 Tim.
3567 3731 3620 3786 5.
3644 3732 3726 3803 5).

2142 3802 2350 3857 Etenim
2383 3804 2496 3860 hate
2526 3807 2798 3876 probatior
2825 3810 2941 3875 erit,
2968 3828 3085 3880 qua:
3118 3816 3370 3884 majorem
3397 3802 3705 3878 exhibuerit

2140 3896 2464 3963 patientiam.
2504 3897 2617 3952 Noli
2650 3900 2806 3970 igitur
2832 3901 3012 3972 lugere
3040 3904 3105 3958 de
3133 3921 3193 3960 ea
3222 3922 3281 3962 re
3303 3923 3421 3978 qua:
3448 3912 3541 3965 tibi
3570 3927 3733 3967 cero-

2140 4003 2260 4042 nam
2305 4000 2488 4058 parat,
2533 3991 2599 4046 de
2644 3992 3091 4064 qua'mereedem
3138 4001 3392 4067 postulas.
3423 4002 3732 4063 Reddidisti

2138 4081 2278 4135 enim
2324 4080 2622 4151 depositum
2647 4126 2661 4149 ,
2695 4085 2739 4137 si
2772 4086 2822 4139 id
2848 4088 2987 4155 quod
3021 4088 3111 4144 tibi
3139 4092 3398 4146 ereditunt
3421 4104 3539 4149 erat
3566 4097 3729 4151 exhi-

2137 4172 2318 4228 buistl.
2344 4173 2422 4228 Ne
2450 4176 2524 4228 sis
2555 4190 2683 4246 ergo
2708 4177 2932 4231 sollicita
2952 4220 2965 4243 ,
2997 4180 3041 4234 si
3076 4180 3126 4233 in
3152 4180 3403 4238 thesauro
3430 4185 3730 4243 inviolabili

2136 4266 2276 4337 quod
2320 4268 2633 4337 possidebas
2672 4269 2980 4339 deposuisti.
3014 4271 3068 4327 Si
3101 4287 3261 4341 porro
3289 4275 3539 4331 didiceris
3560 4320 3573 4342 ,
3602 4296 3731 4351 quae

2138 4360 2203 4415 sit
2230 4375 2464 4430 prmsens
2486 4361 2586 4415 vita
2613 4404 2625 4427 ,
2645 4377 2763 4431 qua:
2795 4360 3002 4429 futura;
3034 4364 3283 4435 quodque
3306 4367 3417 4421 hare.
3439 4369 3506 4423 sit
3526 4386 3727 4427 aranea

2136 4458 2190 4505 et
2207 4452 2411 4518 umbra,
2431 4451 2604 4505 omnia
2625 4468 2750 4506 vero
2776 4468 2893 4522 qure
2918 4454 2969 4507 iu
2986 4454 3071 4508 illa
3090 4464 3232 4521 sunt,
3264 4457 3477 4513 immota
3502 4460 3729 4516 immor-

2140 4543 2394 4612 taliaque,
2426 4558 2530 4596 non
2577 4545 2681 4598 alio
2710 4545 2886 4614 egebis
2934 4559 3200 4602 sermone.
3231 4547 3381 4605 Nunc
3409 4552 3552 4607 enim
3581 4555 3729 4608 lilius

2139 4642 2256 4687 tuus
2277 4635 2342 4688 ab
2365 4636 2509 4689 omni
2529 4636 2820 4691 mutatione
2836 4645 3049 4705 ereptus
3065 4647 3145 4692 est
3170 4656 3183 4691 :
3206 4640 3250 4693 si
3275 4650 3451 4697 autem
3471 4644 3557 4698 hic
3574 4661 3731 4699 man-

2136 4728 2309 4790 sisset,
2341 4726 2474 4780 forte
2490 4727 2679 4793 bonus,
2695 4728 2829 4785 forte
2853 4730 3022 4785 malus
3044 4731 3247 4786 futurus
3268 4742 3400 4789 erat.
3426 4738 3620 4791 Annon
3645 4742 3729 4793 vi-

2135 4819 2391 4889 des,quot
2417 4819 2658 4873 homines
2680 4819 2815 4875 lilios
2843 4837 2966 4875 suos
2994 4822 3266 4878 abdieant?
3285 4833 3339 4880 et
3357 4837 3484 4897 quot
3513 4830 3729 4899 pejores

2135 4911 2389 4967 abdicatis
2409 4919 2668 4981 coguntur
2692 4911 2833 4966 domi
2856 4913 3110 4969 retinere?
3134 4916 3254 4973 llaec
3281 4919 3458 4989 itaque
3474 4922 3524 4975 iu
3541 4937 3731 4978 mente

2138 5013 2409 5060 versantes
2425 5003 2877 5074 philosophemur:
2899 5005 2969 5058 ita
2987 5008 3126 5062 enim
3145 5017 3198 5063 et
3214 5008 3610 5082 defunctograti
3629 5016 3733 5069 eri-

2136 5108 2273 5158 mus,
2293 5104 2346 5150 et
2370 5094 2507 5162 apud
2526 5095 2767 5149 homines
2783 5096 2961 5151 multis
2980 5097 3219 5153 laudibus
3240 5099 3496 5168 fruemur,
3511 5114 3678 5174 atque
3697 5123 3729 5161 δ

2141 5188 2247 5242 Deo
2271 5204 2511 5257 magnam
2534 5189 2800 5257 patientia:
2828 5190 3125 5246 mercedem
3147 5191 3464 5261 referemus,
3483 5206 3729 5253 talema-

2137 5294 2238 5349 que
2253 5280 2389 5334 buna
2406 5294 2826 5348 consequemur;
2852 5297 2972 5351 qua:
3002 5292 3200 5339 utinam
3224 5300 3321 5341 nos
3348 5300 3538 5343 omnes
3560 5292 3733 5363 adipi-

2136 5386 2361 5435 scamur,
2389 5373 2552 5441 gratia
2575 5380 2631 5427 et
2655 5372 2980 5443 benignitate
3006 5375 3213 5432 Domini
3233 5381 3397 5435 nostri
3412 5380 3543 5437 Jesu
3564 5382 3736 5439 Chri-

2136 5463 2224 5529 sti,
2239 5463 2322 5517 eui
2340 5463 2504 5533 gloria
2517 5472 2570 5519 et
2591 5464 2947 5535 imperium,in
2962 5468 3155 5523 sarcula
3171 5470 3508 5528 saeculorum.
3526 5474 3709 5530 Amen

2137 5562 2537 5690 βιξαξίῗὶὼιίθηη
2553 5568 2754 5627 tuncque
2776 5564 2938 5615 omnia
2959 5580 3065 5617 cum
3109 5583 3296 5634 ntajore
3321 5570 3480 5634 gloria
3501 5573 3724 5637 accipiet

2203 5698 2223 5728 ²
2255 5694 2362 5756 Alii,
2384 5693 2567 5746 ridere.
