4042 6218
368 297 401 350 5

406 294 470 349 ’Π
1257 292 1322 349 ΙΝ
1360 290 1767 348 ΜΑἸἽἪᾸΞΙΙΜ
1805 290 1944 347 ΗοΜ

2076 292 2289 350 XXXII.
2331 298 2404 351 al.
2446 299 2679 357 XXXIII.

978 427 3635 476 ._____________________________________________

3544 318 3649 377 57.8

1479 502 1825 565 HOMILIA
1872 501 2148 567 XXXII.
2195 506 2280 567 al.
2327 508 2630 577 XXXIII.

374 658 502 716 Car.
550 658 603 715 9.
650 673 702 711 ν.
740 655 833 711 27.
879 653 945 709 Et
998 654 1346 724 proficiscente
1389 652 1508 706 inde
1560 648 1721 716 Iesu,
1762 645 1958 717 sequuti

447 757 564 805 sunt
603 763 713 801 eum
740 746 843 800 duo
872 748 988 801 caeci
1008 784 1025 811 ,
1053 744 1328 798 clamantes
1355 751 1401 796 et
1426 741 1642 795 dicentes
1672 754 1691 792 :
1717 737 1959 792 Miserere

447 838 627 904 nostri,
644 836 724 905 [ili
748 835 933 890 David.
957 835 1048 890 28.
1078 832 1281 887 Etcum
1304 832 1515 886 uenisset
1538 830 1590 883 iu
1618 829 1843 894 domum,
1867 842 1955 879 ac-

443 936 692 985 cesserunt
711 928 779 981 ad
807 943 920 980 eum
942 926 1041 978 duo
1058 925 1178 979 caci
1205 938 1225 978 :
1249 931 1294 977 et
1318 922 1440 976 dicit
1460 922 1531 976 eis
1553 918 1702 974 .lesus
1733 933 1752 972 :
1777 917 1953 972 Credi-

445 1024 509 1077 tis
548 1022 669 1091 quia
694 1021 788 1075 hoc
815 1035 1017 1089 possum
1052 1016 1257 1088 facere!
1284 1014 1465 1069 Dicunt
1491 1014 1537 1068 ei
1556 1055 1569 1077 ,
1602 1011 1812 1082 Utique,
1850 1008 1956 1062 Do-

446 1115 599 1169 mine.
633 1112 725 1167 29.
769 1110 910 1164 Tunc
948 1109 1105 1180 tetigit
1132 1107 1309 1163 oculos
1328 1121 1498 1160 eorum
1525 1104 1730 1167 dicens,
1760 1103 1955 1157 Secun-

447 1208 568 1259 dum
589 1203 740 1273 [idem
760 1211 971 1256 uestram
998 1200 1089 1270 fiat
1114 1198 1270 1253 vobis.
1295 1198 1383 1254 50.
1412 1195 1481 1250 Et
1499 1195 1661 1266 aperti
1680 1194 1955 1250 sunt-oculi

447 1313 617 1352 εοηηη
624 1337 641 1351 .

450 1388 502 1443 l.
550 1385 659 1442 Cur
700 1384 817 1439 illos
853 1383 1145 1440 clamantes
1171 1378 1474 1451 protrahit?
1502 1378 1597 1435 llic
1618 1395 1825 1434 rursum
1859 1392 1957 1433 nos

376 1480 600 1537 instituit
625 1478 693 1533 ad
720 1492 907 1532 vanam
932 1476 1155 1547 gloriam
1182 1472 1504 1544 fugiendam.
1533 1472 1664 1539 Quia
1686 1472 1827 1526 enim
1855 1472 1952 1525 do-

376 1589 494 1631 mus
520 1589 551 1630 e
578 1573 751 1628 vicino
774 1578 911 1634 erat,
931 1568 1057 1623 illuc
1085 1568 1235 1623 duxit
1263 1565 1689 1631 eos,utseorsim
1720 1572 1950 1618 sanaret.

376 1667 537 1737 quue
582 1665 757 1736 palam
800 1671 883 1719 est
926 1677 993 1719 ex
1028 1676 1094 1717 eo
1121 1659 1262 1730 quod
1294 1659 1607 1730 praeceperit
1629 1700 1644 1723 ,
1672 1666 1729 1711 nt
1757 1658 1953 1712 nemini

372 1758 633 1815 dicerent.
680 1754 863 1824 Neque
901 1767 1089 1825 parum
1122 1750 1291 1807 Jlltlali
1324 1749 1444 1805 inde
1472 1748 1780 1817 culpantur,
1813 1748 1951 1818 quod

374 1850 466 1917 bi,
492 1850 683 1921 quibus
701 1846 880 1902 nullus
903 1846 1178 1902 oculorum
1208 1858 1335 1899 usus
1364 1852 1515 1909 erat,
1543 1859 1606 1896 ex
1634 1842 1815 1897 auditu
1837 1844 1955 1897 solo

374 1941 534 1997 fidem
573 1938 801 2009 amplexi
829 1938 939 1992 sint
967 1954 982 1991 :
1014 1936 1088 1991 illi
1111 1945 1286 1990 autem
1310 1933 1563 1989 miracula
1591 1934 1828 1988 videntes
1847 1975 1863 1998 ,
1890 1949 1955 1989 ae

376 2043 540 2088 testes
586 2030 843 2085 habentes
886 2028 1031 2100 ipsos
1071 2025 1294 2094 oculos,
1324 2034 1509 2081 contra
1537 2040 1697 2096 quam
1721 2026 1846 2079 caeci
1878 2025 1954 2078 fa-

372 2124 535 2178 ciant.
561 2120 695 2176 Vide
726 2129 903 2175 autem
944 2118 1154 2174 illorum
1191 2116 1354 2172 animi
1381 2115 1627 2171 ardorem
1655 2123 1765 2170 tum
1790 2129 1820 2169 a
1844 2115 1954 2169 cla-

375 2230 525 2271 more
547 2256 562 2279 ,
601 2222 710 2269 tum
740 2212 810 2268 ab
842 2212 951 2282 ipsa
981 2210 1226 2281 precandi
1256 2209 1477 2265 ratione.
1507 2207 1622 2263 Non
1648 2208 1789 2262 enim
1819 2208 1952 2263 sim-

375 2311 581 2382 pliciter
616 2315 989 2372 accesserunt;
1027 2304 1120 2361 sed
1151 2319 1335 2372 magna
1364 2317 1491 2358 voce
1515 2301 1805 2358 clamantes
1824 2342 1840 2368 ,
1874 2300 1954 2355 ni-

371 2401 447 2456 hil
483 2399 627 2455 aliud
666 2414 825 2470 quam
876 2397 1116 2452 Miserere
1154 2395 1505 2465 proferentes.
1548 2394 1742 2449 Filium
1772 2401 1952 2450 autem

372 2493 585 2550 Davidis
628 2490 1002 2563 appellabant,
1047 2489 1169 2560 quia
1196 2487 1549 2544 honoriﬁcum
1579 2502 1772 2545 nomen
1804 2486 1953 2544 vide-

371 2585 528 2641 batur
553 2599 694 2641 esse.
727 2584 882 2653 Saepe
912 2597 1141 2653 namque
1164 2580 1439 2652 prepbetse
1460 2596 1616 2652 reges
1636 2581 1757 2637 illos
1776 2620 1792 2647 ,
1819 2595 1954 2653 quos

372 2678 636 2734 honorare
684 2692 1011 2748 magnosque
1036 2675 1328 2747 praedicare
1356 2674 1605 2731 volebant
1624 2716 1639 2740 ,
1667 2673 1746 2729 sic
1772 2674 1954 2744 appel-

373 2770 553 2826 labant
599 2768 808 2841 (Eseeh.
851 2768 939 2824 54.
987 2768 1078 2822 25.
1131 2766 1291 2821 Zach.
1338 2766 1426 2821 12.
1454 2765 1531 2836 8).
1562 2767 1786 2823 Domum
1820 2779 1951 2821 vero

370 2864 647 2930 adductos,
674 2862 909 2918 secundo
930 2862 1239 2932 interrogat.
1272 2858 1337 2916 Ut
1360 2858 1643 2930 plurimum
1669 2857 1813 2913 enim
1834 2865 1953 2913 stu-

371 2958 531 3014 debat
573 2957 932 3028 supplicantes
957 2970 1179 3021 sanare,
1208 2969 1275 3009 ne
1303 2953 1424 3024 quis
1451 2960 1662 3024 putaret
1682 2953 1854 3023 ipsum
1882 2951 1957 3007 ad

372 3050 623 3108 miracula
650 3049 903 3120 patranda
934 3064 1030 3119 per
1057 3047 1465 3104 ostentationem
1496 3046 1702 3103 insilire
1731 3063 1746 3096 :
1778 3061 1951 3117 neque

373 3157 435 3199 ea
474 3142 645 3198 solum
688 3141 760 3196 de
798 3154 956 3196 causa
977 3181 992 3206 ,
1037 3139 1130 3194 sed
1154 3138 1313 3195 etiam
1347 3147 1404 3193 ut
1426 3137 1734 3194 ostenderet
1761 3135 1950 3207 dignos

372 3235 489 3290 illos
534 3249 653 3289 esse
690 3234 780 3303 qui
820 3240 1172 3298 curarentur;
1213 3240 1268 3286 et
1301 3245 1369 3286 ne
1394 3234 1516 3300 quis
1543 3229 1779 3296 diceret,
1808 3229 1851 3282 si
1883 3243 1947 3282 ex

372 3324 735 3383 misericordia
784 3334 983 3379 tantum
1033 3322 1286 3386 sanabat,
1323 3321 1624 3392 oportuisse
1650 3332 1836 3374 omnes
1864 3333 1950 3373 sa-

372 3436 540 3476 nare:
576 3417 733 3471 babet
773 3418 913 3471 enim
958 3414 1323 3469 misericordia
1365 3413 1648 3484 quamdam
1687 3412 1948 3466 rationem

368 3530 435 3569 ex
486 3511 587 3566 ﬁde
622 3510 914 3580 rogantium
945 3508 1178 3576 petitam.
1206 3505 1387 3577 Neque
1416 3506 1533 3561 ideo
1563 3512 1762 3558 tantum
1790 3504 1946 3558 ﬁdem

369 3604 437 3660 ab
463 3604 567 3659 illis
592 3602 788 3671 exigit;
817 3599 909 3655 sed
938 3600 1059 3670 quia
1082 3599 1326 3653 dixerant
1344 3640 1360 3665 ,
1387 3596 1494 3651 Fili
1516 3596 1685 3650 David
1704 3637 1717 3662 ,
1746 3603 1805 3649 ut
1828 3594 1950 3649 illos

370 3698 435 3751 ad
461 3697 585 3765 quid
609 3695 885 3750 sublimius
907 3695 1130 3765 erigeret
1148 3734 1165 3760 ,
1191 3701 1245 3748 et
1269 3690 1488 3747 doceret
1516 3690 1639 3760 quid
1662 3690 1729 3744 de
1749 3703 1807 3744 se
1832 3688 1948 3743 exi-

370 3790 691 3844 stimandum
722 3799 863 3843 esset
882 3830 898 3855 ,
922 3787 1265 3857 interrogavit
1298 3803 1313 3840 :
1343 3784 1556 3839 Creditis
1578 3782 1696 3854 quia
1720 3783 1814 3836 hoc
1833 3798 1948 3853 pos.

370 3902 479 3940 sum
523 3882 727 3954 facere?
751 3881 865 3935 Non
893 3879 1066 3944 dixit,
1098 3878 1328 3933 Creditis
1354 3878 1493 3947 quod
1530 3876 1727 3945 possim
1761 3889 1949 3945 rogare

372 3980 579 4035 Patrem
604 3991 778 4031 meum
797 4017 810 4037 ,
844 3973 924 4029 vel
950 4016 965 4036 ,
989 3970 1138 4040 Quod
1168 3972 1360 4041 possim
1390 3970 1593 4038 precari
1618 3987 1632 4032 ;
1666 3969 1779 4033 sed,
1801 3967 1950 4032 Quod

369 4088 469 4141 ego
508 4072 692 4140 possim
739 4068 832 4122 hoc
872 4066 1056 4135 facere.
1088 4063 1223 4131 Quid
1254 4058 1431 4116 autem
1457 4061 1575 4116 illi?
1606 4060 1819 4129 Utique,
1848 4060 1951 4114 Do-

370 4166 519 4218 mine.
561 4162 674 4217 Non
699 4160 806 4231 jam
838 4160 983 4213 illum
1015 4158 1177 4211 tilium
1209 4154 1372 4209 David
1400 4161 1617 4216 vocant,
1645 4152 1738 4207 sed
1766 4150 1833 4206 ad
1863 4165 1951 4205 su-

370 4256 610 4315 blimiora
657 4254 872 4317 volant,
912 4258 966 4305 et
1003 4248 1283 4303 Dominum
1326 4245 1471 4300 illum
1498 4242 1838 4299 confitentur.
1872 4244 1951 4296 Ac

371 4359 497 4405 tunc
534 4346 749 4402 demum
801 4357 1015 4398 manum
1046 4340 1295 4409 imposuit
1320 4337 1532 4405 dicens,
1562 4334 1853 4391 Secundum
1881 4336 1948 4404 ﬁ-

372 4441 483 4494 dem
525 4447 739 4492 vestram
768 4437 856 4505 ﬁat
880 4434 1032 4489 vobis.
1065 4431 1119 4486 Id
1143 4447 1269 4485 vero
1296 4430 1457 4495 facit,
1489 4437 1548 4482 ut
1577 4426 1734 4482 ﬁdem
1761 4442 1947 4481 eorum

370 4531 683 4594 continuet,
735 4526 1086 4597 ostendatque
1134 4524 1277 4593 ipsos
1326 4524 1376 4576 in
1423 4531 1628 4591 partem
1662 4520 1840 4590 operis
1861 4535 1949 4573 ve-

372 4623 559 4686 nisse,
607 4635 670 4674 ac
720 4618 1050 4683 testillcetnr,
1102 4629 1206 4669 non
1258 4610 1577 4667 adulationis
1629 4609 1742 4664 haec
1789 4608 1949 4665 verba

370 4715 551 4768 fuisse.
600 4710 782 4780 Neque
827 4708 969 4764 enim
1015 4707 1175 4774 dixit,
1214 4704 1535 4775 Aperiantur
1583 4701 1720 4758 oculi
1744 4702 1950 4769 vestri;

367 4807 484 4870 sed,
514 4803 803 4861 Secundum
830 4801 980 4870 ﬁdem
1004 4808 1212 4853 vestram
1232 4799 1324 4867 ﬁat
1347 4796 1482 4851 vobis
1510 4812 1529 4851 :
1549 4795 1601 4851 id
1621 4794 1761 4867 quod
1787 4793 1948 4851 etiam

371 4901 554 4957 multis
599 4895 976 4952 accedentibus
1018 4892 1177 4956 dicit,
1208 4900 1331 4945 ante
1357 4891 1598 4961 corporis
1618 4889 1946 4944 curationem

370 4993 529 5049 [idem
560 4991 611 5044 in
639 4987 830 5042 animis
859 4993 1093 5040 statuere
1118 4983 1301 5037 Valens
1325 5023 1339 5048 ,
1373 4992 1429 5036 ut
1457 4992 1511 5037 et
1539 4982 1659 5036 illos
1683 4980 1947 5036 celebrio-

369 5101 488 5149 res,
532 5090 588 5136 et
626 5080 761 5135 alios
796 5075 1141 5132 studiosiores
1179 5073 1443 5128 redderet.
1474 5073 1547 5128 lta
1576 5082 1628 5128 et
1659 5073 1710 5127 in
1737 5071 1948 5142 paraly-

370 5178 473 5231 tico
518 5173 643 5229 facit
690 5189 703 5225 :
749 5178 1267 5239 antequamrcorpus
1315 5165 1583 5230 llrmaret,
1616 5164 1845 5218 animam
1868 5164 1948 5232 ja-

364 5281 575 5327 centeni
625 5264 784 5337 erigit
824 5263 1008 5318 dicens
1040 5280 1053 5315 :
1086 5258 1328 5328 Con/ide,
1369 5258 1478 5327 fili,
1516 5257 1840 5311 remittuntur
1863 5254 1950 5310 tibi

371 5370 575 5431 peccata
608 5367 695 5411 tua
714 5399 730 5422 ,
763 5353 993 5426 puellam
1022 5367 1147 5406 vero
1182 5351 1249 5404 ab
1274 5364 1331 5403 se
1361 5350 1727 5404 rcsuscitalam
1754 5363 1947 5416 apprc-

372 5453 555 5507 hendit
579 5492 593 5516 ,
615 5460 670 5505 et
695 5466 788 5519 per
811 5448 985 5503 cibum
1012 5443 1192 5499 docuit
1211 5442 1331 5512 quis
1358 5441 1453 5510 ipsi
1482 5439 1793 5494 beneﬁcium
1815 5454 1938 5492 con-

370 5543 609 5605 tulisset,
639 5542 690 5594 in
719 5537 1031 5594 centurione
1059 5534 1304 5589 similiter
1328 5532 1453 5588 fecit
1473 5574 1486 5598 ,
1521 5530 1642 5586 ﬁdei
1673 5538 1839 5586 totum
1864 5540 1947 5585 at-

368 5634 611 5691 tribuens
636 5649 650 5696 ;
682 5646 800 5685 cum
831 5640 1006 5684 autem
1029 5626 1316 5696 discipulos
1344 5640 1409 5681 ex
1439 5624 1602 5678 maris
1633 5630 1949 5693 tempestate

368 5730 507 5793 eruit
532 5768 547 5795 ,
570 5724 740 5797 primo
768 5724 884 5780 illos
918 5738 981 5779 cx
1023 5721 1142 5778 fidei
1173 5720 1478 5776 inﬁrmitate
1504 5717 1762 5775 liberavit.
1800 5715 1875 5773 Ita
1895 5725 1947 5772 et

2065 646 2150 703 bic
2189 649 2317 708 fecit
2364 671 2379 707 :
2418 658 2619 715 sciebat
2656 664 2798 719 enim
2841 679 3048 725 secreta
3074 672 3255 728 cordis
3284 690 3468 732 eorum
3496 689 3645 736 antea

2061 758 2217 812 quam
2240 746 2338 815 ipsi
2365 747 2723 820 loquerentur;
2750 765 2803 810 ut
2828 767 3003 814 autem
3030 761 3164 817 alios
3191 779 3400 835 quoque
3416 770 3483 824 ad
3505 770 3643 827 idem

2059 837 2292 929 studium
2332 840 2674 910 incenderet;
2720 847 2846 917 ipsis
2894 851 2989 906 bos
3014 856 3333 927 conspicuos
3358 860 3561 929 reddit,
3591 865 3656 920 in

2062 928 2168 985 line
2187 933 2478 989 curationis
2507 937 2767 993 occultant
2800 940 2953 997 fidem
2987 923 3199 1002 illorum.
3218 951 3535 1019 praedicans.

2134 1022 2382 1079 Modestia
2400 1025 2853 1099 Christi;jactantia
2868 1034 3409 1107 fugienda—«Deinde
3429 1055 3548 1116 post
3564 1047 3647 1102 fa-

2061 1123 2200 1169 ctam
2222 1119 2552 1175 curationem
2585 1125 2844 1192 prarcipit,
2870 1137 2925 1180 ut
2954 1132 3148 1185 iit-inin]
3173 1133 3371 1199 dicant,
3393 1152 3490 1194 nec
3510 1140 3644 1195 sim-

2062 1208 2268 1274 pliciter
2287 1211 2544 1281 praacipit,
2565 1214 3148 1277 sed’vebementissime
3172 1233 3341 1279 vetat:
3364 1242 3485 1282 nam
3505 1230 3657 1285 Acri-i

2060 1309 2133 1353 ter
2151 1302 2256 1356 illis
2275 1303 2623 1361 interminatus
2643 1316 2733 1374 est,
2754 1309 2943 1380 inquit,
2960 1310 2999 1366 Ι
3000 1329 3135 1382 esus,
3154 1316 3351 1373 dicens:
3368 1318 3563 1385 Cavete.
3582 1295 3651 1379 ne

2058 1393 2171 1462 quis
2185 1394 2332 1449 sciat.-
2349 1395 2410 1451 3l
2424 1436 2437 1450 .
2460 1394 2555 1451 Illi
2566 1415 2679 1453 vero
2695 1402 2897 1471 egressi,
2918 1406 3318 1474 praedicaverunt
3333 1427 3447 1466 eum
3475 1412 3526 1468 in
3539 1420 3657 1469 tota.
3678 1447 3682 1451 -

2060 1492 2197 1538 terra
2234 1485 2345 1539 illa.
2386 1485 2501 1542 Non
2533 1501 2593 1545 se
2620 1490 2896 1548 continere
2926 1493 3001 1548 illi
3034 1505 3336 1565 potuerunt,
3371 1501 3465 1557 sed
3489 1502 3663 1562 fuere.

2061 1589 2336 1642 praecones
2362 1586 2414 1633 et
2435 1581 2776 1649 evangelista:
2799 1623 2814 1648 ,
2841 1582 3091 1655 jussique
3116 1597 3293 1646 tacere
3321 1591 3381 1646 id:
3400 1594 3541 1663 quod
3566 1595 3645 1649 fa-

2058 1674 2202 1720 ctum
2250 1666 2453 1735 fuerat,
2501 1672 2725 1743 obsequi
2767 1690 2872 1730 non
2918 1688 3226 1747 potuerunt.
3269 1682 3421 1749 Quod
3446 1686 3489 1740 si
3517 1687 3643 1745 alibi

2057 1755 2238 1826 dicat,
2278 1757 2445 1827 Vade,
2495 1772 2544 1816 et
2577 1780 2732 1818 narra
2772 1766 2988 1836 gleriam
3034 1756 3164 1839 Dei,
3199 1772 3327 1829 illud
3352 1775 3461 1845 jam
3487 1776 3646 1837 dictis

2057 1862 2164 1904 nou
2185 1860 2475 1922 repugnat,
2498 1852 2604 1908 imo
2628 1855 2733 1911 illis
2759 1857 3047 1915 admodum
3076 1875 3352 1921 consonat.
3385 1868 3475 1924 llis
3499 1871 3642 1926 enim

2058 1952 2157 1994 nos
2208 1939 2472 2011 instituit,
2526 1954 2584 2000 ut
2636 1962 2703 2003 ne
2757 1950 3109 2019 prmdicemus
3163 1970 3261 2010 nos
3312 1959 3645 2028 ipsos,iimo

2055 2048 2401 2092 coerceamus
2421 2052 2515 2093 eos
2537 2041 2628 2110 qui
2655 2056 2752 2097 nos
2777 2043 3051 2101 celebrare
3079 2046 3277 2103 vellent
3301 2068 3314 2104 :
3343 2051 3389 2105 si
3418 2066 3546 2107 vero
3574 2054 3641 2109 ad

2059 2125 2226 2186 Deum
2270 2132 2441 2203 gloria
2464 2136 2762 2206 referatur,
2794 2154 2899 2195 non
2927 2141 3087 2197 modo
3116 2157 3219 2198 non
3254 2144 3605 2214 impediamus
3624 2190 3640 2214 ,

2057 2222 2165 2278 imo
2188 2224 2238 2278 id
2268 2240 2426 2296 agere
2447 2226 2566 2282 aliis
2588 2230 2979 2300 praecipiamus.
3009 2232 3097 2288 52.
3129 2232 3270 2304 Ipsis
3298 2247 3463 2289 autem
3481 2254 3644 2308 egres-

2055 2319 2146 2382 sis,
2170 2320 2457 2376 obtulerunt
2487 2322 2535 2377 ei
2572 2324 2825 2378 hominem
2874 2333 3089 2386 mutum,
3121 2325 3425 2380 dwmonium
3459 2328 3643 2383 haben—

2056 2420 2173 2467 tem.
2213 2411 2331 2467 Non
2377 2413 2521 2469 enim
2547 2414 2765 2469 morbus
2803 2429 2871 2471 ex
2899 2424 3085 2471 natura
3131 2417 3431 2486 prodierat,
3455 2419 3550 2475 sed
3577 2436 3641 2476 ex

2056 2503 2317 2562 daemonis
2346 2504 2573 2562 insidiis.
2601 2506 2937 2579 Quapropter
2960 2509 3079 2565 aliis
3106 2512 3194 2581 qui
3220 2511 3393 2581 ipsum
3414 2511 3645 2569 adduce-

2057 2606 2177 2652 rent
2220 2611 2355 2667 opus
2391 2597 2597 2654 habuit.
2641 2598 2826 2671 Neque
2851 2601 2994 2656 enim
3038 2602 3152 2673 ipse
3176 2617 3365 2673 rogare
3393 2611 3639 2675 poterat,

2056 2698 2236 2746 mutus
2280 2706 2403 2747 cum
2446 2701 2629 2759 esset,
2680 2709 2854 2765 neque
2880 2693 3000 2750 aliis
3027 2696 3359 2766 supplicare,
3387 2712 3509 2753 cum
3533 2697 3635 2754 da:-

2057 2794 2178 2835 mon
2206 2780 2437 2852 linguam
2464 2783 2580 2853 ejus
2606 2783 2874 2855 alligasset
2898 2827 2912 2851 ,
2945 2786 3284 2858 animamque
3308 2803 3429 2844 cum
3465 2789 3671 2861 lingua,

2055 2874 2332 2931 viuxisset.
2367 2875 2596 2948 Ideoque
2626 2877 2769 2932 illius
2797 2877 2954 2932 ﬁdem
2987 2894 3090 2933 non
3118 2880 3315 2950 exigit,
3343 2880 3437 2936 sed
3462 2883 3642 2937 statim
3668 2936 3669 2939 η

2056 2966 2300 3022 morbum
2338 2976 2509 3026 curat.
2533 2969 2623 3024 55.
2651 2968 2832 3040 Ejecto
2859 2978 3024 3030 autem
3044 2970 3273 3029 diemone
3292 3013 3308 3037 ,
3338 2972 3542 3043 inquit,
3567 2973 3642 3027 lo-

2053 3069 2235 3132 quutus
2256 3071 2326 3116 est
2354 3071 2540 3124 mutus.
2563 3060 2751 3122 Turbte
2773 3072 2940 3119 autem
2967 3064 3233 3123 adrnirata:
3252 3074 3368 3119 sunt
3393 3064 3640 3121 dicentes:

2056 3151 2348 3224 Numquam
2390 3156 2552 3208 visum
2586 3164 2661 3210 est
2684 3156 2847 3211 simile
2863 3158 2917 3210 in
2943 3154 3128 3215 Israel.
3162 3155 3217 3214 Id
3241 3156 3384 3228 quod
3409 3156 3645 3214 maxime

2054 3246 2352 3301 Pliarismos
2376 3246 2688 3314 mordebat,
2710 3249 2852 3320 quod
2879 3250 3050 3320 ipsum
3084 3248 3332 3309 omnibus
3351 3257 3642 3320 antepone~

2055 3350 2213 3406 rent,
2261 3355 2365 3395 non
2401 3342 2535 3398 vivis
2560 3343 2732 3398 solum
2750 3383 2765 3408 ,
2795 3341 2891 3397 sed
2918 3342 3078 3403 etiam
3103 3343 3192 3412 qui
3217 3350 3344 3398 ante
3372 3342 3597 3397 fuissent
3626 3360 3640 3395 :

2052 3433 2447 3501 anteponebant
2470 3448 2620 3499 vero,
2653 3450 2757 3489 non
2785 3434 2925 3505 quod
2953 3444 3166 3495 curaret
3188 3434 3369 3501 modo,
3389 3434 3483 3491 sed
3501 3435 3673 3505 quod...

2052 3524 2246 3591 facile,
2294 3525 2431 3593 cito,
2480 3527 2893 3597 innumerasque
2931 3526 3273 3597 aegritudines
3298 3527 3640 3583 insanabiles.

2054 3616 2143 3671 Sic
2164 3616 2375 3687 quidem
2404 3619 2653 3688 populus.

2123 3711 2177 3765 2.
2212 3709 2360 3766 Nihil
2380 3711 2579 3767 Christo
2608 3722 2655 3767 et
2683 3712 2902 3767 dwmoni
2939 3727 3217 3769 commune.
3239 3711 3394 3781 fuisse
3428 3711 3639 3765 demon-

2052 3815 2261 3861 stratur.
2292 3805 2568 3860 Maledicta
2590 3822 2692 3861 non
2732 3804 3038 3871 maledictis,
3079 3803 3169 3858 sed
3202 3802 3453 3871 beneﬁciis
3486 3802 3641 3872 refel-

2054 3900 2224 3955 lenda.
2258 3929 2328 3939 —-
2356 3899 2609 3954 Pharisaei
2658 3908 2845 3952 contra
2894 3910 3000 3951 non
3059 3894 3219 3951 modo
3262 3894 3397 3949 facta
3437 3892 3645 3949 calum-.

2055 3993 2287 4058 niantur,
2342 3991 2436 4045 sed
2466 3991 2566 4044 sibi
2616 3990 2746 4059 ipsis
2767 3987 3034 4043 contraria
3068 3985 3305 4041 dicentes
3328 4024 3346 4048 ,
3379 3998 3484 4036 non
3513 3997 3653 4062 cru-3

2056 4084 2295 4139 bescunt.
2330 4080 2638 4151 Huiusmodi
2675 4089 2759 4135 est
2802 4077 3054 4148 nequitia.
3087 4075 3226 4145 Quid
3249 4076 3392 4131 enim
3420 4076 3641 4129 dicunt?

2053 4175 2141 4229 54.
2164 4173 2228 4227 In
2259 4174 2485 4245 principe
2513 4164 2877 4227 damioniorum
2901 4170 3035 4240 ejicit
3062 4168 3335 4225 dmonia.
3364 4167 3482 4235 Quo
3515 4167 3641 4238 quid
3665 4213 3673 4221 .

2054 4268 2309 4325 stultius?
2327 4265 2484 4333 Nam,
2517 4277 2570 4320 ut
2604 4276 2784 4334 postea
2806 4264 2954 4330 dicit,
2984 4278 3090 4319 non
3113 4271 3284 4333 potest
3309 4260 3519 4317 daemon
3546 4258 3641 4329 eji-

2054 4375 2179 4417 cere
2198 4360 2493 4416 dazmonem
2513 4356 2703 4431 (Marc.
2735 4358 2787 4413 3.
2822 4355 2916 4428 25)
2933 4374 2944 4408 :
2962 4371 3082 4411 nam
3101 4355 3191 4411 ille
3204 4369 3299 4409 sua
3321 4368 3640 4408 conservare

2051 4465 2111 4511 et
2136 4454 2347 4509 ﬁrmare
2376 4453 2536 4516 solet.
2570 4468 2675 4508 non
2725 4451 3025 4507 destruere.
3058 4448 3173 4520 Ipse
3200 4461 3327 4502 vero
3348 4462 3452 4502 non
3480 4445 3639 4500 modo

2052 4545 2328 4601 daemonas
2377 4544 2642 4615 cjiciebat,
2688 4542 2782 4599 sed
2837 4543 2996 4597 etiam
3039 4540 3277 4611 leprosos
3328 4537 3637 4600 mundabat,

2053 4648 2293 4695 mortuos
2312 4637 2622 4704 suscitabat,
2668 4651 2816 4690 mare
2846 4634 3111 4697 frenabat,
3162 4639 3375 4702 peccata
3404 4630 3638 4685 dimitte-

2054 4734 2162 4797 bat,
2211 4747 2431 4802 regnum
2484 4728 2824 4800 pra-dicabat,
2857 4726 2931 4783 ad
2973 4727 3185 4780 Patrem
3227 4723 3524 4780 adducebat
3550 4742 3563 4778 :
3588 4725 3662 4784 id.

2053 4824 2197 4897 quod
2224 4839 2515 4893 numquam
2550 4822 2757 4877 daemon
2813 4818 2989 4873 facere
3040 4816 3188 4880 velit.
3237 4832 3417 4889 neque
3450 4819 3652 4889 possit..

2054 4920 2189 4977 Nam
2235 4920 2508 4973 daemones
2543 4913 2609 4969 ad
2639 4912 2774 4966 idola
2823 4909 3111 4975 adducunt,
3143 4925 3175 4964 a
3206 4909 3316 4965 Deo
3352 4917 3637 4977 avertunt,
3671 4971 3674 4974 ,

2055 5012 2383 5081 suadentque
2419 5022 2487 5062 ne
2515 5005 2704 5060 futurae
2734 5003 2855 5057 vita:
2881 5001 3150 5056 credatur.
3185 5001 3403 5058 Darmon
3452 5010 3641 5057 contu-

2054 5102 2208 5157 melia
2236 5100 2457 5155 allectus
2487 5111 2590 5151 non
2636 5093 2951 5151 beneﬁcium
3002 5101 3239 5161 prastat,
3277 5092 3383 5148 imo
3422 5108 3490 5153 ne
3519 5094 3639 5163 qui-

2052 5197 2175 5253 dem
2202 5193 2422 5249 all‘ectus
2451 5188 2819 5259 injurianocet
2842 5186 2907 5240 iis
2927 5185 3014 5256 qui
3058 5185 3229 5253 ipsum
3259 5186 3439 5241 colunt
3465 5194 3518 5239 et
3542 5185 3649 5238 Ιιοο.

2056 5296 2263 5344 norant.
2301 5284 2393 5339 llle
2421 5289 2626 5345 contra,
2659 5288 2776 5350 post
2806 5286 2884 5334 tot
2910 5277 3130 5348 injurias
3158 5287 3210 5332 et
3248 5276 3639 5337 contumelias,

2054 5384 2141 5439 55.
2175 5378 2425 5435 Circuibat
2471 5375 2615 5430 urbes
2643 5388 2818 5427 omnes
2838 5381 2883 5425 et
2908 5371 3062 5437 vicos,
3094 5371 3279 5424 docens
3297 5371 3350 5421 in
3368 5368 3643 5437 synagogis

2054 5491 2248 5533 eorum,
2283 5483 2327 5527 et
2354 5470 2636 5541 prwdicans
2661 5466 2969 5538 evangelium
3010 5463 3170 5533 regni,
3202 5474 3384 5514 curans
3437 5472 3663 5517 omnem...

2055 5570 2277 5623 morbum
2298 5580 2340 5621 et
2368 5582 2563 5619 onmem
2592 5564 2933 5633 infirmitatem
2963 5559 3002 5610 ¹.
3036 5550 3339 5611 Neemodo
3372 5549 3498 5607 illos
3528 5564 3663 5611 non,

2118 5726 2135 5759 ¹
2172 5730 2277 5774 Post
2294 5721 2513 5780 verbum,
2536 5717 2881 5783 inﬁrmitatem,
2904 5710 3096 5782 quidam
3121 5706 3319 5771 addunt,
3340 5708 3393 5769 in,
3412 5709 3642 5785 poplite“
