4042 6218
397 214 500 268 379

393 328 652 400 puniebat
678 327 935 395 ingratos,
965 326 1056 380 sed
1088 340 1152 379 ne
1190 324 1497 393 increpabat
1534 321 1747 391 quidem
1783 339 1795 374 :
1827 319 1984 373 simul

396 419 854 476 mansuetudinem
887 433 1034 472 suam
1066 414 1372 481 ostendens,
1400 423 1451 469 et
1490 412 1627 468 hanc
1660 412 1980 473 calumniam

395 513 680 569 confutans
723 514 1089 580 :insupcrque
1138 525 1231 579 per
1278 510 1553 579 sequentia
1597 508 1745 577 signa
1798 505 1982 561 volens

399 603 551 673 plura
582 601 820 672 praebere
869 611 1205 672 argumenta,
1235 614 1298 654 ac
1326 598 1519 653 deinde
1543 599 1715 655 verbis
1737 612 1979 667 arguere.

397 695 670 750 Circuibat
692 693 869 763 itaque
891 701 943 745 et
976 707 1071 760 per
1091 690 1356 753 civitates,
1390 700 1442 744 et
1470 705 1564 758 per
1590 688 1756 753 vicos,
1785 701 1983 757 perque

398 799 694 857 synagogas
746 800 928 838 eorum
963 783 1206 839 :docens
1253 798 1371 846 nos,
1418 782 1494 835 sic
1551 779 1828 835 maledicta
1877 793 1981 832 non

400 877 695 931 maledictis
719 916 733 940 ,
763 877 856 931 sed
902 875 1173 930 beneficiis
1208 875 1497 943 majoribus
1521 872 1811 927 refellenda
1841 886 1980 923 esse.

397 968 529 1024 Nam
561 969 603 1022 si
637 983 741 1023 non
802 981 1016 1038 propter
1065 967 1330 1031 homines,
1378 974 1598 1035 propter
1644 964 1807 1017 Deum
1839 972 1984 1016 certe

395 1060 671 1116 conservis
700 1059 954 1114 beneﬁcia
989 1069 1227 1128 ρηῐξειςιε,
1271 1056 1523 1128 quidquid
1570 1057 1641 1110 illi
1687 1065 1862 1124 agant,
1920 1069 1985 1108 ne

398 1167 579 1207 cesses
610 1152 745 1205 bene
787 1150 979 1213 facere,
1011 1159 1067 1203 ut
1104 1151 1279 1218 major
1311 1149 1378 1202 sit
1422 1162 1665 1202 un-rces:
1700 1146 1767 1199 ita
1817 1156 1870 1199 ut
1897 1144 1983 1213 qui

399 1255 520 1316 post
546 1243 869 1299 calumniam
898 1243 1093 1296 illatam
1124 1243 1257 1297 bene
1289 1241 1461 1296 facere
1496 1240 1709 1302 desinit,
1741 1237 1986 1292 ostendat

400 1353 459 1393 se
485 1353 588 1392 non
628 1346 845 1408 propter
868 1337 1058 1401 Deum,
1092 1335 1185 1389 svd
1221 1344 1436 1403 pmpter
1460 1334 1733 1387 hominum
1774 1331 1981 1386 Iaudem

401 1428 540 1483 hanc
566 1443 819 1483 exercere
859 1428 1123 1480 virtutem.
1160 1425 1283 1480 Ideo
1307 1425 1572 1490 Christus,
1606 1433 1663 1478 ut
1705 1422 1983 1477 nosdoce-

402 1529 502 1581 ret,
521 1534 577 1573 se
593 1535 657 1571 ex
682 1518 791 1571 sola
812 1517 1134 1586 benignitate
1157 1517 1204 1570 id
1223 1530 1399 1585 agerc,
1426 1531 1528 1569 non
1556 1516 1727 1569 solum
1758 1530 1863 1568 non
1892 1530 1986 1569 ex-

400 1608 675 1681 spectabat
705 1622 875 1677 argros
899 1607 961 1659 ad
1008 1622 1064 1660 se
1092 1606 1292 1671 venire,
1325 1605 1416 1660 sed
1444 1606 1507 1660 ad
1539 1606 1655 1660 illos
1697 1602 1986 1658 contende-

401 1699 511 1763 bat,
545 1698 650 1752 duo
673 1698 901 1752 maxima
938 1697 1067 1767 ipsis
1116 1696 1252 1749 bona
1292 1695 1607 1760 conferens,
1648 1694 1983 1763 evangelium

400 1794 587 1862 regni,
628 1802 680 1846 et
728 1790 1036 1844 morborum
1081 1789 1318 1842 omnium
1364 1788 1714 1843 curationem.
1776 1786 1983 1841 Nullam

399 1885 584 1938 urbem
633 1882 989 1952 despiciebat,
1040 1881 1240 1935 nullum
1289 1882 1471 1937 vicum
1506 1880 1980 1950 prastercurrcbat,

400 1973 493 2027 sed
517 1988 729 2028 omnem
760 1972 940 2025 adibat
965 1972 1160 2024 locum.
1194 1969 1298 2025 Sed
1327 1986 1495 2040 neque
1534 1970 1618 2025 hic
1647 1969 1869 2040 gradum
1914 1969 1987 2023 sip

400 2066 514 2131 stit,
545 2080 729 2119 verum
767 2066 923 2118 aliam
963 2079 1173 2133 quoque
1208 2063 1593 2131 providrntiam
1625 2062 1859 2118 exhibet.
1893 2062 1982 2116 36.

401 2160 527 2213 Cum
569 2158 755 2211 videret
801 2158 932 2211 enim
982 2158 1184 2221 turbas,
1243 2159 1503 2209 miseratus
1549 2166 1621 2209 est
1672 2155 1822 2220 illos,
1868 2155 1985 2224 quia

400 2250 564 2304 vexati
593 2259 751 2309 erant,
776 2258 823 2301 et
849 2248 1029 2318 objecti
1048 2250 1188 2318 quasi
1207 2264 1317 2301 oves
1335 2264 1435 2302 non
1461 2248 1692 2301 habentes
1713 2258 1983 2316 pastorem.

400 2342 488 2398 57.
517 2342 657 2396 Tunc
684 2343 809 2395 dixit
838 2340 1101 2411 discipulis
1133 2358 1151 2393 :
1203 2339 1383 2395 lllessts
1411 2340 1613 2407 quidem
1648 2342 1828 2403 multa,
1861 2356 1983 2409 ape-

401 2436 528 2489 rarii
551 2445 715 2490 autem
747 2435 914 2505 pauci.
942 2433 1029 2489 58.
1066 2432 1260 2502 Rogata
1302 2450 1421 2503 ergo
1468 2431 1745 2486 Dominum
1792 2434 1985 2499 messis,

401 2539 457 2582 ut
484 2528 649 2581 mittat
671 2528 930 2595 operarios
957 2527 1008 2580 in
1033 2543 1237 2580 messem
1260 2543 1419 2579 suam.
1444 2525 1574 2581 Vide
1599 2540 1807 2580 rursum
1827 2542 1986 2595 quant

401 2622 470 2673 sit
498 2618 566 2673 ab
610 2618 751 2672 inani
801 2617 967 2686 gloria
998 2617 1222 2671 alienus.
1266 2615 1343 2670 Ne
1392 2616 1532 2670 enim
1578 2630 1767 2671 omnes
1819 2616 1885 2671 ad
1929 2631 1988 2670 se

403 2710 753 2779 pertraheret,
791 2707 1081 2777 discipulos
1110 2707 1323 2761 emittit.
1372 2706 1552 2776 Neque
1593 2706 1691 2760 hac
1722 2706 1892 2761 solum
1921 2704 1988 2760 de

402 2814 583 2863 causa,
631 2798 725 2853 sed
778 2798 898 2852 illos
944 2797 1248 2862 instituens,
1280 2805 1336 2850 ut
1382 2798 1433 2853 in
1481 2797 1781 2858 Palaestina,
1809 2810 1905 2849 ceu
1935 2796 1986 2849 in

402 2892 629 2962 quadam
672 2890 919 2962 palmstra
962 2904 1082 2945 sese
1117 2898 1450 2953 exercentes,
1481 2890 1559 2942 sic
1587 2887 1653 2942 ad
1693 2887 1988 2943 certamina

404 2999 500 3053 per
519 2982 705 3038 orbem
742 2981 1079 3051 suscipienda
1110 2995 1168 3035 se
1198 2989 1581 3051 praepararent.
1623 2979 1825 3034 Idcirco
1872 2995 1986 3033 ma-

400 3076 515 3145 jora
560 3073 912 3128 certaminum
965 3072 1219 3127 exercitia
1267 3071 1435 3140 ponit,
1483 3078 1537 3125 et
1579 3080 1773 3141 quanta
1822 3071 1990 3125 virtus

405 3168 639 3236 ipsorum
665 3165 801 3219 ferre
833 3172 1058 3234 poterat,
1086 3174 1141 3217 ut
1168 3162 1376 3217 facilius
1398 3163 1669 3232 sequentia
1697 3162 1988 3217 certamina

402 3258 614 3313 adirent
658 3276 669 3311 :
712 3258 856 3322 ipsos
902 3256 1051 3325 quasi
1100 3264 1311 3310 teneras
1361 3256 1593 3310 aviculas
1640 3255 1704 3309 ad
1754 3255 1989 3309 volatum

405 3362 685 3402 exercens.
720 3346 1041 3414 lnterituque
1071 3345 1187 3399 illos
1218 3346 1455 3402 medicos
1476 3361 1760 3416 corporum
1793 3346 1993 3400 consti-

407 3439 526 3503 tuit,
561 3452 841 3491 reservans
871 3438 997 3505 ipsis
1027 3438 1077 3491 in
1103 3447 1373 3507 posterum
1404 3438 1665 3492 medelam
1695 3438 1991 3491 animarum

405 3545 524 3600 qua:
560 3529 823 3598 prmcipua
851 3539 952 3583 est.
993 3528 1068 3584 Ac
1098 3530 1365 3599 perpende
1409 3528 1679 3599 quomodo
1717 3544 1828 3582 rem
1856 3528 1994 3583 hanc

405 3631 461 3677 et
506 3621 709 3676 facilem
744 3630 798 3674 et
830 3621 1184 3675 necessariam
1227 3622 1493 3674 ostendat.
1522 3619 1659 3686 Quid
1688 3618 1830 3673 enim
1879 3618 1994 3672 ait?

410 3714 590 3769 Messis
618 3713 819 3784 quidem
848 3714 1031 3778 multa,
1062 3712 1283 3780 operarii
1315 3721 1479 3764 autem
1508 3713 1676 3779 pauci.
1706 3711 1821 3765 Non
1849 3712 1991 3764 enim

408 3805 563 3860 mitto
584 3819 699 3867 vos,
721 3803 907 3872 inquit,
934 3803 997 3856 ad
1023 3812 1340 3866 sementem,
1366 3802 1457 3856 scd
1482 3801 1547 3855 ad
1570 3816 1819 3856 messem.
1842 3802 1993 3869 Quod

407 3898 568 3952 etiam
598 3897 649 3949 in
693 3895 984 3965 Evangelio
1028 3894 1249 3949 Joannis
1277 3894 1410 3950 dixit
1440 3913 1451 3947 :
1488 3895 1588 3947 Alii
1617 3895 1992 3962 laboraverunt,

408 3998 453 4041 et
488 4003 573 4041 vos
600 3987 650 4039 in
681 3987 901 4039 laborem
927 4002 1097 4039 eorum
1129 3985 1370 4039 introistis
1410 3985 1588 4055 (Joan.
1623 3986 1676 4039 4.
1710 3985 1822 4055 38).
1873 3986 1996 4041 llaec

408 4094 573 4151 porro
599 4078 827 4140 dicebat,
858 4087 911 4131 et
936 4092 1123 4131 eormn
1170 4076 1539 4131 sublimiorem
1572 4090 1787 4130 sensum
1820 4079 1993 4147 repri-

411 4184 587 4235 mens,
613 4179 666 4225 ct
694 4170 769 4223 ad
804 4169 1048 4222 fiduciam
1103 4169 1414 4223 sumendam
1471 4169 1762 4233 instruens,
1809 4179 1993 4224 osten-

412 4262 649 4331 densque
674 4260 929 4328 majorem
952 4260 1062 4329 jam
1091 4260 1426 4328 praecessisse
1450 4259 1707 4313 laborem.
1734 4258 1868 4314 Vide
1897 4275 1994 4313 au-

413 4363 521 4410 tem
550 4360 603 4407 et
632 4352 718 4411 hic
748 4352 897 4405 illum
930 4366 959 4404 a
988 4350 1353 4403 misericordia
1398 4349 1655 4418 incipere,
1699 4365 1803 4404 non
1831 4365 1861 4404 a
1901 4366 1997 4421 spe

416 4441 699 4500 mercedis.
752 4440 993 4494 Misenus
1039 4450 1112 4493 est
1152 4439 1315 4504 enim,
1346 4441 1480 4507 quod
1523 4448 1683 4492 essent
1726 4440 1909 4504 vexati,
1952 4450 1997 4493 et

411 4536 619 4607 proiecti
647 4534 793 4606 quasi
823 4549 935 4587 oves
970 4549 1071 4585 non
1100 4531 1334 4584 habentes
1373 4540 1644 4601 pastorem.
1690 4531 1815 4585 ﬂare
1846 4533 1993 4602 prin-

412 4628 590 4697 cipum
639 4626 945 4682 Judaiorum
998 4623 1270 4679 accusatio
1318 4631 1420 4687 est,
1453 4623 1541 4692 qui
1585 4630 1827 4691 pastores
1875 4639 1996 4678 cum

414 4727 617 4784 essent,
641 4733 760 4775 sese
801 4720 954 4793 lupos
979 4716 1325 4773 exhibebant.
1354 4715 1468 4770 Non
1500 4715 1659 4770 modo
1702 4717 1843 4772 enim
1882 4719 1997 4787 ple-

416 4811 535 4866 bem
575 4824 681 4865 non
709 4810 1086 4875 emendahant,
1118 4809 1213 4865 sed
1249 4822 1314 4862 ne
1354 4807 1675 4878 proficerent
1725 4808 1775 4863 in
1807 4811 1999 4865 melius

414 4901 793 4973 impediebant.
829 4904 936 4958 Illis
983 4904 1161 4973 itaque
1202 4902 1519 4957 mirantibus
1564 4917 1627 4957 ac
1674 4901 1994 4968 dicentibus,

418 4994 712 5063 Numquam
740 4994 902 5047 simile
934 4994 1091 5047 visum
1116 5004 1187 5047 est
1216 4995 1266 5046 in
1309 4991 1513 5057 Israel;
1556 4993 1628 5047 illi
1654 5004 1838 5050 contra
1877 5014 1888 5048 :
1932 4995 1998 5049 1η

415 5086 644 5157 principe
684 5084 1048 5138 dwmoniorum
1096 5086 1230 5155 ejicit
1272 5086 1543 5139 damtonia.
1591 5086 1697 5142 Sed
1735 5102 1996 5157 quosnam

415 5180 501 5235 hic
527 5179 802 5251 operarios
827 5176 992 5232 dicit?
1034 5177 1321 5232 Duodecim
1353 5178 1664 5246 discipulos.
1707 5176 1842 5233 Num
1876 5196 1995 5234 cum

414 5272 629 5335 dixerit,
674 5269 910 5340 Operarii
962 5271 1131 5338 pauci.
1160 5270 1293 5322 alios
1339 5269 1569 5337 adjecit?
1620 5269 1871 5325 Minime:
1905 5272 1996 5325 sed

414 5364 536 5419 illos
563 5362 761 5419 emisit.
785 5359 893 5417 Cur
916 5376 1044 5429 ergo
1070 5359 1216 5421 dicit,
1251 5357 1447 5429 Ragate
1488 5359 1766 5415 Dominum
1801 5364 1995 5426 messis,

414 5465 465 5510 ut
494 5455 660 5509 mittat
708 5454 966 5523 operarios
1008 5451 1062 5505 in
1104 5467 1311 5503 messem
1341 5466 1505 5514 suam,
1537 5459 1591 5505 et
1619 5452 1823 5507 nullum
1872 5452 1999 5521 ipsis

414 5522 643 5612 adjicit?
672 5522 805 5614 Quia
845 5560 967 5599 eum
1006 5542 1294 5598 duodecim
1344 5550 1544 5605 essent,
1574 5544 1769 5598 multos
1819 5554 1999 5612 postea

420 5639 616 5709 ederit,
641 5655 744 5694 non
778 5650 933 5697 aucto
964 5655 1210 5705 numero,
1245 5637 1337 5693 sed
1373 5639 1622 5693 virtutem
1647 5639 1883 5709 largitus.

1137 211 1193 265 S.
1233 208 1509 265 JOANNIS
1546 204 2018 267 CllllYSOSTOMl
2059 206 2375 261 ARCIHEP.
2418 207 2946 267 CONSTANTINOP.

3568 215 3682 268 580

2165 320 2219 373 3.
2266 320 2465 376 Deinde
2509 322 2796 378 ostendens
2836 331 3095 392 quantum
3142 334 3289 381 esset
3327 322 3552 389 donum.
3575 331 3680 394 ait,

2095 410 2287 479 (togata
2322 428 2439 482 ergo
2474 412 2744 467 Dominum
2786 416 2981 480 messis,
3013 416 3295 471 obscurius
3334 418 3572 474 declarat
3616 436 3684 475 se

2089 501 2455 554 auctoritatem
2485 501 2702 556 habere.
2733 502 2862 558 Cum
2894 505 3023 558 dicit
3067 505 3231 571 enim,
3261 506 3456 577 Rogate
3490 507 3682 563 Domi-

2092 606 2217 646 num
2242 594 2435 653 messis,
2460 594 2604 664 ipsos
2628 594 2755 648 nihil
2787 604 3090 663 precantes,
3116 600 3196 652 vel
3220 610 3471 669 rogantes
3497 605 3682 657 statim

2090 684 2319 747 ordinat,
2351 685 2570 741 Joannis
2601 689 2760 742 verba
2811 689 2939 758 ipsis
2983 705 3439 757 commemorans,
3473 709 3681 761 aream,

2092 777 2464 839 ventilabrum,
2498 779 2724 848 paleam,
2752 780 3095 835 frumentum.
3129 782 3282 838 Unde
3313 794 3475 852 patet,
3506 787 3682 854 ipsum

2090 881 2212 921 esse
2241 868 2552 937 agricolam,
2583 872 2774 923 messis
2803 871 3107 935 Dominum,
3139 890 3349 928 necnon
3394 878 3674 945 propheta-

2092 975 2230 1012 rum.
2260 959 2389 1013 Nam
2414 961 2458 1014 si
2489 962 2554 1015 ad
2589 962 2897 1016 metendum
2925 964 3087 1024 misit,
3113 965 3287 1034 palam
3316 977 3397 1019 est
3426 981 3546 1021 eum
3572 984 3683 1023 non

2090 1052 2265 1105 aliena
2294 1064 2517 1119 metere,
2547 1053 2642 1108 sed
2674 1070 2736 1108 ea
2768 1071 2885 1123 quae
2932 1070 3027 1123 per
3058 1056 3350 1125 prophetas
3374 1059 3680 1115 seminavit.

2090 1143 2273 1213 Neque
2300 1145 2426 1199 hinc
2451 1146 2624 1200 solum
2655 1146 2899 1201 fiduciam
2939 1148 3042 1202 illis
3069 1148 3232 1212 dedit,
3263 1150 3403 1219 quod
3442 1153 3687 1209 ministe-

2093 1236 2229 1289 rium
2273 1251 2459 1290 eorum
2507 1251 2738 1291 messem
2773 1248 3009 1303 voearet,
3042 1238 3134 1292 sed
3166 1240 3308 1306 quod
3352 1242 3454 1295 illis
3483 1244 3548 1296 ad
3579 1243 3684 1297 hn-

2086 1326 2320 1394 jusmodi
2373 1329 2729 1384 ministerium
2763 1338 3077 1398 potestatem
3119 1332 3389 1387 indiderit.
3422 1334 3575 1404 (Cap.
3608 1338 3687 1406 Χ)

2094 1418 2145 1471 l.
2188 1415 2254 1469 Et
2292 1420 2596 1481 convocatis,
2630 1420 2724 1484 ait,
2760 1420 3025 1473 duodecim
3073 1422 3338 1493 discipulis
3387 1426 3511 1484 suis.
3542 1426 3689 1480 dedit

2091 1510 2160 1563 eis
2182 1519 2473 1576 potestatem
2499 1510 2767 1580 spirituum
2796 1512 3190 1577 immuudorum,
3227 1524 3279 1566 ut
3309 1516 3548 1585 ejicerent
3573 1534 3687 1584 eos,

2090 1611 2136 1653 et
2165 1610 2401 1653 curarent
2429 1617 2624 1654 omnem
2669 1601 2963 1671 languorem
2989 1614 3035 1656 et
3074 1620 3272 1658 omnem
3313 1607 3686 1673 inﬁrmitatem.

2091 1690 2251 1759 Atqui
2284 1690 2515 1744 nondum
2566 1691 2796 1759 Spiritus
2846 1702 2963 1747 erat
2991 1693 3146 1749 datus
3184 1714 3196 1748 :
3252 1694 3499 1751 Nondum
3526 1703 3687 1764 enim,

2091 1781 2281 1852 inquit,
2316 1782 2541 1853 Spiritus
2586 1795 2691 1837 erat
2730 1784 2901 1850 datus,
2948 1787 3068 1855 quia
3112 1786 3264 1842 Jesus
3306 1791 3530 1844 nondum
3576 1804 3693 1847 erat

2089 1875 2400 1944 gloriﬁcatus
2449 1875 2627 1947 (Joan.
2674 1878 2728 1931 7.
2758 1878 2872 1949 59).
2902 1879 3182 1947 Quomodo
3227 1897 3357 1952 ergo
3394 1884 3695 1951 ejiciehant

2091 1965 2343 2033 spiritus?
2376 1968 2449 2022 Ex
2480 1969 2596 2037 ejus
2624 1981 2893 2040 precepto
2912 1981 3073 2041 atque
3095 1984 3375 2043 potestate.
3404 1977 3693 2047 Perpende

2089 2069 2269 2112 autem
2302 2060 2430 2115 mihi
2460 2062 2795 2130 aposmlatus
2831 2068 3305 2133 opportunitatem.
3340 2068 3451 2122 Non
3484 2074 3627 2126 enim
3656 2089 3690 2127 a

2094 2150 2356 2220 principio
2382 2154 2529 2207 misit
2557 2154 2697 2219 illos,
2721 2155 2813 2209 sed
2841 2170 2962 2210 cum
2994 2158 3101 2225 jam
3130 2160 3303 2226 ipsum
3330 2161 3521 2216 idoneo
3548 2173 3693 2218 tem-

2093 2259 2221 2313 pore
2251 2246 2461 2312 88t]llllll
2490 2256 2691 2309 essent,
2723 2263 2786 2302 ac
2833 2249 3090 2303 vidissent
3136 2263 3402 2306 mortuum
3452 2256 3688 2308 suscita-

2094 2344 2226 2399 tum,
2251 2352 2397 2392 mare
2429 2338 2781 2407 increpatum,
2810 2340 2989 2409 pulsos
3014 2341 3307 2407 dmuonas,
3334 2345 3689 2415 paralyticum

2090 2436 2358 2489 sanatum,
2394 2436 2610 2496 peccata
2656 2430 2878 2483 remissa
2901 2472 2916 2496 ,
2948 2431 3223 2500 leprosum
3261 2434 3593 2501 mandatum,
3621 2454 3690 2491 ac

2092 2517 2406 2573 sufficientia
2452 2521 2729 2589 potestatis
2772 2521 2912 2577 illius
2958 2533 3271 2593 argumenta
3317 2535 3371 2580 et
3402 2542 3496 2595 per
3521 2530 3691 2585 verba

2094 2617 2152 2662 et
2176 2623 2270 2678 per
2299 2623 2462 2679 opera
2498 2611 2868 2680 accepissent:
2904 2620 3027 2667 tunc
3074 2615 3195 2669 illos
3240 2617 3434 2681 mittit;
3481 2634 3585 2671 non
3617 2618 3690 2672 ad

2097 2714 2184 2754 res
2228 2700 2578 2769 periculosas,
2611 2702 2845 2756 nondum
2887 2704 3028 2759 enim
3060 2704 3111 2757 in
3148 2705 3425 2760 Pala‘stina
3472 2710 3691 2777 pericu-

2092 2790 2201 2845 lum
2231 2802 2379 2854 erat;
2412 2792 2503 2846 sed
2540 2802 2728 2849 contra
2768 2793 3062 2849 calumnias
3108 2804 3308 2851 tantum
3342 2799 3691 2868 pugnandum

2093 2892 2228 2937 erat.
2257 2885 2502 2937 Attamen
2534 2884 2768 2953 pericula
2800 2885 2904 2940 illis
2928 2886 3187 2955 praedicit,
3219 2899 3448 2961 anteque
3475 2901 3691 2965 tempus

2095 2974 2215 3027 illos
2246 2986 2528 3045 prarparal,
2556 2987 2610 3031 et
2640 2975 2904 3046 frequenti
2949 2979 3294 3048 prazdictione
3321 2983 3444 3036 illos
3467 2985 3533 3039 ad
3562 3002 3691 3040 cer—

2096 3065 2291 3117 tamina
2324 3065 2572 3119 instituit.
2606 3066 2807 3122 Deinde
2848 3070 2968 3138 quia
2999 3070 3135 3125 duos
3182 3075 3453 3143 apostolos
3477 3076 3694 3133 dixerat

2095 3154 2271 3220 nobis,
2306 3155 2521 3210 Petrum
2550 3166 2604 3212 et
2652 3157 2934 3227 Joannem,
2961 3171 3015 3216 et
3060 3174 3180 3232 post
3209 3166 3329 3220 illos
3376 3165 3693 3223 Mattltarum

2096 3254 2340 3299 voeatunt
2385 3246 2712 3315 ostenderat,
2748 3259 2802 3304 et
2830 3250 2897 3307 de
2945 3252 3168 3307 aliorum
3200 3257 3560 3324 apostolorum
3590 3275 3694 3314 vo-

2095 3338 2307 3393 catione
2342 3353 2403 3392 ac
2440 3340 2655 3395 nomine
2697 3343 2829 3396 nihil
2860 3344 3106 3401 dixerat:
3143 3345 3225 3399 hic
3262 3351 3568 3404 neressnio
3597 3368 3692 3406 eo-

2097 3445 2213 3483 rum
2243 3431 2562 3499 eatalogum,
2594 3449 2875 3489 numerum
2922 3438 3245 3507 nominaque
3290 3442 3465 3508 ponit,
3494 3442 3573 3496 sic
3609 3444 3694 3497 di-

2097 3538 2269 3578 cens:
2312 3524 2365 3577 ‘2.
2404 3523 2679 3579 Duodecim
2717 3537 2884 3581 autem
2931 3534 3276 3599 apostolorum
3322 3535 3524 3587 nomina
3572 3546 3698 3591 sunt

2098 3617 2243 3670 lucc:
2279 3617 2491 3687 primus,
2526 3618 2728 3685 Simon,
2760 3620 2847 3690 qui
2888 3622 3074 3675 dicitur
3124 3621 3330 3677 Petrus.
3371 3624 3503 3680 Nam
3554 3628 3698 3682 alius

2100 3707 2285 3761 Simon
2307 3718 2441 3774 erat,
2474 3710 2562 3779 qui
2586 3710 2881 3767 Cananaius
2903 3714 3214 3769 vocabatur.
3257 3716 3320 3769 Et
3342 3715 3506 3771 Judas
3551 3718 3699 3773 Isca-

2099 3799 2299 3862 riotes,
2324 3810 2377 3854 et
2402 3800 2566 3855 Judas
2593 3802 2797 3859 JacObi.
2831 3805 2895 3858 Et
2928 3804 3161 3860 Jacobus
3187 3808 3416 3877 Alpbmi,
3448 3822 3500 3864 et
3526 3811 3699 3867 Jaco-

2100 3893 2199 3947 bus
2228 3893 2490 3947 Zebedmi.
2519 3894 2728 3949 Marcus
2758 3912 2884 3951 vero
2916 3899 3211 3952 secundum
3253 3901 3568 3971 dignitatem
3596 3920 3700 3974 po-

2099 3984 2202 4037 suit
2245 3983 2362 4037 illos
2392 4003 2403 4039 :
2440 3986 2636 4039 etenim
2685 3995 2805 4055 pOsl
2840 3986 2976 4041 duos
3026 3989 3380 4058 coryphzeos,
3416 3993 3696 4049 Andream

2102 4086 2340 4131 numerat
2370 4075 2558 4149 (Marc.
2590 4079 2644 4133 '5.
2681 4079 2787 4149 l8).
2813 4079 2910 4132 llic
2934 4095 3060 4134 vero
3092 4097 3195 4135 non
3224 4082 3320 4147 sic,
3351 4085 3443 4138 sed
3469 4086 3576 4138 alio
3602 4103 3700 4141 or-

2100 4164 2247 4230 dine,
2280 4167 2385 4219 imo
2411 4176 2465 4220 et
2490 4167 2750 4222 Thomam
2784 4182 2842 4224 se
2872 4171 3042 4224 multo
3083 4172 3387 4227 inferiorem
3416 4176 3515 4229 sibi
3541 4187 3703 4231 antc-

2103 4261 2268 4326 ponit.
2298 4260 2406 4316 Sed
2435 4276 2621 4315 eorum
2666 4264 2965 4333 catalngum
3010 4281 3039 4318 a
3084 4268 3343 4336 principio
3393 4269 3695 4326 videamus.

2107 4348 2308 4404 Primus
2338 4352 2516 4407 Simon
2542 4395 2558 4419 ,
2606 4356 2691 4427 qui
2730 4355 2913 4409 dicitur
2944 4355 3145 4423 Petrus,
3177 4368 3222 4412 et
3261 4360 3490 4415 Andreas
3532 4364 3699 4433 frater

2101 4445 2229 4513 ejus.
2252 4444 2433 4514 Neque
2458 4460 2619 4515 parva
2652 4447 2764 4501 laus
2791 4447 2905 4503 inec
2926 4457 3007 4511 est
3032 4468 3046 4503 :
3088 4451 3234 4505 illum
3256 4468 3286 4506 a
3308 4452 3519 4515 virtute,
3549 4455 3699 4511 hunc

2102 4552 2131 4589 a
2160 4537 2439 4592 nobilitate
2469 4554 2677 4594 morum
2720 4540 2973 4598 laudavit.
3008 4544 3062 4597 5.
3093 4542 3288 4599 Deinde
3323 4544 3546 4602 Jacobus
3589 4548 3699 4605 Ze-

2103 4626 2280 4692 bedwi,
2307 4639 2351 4680 et
2379 4627 2604 4683 Joannes
2630 4634 2789 4700 frater
2807 4634 2938 4697 ejus.
2964 4633 3153 4689 Viden‘
3175 4636 3442 4705 quomodo
3471 4656 3576 4692 non
3608 4656 3700 4695 se-

2103 4718 2333 4772 cundum
2360 4718 2669 4788 dignitatem
2702 4724 2905 4792 ponat?
2933 4723 3056 4779 Mihi
3086 4742 3315 4797 namque
3342 4728 3569 4796 videtur,
3587 4748 3700 4787 non

2103 4811 2221 4864 aliis
2258 4810 2440 4877 modo,
2469 4813 2564 4869 sed
2597 4823 2651 4869 et
2677 4814 2843 4871 fratre
2868 4833 3079 4887 quoque
3123 4835 3223 4873 suo
3266 4820 3529 4877 Joannem
3571 4839 3702 4881 esse

2104 4904 2384 4970 majorem.
2430 4904 2629 4960 Deinde
2654 4922 2777 4960 cum
2814 4907 3056 4974 dixisset,
3090 4908 3367 4979 Philippus
3392 4922 3437 4965 et
3467 4911 3701 4968 Bartlto-

2106 4992 2335 5061 lontazus,
2367 4995 2680 5065 subjuuxit:
2717 4997 2936 5054 Thomas
2989 5010 3034 5054 et
3064 4998 3338 5056 Matthwus
3368 5004 3699 5073 publicanus.

2111 5084 2300 5139 Verum
2348 5100 2451 5141 non
2484 5089 2561 5143 sic
2586 5089 2779 5155 Lucas,
2808 5090 2902 5145 sed
2944 5091 3156 5146 inverso
3195 5094 3405 5159 ordine,
3438 5096 3701 5166 ponitque

2107 5178 2253 5231 illum
2287 5188 2410 5233 ante
2443 5180 2703 5236 Thomam
2744 5181 2897 5252 (Luc.
2945 5184 2999 5237 6.
3048 5184 3155 5253 Η).
3209 5185 3408 5240 Deinde
3450 5189 3698 5255 sequitur

2103 5268 2331 5324 Jacobus
2355 5271 2583 5341 Alpbtei.
2607 5273 2734 5326 Erat
2763 5274 2927 5339 enim,
2952 5283 3011 5328 ut
3039 5274 3168 5337 dixi,
3198 5276 3332 5329 alius
3356 5276 3600 5331 Ζεὺράεεὶ
3627 5282 3702 5334 li-

2106 5361 2227 5415 lius.
2259 5360 2448 5418 Postea
2479 5377 2598 5417 cum
2627 5364 2848 5419 dixisset
2877 5366 3183 5429 Lrbbaeum,
3201 5368 3290 5438 qui
3316 5379 3371 5422 et
3391 5368 3705 5426 'l'haddaeus

2107 5453 2415 5533 vocabatur,
2446 5465 2500 5509 et
2549 5454 2821 5511 Simonem
2863 5457 3116 5523 Zeloten,
3157 5472 3317 5528 quem
3364 5457 3702 5517 Cananseum

2104 5552 2278 5608 vocat,
2307 5544 2372 5598 ad
2406 5546 2729 5614 proditorem
2759 5550 2907 5603 venit
2938 5566 2952 5603 :
3002 5564 3175 5620 neque
3203 5558 3261 5604 ut
3310 5550 3561 5606 inimicus
3607 5553 3705 5607 vel

2107 5635 2295 5702 hostis,
2328 5638 2422 5693 sed
2456 5647 2510 5694 ut
2552 5640 2831 5697 historiam
2880 5640 3127 5700 scribens
3165 5641 3245 5698 sic
3289 5644 3518 5699 vocavit.
3574 5644 3700 5703 Non
