4042 6218
317 333 412 389 ξι81

323 450 484 516 dixit,
533 444 902 502 Essecrandus
946 443 1029 499 vel
1073 440 1503 504 scelestissimus,
1534 434 1628 490 sed
1670 450 1740 490 ex
1770 431 1900 486 urbe

330 546 503 613 ipsum
529 538 945 611 cognominavit,
978 537 1031 591 4.
1060 534 1229 589 ludas
1265 530 1551 587 Iscariotes.
1586 526 1717 582 Erat
1760 525 1903 579 enim

328 636 465 687 alius
486 632 653 687 ludas
673 630 951 693 Lebbteus,
969 628 1058 699 qui
1081 622 1558 697 cognominabatur
1582 614 1904 678 Thaddzrns,

325 738 486 793 quem
523 722 706 778 Jacobi
738 736 860 776 esse
890 719 1054 774 filium
1085 718 1157 772 ait
1194 716 1362 770 Lucas
1388 713 1593 774 dicens,
1619 707 1785 761 ludas
1810 703 1907 757 ,Ια-

324 814 435 867 cobi
463 812 616 883 (Luc.
647 813 702 867 6.
735 811 849 881 16).
884 812 964 865 Ab
1010 800 1121 864 hoc
1159 807 1317 879 igitur
1363 804 1512 858 illum
1553 799 1904 869 distinguens.

325 908 400 961 ait
425 924 439 960 :
467 906 636 960 ludas
659 903 947 966 Iscariotes,
980 903 1067 972 qui
1101 898 1308 954 tradidit
1337 913 1467 950 eum.
1518 893 1699 964 Neque
1748 888 1909 960 pudet

325 998 499 1069 ipsum
540 997 743 1059 dicere,
772 994 872 1063 Qui
903 992 1133 1063 prodidit
1171 991 1362 1061 ipsum.
1402 986 1477 1041 Ita
1508 996 1794 1052 numquam
1821 993 1906 1044 ea,

326 1108 445 1160 qua:
487 1087 856 1158 vituperabilia
885 1084 1199 1138 videbantur
1241 1094 1384 1141 esse,
1428 1073 1907 1147 praetermiserunt.

329 1181 545 1235 Primus
589 1178 827 1233 omnium
857 1184 935 1230 est
968 1172 1285 1244 coryph.eus
1316 1169 1597 1222 illiteratus
1625 1172 1680 1218 et
1723 1162 1907 1217 idiota.

330 1270 435 1327 Sed
466 1269 741 1324 videamus
765 1282 872 1337 quo
898 1275 953 1321 et
983 1263 1049 1319 ad
1075 1277 1335 1333 quosnam
1368 1258 1539 1312 mittat
1577 1255 1697 1310 illos
1733 1253 1912 1309 Jesus.

332 1362 385 1417 5.
424 1361 530 1415 Hos
560 1359 844 1421 duodecim,
874 1356 1063 1425 inquit,
1096 1353 1228 1406 misit
1267 1350 1439 1404 Iesus.
1471 1348 1742 1415 Quosnam
1778 1359 1912 1413 qua—

333 1454 515 1507 lesve?
563 1452 878 1512 Piscatores,
927 1446 1284 1517 publicanos:
1326 1456 1447 1496 nam
1495 1447 1721 1509 quatuor
1764 1444 1916 1489 erant

335 1546 654 1616 piscatores.
684 1551 740 1596 et
784 1540 892 1594 duo
935 1537 1226 1608 publicani,
1256 1535 1539 1587 ltlatthaeus
1562 1540 1617 1586 et
1645 1528 1913 1591 lacubus;

335 1650 579 1705 unusque
609 1632 867 1702 proditor.
902 1631 967 1684 Et
996 1628 1123 1699 quid
1158 1627 1263 1681 illis
1302 1625 1418 1679 ait?
1446 1624 1638 1681 Statim
1681 1621 1919 1691 pra‘cipit

336 1726 420 1780 his
449 1724 628 1780 verbis
660 1741 674 1777 :
706 1720 773 1776 In
801 1722 932 1775 viam
972 1718 1197 1790 gentium
1230 1734 1294 1772 ne
1317 1716 1560 1779 abieritis,
1588 1724 1634 1768 et
1659 1713 1713 1767 in
1739 1713 1916 1766 civita.

337 1828 436 1870 tem
464 1814 906 1871 Samaritanorum
947 1827 1009 1864 ne
1038 1808 1341 1865 intraueritis
1372 1823 1391 1860 :
1431 1806 1484 1861 6.
1525 1805 1616 1860 sed
1663 1804 1828 1875 potius
1856 1804 1923 1857 ite

338 1908 406 1960 ad
445 1922 558 1961 oues
600 1920 715 1975 qua:
757 1904 1012 1973 perierunt
1039 1902 1219 1954 domus
1263 1897 1447 1951 Israrl.
1478 1896 1556 1950 Ne
1586 1895 1802 1965 putetis,
1837 1894 1920 1946 in-

339 1997 474 2067 quit,
514 1995 633 2065 quia
686 1993 814 2048 mihi
863 1991 1254 2055 conviciantur,
1296 1997 1350 2042 et
1394 1986 1781 2041 dzemoniacum
1829 1997 1923 2036 vo-

340 2096 485 2153 cant,
516 2100 602 2140 me
629 2083 749 2139 ideo
776 2083 899 2137 illos
922 2080 1047 2136 odio
1080 2079 1277 2134 habere
1304 2086 1360 2132 et
1393 2076 1627 2131 aversari
1659 2076 1759 2146 (a).
1791 2073 1922 2128 Nam

343 2180 548 2252 priores
574 2178 693 2233 illos
720 2174 1010 2231 emendare
1030 2172 1233 2239 studui,
1252 2181 1305 2227 et
1326 2186 1421 2224 vos
1444 2170 1515 2224 ab
1538 2167 1658 2223 aliis
1678 2166 1925 2222 omnibus

340 2273 559 2324 abactos
589 2270 656 2324 ad
700 2270 821 2323 illos
860 2268 1012 2321 mitto
1051 2266 1302 2320 ductores
1339 2277 1403 2317 ac
1444 2261 1701 2316 medicos.
1743 2258 1927 2328 Neque

343 2361 502 2416 modo
530 2370 651 2415 veto
679 2375 746 2414 ne
766 2359 885 2413 al.is
904 2366 1030 2413 ante
1056 2356 1178 2409 illos
1208 2353 1546 2424 prmdicetur,
1566 2349 1661 2405 sed
1692 2365 1763 2404 ne
1789 2349 1926 2402 viam

344 2453 559 2522 quidem
605 2453 872 2519 attingere
915 2465 1034 2517 quae
1079 2447 1185 2501 alio
1221 2445 1404 2511 ducat,
1434 2458 1532 2499 nec
1574 2443 1627 2497 in
1658 2442 1927 2496 civitatem

351 2545 528 2600 illam‘
559 2544 758 2597 intrare
789 2540 1059 2611 permitto.

416 2638 469 2691 ι.
499 2634 814 2690 Samaritani
864 2632 1006 2688 enim
1049 2629 1355 2686 Judceorum
1404 2636 1558 2683 erant
1595 2625 1885 2681 adversarii
1917 2642 1929 2677 :

346 2738 579 2783 attamen
610 2726 812 2781 facilior
849 2733 967 2780 erat
1010 2723 1077 2777 ibi
1112 2721 1451 2793 prmdicatio;
1499 2718 1669 2773 multo
1694 2717 1834 2771 enim
1867 2716 1932 2769 ad

351 2819 509 2875 tidem
536 2814 929 2887 suscipiendam
962 2815 1254 2883 paratiores
1282 2820 1437 2867 erant
1464 2828 1478 2864 :
1509 2810 1561 2864 hi
1591 2823 1721 2865 vero
1748 2807 1932 2862 durio-

352 2929 475 2978 res;
503 2922 870 2967 verumtamen
896 2908 961 2962 ad
989 2905 1287 2962 difficiliora
1319 2904 1477 2959 mittit
1501 2903 1651 2967 illos,
1680 2901 1758 2956 sic
1786 2916 1935 2955 suam

351 3021 475 3075 erga
504 3003 621 3057 illos
652 3000 1036 3072 providentiam
1063 2996 1353 3053 ostendens
1377 3036 1394 3060 ,
1422 3008 1486 3049 ac
1508 2992 1814 3049 Judzeorum
1845 3005 1938 3043 ora

352 3092 604 3150 claudens
625 3133 640 3159 ,
668 3100 832 3161 atque
852 3089 919 3145 ad
951 3087 1314 3160 apostolorum
1338 3084 1774 3157 prtedicatiouem
1801 3082 1939 3136 viam

356 3204 549 3261 parans
572 3229 588 3250 .
617 3202 686 3242 ne
708 3200 892 3240 rursus
921 3193 1273 3248 accusarent,
1304 3180 1448 3252 quod
1492 3178 1558 3233 ad
1585 3176 1835 3249 Assyrios
1863 3176 1941 3229 in-

355 3282 697 3340 circumcisus
726 3279 951 3350 ingressi
982 3287 1162 3333 essent
1182 3318 1198 3343 ,
1227 3284 1280 3331 et
1302 3277 1499 3345 justam
1522 3272 1830 3327 viderentur
1852 3269 1945 3322 ha—

357 3377 484 3431 bere
520 3386 737 3429 causam
787 3371 930 3439 ipsos
964 3367 1196 3439 fugiendi
1243 3375 1299 3422 et
1325 3363 1626 3420 aversandi.
1661 3363 1809 3432 Ipsos
1847 3375 1944 3414 au-

359 3476 464 3521 tem
491 3478 619 3518 oves
641 3461 874 3532 perditas
903 3468 1055 3515 vocat
1072 3500 1088 3522 ,
1112 3473 1219 3512 non
1244 3471 1365 3527 qua:
1393 3454 1567 3525 fugam
1591 3451 1942 3521 susceperint,

360 3559 596 3627 undique
624 3555 729 3609 illis
758 3554 927 3608 venia
962 3551 1181 3606 modum
1224 3548 1570 3618 excogitaris,
1607 3546 1948 3614 ipsorumque

361 3650 569 3703 animos
598 3645 911 3718 pertraltens
931 3685 947 3711 ,
976 3658 1040 3699 ac
1073 3644 1257 3697 dicens
1284 3659 1296 3693 :
1323 3642 1373 3695 7.
1408 3639 1600 3694 Euntes
1641 3637 1943 3707 prtedieate.

362 3743 596 3813 quoniam
623 3736 1044 3809 appmpinquavit
1092 3750 1301 3806 regnum
1333 3733 1591 3787 caelorum.
1631 3730 1818 3783 Vidi-n‘
1844 3729 1947 3781 mi-

365 3834 566 3889 nisterii
618 3829 1069 3902 magnitudinem?
1100 3826 1273 3882 viden’
1319 3824 1680 3895 apostolorum
1716 3821 1947 3891 dignita-

366 3925 514 3981 tem?
543 3923 684 3977 Nihil
719 3922 916 3975 sensile
940 3920 1195 3988 jubentur
1217 3917 1425 3982 dicere;
1454 3930 1553 3970 nec
1577 3915 1714 3969 sicut
1740 3913 1949 3984 Moyses

366 4031 418 4074 et
444 4016 715 4088 prepheta:
738 4012 1095 4084 priores;sed
1149 4025 1286 4064 nova
1329 4008 1573 4078 quaedam
1601 4015 1656 4061 et
1702 4007 1951 4074 inexspe—

366 4119 521 4165 ctata.
548 4107 730 4177 Neque
753 4104 895 4159 enim
920 4102 1040 4157 talia
1071 4101 1169 4170 ipsi
1194 4098 1579 4169 praedicabant,
1610 4094 1703 4149 sed
1731 4106 1948 4157 terram,

369 4209 423 4257 ct
451 4211 659 4253 terrena
688 4197 824 4250 bona
858 4213 873 4249 :
908 4194 959 4248 hi
988 4202 1166 4247 autem
1189 4205 1410 4261 regnum
1443 4188 1695 4242 caelorum
1715 4228 1731 4253 ,
1759 4196 1810 4240 et
1835 4200 1954 4256 qua:

373 4292 441 4345 ibi
462 4299 586 4343 sunt
613 4288 812 4342 omnia.
850 4285 1033 4356 Neque
1076 4283 1200 4338 inde
1228 4282 1405 4338 solum
1437 4280 1489 4335 hi
1537 4278 1768 4349 majores
1793 4285 1951 4343 sunt,

372 4380 465 4438 sed
492 4381 649 4436 ctiam
680 4394 745 4433 ex
789 4375 1110 4434 obedientia.
1141 4373 1325 4444 Neque
1363 4371 1505 4427 enim
1545 4379 1829 4436 recusant,
1858 4384 1951 4422 ue-

371 4489 475 4544 que
502 4480 818 4527 cunctantur
858 4470 998 4525 sicut
1026 4475 1236 4523 veteres
1262 4465 1334 4520 illi
1358 4466 1379 4496 '
1408 4482 1422 4520 :
1452 4462 1545 4519 scd
1574 4461 1781 4519 etiamsi
1813 4461 1954 4532 peri-

374 4566 489 4620 cula
515 4606 531 4632 ,
571 4564 709 4619 bella
739 4572 794 4618 et
821 4559 1172 4617 intolerabilia
1207 4558 1342 4611 mala
1369 4556 1617 4621 audiant,
1643 4568 1765 4609 cum
1796 4553 1955 4608 obse-

374 4660 586 4730 quentia
617 4658 781 4711 multa
825 4656 1080 4725 imperata
1122 4652 1452 4722 suscipiunt,
1478 4658 1660 4719 utpote
1689 4649 1776 4717 qui
1808 4646 1953 4717 regni

375 4752 478 4805 sint
509 4760 803 4820 praecones.
837 4745 904 4799 Et
932 4745 1057 4815 quid
1092 4745 1319 4810 mirum,
1353 4741 1592 4812 inquies,
1625 4741 1668 4795 si
1701 4739 1829 4793 nihil
1860 4738 1957 4791 du-

377 4861 493 4900 rum
525 4852 581 4896 et
605 4854 851 4909 asperum
877 4837 1209 4908 pra-dicatnri
1232 4878 1246 4900 ,
1272 4836 1447 4889 subito
1471 4833 1797 4903 paruerunt?
1819 4829 1955 4896 Quid

377 4932 550 4989 dicis?
583 4930 712 4985 nihil
743 4928 933 4982 durum
968 4927 1257 4997 pru‘dicare
1286 4924 1419 4994 jussi
1470 4924 1627 4977 suz.t?
1657 4938 1758 4976 non
1809 4922 1956 4975 audis

378 5037 624 5081 carceres
647 5063 662 5083 ,
690 5019 1036 5074 abductiones
1057 5016 1122 5070 ad
1155 5026 1379 5068 mortem
1402 5055 1417 5079 ,
1447 5014 1581 5069 bella
1602 5013 1779 5069 civilia
1803 5050 1818 5074 .
1845 5010 1962 5065 uni-

378 5129 658 5172 versorum
679 5110 880 5177 odium,
903 5124 1023 5180 qua:
1051 5107 1227 5161 omnia
1243 5103 1370 5175 ipsis
1389 5104 1546 5175 paulo
1570 5110 1690 5173 post
1707 5112 1960 5157 eventura

382 5224 501 5265 esse
529 5204 778 5263 dicebat?
824 5201 947 5256 Illos
971 5213 1201 5268 namque
1233 5197 1392 5250 mittit
1428 5210 1732 5263 prtecones,
1763 5206 1819 5249 ut
1844 5194 1963 5250 aliis

385 5314 659 5356 innumera
710 5298 845 5351 bona
894 5292 1218 5355 concilient;
1263 5290 1381 5344 illos
1428 5305 1556 5344 vero
1609 5288 1961 5343 intoteraliilia

388 5382 521 5439 mala
555 5393 808 5452 passuros
835 5394 956 5437 esse
980 5380 1107 5436 dicit
1136 5386 1191 5433 et
1220 5379 1558 5447 praenuntiat.
1593 5378 1792 5434 Deinde
1819 5385 1871 5429 ut
1901 5372 1961 5427 il-

443 5477 459 5508 ¹
498 5475 599 5527 Alii.
627 5473 677 5523 in
694 5469 929 5523 eiritatem
952 5465 1376 5519 Samaritanorum.

445 5539 467 5569 ³
501 5534 682 5593 ttorel.,
699 5533 822 5584 sicut
840 5528 1022 5582 ceteri.

443 5601 515 5658 (a)
549 5587 687 5658 Apud
710 5593 1047 5658 ttorel._verba
1072 5596 1241 5658 textus
1260 5587 1405 5658 graeci
1430 5599 1540 5650 quae
1572 5587 1869 5658 respondent
1888 5587 1965 5658 his

380 5647 581 5709 vocibus
596 5647 781 5710 latinis,
804 5653 917 5714 quia
946 5651 1068 5702 mihi
1089 5647 1514 5714 ronpiciantur..}
1556 5647 1670 5714 odio
1708 5647 1962 5714 ltubcreet

381 5718 616 5775 aversari,
640 5709 775 5779 lapsu
798 5709 1027 5779 graphico
1048 5712 1349 5779 exciderant.
1374 5711 1465 5759 Sed
1491 5712 1537 5758 iu
1579 5709 1685 5759 aliis
1708 5722 1871 5771 exeni,
1892 5709 1961 5758 la-

386 5786 519 5833 ribus
543 5774 877 5837 liaberitur,‘et
892 5774 956 5824 ad
977 5776 1157 5824 seriem
1178 5776 1507 5837 requiruntur.

1270 320 1335 377 IN
1374 314 1782 376 ΜΑἸἼΊΙΔΞΗΜ
1822 310 2053 370 ιιοιίιι..
2094 310 2310 368 XXXII.
2348 314 2421 371 al.
2460 313 2699 371 XXXIII.

3479 317 3585 376 582

2010 422 2091 477 los
2108 421 2211 477 fide
2230 423 2419 494 dignos
2435 424 2641 488 reddat,
2661 424 2735 481 ait
2759 443 2772 479 :
2795 423 2849 481 8.
2882 423 3063 496 Inﬁm
3073 444 3125 483 es
3142 438 3334 496 curate,
3364 430 3587 500 leprosos

2011 514 2246 568 mundate
2264 515 2303 579 ¹,
2324 514 2576 570 daemonia
2590 517 2753 587 ejicite
2768 533 2787 570 :
2803 518 2959 588 gratis
2975 520 3256 588 accepistis,
3275 522 3431 591 gratis
3449 520 3584 574 datr.

2011 603 2140 658 Vide
2164 606 2433 675 quomodo
2462 623 2669 661 morum
2700 623 2881 662 curam
2912 607 3107 664 habent
3127 650 3142 674 ,
3183 610 3404 679 perinde
3426 620 3589 681 atque

2008 695 2278 766 signorum
2306 738 2320 762 ,
2351 697 2640 753 ostendens
2666 698 2813 769 signa
2840 698 2957 754 sine
3001 699 3237 754 moribus
3264 701 3394 755 nihil
3446 716 3587 758 esse.

2008 786 2140 841 Nam
2191 803 2259 842 ne
2311 787 2475 842 altum
2550 789 2803 858 sapiant,
2858 791 3001 859 ipsos
3050 792 3294 858 reprimit
3357 791 3587 847 dicens:

2009 876 2179 933 Gratis
2205 879 2469 947 accepistis
2491 920 2507 945 ,
2534 880 2690 950 gratis
2717 879 2865 944 date;
2892 888 2946 934 et
2974 889 3029 933 ut
3054 881 3121 934 ab
3142 896 3323 935 amore
3353 885 3592 952 pecuniae

2008 968 2330 1035 abstineant,
2362 970 2622 1040 providet.
2649 970 2852 1026 Deinde
2880 987 2945 1025 ne
2976 981 3288 1042 putarentur
3308 972 3423 1029 hare
3446 985 3589 1031 tanta

2007 1075 2169 1133 opera
2196 1062 2263 1115 ab
2290 1062 2394 1117 illis
2423 1062 2685 1132 proﬁcisci
2706 1106 2721 1128 ,
2754 1079 2887 1119 neve
2920 1064 2986 1119 de
3027 1064 3190 1133 signis
3218 1068 3591 1136 superbirent,

2008 1153 2081 1207 ait
2108 1168 2122 1205 :
2151 1151 2320 1208 Gratis
2357 1155 2638 1224 accepistis.
2666 1154 2805 1210 Nihil
2833 1155 3094 1226 largimini
3126 1157 3190 1211 iis
3216 1158 3305 1226 qui
3332 1174 3427 1214 vos
3453 1160 3595 1216 reci-

2012 1245 2161 1315 piunt
2191 1264 2204 1300 :
2235 1261 2408 1316 neque
2461 1247 2603 1301 enim
2658 1247 2711 1301 in
2743 1247 3044 1302 mercedem
3075 1248 3155 1302 vel
3205 1264 3300 1316 pro
3323 1250 3597 1307 laboribus

2012 1337 2097 1390 illa
2127 1337 2409 1406 accepistis
2438 1355 2453 1392 :
2481 1354 2596 1392 mea
2623 1339 2819 1408 quippe
2847 1347 2930 1393 est
2956 1340 3146 1410 gratia.
3181 1340 3380 1395 Eodem
3418 1342 3596 1412 itaque

2013 1430 2171 1485 modo
2219 1431 2323 1485 illis
2364 1430 2728 1500 datezneque
2754 1432 2896 1486 enim
2950 1432 3268 1502 condignum
3320 1434 3449 1502 ipsis
3478 1450 3597 1503 pre.

2015 1523 2143 1577 tium
2176 1523 2413 1593 reperire
2439 1534 2542 1579 est.
2588 1523 2791 1578 Deinde
2838 1524 3098 1579 malorum
3152 1526 3383 1581 radicem
3414 1528 3593 1581 statim

2012 1616 2281 1683 evellens,
2316 1617 2391 1671 ait
2419 1638 2433 1673 :
2462 1617 2515 1672 9.
2548 1616 2722 1671 Nolite
2750 1616 3006 1688 possidere
3046 1634 3227 1671 aurum
3250 1660 3264 1682 ,
3317 1636 3473 1687 neque
3511 1637 3599 1673 ar-

2012 1717 2218 1778 gentum
2248 1748 2265 1775 ,
2309 1724 2470 1776 neque
2504 1709 2766 1777 pecuniam
2816 1710 2868 1762 in
2914 1725 3056 1762 zonis
3098 1711 3307 1773 vestris,
3354 1711 3440 1766 {0.
3496 1728 3599 1766 non

2016 1816 2186 1869 peram
2214 1799 2282 1852 ad
2314 1800 2468 1865 uiam,
2498 1815 2655 1869 neque
2674 1799 2801 1851 duas
2828 1801 3041 1864 tunicas,
3065 1817 3221 1869 neque
3239 1801 3598 1865 calceamenta,

2014 1906 2175 1959 neque
2200 1891 2410 1960 uirgam.
2433 1889 2547 1944 Non
2574 1889 2727 1954 dixit,
2755 1888 2868 1944 Non
2891 1890 3165 1956 accipiatis
3190 1891 3486 1957 vobiscum;
3506 1893 3599 1947 sed

2015 1981 2225 2037 etiamsi
2251 1980 2467 2035 aliunde
2493 1981 2665 2051 possis
2691 1980 2953 2049 accipere,
2974 1980 3092 2050 fuge
3113 1980 3307 2034 malum
3332 1983 3592 2037 morbum.

2016 2071 2129 2127 lloc
2151 2070 2293 2126 enim
2322 2081 2592 2141 pra'cepto
2620 2070 2783 2125 multa
2825 2069 3104 2125 commoda
3144 2071 3416 2125 obtinebat
3444 2087 3458 2124 :
3488 2074 3601 2143 pri-

2018 2176 2127 2225 mo,
2159 2162 2384 2216 utnulla
2414 2161 2483 2217 sit
2508 2161 2577 2217 de
2599 2162 2874 2231 discipulis
2904 2161 3167 2230 suspicio;
3195 2162 3434 2217 secundo
3455 2204 3470 2227 ,
3500 2164 3603 2220 illis

2023 2265 2209 2306 curam
2230 2263 2446 2305 omnem
2469 2247 2679 2311 adimit,
2700 2247 2770 2301 ita
2789 2255 2847 2301 ut
2871 2246 3043 2302 otium
3057 2249 3287 2304 omnein
3300 2251 3599 2320 praedican-

2024 2341 2095 2394 do
2133 2339 2299 2394 verbo
2342 2345 2698 2400 consumant;
2734 2336 2912 2398 tertio,
2937 2349 3089 2388 suam
3128 2336 3246 2391 illos
3275 2348 3595 2406 potestatem

2020 2435 2197 2491 docet.
2229 2435 2341 2490 lloc
2366 2436 2526 2489 etiam
2558 2445 2742 2504 postea
2774 2433 2902 2487 dicit
2946 2434 3050 2488 illis
3079 2451 3091 2485 :
3126 2432 3258 2487 Num
3288 2433 3412 2503 quid
3438 2433 3606 2488 dvt‘uit

2024 2528 2199 2590 vobis.
2226 2527 2441 2598 quando
2466 2543 2562 2582 vos
2595 2527 2714 2581 misi
2764 2526 2935 2581 nudos
2979 2537 3031 2580 et
3077 2526 3193 2581 sine
3233 2526 3471 2581 calceis?
3496 2525 3606 2582 Ne-

2022 2636 2127 2689 que
2154 2620 2333 2674 statim
2387 2619 2554 2687 dicit,
2612 2618 2787 2673 Nolite
2852 2619 3145 2688 possidere;
3187 2618 3279 2672 sed
3329 2627 3605 2689 postquam

2024 2713 2199 2769 dixit:
2242 2712 2494 2784 Leprosos
2522 2714 2795 2779 inundate,
2822 2713 3072 2767 dwmouia
3119 2713 3313 2784 ejicile,
3367 2723 3492 2767 tunc
3536 2713 3608 2767 ita

2028 2805 2263 2875 loquitur
2284 2846 2300 2870 ,
2345 2803 2521 2859 Nolite
2556 2804 2851 2874 possidere;
2882 2814 3041 2874 atque
3072 2804 3253 2874 adjicit
3278 2846 3290 2867 ,
3322 2801 3495 2857 Gratis
3520 2820 3609 2857 ac-

2028 2897 2229 2965 cepistis
2255 2937 2270 2962 ,
2299 2897 2457 2967 gratis
2481 2896 2635 2963 date;
2667 2896 2901 2966 ipsisque
2930 2903 2984 2949 et
3005 2895 3145 2965 quod
3191 2904 3609 2950 Consentaneum

2027 2992 2331 3061 decensque
2352 2999 2489 3056 erat,
2509 2998 2559 3045 et
2590 2988 2730 3060 quod
2763 2987 3013 3058 possibile
3057 2989 3230 3058 reipsa
3262 2988 3463 3042 tribuit.
3506 2986 3612 3043 Sed

2027 3082 2221 3138 dixerit
2254 3083 2391 3138 forte
2418 3082 2712 3152 quispiam,
2746 3089 2940 3135 caetera
2970 3081 3183 3151 quidem
3233 3082 3426 3137 mtioni
3473 3096 3605 3136 con-

2029 3183 2282 3231 sentanea
2326 3187 2487 3237 esse,
2516 3172 2608 3227 sed
2661 3186 2766 3226 non
2809 3187 2992 3241 peram
3036 3170 3199 3227 invia
3250 3171 3477 3238 habere,
3507 3186 3613 3227 non

2029 3266 2161 3321 duas
2189 3265 2413 3329 tunicas,
2444 3279 2549 3317 non
2578 3264 2799 3332 virgam,
2832 3278 2935 3317 non
2960 3263 3317 3317 calceamenta
3347 3279 3445 3318 cur
3476 3279 3616 3333 prato

2030 3359 2213 3429 cepit?
2252 3356 2320 3413 Ut
2351 3358 2469 3411 illos
2498 3356 2564 3411 ad
2598 3366 2903 3412 accuratam
2953 3356 3074 3410 vita:
3113 3357 3371 3411 rationem
3398 3356 3617 3410 omnino

2033 3458 2314 3506 exerceret
2341 3467 2353 3502 :
2388 3449 2647 3519 siquidem
2675 3449 2920 3517 superius
2946 3464 3013 3502 nc
3038 3447 3105 3503 de
3130 3449 3370 3518 sequenti
3400 3448 3615 3518 quidem

2033 3540 2122 3596 die
2146 3557 2332 3595 curare
2359 3538 2619 3610 permisit.
2644 3536 2774 3591 Nam
2798 3538 2912 3591 orbi
2935 3538 3179 3592 doctores
3202 3538 3458 3591 missurus
3481 3549 3615 3598 erat.

2037 3635 2264 3704 ideoque
2290 3649 2352 3689 ex
2382 3632 2687 3686 hominibus
2714 3630 2932 3700 angelos
2952 3672 2969 3697 ,
3003 3640 3059 3685 ut
3088 3632 3157 3686 ita
3188 3630 3360 3684 dicam
3386 3672 3400 3697 ,
3434 3630 3615 3694 efficit,

2036 3726 2103 3781 ab
2119 3726 2263 3780 omni
2281 3726 2401 3780 vita:
2417 3738 2543 3777 cura
2563 3723 2794 3785 solvens,
2818 3732 2871 3777 ut
2896 3737 3052 3776 unam
3074 3721 3144 3775 illi
3162 3720 3455 3776 doctrinam
3479 3737 3623 3776 cura-

2038 3826 2192 3873 rent:
2224 3817 2330 3870 imo
2357 3825 2411 3869 et
2457 3815 2556 3869 hac
2599 3814 2717 3868 illos
2757 3828 2885 3867 cura
2936 3813 3161 3878 liberat,
3199 3813 3383 3868 dicens
3410 3830 3423 3867 :
3450 3810 3623 3866 Nolite

2038 3908 2257 3979 cogitare
2278 3907 2527 3976 quomodo
2556 3916 2643 3959 aut
2687 3904 2809 3977 quid
2846 3903 3123 3972 loquamini
3154 3902 3367 3969 (Matth.
3390 3902 3475 3956 ιθ.
3509 3904 3620 3972 l9).

2041 3998 2116 4052 lta
2144 4008 2200 4052 ut
2228 3998 2369 4069 quod
2400 3996 2610 4051 videtur
2634 3995 2828 4050 durum
2854 4007 3249 4062 oneresmnque
3276 4007 3416 4055 esse,
3441 3991 3489 4044 id
3520 3992 3625 4045 illis

2043 4091 2197 4146 facile
2237 4090 2650 4159 expeditutuque
2696 4086 2784 4141 sit.
2830 4084 2971 4139 Nihil
3001 4084 3142 4138 enim
3190 4080 3625 4151 tranquillitatem

2042 4182 2205 4238 animi
2251 4182 2417 4251 magis
2460 4180 2635 4250 parit,
2667 4192 2827 4248 quam
2873 4191 2903 4230 a
2948 4190 3074 4231 cura
3120 4173 3369 4239 liberari;
3401 4173 3631 4229 maxime

2041 4270 2163 4332 cum
2187 4275 2285 4331 hac
2306 4274 2535 4337 liberati,
2559 4278 2777 4340 possent
2797 4268 2943 4323 nullo
2964 4283 3097 4338 opus
3122 4265 3338 4333 habere,
3363 4265 3474 4321 Deo
3496 4280 3630 4333 prae-

2045 4376 2198 4423 sente
2222 4408 2237 4434 ,
2267 4364 2356 4436 qui
2388 4364 2624 4417 omnium
2654 4362 2768 4416 vice
2804 4360 2934 4431 ipsis
2958 4374 3079 4415 esse
3119 4358 3307 4428 possit.
3338 4355 3538 4411 Deinde
3566 4370 3633 4409 ne

2047 4459 2259 4523 dicant,
2295 4455 2444 4512 Unde
2474 4468 2603 4525 ergo
2633 4452 2940 4508 necessario
2970 4448 3093 4506 cibo
3121 4448 3398 4503 fruemur?
3427 4463 3533 4501 non
3552 4446 3636 4500 di-

2045 4552 2120 4606 cit
2147 4557 2253 4605 lllls
2284 4567 2297 4602 :
2322 4548 2556 4604 Audistis
2583 4546 2705 4614 quia
2726 4544 2835 4600 dixi
2864 4542 3015 4599 vobis
3046 4543 3189 4613 prius
3219 4557 3235 4596 :
3269 4540 3519 4608 Respicite
3546 4556 3635 4593 vo-

2050 4646 2211 4702 latilia
2236 4645 2345 4698 ca'li
2372 4641 2582 4712 (Matth.
2611 4640 2664 4695 6.
2688 4639 2780 4709 26)
2834 4637 3069 4692 nondum
3091 4636 3233 4691 enim
3262 4642 3505 4705 poterant
3534 4633 3639 4687 tale

2053 4748 2374 4810 pra—ceptum
2405 4734 2659 4804 operibus
2686 4731 2977 4796 exhibere,
3023 4728 3116 4784 sed
3149 4728 3249 4782 hoc
3279 4727 3434 4796 longe
3460 4726 3639 4780 minus

2055 4831 2261 4887 induxit
2306 4848 2319 4884 :
2368 4828 2566 4899 Dignus
2602 4836 2675 4880 est
2722 4824 2988 4897 aperarius
3033 4821 3143 4876 cibo
3184 4837 3277 4875 suo
3313 4836 3332 4875 :
3360 4818 3640 4874 declarans

2056 4925 2200 4995 ipsos
2229 4939 2257 4977 a
2289 4921 2565 4991 discipulis
2588 4934 2710 4975 esse
2756 4915 2977 4973 alendus
2997 4956 3012 4981 ,
3046 4924 3103 4969 ut
3146 4929 3213 4970 ne
3242 4913 3339 4983 ipsi
3380 4912 3641 4967 adversus

2056 5013 2346 5086 discipulos
2385 5013 2550 5068 altum
2578 5017 2863 5079 saperent,
2904 5006 3056 5078 quasi
3099 5005 3276 5061 omnia
3307 5003 3603 5074 praebentes
3625 5042 3640 5066 ,

2060 5107 2296 5178 nihilque
2333 5104 2660 5174 accipientes
2688 5100 2756 5155 ab
2784 5099 2921 5166 illis;
2951 5112 3123 5169 neque
3172 5095 3419 5167 discipuli
3461 5093 3637 5148 disce-

2058 5201 2244 5256 derent
2268 5199 2337 5254 ab
2368 5198 2469 5252 illis
2496 5194 2756 5265 despecti.

2130 5296 2183 5347 5.
2216 5289 2418 5347 Deinde
2443 5332 2458 5355 ,
2488 5304 2555 5343 ne
2582 5289 2827 5342 dicerent
2858 5303 2872 5339 :
2905 5284 3044 5354 Ergo
3074 5298 3174 5337 nos
3205 5295 3301 5351 pro
3328 5279 3465 5331 victu
3496 5289 3639 5327 ition-

2064 5387 2240 5443 dieare
2264 5383 2463 5455 juhes?
2491 5382 2687 5449 illaque
2733 5394 2821 5433 res
2862 5376 2989 5448 ipsis
3020 5373 3207 5445 pudori
3254 5378 3437 5425 esset:
3484 5379 3628 5417 mou-

2064 5489 2191 5534 Strat
2232 5477 2280 5531 id
2303 5493 2332 5531 a
2365 5473 2639 5544 discipulis
2668 5470 2875 5535 deberi,
2907 5468 3033 5523 dum
3064 5467 3219 5528 illos,
3251 5455 3557 5531 operarios,
3587 5464 3641 5510 et

2128 5590 2144 5620 ι
2181 5581 2399 5635 Nonnulli
2444 5586 2549 5642 rost
2580 5581 2686 5630 haec
2715 5578 2885 5636 verba,
2919 5573 3128 5636 leprosos
3154 5562 3393 5620 nmmlate,
3431 5563 3634 5622 habent,

2068 5655 2270 5702 "mrtuos
2289 5643 2529 5694 suscitata.
2979 5697 3003 5702 Π

2123 5684 2647 5764 ἕῖίῖῑιίςῖιξιζξὸἶεγέτο
2682 5702 2847 5753 Menti.
2898 5706 2950 5745 ct
2975 5697 3177 5748 (iamne,
3202 5687 3441 5748 singulari
3469 5684 3627 5746 lapsu.

2067 5779 2202 5827 Enn.

3600 284 3629 295 4.
