4042 6218
268 319 374 373 383

268 443 369 499 lior
395 453 449 499 et
474 444 688 500 suavior
709 451 813 506 est,
847 456 1003 514 quam
1034 449 1141 507 tua,
1183 448 1239 495 et
1282 439 1521 500 lucerna.
1560 454 1717 508 quam
1763 438 1846 492 lu-

269 549 433 590 cerua
465 545 587 591 tua..
623 535 678 590 Id
719 549 849 589 vero
876 534 1051 589 sciunt
1075 539 1336 602 quotquot
1365 545 1486 585 cum
1516 529 1619 585 fide
1649 538 1847 597 tempe-

266 627 402 681 stive
428 629 547 682 oleo
568 626 708 679 uncti
732 641 763 679 a
794 622 993 679 morbis
1022 621 1227 677 liberati
1251 629 1375 676 sunt
1404 619 1499 691 (a).
1528 620 1664 674 Area
1691 618 1849 673 etiam

270 717 381 771 haec
412 717 566 787 longe
589 716 778 770 melior
805 725 887 769 est
906 730 1063 784 quam
1088 713 1199 779 illa,
1227 722 1281 767 et
1309 716 1476 783 magis
1505 711 1804 766 necessaria
1832 727 1845 764 :

264 823 383 877 qum
411 823 514 861 non
550 817 745 868 vestes,
790 806 882 859 sed
918 806 1316 877 elecmosynam
1348 804 1604 859 inclusam
1648 813 1846 867 servat,

263 898 471 952 etiamsi
512 898 663 969 pauci
703 898 809 951 sint
857 896 964 961 hic,
1015 896 1107 966 qui
1161 897 1518 967 cleemosynaa
1565 894 1849 964 erogandae

264 989 509 1044 virtutem
534 989 833 1057 possideant
866 988 956 1058 (ὁ).
985 988 1177 1043 Lectus
1207 990 1334 1043 item
1360 997 1450 1042 tuo
1478 988 1843 1057 praestantior:

262 1097 384 1137 nam
415 1082 715 1136 divinarum
769 1082 925 1136 lcetio
970 1081 1360 1151 Scripturarum
1398 1081 1535 1136 lecto
1578 1080 1723 1134 omni
1765 1079 1850 1148 ju-

262 1173 489 1229 cundior
523 1181 621 1227 est.
675 1174 753 1227 Ac
788 1174 833 1227 si
859 1172 1143 1226 concordia
1171 1172 1309 1242 apud
1342 1187 1440 1226 nos
1465 1172 1691 1242 vigeret,
1737 1186 1845 1225 non

260 1265 418 1319 aliam
448 1263 766 1319 haberemus
792 1263 1031 1317 domum.
1073 1263 1223 1330 Quod
1254 1271 1433 1317 autem
1474 1261 1524 1316 id
1556 1261 1697 1332 quod
1725 1262 1847 1317 dico

261 1370 546 1411 onerosum
574 1371 680 1409 non
712 1355 799 1419 sit,
829 1355 1182 1408 testiﬁcantur
1208 1354 1282 1408 illi
1315 1364 1395 1409 ter
1421 1355 1585 1420 mille,
1615 1364 1669 1408 et
1693 1356 1848 1424 quin-

261 1447 412 1517 quies
432 1447 577 1501 mille
596 1446 837 1499 homines
866 1446 959 1515 (c),
991 1446 1080 1515 qui
1111 1460 1268 1501 uuam
1297 1454 1351 1499 et
1376 1445 1595 1500 domum
1617 1454 1671 1500 et
1696 1461 1848 1499 men-

260 1554 392 1603 sam,
424 1538 727 1593 etanimam
752 1537 1018 1590 habuere:
1052 1553 1172 1590 nam
1203 1537 1295 1600 ait,
1361 1536 1704 1590 Multitudinis
1738 1553 1847 1591 cre-

260 1631 485 1685 dentium
513 1640 620 1683 erat
664 1644 754 1682 cor
800 1644 955 1703 unum
1004 1637 1053 1682 et
1103 1628 1273 1682 animo
1321 1644 1422 1681 una
1474 1628 1612 1697 (Act.
1644 1628 1698 1683 ι.
1730 1626 1871 1699 52).'

258 1723 394 1789 Quia
425 1737 553 1775 vero
593 1722 750 1790 longe
795 1719 863 1773 ab
907 1720 1118 1774 illorum
1169 1722 1364 1775 virtute
1407 1720 1685 1786 absumus,
1711 1723 1843 1776 etin

260 1816 438 1869 varias
466 1814 656 1869 domos
681 1813 917 1869 distracti
945 1826 1147 1877 sumus,
1177 1814 1364 1869 saltem
1391 1829 1513 1869 cum
1540 1815 1627 1870 hic
1650 1830 1846 1870 conve-

260 1906 457 1972 nimus,
500 1904 625 1959 illud
654 1904 892 1959 studiose
921 1903 1195 1959 faciamus.
1224 1904 1355 1960 Nam
1378 1905 1423 1959 si
1455 1905 1507 1959 in
1538 1905 1656 1959 aliis
1689 1920 1842 1960 men-

258 1998 361 2051 dici
392 2006 445 2051 ct
472 2011 729 2067 pauperes
754 2011 972 2061 sumus,
1005 1998 1058 2051 in
1093 1997 1178 2053 his
1216 2006 1364 2053 certe
1392 1996 1604 2053 divites.
1647 1997 1844 2064 Quam-

254 2086 439 2141 obrem
488 2086 590 2140 huc
637 2086 826 2142 saltem
871 2101 970 2141 nos
1010 2087 1268 2142 intrantes
1309 2102 1429 2142 cum
1472 2102 1656 2143 amore
1697 2088 1837 2143 exci-

252 2179 381 2247 pite.
418 2178 483 2231 Et
518 2192 638 2231 cum
678 2176 874 2241 dicam,
920 2177 1024 2231 Pax
1067 2178 1236 2239 vobis,
1279 2178 1488 2243 dicatis,
1520 2178 1588 2233 Et
1630 2179 1839 2249 spiritui

254 2279 372 2325 tuo:
404 2285 508 2325 non
541 2285 671 2323 voce
702 2278 929 2335 tantum,
960 2271 1050 2324 sed
1083 2271 1296 2336 animo;
1342 2286 1448 2325 non
1493 2287 1588 2326 ore
1611 2280 1836 2335 tantum,

252 2361 345 2416 sed
390 2370 445 2416 et
492 2370 691 2416 mente.
722 2361 776 2416 Si
804 2377 930 2417 vero
953 2362 1040 2415 hic
1063 2362 1282 2427 dixeris,
1315 2364 1421 2417 Pax
1440 2365 1600 2419 etiam
1627 2364 1838 2434 spiritui

252 2464 379 2519 tuo;
411 2454 538 2511 foris
568 2470 693 2509 vero
726 2470 811 2509 me
841 2454 1140 2525 impugnes,
1172 2470 1454 2524 conspuas,
1498 2472 1585 2511 me
1615 2456 1838 2511 maledi-

248 2550 351 2603 ctis
382 2547 781 2618 innumerisque
831 2548 1056 2617 impetas
1100 2547 1421 2616 opprobriis,
1469 2564 1711 2618 quamam
1750 2546 1836 2601 illa

252 2654 351 2709 pax
374 2640 399 2692 τ
438 2639 548 2710 Ego
581 2640 723 2693 enim
746 2679 761 2703 ,
790 2638 891 2693 etsi
919 2638 1221 2693 sexcenties
1248 2636 1553 2702 maledicas,
1584 2653 1716 2707 puro
1743 2636 1835 2692 tibi

248 2732 411 2787 corde
438 2748 620 2802 pacem
648 2731 791 2796 dico,
820 2731 1137 2800 sinceraque
1168 2740 1365 2796 mente,
1411 2744 1510 2784 nec
1541 2729 1666 2799 quid
1711 2728 1834 2783 mali

249 2825 319 2881 de
363 2832 415 2880 te
455 2839 668 2895 possum
714 2823 893 2879 dicere
927 2841 939 2876 :
972 2835 1190 2893 paterna
1224 2822 1420 2894 quippe
1449 2838 1578 2891 gero
1606 2822 1831 2876 viscera.

250 2918 308 2974 Si
335 2926 385 2974 te
411 2919 728 2989 quandoque
764 2931 1002 2987 carpam,
1032 2931 1157 2971 cura
1190 2916 1261 2970 tui
1296 2928 1568 2986 permotus
1595 2914 1644 2968 id
1677 2913 1831 2969 facio.

249 3010 330 3065 'I‘u
365 3026 490 3064 Vero
535 3014 834 3065 clanculum
876 3010 1112 3073 mordes,
1147 3020 1200 3064 et
1230 3024 1349 3064 cum
1381 3024 1466 3063 me
1494 3009 1544 3062 in
1568 3007 1830 3063 dominica

246 3101 410 3156 dmno
454 3117 559 3157 non
609 3102 866 3171 excipias,
919 3116 1109 3156 vereor
1151 3117 1217 3155 ne
1263 3101 1391 3156 mihi
1424 3115 1709 3156 maerorem
1739 3114 1835 3153 au-

247 3208 415 3263 geas:
450 3207 553 3247 non
580 3196 701 3262 quia
721 3194 1040 3248 contumelia
1065 3191 1308 3258 affecisti,
1333 3207 1436 3246 non
1460 3191 1581 3262 quia
1603 3190 1829 3262 eiecisti,

246 3282 342 3339 sed
374 3284 493 3354 quia
527 3299 709 3354 pacem
734 3284 993 3379 repu‘liSIi,
1040 3293 1096 3339 et
1135 3299 1300 3353 grave
1339 3284 1466 3338 illud
1507 3284 1598 3339 tibi
1626 3284 1831 3354 suppli-

244 3376 386 3431 cium
424 3376 709 3430 attraxisti.
765 3375 982 3429 Etiamsi
1029 3378 1171 3431 enim
1218 3377 1486 3445 pulverem
1518 3391 1623 3431 non
1665 3392 1829 3431 excu-

248 3468 397 3533 tiam,
445 3467 651 3521 etiamsi
695 3481 799 3520 non
845 3474 1075 3529 avertar,
1122 3466 1466 3521 comminatio
1512 3477 1688 3522 tamen
1728 3468 1831 3522 im-

244 3569 389 3615 mota
420 3571 615 3613 manet.
666 3557 776 3626 Ego
805 3572 1033 3627 namque
1062 3572 1245 3628 pacem
1274 3558 1425 3613 vobis
1454 3573 1596 3629 saepe
1626 3567 1828 3627 repeto,

245 3666 420 3721 neque
447 3650 655 3705 dicendi
683 3652 842 3705 tinem
869 3648 1095 3714 faciam;
1133 3649 1275 3719 quod
1304 3650 1348 3705 si
1379 3666 1465 3705 me
1489 3666 1609 3705 cum
1641 3660 1832 3706 contu-

244 3745 421 3799 mellis
468 3744 745 3812 excipiatis
775 3744 791 3775 ¹
816 3784 832 3805 ,
886 3759 1057 3812 neque
1099 3742 1175 3799 sic
1215 3745 1489 3814 pulverem
1517 3745 1779 3800 excutiam
1811 3764 1825 3800 :

242 3852 351 3891 non
378 3834 521 3907 quod
554 3835 778 3891 Domino
807 3853 909 3889 non
940 3852 1174 3906 paream,
1199 3836 1292 3891 sed
1321 3836 1442 3908 quia
1463 3852 1645 3893 amore
1666 3839 1829 3893 vestri

245 4015 325 4125 ωί
362 4012 551 4075 Aliqui,
570 4010 699 4075 quod
719 4011 763 4062 si
784 4024 858 4061 me
874 4011 1170 4063 contumeliis
1191 4010 1411 4077 uﬂieiatis
1432 4020 1477 4066 et
1497 4026 1591 4065 non
1612 4015 1832 4078 excipia-

306 4157 381 4222 (a)
416 4156 765 4222 singulareest
787 4156 915 4220 quod
940 4156 1016 4206 hic
1038 4157 1212 4207 dicitur
1235 4157 1300 4222 de
1323 4159 1384 4207 iis
1413 4159 1498 4221 qui
1520 4171 1583 4208 ex
1606 4159 1720 4211 oleo
1752 4161 1828 4212 Iu-

242 4218 411 4269 εει-(ιω
435 4219 483 4267 in
508 4218 712 4268 ecclesia
737 4218 953 4268 ardentis
973 4222 1105 4269 uncti
1128 4218 1489 4269 convaluerant.

310 4302 382 4365 (ὁ)
417 4310 608 4351 Graecus
630 4310 796 4352 textus
817 4304 887 4352 sic
904 4302 1049 4353 effert
1070 4303 1198 4352 hunc
1214 4302 1389 4362 locum,
1409 4316 1450 4355 at
1474 4317 1541 4368 γάρ
1562 4315 1715 4365 ἱμάτια.
1744 4319 1829 4358 ἀλλ’

513 4374 584 4426 [lu
607 4376 946 4428 mulswptvqy,
978 4378 1010 4414 sl
1030 4378 1089 4415 καὶ
1109 4378 1222 4428 “irit
1246 4377 1332 4416 ιὶσὶν
1363 4376 1399 4415 οἱ
1429 4380 1635 4427 animum
1667 4380 1828 4421 ινταῦοι.

244 4425 359 4485 Qua:
402 4427 459 4473 ad
485 4425 696 4486 litteram
722 4426 793 4475 sic
822 4426 1106 4485 redduntur,
1133 4425 1225 4476 non
1249 4428 1375 4477 enim
1405 4425 1573 4486 vestes,
1602 4430 1689 4479 sed
1708 4431 1831 4480 elee-

245 4484 491 4552 mw»
513 4484 651 4552 [abet
668 4485 917 4552 inclusam,
930 4484 1218 4552 quamquam
1233 4487 1377 4550 pauci
1391 4487 1484 4538 sint
1494 4484 1573 4539 hic
1588 4490 1832 4544 οοεδίάεη-

245 4556 332 4599 tes.
357 4549 436 4613 De
456 4549 592 4610 cujus
612 4558 777 4597 autem
799 4549 874 4597 rvi
908 4549 1215 4613 possessiione
1250 4557 1431 4613 agatur,
1456 4564 1551 4600 non
1585 4553 1649 4601 ita
1687 4552 1830 4603 facile

246 4618 324 4674 est
345 4611 638 4674 decernere.
676 4616 772 4674 Non
806 4611 1030 4674 enimide
1064 4611 1371 4674 possessione
1405 4612 1692 4670 divitiarum,
1719 4629 1831 4666 cum

242 4670 498 4747 {tm-iocbta
522 4671 706 4747 civitas,
745 4672 793 4747 in
813 4684 909 4734 qua
939 4673 1045 4747 haec
1064 4670 1269 4747 'bomilia
1301 4674 1587 4747 habebatur.
1614 4675 1827 4747 _0pulen-

243 4734 431 4797 tissima
456 4738 586 4797 esset
615 4739 728 4781 tunc
745 4736 992 4797 temporis.
1012 4742 1142 4784 nunc
1160 4734 1314 4784 locum
1334 4738 1404 4784 sic
1419 4749 1477 4785 ex
1486 4736 1629 4797 plimt
1652 4734 1699 4786 in
1717 4746 1828 4788 nota

243 4792 640 4844 Itontefalcouius
675 4810 686 4840 ς
728 4811 750 4839 ιι
788 4792 1002 4845 Auctoris
1038 4804 1241 4845 mentem
1279 4796 1403 4846 hanc
1434 4792 1537 4847 esse
1557 4797 1783 4849 existimo
1811 4814 1829 4850 :

244 4868 371 4925 {rea
386 4855 473 4905 illa
495 4854 711 4925 ecclesiw
732 4856 958 4925 pecunias
979 4856 1149 4907 obtinet
1172 4857 1604 4925 ad‘eleemosynam
1624 4873 1829 4925 erogan-

242 4917 379 4976 dam,
405 4929 550 4981 quam
568 4916 804 4981 virtutem,
838 4917 1148 4981 eteemosyna:
1170 4917 1351 4969 scilicet
1373 4916 1648 4980 erogandaz,
1670 4916 1734 4971 αἱ
1755 4923 1830 4972 Itis

242 4977 560 5043 pauentibus
582 4978 724 5038 pauci
754 4978 1009 5042 possident.
1036 4977 1058 5023 ἱ
1097 4988 1209 5038 owe
1247 4977 1827 5043 quideminterpretatio,

242 5041 288 5089 si
311 5042 504 5097 rationi,
532 5054 626 5101 non
650 5043 973 5101 grammaticae
1012 5048 1243 5089 consonat
1267 5041 1280 5089 Ξ
1311 5054 1399 5089 vox
1436 5043 1566 5090 enim
1585 5041 1831 5101 ,‘eteemo-

241 5114 385 5165 syria,
401 5100 559 5165 semel
583 5100 809 5165 usurpata
829 5102 887 5149 ad
913 5103 1165 5165 pecuniam
1185 5100 1657 5163 designandum,non
1676 5104 1830 5155 debet

242 5161 548 5225 subintelligi
572 5163 630 5211 ad
652 5161 1010 5225 signiﬁcandam
1034 5161 1361 5225 eleetnosytia:
1383 5161 1630 5214 virtutem.
1664 5173 1829 5216 Nostra

242 5235 411 5287 autem
430 5222 691 5287 sententia,
701 5222 852 5272 'Iuens
874 5223 1185 5287 AuctorisSic
1211 5222 1387 5273 melius
1410 5226 1829 5287 explicatur:Arca

248 5286 329 5351 illa
347 5284 573 5351 ecclesiae
597 5287 825 5351 pecunias
843 5285 1030 5351 obtinet
1050 5284 1110 5332 ad
1134 5284 1495 5347 eluemosynam
1536 5289 1827 5351 erogandam

245 5350 323 5408 (et
347 5347 470 5395 hanc
491 5347 648 5413 arcam
674 5347 1150 5413 interpossessiones
1169 5356 1355 5395 nostras
1370 5347 1650 5411 recenseo),
1666 5363 1830 5413 quam-

241 5421 395 5475 quam
420 5411 556 5475 pauci
579 5410 675 5475 siut
691 5408 767 5456 hic
783 5408 947 5475 (hujus
962 5410 1107 5475 artae)
1126 5421 1452 5475 possessores.
1467 5408 1673 5475 tlocest,
1684 5408 1827 5475 "pauci

244 5468 577 5533 eleemnsyuis
593 5472 694 5533 suis
706 5468 1006 5533 arcamillam
1023 5468 1234 5533 ditantes
1259 5484 1271 5518 :
1297 5469 1383 5519 soli
1402 5471 1531 5519 enim
1550 5468 1829 5532 hujus'arae

245 5529 561 5597 possessglres
577 5531 668 5597 dici
690 5532 994 5597 possunt‘qui
1014 5533 1060 5579 in
1084 5529 1165 5597 illa
1190 5531 1526 5597 eleetnosyuas
1546 5529 1661 5583 suas
1682 5549 1828 5597 repo-

240 5590 367 5642 Sitas
389 5591 588 5641 habent.
622 5590 865 5644 Calculum
887 5590 1045 5641 ferant
1075 5593 1333 5642 doctiores.

313 5672 489 5743 (c)1_lli
509 5670 701 5743 scilicet
736 5676 793 5743 ad
820 5673 962 5743 fidem
994 5678 1217 5729 conversi
1262 5677 1325 5727 de
1356 5678 1535 5743 quibus
1569 5679 1617 5728 in
1641 5680 1830 5730 Actibus

245 5736 592 5799 δίκδειυιυιυιιιιι,
617 5746 667 5787 ιιι
690 5736 810 5787 infra
834 5738 1024 5788 indicat.

1260 321 1325 376 IN
1363 319 1770 377 MATTIIEUM
1812 317 2038 374 llOEIIL.
2072 319 2284 376 XXXII.
2323 322 2395 376 al.
2439 321 2673 380 XXXIII.

3445 321 3547 377 386

1971 435 2337 493 vehementius
2363 439 2548 495 ardeo.
2574 441 2819 512 Alioquin
2840 452 3020 498 autem
3047 441 3175 498 nihil
3204 452 3421 514 propter
3449 460 3548 499 vos

1967 524 2118 580 ardui
2174 526 2309 595 feci,
2358 544 2466 583 non
2504 529 2717 601 longam
2763 534 3247 604 peregrinationem
3296 548 3544 599 suscepi,

1958 630 2130 685 neque
2173 631 2294 671 cum
2323 618 2413 674 illo
2437 619 2619 676 habitu
2649 623 2733 677 vel
2761 634 3074 693 paupertate
3105 624 3222 678 veni
3253 623 3408 694 (ideo
3432 637 3547 677 uos-

1958 705 2100 775 ipsos
2128 707 2274 775 prius
2299 713 2650 782 accusemus)
2676 754 2690 778 ,
2742 728 2916 783 neque
2946 714 3063 769 sine
3086 715 3463 769 calceamentis
3491 723 3546 767 et

1954 794 2148 863 duplici
2176 798 2351 852 tunica
2382 800 2665 866 venimus;
2718 802 2943 873 ideoque
2984 804 3210 858 fortasse
3246 819 3338 858 vos
3368 814 3542 857 vestra

1957 886 2283 955 lleglexistis.
2340 891 2591 946 Attamen
2626 892 2739 947 ha-c
2770 893 2919 949 vobis
2945 894 3010 948 ad
3041 895 3403 965 purgationem
3438 911 3541 947 non

1953 974 2256 1042 sufliciunt;
2308 980 2402 1034 sed
2449 983 2653 1036 crimen
2700 993 2941 1038 nostrum
2984 984 3154 1053 majus
3196 994 3311 1049 est,
3371 998 3543 1053 neque

1953 1075 2130 1120 tamen
2162 1069 2315 1123 venia
2345 1071 2495 1125 vobis
2522 1073 2867 1127 concedetur.

2023 1158 2076 1211 7.
2120 1159 2335 1214 Horati:
2381 1164 2665 1217 exhortatio
2694 1166 2763 1218 ad
2790 1168 3115 1221 reverentiam
3161 1171 3213 1224 in
3252 1175 3461 1230 ecclesia
3496 1187 3543 1231 et

1950 1250 2211 1304 caritatem
2234 1262 2481 1307 mutuam.
2532 1255 2635 1309 Cur
2654 1258 2799 1327 signa
2826 1259 2970 1313 edere
2996 1266 3259 1316 cessaverit
3288 1266 3441 1321 Deus.
3471 1300 3542 1310 —

1952 1340 2101 1396 Tunc
2139 1341 2332 1398 domus
2379 1346 2623 1401 ecclesiae
2664 1358 2852 1415 erant;
2902 1367 3046 1407 nunc
3086 1356 3310 1410 ecclesia
3351 1358 3543 1416 domus

1951 1432 2084 1487 facta
2127 1443 2229 1489 est.
2281 1435 2421 1490 Nihil
2467 1446 2592 1493 tunc
2638 1439 2690 1494 in
2734 1441 2895 1496 domo
2937 1445 3195 1502 sarculare
3228 1448 3538 1508 dicebatur:

1951 1524 2170 1578 nuncin
2199 1526 2423 1581 ecclesia
2454 1528 2586 1583 nihil
2616 1531 2894 1600 spirituale
2938 1535 3152 1601 dicitur,
3195 1539 3290 1593 sed
3335 1550 3388 1595 et
3436 1540 3543 1597 huc

1948 1616 2107 1670 etiam
2153 1615 2251 1672 fori
2278 1619 2487 1688 negotia
2532 1620 2781 1676 inducitis
2827 1641 2841 1677 :
2888 1624 3105 1696 Deoque
3132 1628 3404 1698 loquente,
3432 1647 3538 1687 non

1949 1709 2109 1763 modo
2151 1710 2325 1779 ipsum
2369 1713 2587 1768 silentio
2636 1730 2741 1769 non
2788 1716 3003 1783 auditis,
3042 1720 3135 1774 sed
3174 1725 3439 1777 contraria
3482 1724 3538 1780 in

1949 1799 2179 1854 medium
2210 1801 2435 1856 adducta
2465 1804 2675 1874 negotia
2700 1806 2979 1875 loquimini
3011 1825 3030 1862 :
3057 1820 3220 1879 atque
3246 1812 3443 1868 utinam
3475 1831 3539 1871 ea

1945 1905 2065 1959 qua:
2106 1892 2172 1946 ad
2222 1907 2317 1948 vos
2361 1896 2632 1964 pertinent
2665 1909 2909 1964 tantum;
2954 1917 3096 1957 nunc
3122 1913 3299 1959 autem
3330 1922 3391 1960 ea
3422 1924 3540 1976 qua:

1946 1982 2075 2037 nihil
2100 1984 2167 2037 ad
2196 1999 2293 2038 vos
2318 1996 2562 2055 spectant
2584 1999 2639 2044 et
2664 1990 2842 2046 dicitis
2862 2002 2916 2047 et
2939 1994 3155 2049 auditis.
3206 1996 3332 2052 Ideo
3355 1999 3535 2070 lugeo,

1944 2083 1999 2129 et
2038 2074 2248 2145 lugendi
2272 2078 2430 2133 linem
2463 2095 2566 2134 non
2597 2081 2806 2137 faciam.
2848 2083 3034 2155 Neque
3057 2087 3201 2141 enim
3232 2103 3446 2158 possum
3472 2109 3536 2147 ex

1945 2163 2046 2220 hac
2069 2165 2232 2221 domo
2264 2168 2552 2239 proﬁcisci,
2591 2173 2684 2227 sed
2708 2174 2795 2228 hic
2822 2190 3041 2232 manere
3070 2193 3290 2234 necesse
3311 2195 3413 2245 εει,
3436 2182 3537 2237 do-

1945 2269 2045 2310 nec
2077 2271 2145 2312 ex
2180 2260 2431 2327 ιιι-ωεξηιί
2457 2277 2713 2319 exeamus
2750 2266 2879 2319 vita.
2936 2265 3202 2336 Suscipite
3240 2286 3372 2343 ergo
3415 2288 3533 2339 nos,

1944 2346 2082 2402 sicut
2103 2347 2301 2404 Paulus
2327 2349 2401 2422 (2.
2432 2351 2549 2406 Cor.
2582 2354 2633 2406 7.
2659 2354 2719 2423 2)
2748 2358 3018 2426 prmeepit.
3061 2357 3243 2427 Neque
3287 2361 3431 2416 ettim
3465 2362 3536 2419 de

1942 2452 2126 2492 mensa
2173 2438 2489 2510 loquebatur
2535 2442 2648 2510 ille,
2698 2444 2795 2499 sed
2836 2445 2905 2501 de
2956 2447 3226 2505 voluntate
3248 2460 3302 2505 et
3332 2451 3533 2507 animo.

1943 2528 2056 2583 Hoc
2081 2537 2136 2584 et
2156 2545 2259 2607 nos
2282 2546 2313 2585 a
2344 2532 2495 2587 vobis
2526 2534 2877 2601 postulamus,
2925 2538 3225 2602 caritatem,
3277 2550 3334 2597 et
3386 2557 3535 2596 amo-

1942 2636 2053 2675 rem
2083 2621 2232 2677 illum
2273 2623 2549 2680 ardentem
2576 2635 2630 2681 et
2666 2628 2957 2684 sincerum.
3013 2630 3167 2699 Quod
3213 2634 3258 2688 si
3300 2635 3401 2691 hoc
3428 2652 3532 2692 non

1942 2710 2111 2777 fertis,
2155 2712 2344 2768 saltem
2386 2729 2481 2769 vos
2529 2726 2717 2772 mutuo
2758 2729 2954 2786 amate,
3002 2734 3319 2791 praisentem
3363 2725 3531 2796 depo-

1942 2813 2131 2859 nentes
2153 2805 2555 2876 negligentiam.
2569 2808 2681 2865 Hoc
2701 2810 2855 2865 nobis
2879 2812 2946 2867 ad
2966 2814 3388 2870 consolationem
3406 2818 3535 2872 satis

1938 2903 2040 2961 est,
2063 2896 2108 2949 si
2130 2896 2404 2952 videamus
2425 2914 2518 2953 vos
2537 2910 2685 2956 recte
2704 2912 2923 2971 agentes
2946 2913 3001 2958 et
3023 2905 3276 2960 meliores
3291 2907 3529 2962 ell'ectos.

1937 2984 2027 3040 Sic
2071 2986 2328 3056 majorem
2360 3003 2461 3058 ego
2495 2990 2769 3046 caritatem
2815 2993 3111 3061 exhibebo,
3152 2996 3196 3049 si
3246 2994 3533 3052 ferventius

1936 3078 2322 3138 amans.minus
2339 3094 2489 3134 atner
2503 3098 2533 3134 ιι
2557 3081 2891 3137 vobis.Multa
2907 3084 3049 3139 enim
3070 3100 3167 3140 nos
3180 3086 3527 3158 coniungunt:

1940 3184 2038 3222 una
2068 3184 2250 3224 mensa
2277 3172 2525 3225 omnibus
2558 3175 2827 3243 proposita
2847 3216 2859 3235 .
2894 3190 3031 3230 unus
3061 3177 3214 3231 nobis
3244 3189 3396 3246 pater
3423 3190 3525 3244 est,

1936 3262 2124 3316 eodem
2155 3270 2308 3332 partu
2338 3278 2526 3318 onmes
2556 3265 2872 3333 prodiimus,
2928 3267 3067 3322 idem
3099 3278 3253 3338 potus
3279 3271 3528 3326 omnibus

1936 3351 2091 3405 datus
2120 3362 2233 3418 est;
2273 3354 2381 3408 imo
2408 3370 2513 3409 non
2541 3356 2714 3409 solum
2748 3357 2887 3412 idem
2917 3368 3093 3428 potus,
3123 3357 3219 3418 Sed
3247 3375 3311 3414 ex
3337 3360 3526 3416 eodem

1936 3446 2103 3500 calice
2131 3446 2444 3502 sumendus.
2468 3447 2629 3503 Pater
2658 3450 2801 3503 enim
2832 3458 3035 3515 noster,
3085 3467 3208 3508 cum
3246 3467 3343 3508 nos
3370 3452 3531 3509 vellet

1937 3537 1989 3589 in
2038 3548 2277 3591 mutuum
2308 3553 2544 3593 amorem
2595 3539 2867 3603 inducere,
2898 3541 3025 3597 illud
3052 3543 3383 3598 machinatus
3413 3553 3528 3608 est,

1937 3637 1996 3681 ut
2041 3644 2106 3683 ex
2140 3645 2244 3683 uno
2271 3629 2436 3685 calice
2465 3630 2809 3696 biberemus;
2850 3633 2991 3702 quod
3018 3635 3263 3689 maxime
3283 3643 3367 3690 est
3390 3636 3529 3689 cari-

1937 3720 2082 3773 tatis.
2130 3719 2233 3775 Sed
2259 3722 2540 3792 apostolis,
2590 3723 2820 3793 inquies,
2870 3724 3016 3795 digui
3058 3739 3164 3779 non
3211 3739 3416 3781 smnus.
3470 3724 3525 3780 ld

1935 3824 2036 3880 ego
2061 3811 2249 3875 lateor,
2300 3826 2400 3867 nec
2446 3829 2696 3884 umquam
2734 3815 3063 3885 negaverim.
3110 3815 3227 3871 Non
3252 3817 3395 3872 enim
3420 3816 3524 3871 illis

1937 3901 2097 3956 modo
2127 3944 2140 3966 ,
2172 3902 2266 3958 sed
2313 3918 2381 3959 ne
2429 3904 2633 3959 umbra:
2668 3904 2885 3974 quidem
2927 3905 3139 3961 illorum
3178 3907 3525 3976 comparandi

1936 4010 2141 4049 sumus.
2187 3997 2433 4049 Attamen
2461 4010 2554 4050 vos
2580 3998 2813 4050 officium
2845 4008 3080 4052 vestrum
3118 3999 3356 4067 implete.
3408 3999 3521 4054 Non

1934 4088 2076 4140 enim
2100 4087 2227 4141 illud
2260 4088 2413 4142 vobis
2442 4104 2695 4159 umquam
2728 4089 2915 4159 pudori
2945 4090 3069 4153 erit,
3117 4091 3210 4145 sed
3257 4106 3350 4146 vos
3394 4107 3519 4145 ma-

1935 4181 2075 4234 xime
2115 4180 2341 4249 juvabit.
2382 4180 2515 4235 Cum
2547 4181 2690 4235 enim
2736 4180 2898 4235 etiam
2924 4196 3051 4252 erga
3090 4181 3337 4252 indignos
3363 4182 3523 4237 talem

1934 4269 2255 4325 exhibebitis
2289 4286 2549 4334 amorem,
2599 4272 2757 4327 talem
2802 4271 3229 4343 obsequentiam,
3258 4283 3384 4330 tunc
3404 4290 3520 4329 ma-

1930 4364 2103 4435 jorem
2136 4364 2405 4434 recipietis
2436 4364 2764 4419 mercedem.
2795 4364 2910 4420 Non
2946 4374 3125 4421 nostra
3158 4367 3355 4437 quippe
3392 4366 3524 4424 dici-

1935 4471 2090 4523 mus;
2129 4458 2251 4527 quia
2292 4457 2469 4511 nullus
2493 4466 2577 4513 est
2606 4458 2758 4513 nobis
2789 4458 2979 4514 doctor
3005 4460 3056 4515 in
3084 4469 3258 4526 terra;
3286 4459 3379 4515 sed
3402 4476 3521 4531 quae

1934 4550 2257 4618 accepimus,
2297 4548 2509 4616 damus,
2559 4559 2615 4605 et
2660 4566 2760 4621 pro
2785 4554 2909 4606 dato
2938 4552 3068 4606 nihil
3093 4567 3123 4607 a
3164 4552 3314 4607 vobis
3344 4554 3524 4623 requi-

1936 4643 2121 4707 rimus,
2173 4641 2271 4695 nisi
2322 4650 2380 4696 ut
2422 4640 2761 4697 redamemur
2807 4651 3035 4696 tantum.
3080 4641 3232 4711 Quod
3271 4643 3315 4697 si
3358 4644 3518 4699 etiam

1934 4749 2118 4789 amore
2158 4732 2354 4804 indigni
2403 4746 2590 4787 sumus
2618 4775 2632 4797 ,
2675 4732 2758 4787 vel
2806 4733 2930 4787 hinc
2974 4733 3078 4787 cito
3107 4734 3308 4789 erimus
3350 4732 3519 4802 digni,

1934 4824 2072 4893 quod
2123 4838 2217 4877 vos
2259 4839 2383 4878 vere
2429 4839 2692 4878 amemus.
2736 4822 3179 4894 Quandoquidem
3208 4824 3514 4880 mandatum

1938 4916 2088 4968 nubis
2131 4925 2231 4976 est,
2279 4930 2383 4967 non
2413 4914 2588 4968 solum
2610 4929 2704 4967 eos
2728 4913 2817 4983 qui
2853 4924 3153 4968 nos/amant
3178 4929 3379 4980 amare,
3422 4915 3549 4970 sed‘

1935 5007 2096 5059 etiam
2138 5004 2382 5058 inimicos
2432 5003 2673 5073 diligere.
2727 5004 2857 5070 Quis
2883 5004 2952 5057 ita
3003 5005 3268 5071 immanis,
3302 5006 3423 5077 quis
3448 5006 3518 5061 ita

1938 5095 2100 5159 ferus,
2133 5094 2225 5164 qui
2253 5092 2339 5147 tali
2368 5102 2583 5162 accepta
2616 5093 2731 5163 lege
2755 5135 2769 5159 ,
2798 5095 2956 5147 etiam
2988 5099 3068 5149 sui
3096 5106 3340 5151 amantes
3373 5113 3527 5152 aver-

1935 5194 2085 5240 setur
2134 5193 2187 5240 et
2213 5184 2334 5239 odio
2378 5183 2591 5250 habeat,
2624 5184 2833 5239 etiamsi
2862 5186 3004 5240 mille
3028 5186 3094 5239 sit
3121 5187 3262 5241 vitiis
3287 5187 3476 5257 plenus
3504 5195 3523 5246 ἒ

1935 5277 2129 5331 Mensa:
2154 5275 2444 5344 spiritualis
2469 5282 2746 5329 consortes
2767 5273 2965 5330 fuimus
2999 5294 3011 5330 :
3040 5276 3330 5347 spiritualis
3353 5277 3510 5330 etiam

1935 5367 2170 5422 caritatis
2190 5375 2471 5421 consortes
2502 5368 2689 5420 simus.
2717 5365 2847 5420 Nam
2878 5368 2922 5423 si
2954 5367 3206 5433 latrones,
3238 5367 3328 5436 qui
3358 5367 3515 5419 simul

1939 5467 2242 5519 vescuntur,
2274 5456 2442 5511 muris
2469 5457 2547 5511 sui
2582 5466 2767 5511 mutuo
2796 5458 3202 5523 obliviscuntur,
3231 5470 3389 5527 quam
3423 5470 3520 5509 no;

1936 5551 2332 5605 excusationem
2382 5547 2716 5615 habebimus,
2748 5550 2836 5619 qui
2867 5547 3117 5603 duminici
3148 5546 3390 5616 corporis
3431 5563 3523 5603 su-

1936 5654 2053 5694 mus
2079 5646 2376 5705 consortes,
2422 5653 2523 5694 nec
2547 5638 2758 5694 illorum
2787 5640 3242 5694 mansuetudinem
3276 5648 3519 5692 mutuam

1939 5732 2240 5787 imitamur?
2282 5732 2440 5803 Atqui
2465 5731 2646 5789 multis
2673 5746 2778 5788 non
2805 5744 3005 5787 mensae
3028 5737 3251 5794 mnum,
3278 5730 3381 5786 scd
3408 5728 3530 5784 civi-
