4042 6218
522 306 625 363 387

524 432 650 487 tatis
677 429 837 484 etiam
864 420 1091 481 societas
1121 423 1251 478 satis
1287 421 1384 476 fuit
1408 421 1473 475 ad
1499 421 1786 476 amicitiam
1813 437 1826 473 :
1860 435 1957 474 uos
1983 434 2107 473 νε·νο

522 524 610 592 qui
637 520 880 577 eamdem
909 518 1162 572 habemus
1184 515 1474 579 civitatem,
1507 514 1751 579 domum,
1792 514 1951 577 viam,
1981 528 2108 582 por-

525 626 652 679 tam,
703 612 957 670 radicem,
1002 611 1183 670 vitam,
1231 608 1366 662 idem
1414 618 1593 675 caput,
1634 605 1880 659 eumdem
1928 614 2105 674 pastu-

523 720 657 765 rem,
709 717 917 771 regcm,
969 699 1275 762 doctorem,
1318 698 1588 765 judicent,
1636 704 1970 756 creatorem,
2010 709 2105 763 pa-

525 804 681 857 trem,
720 792 1001 859 omniaque
1038 790 1360 850 communia,
1395 802 1495 858 qua
1523 788 1720 839 erimus
1754 786 1903 841 venia
1940 787 2105 855 digni,

519 887 562 939 si
594 886 817 939 invicem
845 882 1236 937 dissideamus?
1271 880 1460 933 Verum
1493 879 1639 948 signa
1686 879 1945 946 qu1eritis,
1989 893 2108 945 qua:

521 977 592 1031 illi
635 976 859 1047 ingressi
904 972 1186 1037 faciebant,
1232 972 1473 1040 leprosos
1519 969 1864 1034 mandabant,
1911 968 2111 1020 d:_rmo-

520 1083 615 1121 nas
643 1066 947 1134 cjiciebant,
1000 1070 1238 1116 mortuos
1264 1059 1627 1113 suseitabant?
1670 1057 1775 1111 Sed
1802 1068 1855 1110 ct
1884 1057 1982 1110 hoc
2014 1073 2110 1109 no-

520 1158 733 1212 bilitatis
755 1166 944 1211 vestrm.
966 1156 1254 1207 maximum
1285 1153 1534 1205 indicium
1567 1159 1667 1211 est,
1695 1150 1996 1218 amorisque
2021 1165 2112 1200 ve»

521 1250 639 1311 stri,
680 1246 819 1317 quod
871 1247 985 1299 sine
1032 1245 1338 1314 pignoribus
1376 1242 1674 1311 bujusmudi
1710 1242 1817 1295 Deo
1856 1239 2105 1294 credatis.

526 1339 596 1392 Ea
626 1338 766 1391 enim
797 1336 865 1390 de
893 1351 1049 1389 causa
1097 1334 1324 1388 cessavit
1352 1334 1490 1386 Deus
1516 1332 1663 1401 signa
1688 1333 1846 1385 edere.
1866 1372 1879 1394 ,
1924 1331 2078 1382 aliam
2096 1357 2112 1369 -

521 1445 627 1495 que
656 1443 872 1483 causam
905 1428 1136 1496 profero.
1175 1425 1302 1479 Nam
1338 1426 1406 1489 si,
1433 1425 1763 1478 cessantibus
1790 1424 1975 1494 signis,
2021 1422 2109 1490 qui

522 1520 640 1572 aliis
690 1518 901 1572 dotibus
937 1528 1058 1570 sunt
1100 1516 1365 1580 instructi,
1421 1524 1476 1567 ut
1521 1515 1666 1567 verbi
1715 1514 1992 1584 sapientia,
2027 1513 2111 1567 vel

523 1612 733 1680 pietatis
768 1610 1095 1679 praestantia,
1125 1624 1274 1662 vanu!
1302 1607 1484 1676 gloriae
1520 1617 1641 1659 sunt
1668 1604 1856 1667 dediti,
1887 1621 2005 1659 sese
2035 1605 2113 1658 ef-

525 1702 722 1765 ferunt,
768 1714 995 1769 seseque
1041 1700 1107 1751 ab
1154 1699 1273 1751 aliis
1315 1698 1599 1766 sejungunt
1638 1715 1650 1750 :
1695 1698 1739 1750 si
1770 1697 1928 1750 etiam
1961 1696 2109 1763 signa

523 1793 791 1851 adessent,
836 1806 942 1860 quo
970 1806 1073 1843 non
1101 1796 1451 1857 erumperent
1480 1786 1805 1840 schismata?
1842 1786 1992 1850 Quad
2019 1800 2113 1838 au-

526 1893 631 1937 tem
678 1883 792 1935 huic
834 1898 937 1935 non
986 1897 1049 1934 es
1103 1879 1407 1947 conjectura
1440 1877 1705 1937 dicantur,
1763 1877 2112 1929 testiﬁcantur

521 1973 804 2034 Corinthii,
850 1975 937 2042 qui
990 1971 1112 2025 inde
1156 1972 1350 2024 multas
1395 1970 1446 2022 iu
1496 1980 1677 2036 partes
1702 1968 1941 2021 distracti
1986 1977 2111 2021 sunt

526 2065 603 2132 (1.
631 2061 750 2117 Cor.
786 2064 859 2129 l).
914 2060 992 2115 Ne
1031 2061 1178 2130 signa
1203 2075 1432 2128 qmcras,
1475 2058 1567 2112 sed
1607 2059 1800 2110 animm
1828 2057 2109 2111 incolumi-

529 2164 714 2208 tatem.
760 2154 838 2208 Ne
879 2169 1089 2223 qumras
1115 2162 1384 2206 mortuum
1410 2152 1725 2205 suscitatam
1755 2149 1955 2209 videre,
1987 2164 2111 2203 cum

521 2246 772 2301 didiceris
799 2255 963 2300 totum
999 2245 1183 2299 orbem
1216 2253 1641 2298 resurrecturum
1671 2257 1812 2296 esse.
1859 2241 1934 2296 Ne
1961 2256 2109 2310 qute-

521 2352 611 2391 ras
652 2353 851 2391 caecum
893 2346 1137 2391 sanatum
1175 2334 1393 2399 videre;
1444 2335 1538 2388 sed
1569 2333 1689 2387 vide
1714 2348 1857 2387 nunc
1883 2346 2107 2396 omnes,

520 2429 741 2482 meliore
789 2437 845 2481 et
893 2428 1105 2481 utiliore
1150 2427 1339 2480 intuitu
1403 2426 1750 2497 respicientes
1800 2442 1813 2479 :
1867 2439 1930 2478 ac
1962 2425 2111 2479 disce

522 2528 883 2586 teumrranter
929 2518 1237 2586 respicere,
1302 2525 1358 2570 et
1405 2518 1620 2570 oculum
1673 2525 1820 2570 tuum
1878 2516 2104 2584 corrige.

524 2607 655 2662 Nam
710 2610 754 2662 si
797 2611 1032 2662 otnniam
1085 2618 1323 2662 nostrum
1378 2611 1481 2661 vita
1538 2609 1654 2661 talis
1689 2617 1850 2672 esset,
1896 2607 2107 2676 qualem

524 2714 645 2752 esse
677 2709 968 2768 oporteret,
999 2700 1224 2766 gentiles
1271 2701 1391 2769 plus
1438 2714 1534 2754 nos
1576 2700 1917 2763 mirarentur,
1949 2713 2107 2768 quam

524 2790 569 2842 si
600 2791 853 2844 miracula
886 2804 1234 2861 pan-aremus.
1284 2791 1441 2860 Signa
1472 2790 1668 2859 quippe
1695 2791 1873 2859 specie
1902 2799 2105 2843 tantum

522 2884 643 2937 talia
697 2899 817 2937 esse
864 2893 1133 2952 putantur,
1182 2898 1353 2953 neque
1402 2892 1528 2936 sunt
1558 2897 1587 2935 a
1616 2897 1777 2951 prava
1804 2882 2107 2950 suspicione

522 2976 711 3041 libi-ra,
776 2977 979 3029 etiamsi
1028 2978 1173 3045 signa
1224 2984 1401 3029 nostra
1448 2991 1551 3029 non
1604 2975 1906 3043 huiusmodi
1953 2975 2103 3030 sint:

522 3068 626 3122 vita
667 3078 840 3122 autem
886 3084 1013 3138 pura
1049 3068 1138 3121 tali
1170 3068 1457 3135 suspicioni
1486 3068 1715 3121 obnoxia
1744 3082 1863 3122 esse
1891 3070 2104 3138 nequit;

521 3161 611 3215 sed
656 3160 860 3214 virtutis
891 3161 1154 3228 possessio
1185 3161 1421 3212 nomium
1451 3159 1676 3213 obstruit
1708 3173 1821 3213 ora.

589 3253 642 3306 8.
682 3251 894 3304 Virtutis
921 3251 1230 3319 pra'stantia.
1258 3280 1328 3289 —-
1358 3249 1550 3303 Virtuti
1581 3266 1710 3320 ergo
1739 3251 2049 3307 studeamus
2078 3270 2092 3308 ε

524 3344 705 3395 multa:
731 3342 927 3410 quippe
954 3352 1077 3393 sunt
1104 3341 1243 3395 illius
1272 3342 1490 3404 divitiae,
1524 3355 1838 3411 magmeque
1868 3345 2105 3398 adtnirao

523 3432 648 3484 tiuui
700 3432 979 3485 habentur.
1012 3431 1099 3485 llla
1133 3446 1312 3485 veram
1356 3432 1554 3500 pr.cbet
1586 3433 1912 3501 libertatem,
1950 3435 2018 3488 ita
2052 3446 2108 3491 ut

524 3523 683 3577 etiam
718 3521 771 3575 in
802 3524 1058 3578 servitute
1082 3525 1387 3593 spectaculo
1416 3526 1483 3577 sit
1514 3544 1526 3577 :
1558 3539 1664 3579 non
1692 3526 1831 3594 quod
1871 3542 1901 3580 a
1933 3529 2105 3582 servi-

525 3625 636 3670 tute
663 3616 869 3680 liberet,
902 3616 995 3671 sed
1023 3616 1164 3685 quod
1196 3632 1384 3671 servus
1416 3618 1599 3671 reddat
1633 3619 1813 3673 liberis
1846 3628 2103 3687 praestano

523 3712 704 3769 tiores,
738 3708 787 3760 id
819 3709 959 3775 quod
992 3709 1237 3762 libertate
1266 3710 1432 3761 multo
1454 3710 1624 3779 majus
1654 3722 1737 3765 est
1772 3728 1785 3765 :
1819 3728 2106 3783 pauperem

521 3814 625 3854 non
676 3797 850 3851 reddit
889 3797 1131 3861 divitem,
1167 3798 1260 3851 sed
1303 3800 1402 3852 etsi
1447 3815 1647 3867 pmiper
1692 3812 1921 3865 maneat,
1957 3802 2103 3858 illum

519 3889 681 3943 divite
710 3887 833 3940 facit
861 3889 1269 3957 opulentiorem.
1297 3890 1447 3956 Quod
1489 3892 1531 3942 si
1564 3892 1697 3945 velis
1727 3893 1875 3962 signa
1907 3894 2101 3961 facere,

521 3998 550 4034 a
572 3979 797 4045 peccatis
827 3986 876 4032 te
901 3979 1111 4046 expedi,
1142 3989 1195 4034 et
1213 3990 1377 4032 totum
1406 3980 1693 4047 porfecisti.
1722 3983 1853 4036 Nam
1883 4002 2106 4054 magnus

516 4069 726 4123 dwmou
772 4080 854 4124 est
894 4079 1200 4139 peccatum,
1235 4071 1427 4126 dilecte
1455 4089 1469 4137 ;
1501 4082 1557 4127 et
1598 4074 1640 4126 si
1685 4074 1810 4127 illud
1854 4076 2100 4144 ejeceris,

1250 308 1306 361 S.
1348 303 1624 361 JO.\NNIS
1662 302 2135 361 CHRYSOSTOMI
2170 300 2481 359 ARCHIEP.
2521 301 3051 359 CONSTANTINOP.

3700 298 3809 355 388

2214 417 2384 487 majus
2425 417 2697 488 quidpiam
2744 417 2956 483 fecisti,
2995 431 3155 486 quam
3199 414 3289 485 qui
3343 414 3493 470 mille
3528 414 3809 471 damnas

2210 508 2493 576 expulerit.
2528 508 2662 561 Audi
2697 507 2914 561 Paulum
2946 506 3212 560 dicentem
3233 545 3248 569 ,
3276 515 3331 560 et
3354 505 3607 559 virtutem
3639 506 3807 559 mira-

2211 599 2344 652 culis
2364 607 2773 668 antepooentem
2805 616 2819 651 :
2849 597 3191 650 Emulamini
3215 606 3383 650 autem
3402 638 3418 663 ,
3454 598 3658 666 inquit,
3685 597 3810 649 cha-

2208 691 2420 742 rismuta
2446 692 2733 760 spiritualia
2762 706 2781 741 :
2807 698 2856 741 et
2882 689 3048 741 adhuc
3077 688 3479 742 excellentiorem
3506 691 3642 742 viam
3668 688 3811 741 tis-bis

2210 782 2417 833 ostendo
2447 780 2521 851 (1.
2550 780 2665 833 Cor.
2702 779 2783 833 12.
2816 777 2907 849 51)
2936 787 3032 840 :et
3071 778 3206 832 hanc
3233 779 3371 832 viam
3408 789 3595 847 pOstea
3638 794 3808 846 expo-

2212 885 2377 930 nens,
2424 887 2529 924 non
2580 879 2821 924 mortuos
2871 869 3156 923 suscitatus
3209 868 3359 933 dicit,
3402 885 3508 924 non
3558 870 3809 937 leprrsns

2211 959 2527 1022 mtmdatos,
2560 976 2663 1012 non
2699 958 2843 1012 aliud
2888 958 3061 1013 simile
3088 957 3400 1027 quidpiam;
3443 959 3538 1013 sed
3581 974 3682 1028 pro
3722 958 3807 1011 his

2211 1052 2458 1105 onmibus
2483 1053 2761 1105 caritatem
2790 1052 2985 1118 posuit.
3011 1050 3147 1104 Audi
3175 1065 3387 1120 quoque
3414 1048 3687 1104 Christum
3716 1051 3803 1104 dio

2213 1153 2422 1196 centeni
2455 1161 2467 1196 :
2500 1142 2676 1196 Nolite
2700 1143 2880 1204 lictori,
2918 1143 3156 1210 quoniam
3184 1142 3433 1194 dmonia
3461 1143 3598 1194 vobis
3633 1144 3804 1211 subji-

2212 1235 2437 1298 ciuntur,
2478 1233 2567 1287 sed
2593 1234 2712 1300 quia
2752 1233 2957 1286 nomina
2987 1242 3150 1285 vestra
3184 1232 3375 1299 scripta
3414 1241 3529 1284 sunt
3573 1233 3627 1284 in
3666 1234 3804 1286 cretis

2214 1323 2366 1392 (Luc.
2406 1324 2485 1378 l0.
2517 1323 2628 1393 20).
2662 1325 2725 1377 Et
2748 1331 2902 1377 antea
2927 1322 3132 1376 dlxerat
3162 1338 3176 1373 τ
3208 1322 3362 1375 Multi
3394 1323 3559 1377 dicent
3587 1324 3714 1375 mihi
3744 1326 3802 1377 in

2208 1417 2293 1468 die
2316 1415 2407 1466 illa
2437 1430 2455 1467 :
2487 1413 2670 1467 Nonne
2693 1415 2743 1466 in
2773 1414 2973 1465 nomine
3011 1422 3096 1466 tuo
3144 1413 3586 1481 propltetauimus.
3617 1424 3666 1467 et
3692 1415 3804 1466 dc-

2215 1505 2381 1557 monia
2417 1506 2711 1574 ejecimus‘,
2738 1514 2786 1557 et
2808 1505 3010 1557 virtutes
3054 1504 3238 1557 multus
3283 1503 3534 1571 fecimus?
3568 1503 3637 1557 Et
3685 1513 3805 1557 tunc

2212 1597 2484 1663 conﬁtebor
2510 1597 2614 1660 eis,
2656 1595 2841 1649 Nescio
2891 1610 2975 1649 vos
3023 1593 3253 1662 (Matth.
3303 1595 3353 1646 7.
3404 1593 3494 1648 23.
3544 1596 3673 1663 23).
3724 1597 3804 1649 Ad

2212 1704 2426 1743 crucem
2446 1690 2607 1742 etiam
2634 1688 2803 1743 iturus
2827 1730 2841 1752 ,
2873 1687 3075 1740 vocatis
3106 1686 3379 1754 discipulis
3407 1685 3544 1740 dixit
3571 1703 3585 1739 :
3613 1685 3684 1740 In
3710 1688 3804 1741 hoc

2213 1790 2510 1849 cognoscent
2529 1796 2698 1833 ornnes
2721 1780 2839 1847 quia
2857 1778 2951 1830 mei
2967 1778 3205 1844 discipuli
3224 1777 3363 1842 estis,
3394 1793 3500 1831 non
3530 1779 3572 1832 si
3602 1779 3808 1832 ἀπεωθ-

2216 1872 2299 1923 nia
2349 1871 2597 1940 ejiciatis,
2638 1870 2730 1925 sed
2774 1870 2834 1923 Si
2860 1869 3173 1922 dilectione»:
3200 1868 3475 1922 habueritis
3496 1869 3568 1921 ad
3594 1871 3805 1924 invicem

2215 1958 2392 2029 (Joan.
2416 1961 2503 2014 15.
2526 1958 2638 2032 35).
2667 1962 2742 2012 Ac
2769 1974 2978 2012 rursum
3013 1976 3027 2011 :
3061 1956 3125 2010 In
3156 1959 3248 2011 hoc
3278 1970 3576 2028 cognoscent
3604 1976 3806 2024 omnes,

2211 2050 2328 2119 quia
2367 2060 2421 2103 tu
2460 2066 2539 2105 me
2576 2050 2790 2112 misisti;
2830 2065 2935 2102 non
2967 2050 3010 2103 si
3043 2058 3282 2102 mortuos
3310 2048 3363 2101 hi
3393 2050 3805 2113 suscitaveriut,

2213 2140 2306 2193 sed
2335 2140 2394 2196 Si
2423 2156 2579 2194 unum
2605 2141 2793 2210 fuerint
2819 2138 3000 2209 (Joan.
3027 2140 3114 2192 17.
3141 2137 3257 2209 9.5).
3297 2138 3428 2193 Nam
3470 2156 3613 2209 Sarpe
3653 2142 3806 2210 signa

2212 2230 2437 2285 alterum
2471 2229 2684 2300 quidem
2709 2231 2969 2298 juvarunt
2997 2246 3010 2281 :
3039 2229 3087 2283 ei
3133 2245 3261 2284 vero
3298 2229 3389 2299 qui
3432 2230 3645 2299 signum
3683 2232 3811 2285 fecit

2215 2332 2532 2387 nocuerunt,
2553 2320 2680 2375 dum
2708 2322 2759 2374 in
2784 2328 3049 2374 tumorem
3072 2320 3390 2389 inanemque
3406 2319 3627 2390 gloriam
3657 2320 3806 2375 i-‘lum

2212 2412 2596 2482 conjecerunt,
2642 2412 2728 2464 vel
2765 2410 2869 2463 alio
2910 2411 3069 2463 modo
3114 2410 3416 2464 laeserunt:
3451 2410 3503 2463 in
3544 2410 3805 2480 Opes-ibus

2213 2520 2339 2559 vero
2379 2504 2510 2558 nihil
2548 2503 2652 2557 tale
2701 2502 2960 2571 suSpicari
3014 2503 3157 2567 licet,
3200 2502 3293 2556 sed
3340 2509 3395 2556 et
3434 2517 3549 2567 eos,
3580 2503 3669 2571 qui
3716 2503 3805 2555 illa

2211 2606 2493 2659 exercent,
2539 2606 2592 2649 et
2631 2596 2762 2650 alios
2811 2596 3006 2649 multos
3049 2594 3259 2663 juvant.
3300 2595 3425 2649 litec
3459 2596 3637 2665 itaque
3674 2611 3799 2649 cum

2213 2701 2401 2757 magna
2449 2686 2723 2756 diligentia
2768 2685 3010 2740 edamus.
3053 2684 3183 2740 Nam
3229 2685 3274 2740 si
3316 2701 3380 2739 ex
3412 2686 3805 2742 inhumanitate

2212 2779 2277 2832 ad
2309 2780 2703 2850 eleemosynam
2731 2778 2958 2832 damlam
2987 2787 3037 2830 te
3064 2778 3414 2841 converteris,
3442 2794 3656 2833 manum
3678 2790 3808 2834 ante

2211 2869 2413 2922 aridam
2442 2868 2748 2923 extendisti.
2774 2868 2829 2922 Si
2864 2884 2891 2920 a
2923 2868 3134 2922 theatro
3150 2868 3415 2923 absistens
3440 2870 3493 2923 in
3516 2867 3803 2924 ecclesiam

2213 2960 2494 3014 intraveris
2516 3001 2530 3025 ,
2556 2959 2941 3014 claudicantem
2969 2959 3158 3027 pedem
3185 2959 3482 3013 restituisti.
3507 2961 3563 3016 Si
3588 2973 3810 3018 avertas

2213 3052 2395 3106 oculos
2436 3060 2553 3105 tuos
2600 3065 2628 3104 a
2679 3052 2961 3106 meretrice
2997 3060 3051 3105 et
3093 3067 3123 3103 a
3169 3052 3562 3120 pulchritudine
3602 3055 3809 3123 aliena,

2214 3140 2332 3195 illos
2365 3150 2517 3195 antea
2559 3156 2730 3195 caseos
2770 3142 3043 3210 aperuisti.
3077 3141 3131 3196 Si
3178 3157 3273 3212 pro
3298 3144 3549 3199 sntanicis
3581 3147 3815 3202 canticis

2214 3232 2447 3302 psalmos
2477 3232 2745 3302 spiritales
2771 3232 3043 3297 didiceris,
3068 3247 3189 3287 eum
3218 3244 3400 3289 mutus
3428 3245 3552 3290 ante
3581 3234 3809 3302 fuisses,

2214 3324 2459 3393 loquutus
2492 3338 2569 3377 es.
2614 3322 2737 3377 llme
2765 3324 2995 3377 maxima
3041 3325 3294 3379 miracula
3323 3337 3479 3390 sunt;
3510 3326 3627 3382 hate
3655 3330 3813 3397 signa

2213 3416 2426 3468 evimia.
2469 3414 2523 3471 Si
2572 3414 2685 3469 hare
2716 3418 2862 3485 signa
2907 3416 3130 3471 edentes
3157 3432 3599 3488 perseveremus,
3626 3421 3811 3489 magni

2213 3519 2267 3559 et
2309 3506 2603 3559 admirandi
2650 3521 2741 3574 per
2787 3507 2899 3560 haec
2930 3508 3161 3570 erimus,
3197 3508 3473 3578 malusque
3503 3525 3694 3564 omnes
3738 3511 3810 3563 ad

2213 3590 2459 3649 virtutem
2488 3595 2840 3660 attrahemus,
2860 3611 2922 3650 ac
2950 3596 3120 3651 futura
3142 3597 3306 3667 gloria
3336 3596 3575 3653 fruemur
3600 3618 3614 3653 :
3646 3616 3809 3671 quam

2216 3689 2414 3740 utinam
2465 3703 2561 3741 nos
2601 3702 2786 3741 omnes
2832 3704 3242 3757 consequamur,
3288 3690 3455 3758 gratia
3499 3701 3554 3744 et
3596 3692 3811 3746 mireri-

2213 3779 2396 3833 eordia
2425 3778 2635 3832 Domini
2670 3780 2834 3833 nostri
2864 3779 2990 3834 Jesu
3030 3780 3226 3835 Christi
3248 3822 3263 3844 .
3291 3782 3378 3835 cui
3407 3782 3578 3851 gloria
3612 3794 3669 3837 et
3704 3785 3810 3838 im-

2216 3869 2442 3938 perium,
2474 3868 2524 3922 in
2556 3868 2758 3922 infinita
2782 3870 2973 3923 smcula
3005 3871 3342 3926 seculorum.
3375 3874 3568 3925 Amen.

2278 4028 2294 4058 ²
2335 4027 2405 4074 sic
2425 4027 2747 4087 Manuscripti.
2767 4022 2906 4073 Savil.
2930 4032 3093 4074 autem
3119 4030 3170 4073 et
3192 4024 3380 4084 Μητρὶ,
3406 4032 3526 4076 Ecce
3544 4025 3595 4076 in
3620 4027 3813 4079 nauticis

2224 4094 2303 4137 tuo
2325 4087 2565 4138 dwmonia
2581 4087 2827 4148 ejrcimus,
2852 4089 3042 4135 omissis
3064 4087 3369 4150 quibusdam.

1594 4280 1938 4345 HOMILIA
1984 4285 2289 4347 XXXIII.
2335 4286 2420 4348 al.
2467 4287 2767 4347 XXXIV.

522 4425 650 4481 CAP.
685 4423 769 4477 10.
803 4438 854 4474 v.
890 4421 972 4476 l6.
1004 4420 1131 4475 Ecce
1159 4439 1249 4492 ego
1278 4424 1418 4476 mitto
1446 4440 1531 4478 vos
1571 4425 1701 4478 sicut
1726 4443 1838 4480 oves
1866 4429 1917 4480 in
1944 4430 2108 4483 medio

594 4516 853 4582 luporum.
899 4512 1071 4566 Estote
1108 4530 1225 4583 ergo
1259 4513 1533 4583 prudentes
1576 4516 1704 4569 sicut
1746 4530 2030 4587 serpentes,
2063 4531 2108 4574 et

591 4604 843 4671 simplices
868 4604 995 4657 sicut
1021 4603 1283 4657 columbae.

594 4698 646 4749 1.
682 4695 966 4764 Postquam
996 4696 1115 4749 illos
1145 4711 1211 4748 eo
1240 4695 1532 4749 dcduxbrat
1556 4736 1570 4759 ,
1606 4706 1661 4749 ut
1686 4697 1754 4751 de
1788 4702 2106 4757 necessariis

526 4786 590 4839 ad
614 4786 807 4841 victum
835 4788 934 4840 sibi
963 4786 1365 4857 soppeditandis
1393 4787 1726 4842 confiderent
1750 4830 1764 4852 ,
1793 4799 1846 4843 et
1871 4792 2106 4845 unmium

523 4879 713 4932 domos
752 4878 881 4946 ipsis
906 4890 1216 4948 aperuerat.
1261 4880 1799 4950 honestissimamque
1841 4886 2110 4953 ingressus

526 4967 748 5022 formam
774 4969 1015 5034 dederat,
1043 4986 1147 5023 non
1173 4981 1227 5023 ut
1252 4987 1474 5026 errones
1501 4982 1554 5025 et
1579 4974 1854 5027 mendicos
1880 4989 2001 5030 esse
2025 4976 2111 5043 jn-

525 5061 694 5124 bens,
732 5059 825 5113 sed
872 5070 926 5113 ut
962 5075 1020 5113 se
1063 5062 1474 5129 suscipientibus
1519 5063 1672 5132 longe
1716 5066 2112 5132 prwstantiores

525 5150 654 5215 (hoc
674 5150 815 5203 enim
847 5149 1158 5217 signiﬁcavit
1178 5165 1297 5204 cum
1319 5152 1451 5206 dixit
1480 5172 1491 5205 :
1525 5152 1719 5224 Dignus
1745 5164 1816 5207 est
1847 5157 2112 5223 operarius

526 5239 752 5292 mercede
778 5253 904 5299 sua;
929 5246 983 5292 et
1019 5253 1140 5291 cum
1171 5241 1421 5309 prmcepit
1445 5243 1745 5310 esplurare,
1774 5244 1893 5312 quis
1921 5244 2113 5315 dignus

526 5340 708 5394 esset,
752 5329 930 5396 ibique
974 5343 1228 5389 manere,
1268 5340 1428 5400 atque
1473 5333 1799 5400 excipientes
1848 5337 2101 5398 saluLare,

526 5435 754 5489 euntque
790 5435 894 5472 nun
932 5417 1344 5485 suscipientibus
1375 5420 1720 5475 intolerabilia
1762 5424 2115 5479 comminatus

530 5521 672 5566 esset
710 5508 881 5578 mala)
914 5526 927 5562 :
960 5516 1236 5578 postquam
1283 5510 1439 5579 igitur
1465 5510 1541 5564 sic
1575 5526 1788 5567 onmem
1825 5529 2006 5568 curam
2048 5517 2116 5568 ab

530 5602 660 5670 ipsus
699 5601 952 5670 ejeccrat,
989 5614 1054 5653 ac
1077 5598 1352 5667 signorum
1392 5602 1697 5668 spectaculo
1724 5605 2028 5669 munierat,
2061 5616 2117 5662 et

530 5694 679 5761 quasi
712 5692 916 5746 ferreos
938 5689 1411 5763 adamantinosquc
1429 5690 1748 5758 reddiderat,
1773 5695 2013 5751 surculari
2022 5696 2119 5753 bus

2214 4429 2463 4483 omnibus
2492 4431 2797 4499 superiores
2820 4472 2835 4495 ,
2861 4438 2913 4484 et
2939 4430 3007 4484 ab
3045 4429 3191 4484 omni
3235 4439 3579 4499 temporanea
3610 4432 3816 4487 sollici-

2223 4520 2409 4573 tudine
2459 4519 2755 4575 liberatos:
2789 4520 3003 4575 demum
3033 4520 3119 4574 illa
3174 4521 3414 4590 praedicit
3460 4522 3597 4576 mala
3622 4565 3638 4586 ,
3692 4540 3816 4594 qua-

2217 4612 2360 4678 ipsos
2401 4610 2645 4665 invasura
2679 4623 2830 4666 erant
2860 4629 2874 4664 :
2909 4627 3015 4666 non
3050 4614 3222 4667 solum
3267 4628 3329 4668 ea
3374 4629 3495 4683 qua:
3524 4617 3814 4685 paulOpost

2216 4699 2415 4763 futura,
2468 4700 2561 4755 sed
2615 4701 2775 4755 etiam
2829 4718 2889 4757 ea
2942 4718 3060 4771 qum
3112 4712 3231 4772 post
3277 4705 3507 4759 multum
3552 4709 3819 4776 temporis

2217 4800 2370 4844 erant
2398 4799 2651 4845 eventura
2677 4832 2689 4855 ,
2726 4792 2815 4845 diu
2848 4804 2972 4847 ante
3012 4792 3129 4846 illos
3170 4794 3233 4849 ad
3272 4794 3470 4849 bellum
3502 4812 3821 4867 prmparans

2217 4890 2401 4934 contra
2424 4880 2690 4935 diabolum
2719 4883 3140 4953 suscipiendmn.
3171 4884 3327 4937 Multa
3356 4886 3499 4939 enim
3529 4887 3656 4941 hinc
3677 4888 3821 4942 bona

2220 4970 2566 5039 emergebant
2610 4987 2622 5024 :
2670 4971 2864 5040 primo,
2915 4974 3056 5042 quod
3111 4973 3276 5044 ipsius
3314 4976 3672 5042 prmscientim
3711 4977 3825 5030 vim

2220 5069 2569 5130 agnoscerent
2601 5078 2615 5126 ;
2660 5062 2927 5129 secundo,
2959 5063 3100 5133 quod
3134 5080 3290 5119 nemo
3320 5066 3578 5134 suspicari
3614 5080 3830 5136 posset,

2222 5151 2337 5206 haec
2363 5152 2499 5206 mala
2530 5151 2600 5204 ob
2627 5152 2859 5206 doctoris
2889 5154 3305 5209 imbecillitatem
3333 5157 3592 5221 evenire;
3632 5159 3826 5226 tertio,

2224 5259 2292 5298 ne
2337 5243 2370 5297 ii
2411 5244 2499 5313 qui
2543 5243 2655 5297 inec
2707 5245 2909 5312 passuri
2936 5255 3119 5310 erant,
3151 5247 3599 5317 percellerentur,
3629 5249 3677 5304 si
3710 5249 3834 5305 hmc

2226 5334 2585 5404 inexspectata
2607 5344 2663 5389 et
2684 5345 2877 5405 praeter
2912 5350 3065 5405 spem
3093 5338 3451 5403 accidissent;
3492 5350 3695 5409 quarto
3717 5384 3732 5403 ,
3766 5356 3839 5395 ne

2231 5426 2343 5480 tunc
2363 5427 2539 5481 crucis
2557 5436 2797 5496 tempore
2823 5425 3102 5482 audientes
3130 5428 3511 5496 turbarentur;
3546 5448 3675 5486 nam
3701 5443 3839 5487 tunc

2229 5516 2419 5569 turbati
2451 5525 2593 5581 sunt,
2620 5532 2739 5571 cum
2763 5518 3092 5586 exprobrans
3114 5518 3243 5587 ipsis
3270 5519 3471 5576 diceret
3497 5539 3511 5573 :
3542 5522 3684 5589 Quia
3714 5528 3833 5578 hac

2230 5608 2468 5677 loquutus
2509 5624 2621 5661 sum
2664 5608 2832 5673 vobis,
2861 5610 3068 5663 tristitia
3098 5611 3322 5683 implevit
3362 5629 3449 5665 cor
3474 5625 3705 5667 vestrum
3733 5655 3752 5678 ,
3792 5625 3840 5669 ct

2229 5714 2372 5752 nemo
2397 5714 2457 5752 ex
2477 5698 2611 5753 vobis
2632 5699 2907 5768 interrogat
2932 5716 3030 5767 me,
3054 5698 3165 5768 Quo
3180 5698 3325 5755 vadis
3344 5699 3523 5768 (Joan.
3557 5700 3643 5755 16.
3671 5698 3725 5756 6.
3758 5701 3841 5769 5}?
