4042 6218
423 283 525 334 589

419 399 481 451 ού
523 396 807 465 προϐάτων
834 392 1143 464 ἡμερότητα
1180 392 1338 459 μόνον
1374 388 1518 458 ἔχειν
1552 385 1784 443 κελεύει,
1828 384 1965 437 ἀλλά
2002 384 2096 438 καὶ

418 486 517 555 τῆς
554 483 887 554 περιστερᾶς
927 478 987 532 τὸ
1033 479 1310 548 ἀκέραιον.
1373 474 1530 528 Οῦτω
1573 475 1682 544 γὰρ
1719 472 1954 543 μάλιστα
1994 470 2096 542 τὴν

420 569 560 640 ἐμὴν
594 567 892 638 ἐνδείξομαι
928 566 1099 636 ἰσχὺν,
1130 565 1260 619 ὅταν
1293 562 1544 634 πρόϐατα
1577 561 1756 614 λύκων
1802 558 2093 631 περιγένη·⁸

419 676 532 723 ται,
556 658 648 711 καὶ
675 659 731 710 ἐν
761 654 910 726 μέσῳ
941 653 1051 706 τῶν
1071 651 1250 706 λύκων
1267 652 1417 716 ὄντα,
1438 650 1530 703 καὶ
1561 648 1728 721 μυρία
1748 647 2094 718 λαμϐάνοντα

420 747 692 818 δήγματα,
746 743 820 814 μὴ
866 741 1024 813 μόνον
1075 741 1149 812 μὴ
1196 741 1245 774 ⁸⁸
1290 737 1773 806 καταναλίσκηται,
1818 735 1957 789 ἀλλὰ
2001 734 2095 788 καὶ

420 838 659 900 ἐκείνους
688 833 1029 906 μεταϐάλλῃ·
1070 831 1099 885 δ
1135 829 1312 900 πολλῷ
1351 826 1794 898 θαυμαστότερόν
1837 827 1953 878 ἐστι
1999 825 2095 879 καὶ

425 926 606 996 μεῖζον
635 922 726 977 τοῦ
762 921 993 986 ἀνελεῖν,
1023 919 1084 973 τὸ
1117 917 1426 989 μεταθεῖναι
1455 914 1552 988 τὴν
1584 914 1833 985 γνώμην,
1868 915 1963 967 καὶ
1998 930 2095 984 με·

419 1012 786 1086 ταῤῥυθμίσαι
815 1010 913 1083 τὴν
958 1009 1228 1063 διάνοιαν·
1267 1007 1361 1059 καὶ
1394 1002 1565 1059 ταῦτα
1615 1003 1823 1057 δώδεκα
1860 1002 2011 1066 ὄντες
2046 1002 2092 1035 ⁹⁹

423 1103 602 1172 μόνον,
643 1101 740 1171 τῆς
766 1097 1087 1169 οἰκουμένης
1112 1094 1222 1148 τῶν
1240 1092 1417 1146 λύκων
1443 1090 1927 1162 ἐμπεπλησμένης.

490 1187 883 1261 Αἰσχυνώμεθα
897 1185 1074 1239 τοίνυν
1097 1184 1150 1235 οἰ
1174 1180 1427 1236 τάναντία
1457 1178 1754 1242 ποιοῦντες,
1777 1180 1824 1231 οί
1846 1178 1920 1242 ὡς
1939 1178 2095 1233 λύκοι

418 1281 530 1343 τοῖς
566 1260 779 1348 ἐχθροῖς
816 1271 1198 1342 ἐπιτιθέμενοι.
1234 1270 1377 1331 Ἕως
1401 1268 1511 1339 γὰρ
1536 1266 1600 1321 ἂν
1633 1260 1783 1336 ὦμεν
1822 1266 2090 1337 πρόϐατα,

420 1366 689 1435 νικῶμεν·
736 1361 838 1416 κᾶν
883 1359 1064 1431 μυρίοι
1100 1354 1608 1428 περιστοιχίσωνται
1657 1353 1832 1415 λύκοι,
1884 1370 2096 1423 περιγι-

420 1452 621 1523 νόμεθα
666 1451 758 1504 καὶ
788 1447 1128 1521 κρατοῦμεν·
1171 1445 1236 1499 ἂν
1284 1445 1341 1497 δέ
1374 1442 1660 1513 γενώμεθα
1698 1441 1873 1502 λύκοι,
1922 1440 2096 1512 ἡττώ-

424 1540 561 1609 μεθα
585 1555 597 1567 ·
634 1535 925 1605 ἀφίσταται
953 1532 1062 1603 γάρ
1084 1530 1241 1602 ήμῶν
1271 1531 1303 1600 ἡ
1332 1528 1427 1583 τοῦ
1459 1530 1715 1599 ποιμένος
1744 1528 1982 1599 βοήθεια.
2015 1525 2092 1582 Ού

419 1628 527 1696 γὰρ
554 1625 769 1687 λύκους,
812 1621 945 1675 ἀλλά
991 1617 1239 1690 πρόϐατα
1274 1617 1574 1688 ποιμαίνει,
1629 1616 1722 1669 καὶ
1755 1616 1770 1647 ¹
1825 1614 2093 1685 καταλιμ-

420 1714 580 1766 πάνει
631 1728 690 1764 σε
733 1710 827 1763 καὶ
869 1708 1183 1779 ἀναχωρεῖ·
1241 1704 1361 1758 ούδέ
1411 1704 1520 1774 γὰρ
1577 1705 1878 1774 συγχωρεῖς
1925 1701 2090 1756 αὑτοῦ

416 1802 696 1873 δειχθῆναι
743 1801 841 1871 τὴν
886 1798 1137 1867 δύναμιν.
1179 1795 1277 1849 Ἂν
1317 1795 1414 1865 μὲν
1464 1794 1573 1863 γὰρ
1630 1793 1855 1863 πάσχων
1907 1791 2094 1856 κακῶς

416 1889 731 1961 ἡμερότητα
767 1885 1024 1955 ἐπιδείξῃ,
1060 1882 1209 1953 αύτῷ
1238 1879 1509 1949 λογίζεται
1540 1879 1684 1933 ἅπαν
1706 1879 1768 1932 τὸ
1795 1879 2053 1949 τρόπαιον
2076 1893 2091 1909 ·

417 1979 487 2034 ἂν
515 1978 571 2031 δέ
595 1976 815 2047 ἐπεξίῃς
840 1974 936 2027 καὶ
964 1969 1259 2043 πυκτεύῃς,
1296 1969 1634 2031 ἐπισκιάζεις
1663 1970 1728 2037 τῇ
1765 1967 1910 2039 νίκῃ.
1943 1967 2015 2019 Σὺ
2036 1967 2093 2021 δέ

421 2084 513 2136 μοι
546 2065 737 2117 σκόπει
786 2063 930 2125 τίνες
979 2059 1115 2112 εἰσὶν
1156 2060 1205 2111 οί
1253 2057 1362 2111 τῶν
1411 2055 1848 2127 προσταγμάτων
1888 2053 2093 2109 τούτων

417 2152 707 2215 ἀκούοντες
750 2148 857 2202 τῶν
900 2145 1150 2217 σκληρῶν
1178 2146 1273 2198 καὶ
1329 2143 1633 2197 ἐπιπόνων·
1688 2143 1737 2194 οί
1780 2140 1944 2195 δειλοὶ
1996 2142 2093 2195 καὶ

420 2240 657 2293 ἰδιῶται·
707 2239 755 2290 οἱ
804 2235 1159 2306 ἀγράμματοι
1205 2233 1299 2285 καὶ
1346 2228 1577 2302 ἀμαθεῖς
1604 2246 1618 2260 ·
1664 2230 1711 2281 οἱ
1757 2227 2021 2283 πάντοθεν
2070 2230 2091 2259 ²

416 2329 650 2398 ἄσημοι·
692 2326 740 2377 οἱ
775 2322 1042 2395 μηδέποτε
1082 2321 1193 2384 τοῖς
1240 2317 1439 2382 ἔξωθεν
1482 2316 1841 2387 ἐντραφέντες
1868 2316 2087 2385 νόμοις·

415 2417 463 2469 οἰ
484 2416 560 2485 μὴ
582 2412 789 2483 ταχέως
814 2410 892 2472 εἰς
913 2405 1117 2477 ἀγορὰς
1140 2402 1498 2476 ἐμϐάλλοντες
1526 2400 1753 2464 ἐαυτούς
1772 2419 1786 2430 ·
1820 2403 1868 2455 οί
1899 2400 2089 2464 ἁλιεῖς,

414 2506 465 2557 οἰ
498 2503 744 2565 τελῶναι,
776 2501 825 2553 οἰ
865 2498 1071 2569 μυρίων
1098 2496 1363 2565 γέμοντες
1385 2491 1799 2561 ἐλαττωμάτων.
1825 2490 1886 2543 Εἰ
1914 2489 1972 2542 δὲ
1994 2491 2091 2543 καὶ

414 2593 539 2655 τοὺς
570 2588 807 2660 ὑψηλοὺς
834 2587 929 2639 καὶ
964 2583 1234 2656 μεγάλους
1268 2581 1427 2635 ἱκανά
1472 2578 1645 2634 ταῦτα
1671 2577 1968 2648 θορυϐῆσαι
1997 2572 2086 2647 ἦν,

414 2679 540 2741 τοὺς
565 2674 825 2731 πάντοθεν
849 2673 1109 2742 ἀπείρους
1130 2669 1226 2725 καὶ
1241 2669 1391 2722 οὐδὲν
1412 2668 1665 2720 οὐδέποτε
1689 2665 2091 2735 φαντασθέντας

413 2767 658 2835 γενναῖον
693 2764 806 2825 πῶς
837 2761 936 2814 οὐκ
982 2756 1050 2831 ἦν
1095 2756 1256 2811 ίκανά
1287 2754 1614 2809 καταϐαλεῖν
1652 2756 1746 2806 καὶ
1785 2753 2085 2823 ἐκπλῆξαι;

425 2853 563 2905 Ἀλλ’
592 2852 651 2903 ού
682 2847 967 2902 κατέϐαλε.
1003 2846 1110 2899 Καὶ
1138 2844 1281 2915 μάλα
1315 2842 1560 2905 εἰκότως,
1600 2841 1730 2903 ἴσως
1760 2838 1781 2871 ³
1821 2841 1965 2892 εἴποι
2006 2857 2088 2902 τις

411 2942 477 2995 ἄν
502 2958 515 2971 ·
543 2939 708 2992 ἔδωκε
732 2936 838 3006 γάρ
877 2936 1063 2996 αὐτοῖς
1098 2931 1346 2999 ἐξουσίαν
1377 2930 1610 2999 λεπροὺς
1640 2926 1947 2998 καθαίρειν,
1972 2926 2086 2979 δαί-

414 3043 582 3097 μονας
631 3023 893 3077 ἐλαύνειν.
952 3019 1094 3088 Ἐγὼ
1126 3019 1182 3072 δέ
1217 3018 1393 3071 ἐκεῖνο
1437 3016 1503 3069 ἂν
1536 3014 1768 3084 εἴποιμι,
1821 3014 1903 3068 ὅτι
1954 3013 2085 3068 αὐτὸ

416 3114 515 3184 μὲν
564 3108 656 3165 οὖν
707 3108 869 3163 τοῦτο
908 3108 1140 3178 μάλιστα
1193 3104 1389 3167 αὐτοὺς
1432 3102 1611 3156 ἰκανὸν
1659 3097 1727 3173 ῆν
1762 3100 2081 3171 θορυϐῆσαι,

412 3202 494 3253 ὅτι
523 3200 543 3232 ’⁵
566 3201 657 3253 καὶ
687 3198 913 3268 νεκροὺς
936 3196 1239 3263 ἐγείροντες
1260 3192 1328 3245 τὰ
1355 3193 1628 3261 ἀνήκεστα
1662 3187 1839 3241 ταῦτα
1861 3187 2084 3259 ἔμελλον

414 3288 728 3356 ὑπομένειν,
773 3285 865 3339 καὶ
901 3283 1248 3354 δικαστήρια,
1288 3280 1384 3333 καὶ
1438 3276 1762 3346 ἀπαγωγὰς,
1820 3276 1914 3330 καὶ
1958 3276 2084 3340 τοὺς

412 3374 565 3446 παρά
586 3374 801 3426 πάντων
836 3372 1124 3442 πολέμους,
1168 3368 1263 3422 καὶ
1305 3367 1364 3420 τὸ
1408 3364 1586 3420 κοινὸν
1623 3365 1723 3435 τῆς
1760 3363 2083 3434 οἰκουμένης

416 3466 590 3533 μῖσος,
621 3463 710 3515 καὶ
736 3460 959 3514 τοιαῦτα
986 3459 1178 3519 αὐτοὺς
1206 3452 1752 3527 θαυματουργοῦντας
1791 3453 2082 3522 ἀναμένειν

412 3551 579 3605 δεινά.
617 3550 711 3613 Τίς
736 3545 827 3602 οῦν
860 3550 893 3620 η
923 3547 1124 3600 τούτων
1176 3546 1392 3599 πάντων
1440 3542 1825 3613 παράκλησις;
1882 3542 1946 3592 Ἥ
1988 3539 2080 3592 τοῦ

412 3638 717 3708 πέμποντος
746 3636 993 3706 δύναμις.
1028 3634 1117 3686 Διὸ
1144 3634 1235 3685 καὶ
1267 3631 1421 3684 τοῦτο
1457 3630 1562 3701 πρὸ
1595 3628 1809 3681 πάντων
1843 3626 2077 3692 τέθεικε,

412 3726 615 3793 λέγων·
660 3722 812 3778 Ἰδοὺ
840 3722 954 3792 ἐγὼ
986 3718 1341 3775 ἀποστέλλω
1378 3714 1550 3784 ὑμᾶς.
1604 3715 1788 3784 Ἀρκεῖ
1820 3712 1976 3765 τοῦτο
2002 3715 2081 3777 εἰς

414 3810 765 3884 παραμυθίαν
821 3810 978 3881 ύμῖν·
1034 3808 1194 3875 ἀρκεῖ
1237 3804 1395 3858 τοῦτο
1443 3804 1521 3866 εἰς
1560 3801 1621 3854 τὸ
1678 3800 1931 3873 θαρρεῖν,
1987 3800 2081 3854 καὶ

414 3900 617 3973 μηδένα
647 3900 667 3931 ⁵
704 3898 996 3951 δεδοικέναι
1020 3894 1126 3949 τῶν
1154 3894 1435 3947 ἐπιόντων.

484 3985 548 4059 β’.
590 3983 741 4050 Εἶδες
786 3983 1104 4050 αύθεντίανς
1157 3976 1297 4046 εἶδες
1347 3979 1634 4046 ἐξουσίαν;
1674 3974 1813 4042 εἶδες
1849 3977 2078 4048 δύναμιν

410 4076 657 4148 ἄμαχονς
699 4073 765 4129 '0
797 4075 853 4128 δέ
880 4073 1050 4141 λέγει,
1101 4071 1338 4125 τοιοῦτόν
1390 4072 1545 4123 ἐστι·
1594 4068 1685 4140 Μὴ
1719 4067 2076 4140 θορυϐηθῆτε,

411 4169 595 4236 φησὶν,
622 4165 703 4218 ὅτι
727 4162 928 4232 μεταξὺ
953 4161 1129 4214 λύκων
1174 4160 1425 4229 πέμπων,
1476 4158 1551 4222 ὡς
1593 4157 1839 4228 πρόϐατα
1876 4158 1972 4211 καὶ
2004 4158 2078 4222 ὼς

410 4251 737 4324 περιστερὰς
776 4247 911 4303 εἶναι
949 4249 1173 4301 κελεύω.
1220 4247 1525 4318 Ἢδυνάμην
1569 4247 1666 4317 μέν
1703 4246 1811 4318 γὰρ
1860 4249 2080 4317 ποιῆσαι

408 4338 737 4401 τούναντίον,
768 4337 861 4391 καὶ
880 4336 1046 4407 μηδὲν
1075 4333 1224 4407 [3'79]
1258 4335 1402 4404 ὑμᾶς
1430 4336 1644 4402 ἀφεῖναι
1673 4333 1843 4387 δεινὺν
1876 4334 2080 4404 ὑπομέ-

409 4444 542 4489 νειν,
579 4425 711 4496 μηδὲ
727 4424 802 4489 ὼς
824 4423 1069 4495 πρόϐατα
1100 4420 1427 4491 ύποτεθῆναι
1453 4420 1658 4484 λύκοις,
1681 4420 1818 4474 ἀλλά
1850 4421 2079 4474 λεόντων

409 4511 746 4584 ἐργάσασθαι
779 4510 1213 4581 φοϐερωτέρους·
1261 4508 1375 4563 ἀλλ’
1414 4507 1555 4560 οὕτω
1603 4507 1871 4578 συμφέρει
1924 4507 2077 4576 γενέ-

411 4601 554 4654 σθαι.
575 4600 743 4653 Τοῦτο
763 4601 857 4652 καὶ
887 4598 1028 4669 ὑμᾶς
1059 4595 1471 4667 λαμπροτέρους
1496 4597 1638 4648 ποιεῖ
1659 4610 1672 4623 °
1697 4595 1852 4647 τοῦτο
1871 4596 1961 4649 καὶ
1978 4596 2077 4666 τὴν

410 4687 547 4757 ἐμὴν
597 4687 959 4761 ἀνακηρύττει
1021 4685 1266 4754 δύναμιν.
1318 4683 1490 4738 Τοῦτο
1541 4684 1635 4736 καὶ
1678 4683 1814 4753 πρὸς
1866 4683 2077 4737 Παῦλον

410 4774 593 4843 ἔλεγεν
614 4790 626 4803 ·
666 4774 854 4842 Ἀρκεῖ
883 4789 981 4828 σοι
1014 4773 1052 4840 ή
1086 4770 1257 4843 χάρις
1276 4788 1395 4841 μου
1415 4788 1428 4801 ·
1460 4771 1499 4839 ἠ
1536 4770 1645 4840 γὰρ
1681 4768 1933 4839 δύναμίς
1956 4787 2075 4838 μου

408 4860 479 4915 ἐν
525 4860 805 4926 ἀσθενείᾳ
858 4859 1207 4914 τελειοῦται.
1285 4856 1425 4927 Ἐγὼ
1478 4857 1656 4910 τοίνυν
1719 4856 1891 4919 οῦτως
1932 4858 2075 4928 ὑμᾶς

411 4947 641 5017 ἐποίησα
672 4944 831 5002 εἶναι.
864 4948 1035 5000 Ὅταν
1065 4949 1172 5018 γὰρ
1195 4946 1346 5018 εἴπῃ,
1389 4945 1530 5016 Ἐγὼ
1549 4947 1901 5001 ἀποστέλλω
1921 4946 2075 5016 ὑμᾶς

408 5037 490 5103 ὡς
510 5037 790 5105 πρόϐατα,
818 5033 973 5088 τοῦτο
1004 5035 1330 5089 αἰνίττεται·
1360 5034 1450 5105 Μὴ
1476 5034 1655 5087 τοίνυν
1687 5034 2031 5106 καταπέσητε
2056 5052 2071 5068 ·

407 5120 524 5178 οἶδα
555 5122 681 5193 γὰρ,
711 5118 829 5175 οἶδα
851 5122 1055 5191 σαφῶς,
1084 5123 1164 5175 ὅτι
1196 5122 1366 5193 ταύτῃ
1394 5122 1627 5193 μάλιστα
1653 5123 1817 5175 πᾶσιν
1847 5122 2074 5194 ἀχείρω-

404 5231 489 5269 τοι
526 5210 734 5266 ἔσεσθε.
770 5206 923 5273 Εἶτα,
976 5210 1064 5263 ἵνα
1099 5228 1151 5263 τι
1185 5211 1277 5264 καὶ
1317 5211 1447 5281 παρ’
1494 5210 1703 5264 ἑαυτῶν
1752 5211 2069 5281 εἰσφέρωσι,

405 5302 499 5356 καὶ
531 5299 605 5372 μὴ
647 5297 824 5352 πάντα
868 5297 963 5368 τῆς
998 5297 1217 5367 χάριτος
1264 5292 1401 5351 εῖναι
1449 5298 1598 5369 δοκῇ,
1650 5296 1784 5369 μηδὲ
1829 5300 1948 5370 εἰκῆ
1980 5300 2073 5353 καὶ

409 5391 583 5463 μάτην
622 5383 1011 5460 στεφανοῦσθαι
1057 5385 1403 5454 νομίζωνται,
1449 5386 1617 5458 φησι·
1670 5386 1924 5463 rimo-os
1960 5382 2073 5441 οὖν

1254 277 1309 328 S.
1350 270 1637 327 JOANNIS
1674 266 2165 324 CIIRYSOSTO‘JI
2204 265 2524 325 AllCHlEP.
2556 267 3104 325 CONSTANTINOP.

3766 277 3869 332 390

2197 384 2467 451 φρόνιμοι
2499 384 2579 449 ὡς
2608 388 2661 437 οἱ
2696 385 2882 453 ὄφεις,
2912 385 3011 438 καί
3039 384 3297 453 ἀκέραιοι
3325 388 3405 454 ὠς
3420 392 3484 443 αἱ
3508 400 3868 464 περιστεραί.

2197 471 2306 522 Καὶ
2337 470 2389 523 τί
2415 470 2615 525 δύναιτ’
2646 472 2710 526 ἂν
2740 473 2772 543 ἡ
2808 472 3052 543 ἡμετέρα
3076 472 3354 543 φρόνησις,
3388 477 3573 546 φησὶν,
3598 480 3655 534 ἐν
3687 485 3868 537 τοσού-

2194 573 2309 623 τοις
2343 557 2642 625 κινδύνοις;
2680 559 2793 622 πῶς
2809 559 2863 611 δέ
2893 560 3029 622 ὅλως
3053 560 3394 631 δυνησόμεθα
3424 565 3685 637 φρόνησιν
3705 569 3865 639 ἔχειν,

2196 646 2301 700 ὑπὸ
2336 648 2605 702 τοσούτων
2649 649 3128 720 περιαντλούμενοι
3167 651 3458 721 κυμάτων;
3512 656 3674 709 Ὅσον
3711 660 3817 729 γάρ
3846 664 3865 693 ⁸

2195 733 2263 788 ἂν
2304 734 2529 805 γένηται
2570 736 2829 805 φρόνιμον
2875 737 3146 807 πρόϐατον
3195 739 3399 807 μεταξὺ
3446 738 3625 795 λύκων
3661 743 3745 804 ὃν,
3778 748 3867 801 καὶ

2194 820 2373 876 λύκων
2411 821 2699 889 τοσούτων,
2729 823 2784 876 τί
2820 823 3109 893 δυνήσεται
3135 822 3296 878 πλέον
3342 826 3538 881 ἀνύσαι
3566 846 3580 894 ;
3605 831 3731 884 ὅσον
3757 835 3777 864 ’³
3804 835 3864 889 ἂν

2195 910 2707 1021 γέῆταιιάκέμαιος
2748 912 3133 1021 ήπεριστερὰ,
3176 913 3232 966 τί
3263 912 3560 987 ὠφελήσει,
3597 921 3865 975 τοσούτων
3885 944 3897 1021 γ

2192 998 2555 1068 ἐπικειμένων
2581 998 2849 1070 ίεράκων;
2892 998 3013 1052 Ἐπὶ
3048 1000 3146 1070 μὲν
3177 1000 3199 1032 ⁸
3243 1002 3353 1056 τῶν
3392 1003 3623 1071 ἀλόγων,
3676 1008 3827 1061 οὐδέν
3849 1028 3862 1039 ·

2194 1084 2288 1137 ἐπὶ
2311 1085 2369 1139 δὲ
2393 1084 2568 1156 ὑμῶν,
2602 1085 2670 1139 τά
2697 1087 2950 1156 μέγιστα.
2996 1086 3135 1142 Ἀλλ’
3181 1088 3380 1159 ἴδωμεν
3416 1092 3574 1145 ποίαν
3608 1096 3867 1168 φρόνησιν

2193 1172 2425 1226 ἐνταῦθα
2460 1175 2698 1229 ἀπαιτεῖ.
2752 1175 2862 1244 Τὴν
2899 1174 2993 1229 τοῦ
3023 1176 3218 1246 ὄφεως,
3260 1179 3416 1248 φησί.
3468 1181 3730 1255 Καθάπερ
3759 1186 3867 1258 γὰρ

2192 1262 2401 1325 ἐκεῖνος
2445 1262 2513 1316 τά
2564 1263 2743 1316 πάντα
2777 1264 3043 1334 προίεται,
3105 1264 3207 1318 κάν
3256 1264 3390 1318 αὐτὸ
3446 1267 3540 1338 δέῃ
3589 1271 3652 1322 τὸ
3706 1271 3867 1341 σῶμα

2195 1348 2598 1419 ἀποτμηθῆναι,
2658 1351 2719 1402 ού
2772 1350 2974 1421 σφόδρα
3012 1352 3294 1421 ἀντέχεται
3343 1354 3531 1417 αὑτοῦ,
3581 1356 3724 1411 ὥστε
3766 1360 3862 1431 τὴν

2195 1436 2434 1508 κεφαλὴν
2485 1435 2842 1507 διατηρῆσαι·
2900 1437 3043 1491 οὕτω
3088 1440 3182 1492 καὶ
3234 1440 3322 1503 σὺ,
3382 1440 3535 1509 φησὶ,
3592 1444 3732 1515 πλὴν
3769 1447 3864 1515 τῆς

2196 1524 2431 1587 πίστεως
2467 1524 2642 1578 πάντα
2688 1524 2916 1592 ἐκδίδου,
2966 1525 3071 1579 κᾶν
3115 1527 3394 1598 χρήματα,
3434 1527 3536 1581 κᾶν
3576 1530 3638 1583 τὸ
3684 1532 3860 1602 σῶμα,

2197 1610 2300 1665 κάν
2354 1609 2522 1682 αὐτὴν
2572 1612 2672 1683 τὴν
2707 1612 2884 1683 ψυχὴν
2922 1612 3169 1666 ἐκδοῦναι
3224 1614 3340 1687 δέῃ.
3383 1615 3627 1671 Ἐκεῖνο⁹
3674 1619 3780 1691 γάρ
3833 1623 3863 1690 ἡ

2196 1698 2405 1771 κεφαλὴ
2432 1701 2528 1754 καί
2553 1702 2586 1772 ή
2616 1701 2739 1771 ῥίζα
2764 1719 2776 1733 ·
2810 1701 3066 1771 κάκείνης
3087 1702 3537 1776 διατηρουμένης,
3566 1705 3667 1759 κᾶν
3692 1708 3864 1761 πάντα

2196 1787 2485 1859 ἀπολέσῃς,
2531 1789 2744 1843 ᾶπαντα
2786 1789 3066 1860 ἀνακτήσῃ
3108 1789 3269 1843 πάλιν
3289 1792 3445 1860 ιμετά
3486 1792 3736 1856 πλείονος
3768 1795 3864 1865 τῆς

2195 1875 2573 1945 περιφανείας.
2609 1876 2709 1930 Διὰ
2735 1876 2798 1946 δὴ
2832 1874 2990 1930 τοῦτο
3017 1874 3140 1929 οῦτε
3170 1877 3374 1930 ἁπλοῦν
3423 1896 3547 1933 τινα
3592 1874 3735 1933 εἶναι
3774 1884 3865 1934 καὶ

2196 1962 2367 2033 ἀφελῆ
2394 1963 2747 2034 προσέταξεν,
2786 1961 2909 2016 οῦτε
2940 1962 3199 2033 φρόνιμον
3240 1964 3422 2033 μόνον,
3474 1966 3590 2019 ἀλλ’
3633 1968 3863 2038 ἐκέρασε

2193 2049 2364 2104 ταῦτα
2397 2048 2701 2121 ἀμφότερα,
2736 2050 2876 2103 ὥστε
2908 2050 3159 2119 γενέσθαι
3188 2052 3325 2105 αύτά
3352 2054 3555 2126 ἀρετήν
3578 2073 3590 2086 ·
3637 2056 3737 2125 τὴν
3770 2056 3864 2126 μὲν

2193 2137 2453 2209 φρόνησιν
2485 2136 2578 2190 τοῦ
2608 2137 2784 2207 ὄφεως
2816 2139 2895 2201 εἰς
2936 2138 2995 2191 τὸ
3036 2138 3110 2210 μὴ
3143 2139 3471 2210 πλήττεσθαι
3514 2143 3571 2195 ἐν
3598 2146 3715 2206 τοῖς
3748 2162 3866 2198 και-

2194 2228 2331 2295 ρίοις
2364 2225 2722 2295 παραλαϐών·
2775 2225 2834 2278 τὸ
2872 2225 2929 2279 δέ
2975 2226 3229 2297 ἀκέραιον
3256 2226 3354 2297 τῆς
3386 2233 3738 2301 περιστερᾶς,
3788 2234 3865 2295 εἰς

2191 2315 2252 2368 τὸ
2287 2314 2361 2385 μὴ
2391 2314 2691 2384 ἀμύνεσθαι
2722 2314 2765 2346 ¹⁰
2796 2315 2923 2377 τοὺς
2952 2312 3291 2378 ἀδικοῦντας,
3337 2315 3472 2386 μηδέ
3502 2320 3867 2389 τιμωρεῖσθαι

2190 2403 2315 2465 τοὺς
2341 2401 2785 2465 ἐπιϐουλεύοντας
2809 2418 2822 2433 ·
2859 2401 2981 2455 ἐπεὶ
3008 2401 3169 2455 πάλιν
3192 2402 3343 2455 οὐδὲν
3381 2402 3572 2471 ὄφελος
3592 2405 3696 2476 τῆς
3726 2422 3864 2476 φρο-

2190 2490 2415 2559 νήσεως,
2449 2490 2514 2542 ἂν
2549 2488 2621 2559 μὴ
2654 2488 2811 2541 τοῦτο
2840 2491 3037 2560 προσῇ.
3073 2490 3138 2543 Τί
3168 2490 3346 2543 τοίνυν
3384 2490 3591 2544 τούτων
3636 2493 3868 2546 εὐτονώ-

2189 2596 2345 2650 τερον
2386 2578 2579 2648 γένοιτ’
2613 2578 2678 2633 ἂν
2716 2580 2823 2632 τῶν
2872 2580 3297 2650 ἐπιταγμάτων;
3349 2581 3423 2634 Ού
3458 2582 3568 2652 γὰρ
3596 2583 3763 2654 ῆρκει
3809 2585 3867 2637 τὸ

2191 2666 2383 2721 παθεῖν
2415 2666 2636 2731 κακῶς;
2679 2667 2833 2738 Οὐχὶ,
2864 2667 3058 2737 φησίν·
3092 2668 3211 2721 ἀλλ’
3255 2670 3373 2721 οὐδὲ
3412 2670 3743 2739 ἀγανακτεῖν
3785 2689 3867 2726 σοι

2191 2753 2479 2826 συγχωρῶ.
2515 2755 2684 2808 Τοῦτο
2709 2755 2816 2826 γάρ
2838 2756 2981 2808 ἐστιν
3005 2756 3037 2826 ἡ
3065 2756 3377 2826 περιστερά.
3414 2756 3626 2828 Ὠσπερ
3649 2756 3716 2811 ἂν
3743 2762 3797 2812 εἰ
3826 2761 3866 2793 ιι

2188 2862 2271 2909 τις
2294 2846 2536 2915 κάλαμον
2568 2848 2646 2910 εἰς
2675 2837 2787 2918 πῦρ
2814 2846 3084 2918 ἐμϐαλὼν,
3116 2847 3327 2901 κελεύοι
3368 2848 3443 2920 μὴ
3472 2850 3728 2904 καίεσθαι
3764 2852 3870 2906 ὑπὸ

2190 2935 2285 2988 τοῦ
2310 2936 2501 3008 πυρὸς,
2527 2936 2663 2990 ἀλλά
2684 2936 2966 2990 σϐεννύναι
3014 2937 3075 2991 τὸ
3112 2937 3241 3009 πῦρ.
3300 2937 3457 2991 Ἀλλά
3497 2939 3570 3009 μὴ
3616 2940 3868 3010 θορυϐώ-

2195 3022 2366 3093 μεθα·
2428 3024 2523 3076 καὶ
2567 3023 2676 3094 γὰρ
2714 3025 2756 3056 ³³
2786 3023 2947 3095 ἐξέϐη
2994 3024 3187 3089 ταῦτα,
3228 3027 3324 3078 καὶ
3351 3026 3503 3092 τέλος
3553 3026 3742 3093 ἔλαϐε,
3777 3030 3867 3082 καὶ

2192 3110 2277 3163 ἐπ’
2302 3109 2480 3163 αύτὼν
2511 3110 2722 3182 ἐδείχθη
2753 3111 2862 3166 τῶν
2888 3112 3086 3183 ἔργων,
3138 3114 3232 3168 καὶ
3275 3114 3529 3185 φρόνιμοι
3569 3117 3866 3184 γεγόνασιν

2189 3195 2264 3258 ὼς
2287 3197 2336 3248 οί
2372 3195 2543 3263 ὄφεις,
2580 3197 2675 3251 καὶ
2693 3197 2940 3267 ἀκέραιοι
2977 3197 3051 3261 ὡς
3080 3199 3136 3252 αί
3176 3200 3534 3270 περιστεραί·
3563 3201 3668 3252 οὐκ
3697 3201 3865 3271 ἄλλης

2188 3284 2340 3348 ὄντες
2373 3284 2603 3355 φύσεως,
2634 3285 2772 3339 ἀλλά
2797 3288 2895 3357 τῆς
2924 3288 3091 3356 αὐτῆς
3115 3288 3270 3358 ἡμῖν.
3300 3289 3389 3359 Μὴ
3415 3290 3596 3343 τοίνυν
3627 3290 3866 3345 ἀδύνατα

2189 3373 2454 3444 νομιζέτω
2484 3390 2568 3436 τις
2606 3369 2744 3426 εἶναι
2770 3374 2838 3426 τά
2863 3375 3232 3444 ἐπιτάγματα.
3263 3376 3373 3445 Πρὸ
3402 3377 3512 3447 γὰρ
3551 3378 3665 3430 τῶν
3690 3379 3866 3434 ἄλλων
3908 3387 3919 3395 “

2188 3462 2445 3515 ἀπάντων
2483 3462 2645 3525 αὐτὸς
2686 3456 2792 3515 οῑδε
2831 3462 2930 3533 τὴν
2968 3464 3075 3516 τῶν
3110 3466 3450 3534 πραγμάτων
3481 3467 3676 3534 φύσιν·
3726 3468 3867 3524 οἶδεν

2188 3551 2269 3603 ὅτι
2303 3549 2576 3621 θρασύτης
2607 3552 2666 3604 ού
2699 3550 2996 3623 θρασύτητι
3032 3550 3205 3624 [580],
3245 3553 3360 3607 ἀλλ’
3398 3556 3672 3627 ἐπιεικείᾳ
3709 3559 3860 3612 σϐἐνο

2190 3655 2363 3691 νυται.
2415 3640 2478 3691 Εἰ
2514 3639 2571 3691 δέ
2601 3639 2693 3693 καὶ
2736 3639 2827 3693 ἐπὶ
2857 3638 2965 3692 τῶν
2992 3640 3330 3710 πραγμάτων
3374 3640 3533 3695 τοῦτο
3575 3643 3865 3714 γινόμενον

2192 3724 2316 3778 ἰδεῖν
2336 3724 2560 3791 ἐθέλοις,
2598 3727 2870 3795 ἀνάγνωθι
2892 3725 3001 3779 τῶν
3034 3727 3294 3798 Πράξεων
3316 3728 3423 3781 τῶν
3450 3729 3777 3783 ἀποστόλων
3799 3731 3864 3786 τὸ

2189 3812 2409 3882 βιϐλίον,
2468 3814 2563 3866 καὶ
2606 3814 2727 3884 ὄψει
2778 3815 3010 3878 ποσάκις
3059 3814 3153 3869 τοῦ
3195 3816 3366 3888 δήμου
3412 3816 3523 3870 τῶν
3591 3820 3863 3873 Ἰουδαίων

2186 3900 2682 3964 κατεξαναστάντος
2710 3902 2804 3955 καὶ
2841 3903 2965 3967 τοὺς
3004 3903 3224 3966 ὀδόντας
3255 3904 3532 3974 θήγοντος,
3568 3908 3671 3976 τὴν
3708 3926 3861 3979 περι-

2186 3985 2383 4056 στερὰν
2405 3981 2546 4040 οὗτοι
2575 3986 2920 4057 μιμούμενοι,
2951 3988 3043 4041 καὶ
3067 3988 3205 4058 μετά
3219 3990 3317 4058 τῆς
3343 3990 3662 4062 πρεπούσης
3686 3993 3862 4046 ἐπιει-

2185 4074 2340 4138 κείας
2396 4074 2835 4144 ἀποκρινόμενοι,
2892 4075 3193 4129 κατέλυσαν
3251 4076 3342 4129 τὸν
3391 4076 3619 4130 ἐκείνων
3663 4078 3858 4149 θυμὸν,

2184 4160 2414 4216 ἔσϐεσαν
2435 4162 2533 4233 τὴν
2567 4161 2782 4232 μανίαν,
2816 4160 3075 4227 ἐξέλυσαν
3124 4162 3222 4233 τὴν
3250 4163 3449 4234 ὁρμήν.
3496 4165 3722 4237 Ἐπειδὴ
3752 4166 3858 4236 γάρ

2180 4249 2364 4317 ἔλεγον
2388 4266 2401 4279 ·
2435 4252 2515 4303 Οὐ
2546 4250 2914 4319 παραγγελία
2948 4252 3430 4320 παρηγγείλαμεν
3458 4252 3605 4320 ὑμῖν
3627 4252 3718 4321 μὴ
3749 4259 3858 4307 .la-

2178 4335 2311 4389 λεῖν
2346 4337 2417 4389 ἐν
2450 4336 2531 4402 τῷ
2565 4337 2807 4404 ὀνόματι
2854 4338 3077 4402 τούτῳ;
3122 4336 3298 4391 καίτοι
3357 4338 3527 4408 μυρία
3561 4338 3860 4409 δυνάμενοι

2179 4421 2628 4494 θαυματουργεῖν,
2650 4424 2823 4493 τραχὺ
2857 4423 2956 4494 μὲν
2976 4422 3129 4477 οὐδὲν
3157 4422 3278 4477 οὔτε
3306 4418 3480 4487 εἷπον,
3514 4422 3641 4477 οὔτε
3671 4427 3861 4499 ἐποξηο

2179 4526 2297 4575 σαν,
2334 4509 2469 4580 μετά
2499 4511 2802 4582 πραότητος
2832 4510 2891 4563 δέ
2938 4512 3118 4581 πάσης
3156 4510 3523 4578 ἀπελογοῦντο
3559 4512 3856 4579 λέγοντες·

2177 4600 2247 4651 Εἰ
2265 4596 2501 4651 δίκαιόν
2525 4598 2697 4651 ἐστιν
2721 4596 2890 4666 ὑμῶν
2919 4598 3165 4652 ἀκούειν
3184 4597 3427 4667 μᾶλλον
3451 4598 3490 4666 ἢ
3528 4600 3639 4654 τοῦ
3678 4600 3857 4664 Θεοῦ,

2175 4685 2437 4753 κρίνατε.
2467 4680 2619 4745 Εἶδες
2642 4685 2703 4737 τὸ
2726 4684 2986 4757 ἀκέραιον
3029 4687 3127 4755 τῆς
3158 4686 3518 4757 περιστερᾶς;
3578 4688 3757 4757 βλέπε
3800 4690 3860 4742 τὸ

2176 4771 2439 4843 φρόνιμον
2492 4771 2586 4823 τοῦ
2652 4770 2826 4840 ὄφεως
2846 4788 2859 4801 ·
2931 4771 3119 4841 Ἡμεῖς
3169 4773 3279 4841 γὰρ
3327 4774 3401 4826 οὐ
3443 4772 3761 4843 δυνάμεθα
3821 4776 3858 4829 ἃ

2175 4860 2421 4929 οἴδαμεν
2433 4859 2476 4891 ¹³
2496 4859 2593 4912 καὶ
2614 4859 2964 4929 ἠκούσαμεν
2981 4860 3066 4929 μὴ
3083 4860 3314 4914 λαλεῖν.
3339 4856 3627 4925 Εἷδεςπῶς
3644 4879 3862 4917 πανταε-

2175 4946 2329 5017 χόθεν
2371 4946 2784 5018 ἠκριϐωμένους
2824 4943 2962 4999 εἶναι
3008 4946 3138 5017 χρὴ,
3177 4946 3317 4999 ὥστε
3367 4946 3442 5018 μὴ
3477 4949 3521 4978 ⁸⁸
3579 4950 3690 5002 ὑπὸ
3744 4968 3862 5003 κιν-

2175 5035 2345 5088 δύνων
2389 5034 2799 5100 ταπεινοῦσθαι,
2856 5033 2989 5105 μηδέ
3034 5034 3139 5087 ὑπὸ
3188 5033 3360 5103 θυμοῦ
3398 5034 3859 5104 παροξύνεσθαι;

2173 5122 2272 5176 Διά
2295 5122 2448 5176 τοῦτο
2481 5122 2576 5177 καὶ
2617 5122 2799 5190 ἔλεγε·
2835 5122 3166 5190 Προσέχετε
3198 5124 3313 5177 ἀπὸ
3341 5122 3460 5177 τῶν
3481 5125 3860 5192 ἀνθρώπων·

2173 5210 2598 5279 παραδώσουσι
2642 5210 2751 5278 γὰρ
2789 5208 2944 5278 ὑμᾶς
2983 5212 3070 5275 εἰς
3110 5209 3416 5279 συνέδρια,
3460 5211 3559 5264 καὶ
3601 5212 3677 5265 ἐν
3726 5214 3861 5279 ταῖς

2172 5298 2549 5367 συναγωγαῖς
2584 5296 2782 5351 αὐτῶν
2815 5295 3303 5365 μαστιγώσουσιν
3356 5297 3513 5366 ὑμᾶς
3532 5313 3548 5330 ·
3592 5301 3700 5354 καὶ
3762 5302 3858 5354 ἐπὶ

2172 5385 2471 5455 ἡγεμόνας
2495 5385 2589 5438 καὶ
2614 5383 2889 5449 βασιλεῖς
2916 5380 3259 5451 ἀχθήσεσθε
3293 5382 3505 5437 ἕνεκεν
3545 5385 3736 5454 ἐμοῦ,
3776 5390 3858 5451 εἰς

464 5518 520 5555 ⁸⁸
550 5522 622 5591 μή
657 5535 769 5593 urg.
886 5518 948 5573 F.
1024 5516 1261 5593 ”_bv1:_ac
1285 5513 1420 5570 Edd.
1499 5518 1634 5593 ’_xa_€
1662 5515 1859 5593 011318.
1892 5517 1978 5593 F._
2026 5520 2084 5593 ι

2192 5515 2360 5593 τοθεν]
2384 5516 2508 5593 add,
2536 5515 2773 5593 §vt_eq_F.
2852 5517 2873 5549 ⁸
2905 5518 3055 5593 ἴσως]
3087 5517 3181 5573 καὶ
3214 5515 3430 5593 ἴσως-Ε.
3470 5518 3590 5572 ἀλλ’
3614 5520 3851 5593 ἴσως-Ρ.

404 5586 682 5655 ἴσωςόἱη.
717 5589 779 5645 Β.
805 5587 1056 5658 Nostram
1084 5587 1367 5658 lectionem
1397 5588 1566 5658 venit
1590 5586 1685 5658 Gfe.
1732 5586 1865 5658 Mog
1897 5589 1990 5658 καὶ
2019 5588 2084 5641 δα

2192 5604 2280 5646 νας
2310 5586 2372 5639 Ε.

1090 5658 1109 5688 τ
1135 5655 1289 5727 ὅσονλ
1307 5655 1365 5719 ὃς
1391 5656 1484 5710 ὲάν
1514 5655 1574 5708 Β.
1610 5657 1682 5727 ὡς
1711 5656 1805 5710 ἐάν
1826 5655 1886 5710 F.
1921 5655 2126 5712 Deindé
2154 5658 2411 5727 ἀκέραιος
2438 5656 2513 5720 ὡς
2544 5658 2577 5727 ἡ

404 5661 427 5691 ⁸
450 5663 554 5729 γάρ
574 5660 811 5729 deestjn
847 5657 977 5713 Edd.

2483 5588 2505 5618 δ
2534 5588 2638 5658 am
2682 5588 2809 5658 ὅταν
2848 5588 3064 5646 εοάἱοεὲ

3110 5586 3397 5659 praeteriti.
3449 5593 3495 5659 ,⁸
3524 5589 3712 5659 μηδέν
3758 5590 3850 5659 Ep.

2768 5656 2921 5743 M-
3023 5662 3045 5694 ·
3080 5656 3205 5743 um
3231 5658 3358 5743 εειας
3394 5657 3504 5743 τερ
3528 5656 3676 5743 13:“-
3711 5676 3769 5730 ρ-
3800 5656 3849 5743 ξ’-

403 5725 473 5803 ii
509 5725 715 5803 μεγάλα
735 5728 869 5782 Edd.
898 5797 912 5803 _
943 5730 985 5803 ’_
1009 5726 1219 5803 Ἐκείνῃ
1250 5725 1312 5803 ξε
1338 5735 1393 5781 el.
1425 5727 1630 5803 giqed;
1647 5726 1774 5803 δαν.
1832 5728 1895 5803 _‘_°
1917 5727 2084 5797 ἀμύνο

2192 5745 2244 5803 ιι-
2258 5725 2472 5803 Εάἀε-θι
2489 5725 2587 5803 ἓν.
2628 5725 3053 5803 D{_“_'0;1tep
3081 5725 3216 5803 ’γὰρ’
3240 5728 3288 5803 εἰ
3328 5728 3393 5782 Δ.
3436 5725 3851 5803 Καθάπερ-γάρ

407 5798 473 5868 ἂν
501 5794 549 5849 εἰ
580 5798 636 5851 F.
671 5814 721 5865 p.
750 5797 1043 5868 31.351565:
1072 5799 1133 5852 A.
1177 5794 1564 5868 B._F._xekeﬁn
1592 5795 1654 5853 C.
1690 5797 1750 5850 ι).
1830 5798 1872 5829 ¹²
1912 5794 2020 5868 γάρ
2054 5812 2084 5854 0

2200 5795 2267 5855 E.

412 5866 457 5897 ⁸·
492 5868 631 5939 μὴ...
665 5867 823 5932 μηδέὶ
854 5871 1054 5934 μήτεηο
1091 5868 1224 5937 μήτε
1247 5866 1307 5922 F-
1339 5865 1437 5937 ΕΡ·

2375 5798 2419 5830 ⁸⁸
2458 5794 2668 5869 εἴδομεν
2712 5794 2775 5854 F.
2813 5796 2979 5858 Paulo
3012 5794 3136 5860 inte
3168 5794 3334 5872 βλέπε
3374 5797 3575 5874 XCV-fw
3616 5794 3848 5857 ινξεδὰ
