4042 6218
347 311 455 369 ω

346 430 592 481 Attamen
628 422 697 478 de
737 436 797 478 se
832 421 961 476 nihil
1005 420 1180 475 adhuc
1213 421 1383 483 dicit,
1412 436 1601 490 nempe
1632 420 1773 489 quod
1807 421 1921 476 vin-

346 516 568 573 ciendus
591 523 761 581 esset,
790 513 1135 585 ﬂagellandus
1160 555 1174 573 .
1207 512 1569 577 occidendus,
1614 529 1680 567 ne
1720 511 1795 567 sic
1830 528 1924 568 eo-

346 625 465 665 rum
492 608 822 680 perturbaret
846 608 1073 671 animos,
1101 605 1194 661 sed
1223 606 1431 661 interim
1456 620 1574 675 qua:
1604 605 1733 673 ipsis
1759 621 1925 662 even-

349 710 463 755 tura
497 702 604 755 sint
642 698 980 768 praenuntiat.
1014 697 1213 752 Deinde
1239 706 1299 751 ut
1328 696 1555 760 discant,
1584 711 1775 749 novam
1807 710 1929 751 esse

347 790 483 845 hanc
507 789 734 845 bellandi
759 789 951 861 legem,
976 797 1028 843 et
1056 788 1349 842 inauditum
1378 786 1509 842 aciei
1540 786 1774 843 modum.
1803 801 1925 840 cum

347 882 518 938 nudos
545 882 749 945 mittat,
779 895 882 935 una
912 881 1125 934 indutos
1155 880 1326 934 tunica
1355 921 1368 942 ,
1405 879 1523 934 sine
1552 878 1746 932 calceis
1767 919 1781 943 ,
1814 876 1929 932 sine

294 972 299 993 ³
348 977 511 1045 virga,
557 975 673 1029 sine
711 974 926 1044 cingulo
954 973 1036 1028 vel
1067 986 1221 1042 pera,
1257 986 1388 1042 quos
1420 972 1489 1025 ali
1514 971 1663 1040 jubet
1689 970 1756 1023 ab
1788 971 1930 1024 exci-

346 1066 610 1137 pientibus
630 1106 644 1130 ,
674 1080 779 1119 non
803 1064 889 1118 hic
912 1064 1070 1118 ﬁnem
1098 1061 1309 1117 dicendi
1344 1061 1502 1127 facit,
1535 1061 1628 1116 sed
1658 1075 1807 1114 suam
1838 1076 1929 1114 os-

347 1159 575 1215 tendens
609 1156 929 1213 ineﬂabilem
972 1156 1263 1225 potentiam
1309 1154 1491 1208 dicit:
1534 1153 1623 1208 Sic
1672 1153 1931 1207 abeuntes

344 1252 522 1306 ovium
560 1248 1019 1306 mansuetudinem
1067 1248 1334 1312 exhibete,
1365 1247 1574 1303 etiamsi
1610 1257 1795 1301 contra
1845 1246 1931 1301 lu-

346 1360 443 1413 pos
474 1344 630 1409 ituri;
659 1356 759 1399 nec
773 1341 931 1397 modo
953 1330 1137 1397 centra
1167 1341 1342 1411 lupos,
1373 1340 1466 1396 sed
1494 1341 1653 1396 etiam
1682 1339 1747 1394 In
1769 1340 1931 1394 medio

345 1437 599 1506 luporum.
630 1434 813 1505 Neque
850 1443 1053 1489 tantum
1089 1433 1266 1489 ovium
1299 1432 1758 1488 mansuetudinem
1783 1432 1933 1502 jubet

346 1528 576 1595 habere,
608 1527 702 1584 sed
732 1528 894 1583 etiam
924 1526 1318 1596 simplicitatem
1355 1526 1637 1582 columbae.
1674 1525 1763 1581 Sic
1798 1542 1933 1596 prae-

344 1618 527 1672 sertim
568 1632 740 1671 meam
782 1617 1059 1672 ostendam
1079 1616 1471 1681 fortitudinem.
1494 1632 1613 1672 cum
1636 1617 1933 1687 oveslupos

343 1709 586 1772 vicerint,
621 1707 830 1762 etiamsi
859 1709 913 1761 in
939 1707 1113 1762 medio
1143 1708 1389 1779 luporum
1413 1708 1540 1775 sint,
1562 1716 1616 1763 et
1641 1709 1933 1764 innumeris

345 1798 617 1852 morsibus
656 1798 978 1864 lacerentur,
1013 1812 1113 1852 nec
1159 1797 1318 1853 modo
1359 1812 1464 1853 non
1503 1797 1802 1863 deleantur,
1834 1797 1931 1853 sed

346 1890 505 1945 etiam
538 1890 693 1958 lupos
733 1898 1077 1953 convertant;
1109 1889 1253 1960 quod
1286 1890 1443 1959 longe
1482 1890 1779 1945 mirabilius
1824 1898 1927 1957 est,

346 1990 401 2035 et
430 1980 603 2050 majus
631 1994 787 2049 quam
828 1979 873 2033 si
903 1979 1235 2046 occiderent,
1263 1979 1308 2034 si
1336 1994 1531 2049 nempe
1569 1979 1780 2034 illorum
1809 1996 1929 2033 mu-

348 2080 460 2127 tent
487 2070 814 2125 voluntatem
840 2110 855 2135 ,
885 2070 1228 2140 animumque
1269 2070 1654 2125 transforment
1682 2088 1694 2123 :
1726 2078 1781 2125 et
1815 2068 1932 2124 lure

346 2178 466 2218 cum
489 2162 563 2217 illi
590 2162 870 2218 duodecim
899 2170 1079 2217 essent
1108 2170 1310 2216 tantum
1336 2203 1351 2228 ,
1379 2170 1434 2217 et
1455 2170 1599 2217 totus
1621 2161 1765 2216 orbis
1793 2160 1932 2231 lupis

345 2264 489 2310 esset
516 2254 722 2325 plenus.

420 2344 549 2399 Oves
589 2345 775 2400 Christi
808 2347 1044 2411 vincunt,
1089 2348 1200 2415 lupi
1229 2348 1514 2401 vincuntur.
1542 2375 1611 2384 —
1638 2343 1932 2399 Erubesca-

346 2450 465 2490 mus
494 2436 673 2505 igitur,
702 2437 789 2506 qui
823 2446 1006 2491 contra
1037 2435 1326 2503 facientes,
1360 2438 1507 2506 quasi
1541 2436 1647 2505 lupi
1682 2436 1930 2490 inimicos

345 2519 662 2574 invadimus.
718 2520 982 2587 Quamdiu
1034 2521 1175 2575 enini
1205 2534 1337 2575 oves
1376 2534 1599 2586 sumus,
1646 2520 1930 2585 vincimus,

342 2621 503 2682 atquc
544 2612 642 2668 etsi
666 2611 957 2668 innumeris
979 2613 1292 2668 circumdati
1339 2613 1475 2681 lupis
1500 2626 1853 2681 superamus;
1886 2612 1930 2667 si

344 2716 475 2758 vero
500 2702 608 2771 lupi
628 2701 944 2766 efﬁciamur,
968 2704 1229 2758 vincimur
1255 2722 1267 2758 :
1299 2702 1525 2772 pastoris
1553 2703 1750 2772 quippe
1780 2702 1929 2757 auxi-

345 2792 418 2846 lio
446 2792 805 2847 destituimur.
825 2791 937 2849 Non
962 2794 1104 2847 enim
1136 2793 1223 2849 ille
1247 2792 1423 2863 lupos,
1450 2791 1544 2847 sed
1573 2807 1700 2847 oves
1720 2792 1929 2863 pascit;

346 2891 472 2938 tunc
510 2890 686 2938 autem
732 2893 786 2941 te
831 2884 1087 2954 relinquit
1110 2898 1175 2940 ac
1212 2884 1478 2940 discedit:
1506 2884 1633 2955 quia
1666 2900 1771 2941 non
1800 2886 1933 2943 sinis

346 2973 493 3028 illum
519 2974 766 3031 virtutem
793 2989 942 3031 suam
967 2975 1270 3032 ostendere.
1293 2976 1348 3032 Si
1375 2977 1516 3032 enim
1544 2986 1763 3032 vexatus
1779 2991 1932 3032 man-

346 3065 681 3122 suetudinem
710 3067 987 3131 exhibeas,
1009 3069 1107 3139 ipsi
1132 3076 1297 3125 totnm
1324 3070 1629 3125 attribuitur
1650 3080 1929 3140 tropaeum;

348 3157 430 3212 sin
457 3158 651 3213 exieris
692 3160 1145 3229 pugnaverisque,
1199 3161 1477 3216 victoriam
1527 3159 1803 3216 obscuras.
1853 3161 1931 3217 Tu

346 3261 475 3303 vero
516 3247 643 3303 mihi
687 3249 967 3305 considera
1010 3253 1224 3320 quinam
1270 3251 1378 3305 sint
1421 3250 1478 3316 ii,
1518 3251 1610 3320 qui
1653 3249 1767 3305 hinc
1793 3250 1927 3306 dura

347 3338 718 3409 laboriosaque
739 3348 1001 3410 praecepta
1019 3341 1238 3396 audiunt
1261 3358 1273 3394 :
1298 3340 1629 3397 formidolosi
1660 3340 1926 3405 homines,

347 3431 567 3496 idiota};
616 3432 848 3487 illiterati
870 3474 884 3497 ,
916 3440 973 3488 et
1009 3432 1206 3488 indocti
1238 3448 1255 3498 ;
1301 3445 1519 3503 prorsus
1549 3432 1803 3497 obscuri;
1832 3434 1922 3503 qui

351 3531 665 3580 exterorum
711 3523 856 3593 leges
894 3522 1242 3593 ignorabant,
1274 3524 1364 3592 qui
1393 3537 1496 3577 non
1538 3523 1590 3577 in
1631 3523 1805 3577 forum
1838 3523 1932 3579 de-

348 3613 707 3678 scenderant;
739 3615 1052 3684 piscatores,
1082 3614 1369 3683 publicani,
1408 3613 1460 3668 in
1489 3612 1737 3668 omnibus
1765 3613 1931 3667 imbe-

348 3704 521 3760 cilles.
548 3703 699 3770 Quod
737 3705 780 3759 si
827 3705 941 3760 haec
984 3705 1065 3761 vel
1110 3719 1301 3777 magno
1334 3703 1586 3775 praeditos
1628 3705 1841 3775 ingenio
1877 3713 1932 3760 et

348 3794 527 3848 animo
550 3794 691 3849 viros
712 3794 923 3851 turbare
944 3804 1185 3865 possunt,
1210 3794 1479 3865 quomodo
1501 3810 1605 3850 non
1630 3796 1929 3865 potuissent

349 3886 624 3957 imperitos
652 3885 913 3954 homines,
930 3886 1018 3957 qui
1049 3886 1179 3943 nihil
1198 3887 1446 3958 generosi
1474 3902 1723 3956 umquam
1752 3887 1931 3942 animo

349 3985 721 4048 conceperant,
745 3978 978 4048 dejicere
1006 3986 1164 4048 atque
1193 3977 1484 4047 percellere
1505 3976 1527 4030 ἲ
1551 3977 1621 4031 At
1647 3992 1753 4031 non
1777 3976 1930 4044 deje-

348 4086 494 4127 eere.
522 4069 685 4138 quue
704 4070 824 4139 jure
857 4068 1080 4137 merito,
1105 4068 1248 4125 dicet
1276 4070 1413 4124 forte
1440 4068 1702 4139 quispiam
1733 4086 1747 4122 :
1780 4067 1934 4123 dedit

350 4161 489 4216 enim
519 4160 621 4215 illis
646 4169 959 4231 potestatem
990 4160 1265 4215 daemonas
1284 4157 1528 4228 ejiciendi
1547 4200 1563 4223 ,
1595 4171 1657 4212 ac
1687 4159 1931 4227 leprosos

349 4253 659 4309 mundandi.
693 4253 807 4323 Ego
834 4263 1010 4308 autem
1053 4251 1278 4307 dixerim
1300 4292 1315 4315 ,
1353 4250 1456 4304 hoc
1494 4250 1666 4319 ipsum
1696 4248 1931 4303 maxime

348 4344 468 4397 illos
497 4344 710 4398 turbare
740 4342 997 4413 potuisse,
1021 4340 1161 4413 quod
1189 4341 1290 4396 etsi
1313 4348 1554 4395 mortuos
1583 4338 1927 4403 suscitarent,

349 4435 467 4489 hzec
515 4444 691 4491 tamen
737 4433 1088 4489 intolerabilia
1132 4431 1341 4501 passuri
1388 4438 1585 4494 erant;
1626 4428 1927 4493 tribunalia,

346 4526 695 4582 abductiones
714 4525 780 4581 ad
809 4540 1016 4591 necem,
1039 4523 1235 4578 bellum
1262 4521 1519 4578 adversus
1539 4535 1750 4584 omnes,
1781 4534 1927 4574 com-

348 4634 509 4674 mune
540 4619 701 4673 totius
728 4618 875 4674 orbis
912 4616 1091 4671 odium
1113 4657 1128 4679 ,
1151 4624 1206 4672 et
1236 4616 1350 4671 hzec
1385 4613 1512 4669 dum
1545 4613 1797 4668 miracula
1840 4628 1932 4682 pa-

350 4719 571 4764 trareut.
604 4710 733 4775 Qua:
774 4708 1071 4763 consolatio
1119 4708 1257 4763 inter
1309 4714 1387 4763 tot
1436 4715 1689 4775 tantaque
1746 4704 1929 4758 mala?

349 4802 605 4856 Mittcntis
639 4801 889 4869 potentia.
921 4798 1123 4854 Idcirco
1152 4799 1267 4854 haec
1291 4798 1553 4867 praemisit
1580 4796 1698 4851 aliis
1719 4794 1926 4858 dicens,

640 4841 889 4869 γ.,.ν.......
922 4841 1122 4854 ...νηυν
1152 4841 1267 4854 ...υν
1293 4841 1553 4867 ν...........
1580 4841 1697 4851 _...-
1721 4841 1926 4858 ..-πη

324 4841 484 4955 iEcce
503 4909 593 4962 ego
623 4891 763 4945 mitto
790 4906 897 4946 vos.
929 4890 1041 4945 Hoc
1069 4889 1219 4944 vobis
1248 4889 1315 4944 ad
1344 4889 1769 4944 consolationem
1797 4887 1931 4942 satis

328 4978 432 5041 ’est
454 5027 469 5049 ,
507 4982 809 5051 snftieitque
834 4981 900 5035 ad
928 4980 1173 5036 ﬁduciam
1198 4980 1512 5035 sumendam
1558 4981 1931 5047 neminemque

349 5076 778 5131 adversariorum
807 5071 1197 5127 formidandum
1216 5072 1255 5125 ¹.

421 5168 476 5222 ‘2.
499 5167 665 5234 Quare
677 5163 901 5218 Christus
917 5162 1158 5232 apostolis
1170 5162 1334 5215 ovium
1347 5161 1689 5230 infirmitatem
1711 5162 1927 5230 reliquit.

351 5258 636 5315 Prudentia
660 5256 902 5322 serpentis
921 5270 1050 5324 (μιαν.
1074 5282 1145 5292 —-
1165 5252 1325 5308 Vides
1353 5250 1760 5307 auctoritatem?
1785 5251 1933 5307 vides

352 5346 687 5421 potentiam?
734 5346 880 5401 vides
920 5345 1167 5399 virtutem
1218 5341 1729 5412 inexpugnabilem?
1779 5341 1934 5409 Quod

349 5449 529 5494 autem
575 5437 730 5502 dicit,
766 5435 1068 5506 lmjusmodi
1112 5443 1193 5491 est
1222 5452 1235 5487 :
1268 5432 1344 5489 Ne
1381 5432 1667 5488 turbemini
1689 5474 1704 5499 ,
1736 5432 1929 5503 inquit,

349 5530 494 5602 quod
514 5544 633 5585 cum
654 5544 746 5582 vos
766 5528 903 5583 inter
924 5530 1074 5599 lupos
1098 5527 1327 5589 mittam,
1348 5536 1547 5580 utoves
1576 5536 1629 5579 et
1649 5533 1705 5577 ut
1725 5523 1934 5579 colum-

352 5626 449 5683 bas
472 5637 591 5680 esse
607 5621 842 5692 iubeam.
871 5620 1207 5676 Contrarium
1240 5629 1493 5689 praestare
1517 5628 1778 5689 poteram,
1805 5630 1932 5672 vos-

418 5780 437 5814 ι
467 5776 665 5839 quidam
680 5775 882 5851 habent,
896 5774 1106 5839 nihilque
1129 5776 1437 5829 adversorum
1456 5770 1837 5841 fomn'tlandum.

1218 305 1284 363 IN
1321 304 1726 363 MATTlMﬁUM
1766 304 1994 361 liOlllL.
2036 304 2275 365 XXXIII,
2314 307 2383 361 al.
2429 306 2668 362 XXXIV.

3512 305 3613 359 590

2038 436 2140 491 que
2177 422 2385 476 mittere
2422 422 2553 476 nihil
2598 436 2850 491 passuros
2887 422 3050 485 mali,
3082 439 3179 479 nec
3220 433 3274 479 nt
3312 440 3440 480 oves
3481 426 3618 496 lupis

2035 514 2297 583 subjicere
2318 556 2334 580 ,
2362 514 2457 568 sed
2492 514 2731 569 leonibus
2760 514 3208 571 formidabiliores
3236 514 3496 584 reddere;
3523 520 3618 574 sed

2036 605 2105 659 ita
2136 607 2247 659 ﬁeri
2290 621 2383 675 par
2411 616 2493 659 est
2524 624 2536 659 :
2572 606 2672 661 hoc
2700 616 2752 661 et
2784 622 2877 661 vos
2912 607 3304 677 splendidiores
3331 609 3529 674 efﬁcit,
3563 622 3617 667 et

2036 696 2325 763 potentiam
2371 711 2543 750 meam
2584 696 2853 765 praedicat.
2904 695 3014 752 lloc
3054 708 3108 752 ct
3151 698 3314 752 Paulo
3360 699 3619 759 dicebat:

2036 787 2228 857 Sit/ﬁcit
2259 789 2346 842 tibi
2369 789 2535 857 gratia
2556 778 2707 855 mea:
2734 807 2851 842 nam
2886 790 3042 845 virtus
3084 807 3193 844 mea
3237 792 3288 845 in
3330 793 3623 860 inﬁrmitate

2036 880 2294 949 perﬁcitur
2312 880 2386 949 (2.
2416 878 2536 935 Cor.
2569 879 2653 935 12.
2676 880 2755 952 9).
2784 880 2893 952 Ego
2921 883 3099 952 itaque
3126 884 3202 938 sic
3230 900 3323 938 vos
3344 887 3618 941 constitui.

2034 968 2165 1025 Cum
2196 972 2337 1025 enim
2367 971 2516 1037 dicit,
2551 970 2662 1043 Ego
2693 972 2836 1026 mitto
2862 989 2949 1025 vos
2974 974 3104 1028 sicut
3129 990 3260 1039 oves,
3299 974 3399 1030 hoc
3424 976 3616 1031 subin-

2036 1059 2176 1115 dicat
2206 1078 2220 1116 :
2262 1059 2339 1116 Ne
2386 1061 2563 1131 itaque
2592 1061 2772 1116 animo
2798 1061 3056 1118 deliciatis
3083 1081 3096 1117 ε
3128 1064 3248 1119 novi
3283 1064 3424 1120 enim
3449 1105 3467 1131 ,
3499 1069 3623 1123 novi

2036 1154 2239 1224 utique,
2272 1168 2370 1207 vos
2394 1154 2471 1208 sic
2503 1154 2749 1208 omnibus
2780 1154 3214 1224 inexpugnabiles
3234 1156 3364 1212 fore.
3398 1158 3622 1225 Deinde,

2035 1252 2094 1297 ut
2122 1242 2389 1313 quidpiam
2419 1243 2517 1314 ipsi
2541 1259 2606 1298 ex
2637 1243 3042 1314 se.-prol‘crrent,
3074 1261 3174 1299 nec.
3199 1249 3375 1301 omnia
3399 1265 3467 1302 ex
3495 1265 3620 1319 gra-

2038 1336 2107 1389 tia
2139 1336 2399 1404 proﬁcisci
2429 1336 2739 1391 viderentur
2759 1378 2774 1402 ,
2808 1352 2979 1407 neque
3023 1340 3138 1392 sine
3167 1354 3324 1393 causa
3372 1342 3622 1396 coronari

2037 1436 2367 1497 putarentur,
2398 1428 2471 1482 ait
2496 1450 2508 1483 :
2535 1427 2708 1482 Eslote
2736 1444 2854 1500 ergo
2882 1430 3150 1499 prudentes
3177 1431 3305 1484 sicut
3332 1442 3583 1500 serpentes
3605 1475 3622 1499 ,

2037 1528 2081 1572 et
2121 1517 2375 1589 simplices
2401 1520 2531 1573 sicut
2563 1520 2826 1574 columbw.
2858 1521 2923 1575 Et
2956 1520 3081 1592 quid
3120 1523 3396 1591 prudentia
3440 1535 3622 1579 nostra

2038 1610 2237 1677 possit,
2272 1609 2555 1679 inquiunt,
2584 1610 2635 1665 in
2669 1620 2741 1666 tot
2783 1612 3070 1680 periculis?
3095 1614 3362 1683 quomodo
3390 1616 3625 1684 pruden-

2038 1701 2163 1755 tiam
2189 1700 2386 1758 habere
2412 1704 2725 1772 poterimus,
2751 1712 2829 1758 tot
2858 1705 3037 1773 agitati
3071 1704 3317 1763 ﬂuctibus
3340 1708 3363 1759 ?
3390 1708 3629 1776 Quanta-

2036 1807 2265 1864 cumque
2303 1793 2580 1863 prudentia
2624 1796 2692 1850 sit
2737 1796 2956 1865 praedita
2978 1797 3127 1863 ovis,
3158 1811 3279 1851 cum
3308 1798 3447 1854 inter
3471 1800 3626 1870 lupos

2036 1885 2125 1950 sit,
2152 1893 2207 1939 et
2237 1894 2436 1939 tantum
2468 1886 2715 1956 luporum
2751 1902 3061 1949 numerum,
3090 1888 3214 1957 quid
3248 1891 3437 1957 poterit
3464 1893 3624 1960 perﬁ-

2036 1977 2196 2029 cere?
2235 1985 2663 2046 quantacumque
2706 1977 2775 2031 sit
2814 1976 3077 2031 columba:
3116 1979 3469 2048 simplicitas,
3497 1982 3625 2051 quid

2038 2066 2109 2119 illi
2132 2065 2373 2136 juvabit,
2411 2076 2487 2121 tot
2522 2068 2841 2122 instantibus
2881 2069 3263 2138 accipitribus?
3292 2070 3347 2125 ln
3378 2071 3457 2125 his
3482 2083 3628 2127 certe

2037 2157 2491 2213 irrationabilibus
2519 2159 2672 2225 nihil,
2704 2160 2753 2213 in
2778 2159 2927 2214 vobis
2955 2169 3131 2216 autem
3161 2162 3381 2216 multum
3397 2162 3624 2233 juvabit.

2034 2247 2139 2303 Sed
2163 2248 2439 2304 videamus
2468 2265 2624 2318 quam
2652 2250 2736 2305 hic
2757 2251 3091 2321 prudentiam
3110 2252 3304 2322 exigat.
3329 2253 3619 2324 Serpentis.

2038 2339 2224 2409 inquit.
2252 2340 2711 2407 Quemadmodum
2742 2341 2831 2395 ille
2858 2342 3034 2396 omnia
3067 2342 3246 2405 tradit,
3275 2345 3481 2399 etiamsi
3503 2361 3628 2399 cur-

2038 2446 2138 2501 pus
2179 2432 2337 2486 incidi
2383 2442 2663 2500 oporteat,
2715 2447 2820 2486 non
2864 2432 3150 2487 admodum
3180 2442 3438 2505 repugnat
3463 2436 3625 2501 ,dum

2037 2532 2196 2594 caput
2220 2531 2469 2579 servetur
2501 2542 2513 2577 :
2544 2523 2624 2579 sic
2644 2532 2698 2578 et
2728 2532 2806 2589 tu,
2838 2524 3026 2594 inquit,
3057 2533 3276 2595 excepta
3300 2526 3423 2589 ﬁde,
3449 2529 3623 2582 omnia

2040 2616 2189 2672 trade
2211 2658 2225 2681 ,
2274 2616 2560 2685 pecunias,
2603 2630 2797 2685 corpus
2818 2658 2832 2680 ,
2860 2616 2965 2669 imo
2989 2616 3155 2686 ipsam
3183 2617 3435 2672 animam.
3470 2619 3627 2675 Fides

2038 2709 2181 2764 enim
2224 2718 2383 2778 caput
2430 2716 2513 2763 est
2555 2717 2609 2762 et
2653 2707 2843 2762 radix:
2875 2707 3070 2777 illaque
3114 2720 3319 2763 servata
3345 2750 3360 2776 ,
3409 2710 3617 2765 etiamsi

2038 2799 2216 2855 omnia
2258 2798 2503 2854 amiseris
2528 2841 2543 2866 ,
2589 2799 2765 2852 omnia
2796 2807 2980 2869 postea
3012 2799 3368 2856 abundantius
3397 2818 3623 2872 recupe-

2037 2891 2202 2946 rabis.
2251 2889 2375 2945 [dco
2404 2906 2509 2945 non
2540 2890 2832 2960 simplicem
2884 2900 3084 2945 tantum
3110 2933 3125 2957 ,
3160 2907 3260 2948 nec
3306 2894 3619 2963 prudentem

2037 2982 2213 3038 solum
2240 2995 2359 3037 esse
2388 2981 2640 3051 prazcepit
2664 3021 2679 3048 ,
2724 2981 2818 3036 sed
2850 2980 2964 3037 hac
2995 2983 3150 3037 ambo
3179 2984 3429 3052 miscuit;
3464 2988 3534 3042 ita
3569 2998 3627 3043 ut

2037 3073 2153 3129 haec
2202 3073 2371 3128 virtus
2438 3087 2565 3128 vere
2634 3072 2793 3138 sint;
2858 3073 3301 3146 prudentiamque
3362 3082 3621 3148 serpentis

2036 3167 2343 3238 assumpsit,
2378 3175 2433 3220 ut
2464 3181 2529 3220 ne
2558 3165 2732 3222 letalia
2763 3165 2984 3221 vulnera
3010 3168 3241 3238 accipias
3266 3186 3280 3236 ;
3312 3169 3625 3241 simplicita-

2034 3268 2143 3316 tem
2174 3273 2304 3314 vero
2328 3258 2609 3325 columbae,
2644 3265 2701 3312 ut
2729 3272 2797 3312 ne
2824 3257 3079 3313 ltedcntcs
3102 3268 3152 3315 te
3174 3259 3465 3327 ulciscaris,
3491 3279 3624 3318 neve

2036 3350 2349 3407 insidiantes
2373 3363 2467 3420 per
2496 3349 2779 3404 vindictam
2808 3364 3057 3404 amoveas
3089 3370 3101 3405 :
3131 3350 3262 3404 nihil
3292 3352 3434 3406 enim
3464 3354 3622 3422 prod-

2034 3452 2118 3498 est
2142 3441 2440 3513 prudentia,
2465 3441 2565 3497 nisi
2587 3440 2689 3495 boc
2708 3440 2866 3495 adsit.
2890 3440 3026 3509 Quid
3053 3456 3179 3512 ergo
3204 3442 3372 3512 magis
3398 3442 3619 3497 ardmnn

2034 3532 2120 3589 his
2170 3532 2486 3603 prmceptis?
2537 3530 2652 3587 Non
2705 3532 2847 3587 enim
2900 3531 3031 3587 satis
3072 3541 3188 3586 erat
3234 3534 3370 3586 mala
3399 3534 3623 3589 subire?

2036 3630 2189 3699 Non,
2218 3629 2388 3699 inquit
2409 3628 2535 3694 ille;
2575 3626 2670 3683 sed
2700 3627 2858 3683 etiam
2890 3642 2957 3682 ne
2985 3626 3273 3697 indigneris
3316 3635 3457 3682 veto.
3509 3627 3623 3682 lloc

2037 3724 2181 3779 enim
2211 3721 2277 3777 ad
2306 3720 2606 3777 columbam
2637 3721 2887 3791 pertinet.
2934 3722 3011 3775 Ac
3056 3720 3101 3774 si
3132 3721 3251 3790 quis
3277 3720 3538 3775 calamum
3568 3722 3622 3776 in

2037 3822 2211 3889 ignem
2250 3817 2469 3870 mittens
2493 3854 2510 3882 ,
2551 3813 2761 3885 juberet
2807 3829 2910 3868 non
2940 3812 3019 3867 uri
3046 3813 3114 3868 ab
3142 3813 3284 3883 igne,
3318 3810 3423 3868 sed
3442 3813 3616 3884 ignem

2036 3907 2392 3976 exstinguere.
2423 3903 2619 3959 Verum
2648 3918 2713 3958 ne
2745 3903 3018 3957 turbemur
3047 3920 3058 3954 :
3091 3902 3205 3955 haec
3230 3911 3277 3955 et
3311 3912 3621 3968 evenerunt,

2036 4010 2090 4053 et
2113 4000 2270 4053 linem
2297 4006 2638 4065 acceperunt,
2670 3996 2901 4064 ipsisque
2922 3994 3171 4063 operibus
3196 3993 3435 4047 exhibita
3458 4004 3582 4048 sunt
3610 4016 3623 4051 :

2040 4088 2330 4159 prudentes
2356 4088 2498 4142 enim
2523 4085 2737 4140 fuerunt
2766 4086 2905 4140 sicut
2932 4096 3212 4155 serpentes
3237 4126 3251 4149 ,
3284 4094 3336 4139 et
3357 4085 3628 4155 simplices

2038 4186 2175 4240 sicut
2201 4184 2460 4238 columba:
2492 4201 2503 4236 :
2537 4198 2641 4237 non
2670 4182 2809 4252 quod
2838 4198 2902 4237 ex
2929 4182 3028 4235 alia
3059 4190 3245 4236 natura
3278 4192 3458 4237 essent
3479 4186 3621 4247 ,sed

2037 4294 2102 4333 ex
2149 4277 2335 4333 eadem
2390 4292 2490 4347 qua
2535 4291 2633 4332 nos
2677 4286 2848 4332 erant.
2891 4276 2967 4331 Ne
3015 4278 3135 4347 quis
3177 4292 3305 4346 ergo
3334 4287 3481 4347 putet
3510 4277 3627 4334 haec

2036 4379 2300 4439 praecepta
2330 4368 2535 4437 impleri
2563 4382 2667 4421 non
2696 4381 2870 4436 posse.
2902 4366 3017 4421 Prae
3043 4367 3290 4420 omnibus
3319 4367 3461 4421 enim
3504 4369 3625 4425 aliis

2039 4464 2152 4533 ipse
2179 4460 2325 4515 novit
2352 4474 2529 4515 rerum
2562 4469 2803 4513 naturam
2837 4476 2850 4511 :
2892 4458 3035 4513 novit
3062 4458 3315 4512 ferociam
3351 4473 3460 4513 non
3488 4459 3629 4514 fero-

2037 4554 2140 4619 cia,
2192 4551 2286 4607 sed
2334 4550 2698 4606 moderatione
2753 4549 3025 4619 restingui.
3079 4547 3229 4615 Quod
3276 4550 3318 4603 si
3363 4548 3536 4619 reipsa
3577 4559 3632 4605 ct

2037 4663 2201 4719 opere
2246 4648 2297 4703 id
2325 4647 2507 4703 videre
2534 4648 2686 4711 velis,
2719 4648 2834 4717 lege
2875 4647 3069 4701 librum
3100 4649 3326 4702 Actuum
3357 4650 3631 4719 apostolo-

2037 4756 2190 4807 rum,
2242 4739 2553 4810 videbisque
2601 4738 2811 4810 quoties
2860 4737 3059 4792 Judwis
3109 4738 3518 4811 insurgentibus,
3578 4752 3629 4793 (ιι

2038 4831 2225 4888 dentes
2269 4833 2584 4887 acuentibus
2608 4871 2623 4897 ,
2665 4828 2719 4884 hi
2757 4828 3056 4883 columbam
3091 4828 3389 4895 imitantes,
3423 4840 3477 4884 et
3506 4845 3627 4885 eum

2039 4924 2407 4979 moderatione
2448 4922 2627 4977 debila
2668 4920 2969 4988 loquentes,
3004 4921 3215 4974 illorum
3249 4922 3478 4976 furorem
3528 4938 3623 4976 cx-

2038 5018 2343 5082 stinxerint,
2391 5017 2524 5070 iram
2568 5014 2865 5084 placarint,
2918 5014 3170 5083 impetum
3203 5012 3457 5068 sedarint.
3492 5015 3623 5069 Nam

2038 5128 2161 5166 eum
2186 5110 2426 5165 dicerent
2451 5125 2462 5160 :
2496 5106 2681 5161 Nonne
2710 5106 3037 5176 prwcepimus
3062 5107 3197 5161 vobis
3223 5124 3284 5161 ne
3305 5107 3630 5177 loqueremini

2039 5204 2091 5257 in
2138 5201 2337 5255 nomine
2375 5200 2470 5253 isto
2502 5200 2637 5269 (Act.
2687 5196 2742 5252 5.
2770 5196 3041 5268 28)?elsi
3072 5198 3322 5252 miracula
3351 5197 3625 5252 innumera

2041 5305 2254 5367 patrare
2282 5297 2518 5363 possent,
2554 5287 2684 5343 nihil
2710 5302 2957 5358 asperum
2985 5288 3066 5342 vel
3092 5287 3339 5342 dixerunt
3365 5286 3447 5341 vel
3479 5284 3624 5338 fece-

2040 5393 2186 5453 runt,
2214 5383 2307 5439 sed
2331 5396 2451 5438 cum
2481 5379 2623 5435 omni
2654 5393 2776 5434 sese
2802 5378 3210 5433 mansuetudine
3235 5383 3525 5447 purgarunt
3548 5373 3625 5427 di-

2041 5486 2225 5533 centes
2262 5492 2275 5528 :
2308 5474 2368 5529 Si
2401 5472 2598 5541 justum
2622 5479 2693 5525 est
2730 5486 2815 5524 vos
2844 5468 3020 5524 audire
3049 5478 3215 5540 potius
3249 5482 3397 5535 quam
3428 5463 3590 5518 Deum
3613 5505 3627 5527 ,

2032 5568 2260 5641 judicate
2288 5563 2448 5635 (Ibid.
2468 5563 2517 5619 4.
2544 5560 2654 5631 l9).
2684 5559 2873 5615 Vidisti
2895 5560 3290 5629 simplicitatem
3314 5553 3577 5609 columbce
3602 5554 3626 5607 ?

2047 5658 2174 5713 Vide
2206 5654 2534 5728 prudentiam
2576 5652 2863 5724 serpentis.
2909 5649 3028 5704 Non
3051 5649 3179 5702 enim
3207 5663 3510 5719 possumus,
3543 5645 3625 5701 in-
3686 5724 3687 5727 η

2046 5751 2249 5823 quiunt,
2270 5764 2378 5822 qua:
2399 5747 2609 5803 militans
2624 5757 2670 5802 et
2686 5746 2966 5801 audivimus
2984 5758 3082 5797 non
3101 5742 3235 5811 loqui
3259 5738 3419 5810 (Ibid.
3442 5754 3489 5795 ιο.
3509 5739 3627 5812 20).
