4042 6218
404 306 521 361 ‘sot

432 400 615 455 \‘idcn’
640 397 910 470 quomodo
941 411 1039 451 nos
1070 394 1303 463 undique
1328 399 1576 447 accurate
1611 386 1819 442 munire
1847 400 2007 454 opor-

392 500 398 506 '
427 504 558 557 teat,
590 502 641 546 nt
674 508 741 547 ne
767 490 852 546 vel
882 486 1132 559 periculis
1151 484 1465 554 dejiciamur
1488 523 1504 545 ,
1533 480 1615 535 vel
1646 478 1722 533 ira
1753 474 2007 531 incenda-

398 598 402 603 ‘
427 586 585 639 mur?
605 583 805 638 Idcirco
824 580 1033 636 dicebat
1052 596 1065 632 :
1085 577 1173 632 17.
1193 575 1371 630 Cavete
1392 572 1454 626 ab
1477 570 1758 626 hominibus
1777 585 1795 622 :
1816 568 2013 622 tradent

428 678 562 729 enim
592 692 676 728 vos
702 675 755 727 in
783 670 1009 726 conciliis
1033 710 1048 733 ,
1079 678 1126 723 et
1154 668 1207 721 in
1236 665 1507 738 synagogis
1540 662 1644 717 suis
1681 659 2013 731 ﬂagellabant

429 785 515 825 vos
547 784 567 823 :
598 768 684 823 l8.
717 776 762 820 et
792 764 860 819 ad
890 762 1130 836 praesides
1156 770 1203 815 et
1240 775 1382 830 reges
1409 755 1659 811 dueemini
1696 756 1749 807 in
1789 752 2014 807 testimo-

418 862 572 914 nium
617 856 722 912 illis
770 864 818 911 et
860 852 1107 927 gentibus.
1156 850 1361 906 Rursus
1411 848 1531 903 illos
1577 845 1645 901 ad
1690 842 2013 916 vigilandum

404 966 413 971 '
432 956 715 1021 praeparat,
740 946 933 1016 ubique
949 943 1211 1004 indicens,
1232 950 1289 996 ut
1310 939 1447 994 mala
1468 938 1758 1010 patiantur,
1778 935 2017 1005 aliosque

406 1044 571 1099 mala
617 1041 815 1096 inferre
865 1040 1071 1101 sinens,
1117 1043 1178 1090 ut
1202 1033 1397 1098 discas,
1450 1031 1592 1087 male
1636 1026 1888 1100 patiendo
1933 1026 2015 1081 vi-

430 1134 655 1189 etoriam
704 1128 1007 1201 reportari,
1054 1126 1285 1195 hincque
1314 1132 1513 1193 tropzea
1543 1120 1696 1190 erigi.
1727 1117 1846 1173 Non
1872 1117 2016 1173 enim

432 1224 588 1289 dixit,
618 1223 853 1292 Pugnate
881 1235 1000 1286 vos,
1030 1229 1085 1274 et
1111 1215 1343 1273 resistite
1373 1214 1438 1270 iis
1458 1213 1546 1284 qui
1575 1225 1671 1267 vos
1699 1209 1897 1265 laedere
1920 1222 2008 1264 vo-

428 1317 552 1370 lunt
576 1332 591 1382 ;
618 1314 712 1370 sed
742 1314 843 1369 hnc
869 1321 1094 1375 tantum,
1125 1309 1377 1364 Extrema
1410 1305 1615 1377 passuri
1641 1304 1792 1359 estis.

506 1411 561 1464 5.
602 1407 795 1476 Papae!
823 1413 1017 1475 quanta
1041 1401 1306 1473 loquentis
1331 1399 1445 1454 vis!
1474 1405 1668 1467 quanta
1690 1392 2017 1450 audientium

440 1501 808 1575 philosophia!
841 1499 997 1555 Certe
1022 1496 1177 1552 valde
1202 1492 1499 1549 mirandum
1524 1498 1607 1547 est
1635 1489 1756 1543 illos
1781 1487 1904 1541 talia
1927 1501 2021 1539 au-

438 1596 666 1656 dientes,
696 1607 800 1647 non
831 1588 1010 1644 statim
1050 1586 1337 1657 aufugisse,
1363 1584 1507 1637 viros
1537 1580 1901 1643 nteticulosos,
1930 1578 2021 1647 qui

423 1704 543 1743 “non
570 1687 707 1743 ultra
738 1696 1008 1754 stagnum,
1036 1682 1088 1737 in
1117 1694 1224 1752 quo
1260 1676 1452 1749 piscari
1476 1674 1741 1740 solebant,
1770 1685 2025 1743 peragra-

434 1789 641 1836 verant.
680 1775 960 1847 Quomodo
990 1788 1095 1829 non
1133 1771 1454 1841 cogitarunt,
1497 1781 1595 1821 nec
1622 1767 1762 1820 intra
1788 1777 1846 1818 se
1875 1762 2025 1817 dixe-

441 1882 564 1927 runt
597 1890 609 1924 :
639 1870 755 1937 Quo
785 1866 999 1923 tandem
1037 1861 1336 1934 fugiemus?
1369 1857 1674 1915 Tribunalia
1705 1863 1889 1910 contra
1926 1866 2025 1907 nos

438 1973 605 2028 stant,
651 1974 825 2031 reges,
859 1955 1138 2027 prmsides,
1169 1965 1453 2024 synagoga?
1477 1947 1806 2010 Judaeorunt,
1851 1943 2025 2013 genti-

443 2059 572 2110 liuttt
608 2053 782 2118 turba,
815 2048 1081 2120 principes
1107 2055 1161 2101 et
1204 2043 1423 2098 subditi.
1451 2040 1582 2095 Natu
1634 2052 1739 2093 non
1786 2035 2027 2091 Palaesti-

422 2162 567 2202 <nam
614 2144 796 2210 modo,
847 2154 944 2195 nec
974 2138 1132 2202 mala,
1173 2150 1293 2207 quas
1332 2134 1404 2189 ibi
1437 2131 1640 2202 passuri
1686 2137 1860 2195 erant,
1890 2143 2031 2199 prae-

445 2236 731 2302 nuntiavit,
773 2231 868 2288 sed
897 2230 1031 2286 bella
1065 2244 1159 2299 per
1200 2226 1384 2281 orbem
1427 2225 1599 2278 futura
1628 2219 1873 2290 praedixit
1903 2236 1916 2271 :
1949 2217 2028 2271 Ad

423 2332 604 2402 ‘reges,
647 2326 836 2397 inquit,
885 2333 933 2378 et
964 2320 1203 2393 praesides
1237 2317 1526 2383 ducemini;
1571 2312 1864 2370 ostendens
1909 2311 2029 2366 illos

444 2425 511 2480 ad
538 2428 726 2493 gentes
764 2414 960 2473 deinde
986 2430 1115 2471 esse
1140 2411 1448 2468 mittendos.
1478 2410 1674 2465 Orbem
1704 2415 1889 2463 contra
1928 2417 2029 2461 nos

424 2513 687 2579 'armasti,
724 2509 872 2565 orbis
896 2518 1055 2562 terra:
1080 2504 1407 2559 habitatores
1431 2515 1620 2556 omnes
1645 2499 1810 2554 armis
1841 2507 2028 2555 contra

420 2622 421 2625 ‘
447 2620 546 2659 nos
571 2601 864 2667 munivisti,
896 2597 1136 2669 populos,
1163 2605 1437 2666 tyrannos,
1467 2605 1642 2662 reges.
1674 2589 1825 2658 Quod
1852 2589 2034 2655 sequi-

446 2713 533 2753 tur
556 2695 868 2765 vero'longe
894 2690 1202 2746 horribilius
1238 2696 1342 2753 est,
1373 2684 1585 2756 quando
1625 2682 1850 2738 fratrum
1896 2681 2033 2736 lilio-

440 2806 673 2862 rumque
704 2786 1075 2844 interfectores
1116 2792 1170 2837 et
1196 2778 1473 2849 parricida:
1500 2784 1717 2847 propter
1739 2789 1837 2829 nos
1868 2772 2033 2829 futuri

442 2881 580 2940 sunt
596 2882 862 2939 homines.
916 2878 1046 2933 Nam
1072 2877 1162 2930 21.
1192 2874 1379 2928 Tradet
1410 2874 1567 2943 frater
1591 2874 1799 2941 fratrem
1824 2868 1878 2923 in
1898 2884 2034 2922 mor-
2064 2907 2066 2911 ν

439 2983 739 3045 ειεηι,,ραιετ
761 2970 946 3041 ﬁlium,
969 2978 1014 3022 et
1039 2968 1298 3035 insurgent
1324 2963 1419 3031 ﬁlii
1445 2963 1498 3015 in
1526 2970 1777 3032 parentes,
1808 2969 1853 3013 et
1877 2967 2036 3013 morte

446 3084 531 3121 eos
560 3060 791 3136 ofﬁcient.
816 3057 1117 3129 Quomodo,
1149 3055 1373 3125 inquies,
1417 3052 1608 3122 reliqui
1639 3051 1878 3116 credent,
1910 3064 2033 3105 cum

448 3157 683 3213 viderint
708 3155 848 3209 filios
878 3158 1092 3222 propter
1120 3163 1220 3203 nos
1239 3163 1269 3201 a
1298 3144 1537 3217 patribus
1563 3144 1791 3210 occisos,
1819 3142 2037 3199 fratres-

448 3265 553 3318 que
579 3264 609 3302 a
635 3246 906 3307 fratribus,
936 3242 1245 3311 sceleraque
1270 3237 1447 3293 omnia
1478 3235 1718 3306 patrata?
1748 3237 1938 3289 Annon
1978 3242 2036 3289 ut

442 3339 807 3410 nequissimos
832 3336 1125 3400 dmmonas,
1150 3346 1326 3386 annon
1352 3338 1410 3383 ut
1434 3326 1790 3383 exsecrandos
1816 3334 1872 3381 et
1890 3326 2036 3409 orbis

448 3404 812 3500 corruptores,
838 3440 934 3481 nos
956 3424 1190 3495 undique
1215 3420 1505 3492 expellent,
1533 3428 1878 3490 cognatorum
1907 3404 2034 3472 san-

447 3523 606 3595 guine
631 3528 686 3576 et
708 3516 967 3590 ejusmodi
990 3515 1228 3572 caedibus
1259 3524 1453 3569 terram
1480 3512 1735 3582 repletam
1761 3508 2035 3564 videntes?

446 3614 710 3682 Equidem
747 3610 1011 3679 (nonne?)
1052 3622 1242 3677 pacem
1274 3606 1328 3659 in
1354 3605 1547 3659 domos
1594 3603 2020 3660 introducemus,

449 3714 529 3758 tot
558 3704 678 3757 illas
707 3701 945 3757 caedibus
976 3699 1283 3768 implentes.
1314 3693 1449 3749 Nant
1473 3694 1518 3748 si
1549 3707 1742 3763 magno
1779 3703 2025 3745 essemus

450 3809 703 3859 numero,
754 3807 855 3849 nec
909 3790 1195 3847 duodecim
1241 3797 1473 3851 tantum,
1514 3785 1563 3841 si
1603 3798 1711 3839 non
1763 3781 1942 3836 idiota:
1973 3786 2029 3833 et

452 3886 692 3943 illiterati
726 3926 743 3952 ,
800 3883 895 3940 sed
935 3882 1209 3952 sapientes
1256 3879 1505 3933 rhetores
1531 3918 1547 3943 ,
1594 3882 1877 3938 oratores;
1912 3871 2022 3925 imo

449 3983 613 4035 etiam
664 3993 819 4049 reges
860 3974 1134 4032 exercitus
1182 3972 1441 4028 habentes
1472 3966 1798 4039 etpecuniis
1826 3965 2031 4019 instru-

451 4071 546 4134 ‘cti,
585 4068 856 4142 quomodo
896 4065 1164 4138 quidpiam
1206 4060 1524 4133 persuadere
1556 4058 1867 4128 poterimus,
1908 4055 2037 4111 dum

458 4161 595 4216 bella
624 4160 799 4215 civilia
825 4168 875 4214 et
918 4157 1163 4214 civilibus
1194 4154 1436 4225 graviora
1465 4149 1875 4206 succendituus?
1904 4146 2036 4203 Nam

457 4247 559 4300 etsi
581 4246 807 4301 salutem
830 4255 1069 4299 nostram
1100 4259 1293 4315 parum
1320 4258 1596 4305 curemus,
1623 4243 1747 4312 quis
1779 4242 1935 4297 nobis
1967 4256 2036 4296 ex

459 4336 578 4390 aliis
607 4345 845 4391 mentem
874 4334 1187 4389 adhibebit?
1216 4334 1323 4389 Sed
1346 4332 1482 4387 nihil
1508 4333 1701 4387 horum
1723 4332 1809 4388 vel
1838 4333 2035 4402 cogita-

459 4438 590 4484 runt
612 4429 697 4483 vel
717 4429 989 4493 dixerunt,
1020 4442 1124 4482 nec
1145 4435 1538 4496 praeceptorum
1562 4426 1824 4480 rationem
1844 4440 2037 4495 exege-

460 4528 619 4586 runt;
654 4520 749 4575 se'd
769 4527 1054 4575 cesserunt
1082 4527 1137 4572 et
1161 4518 1609 4585 obtemperarunt
1636 4533 1650 4569 :
1681 4515 1731 4569 id
1755 4516 1897 4586 quod
1925 4531 2035 4570 non

459 4625 524 4664 ex
553 4613 793 4681 ipsorum
839 4612 1039 4665 virtute
1072 4617 1307 4670 tantum,
1352 4607 1447 4661 sed
1482 4606 1645 4661 etiam
1692 4622 1757 4659 ex
1796 4606 2036 4661 Doctoris

460 4703 722 4771 sapientia
745 4701 1206 4773 proficiscebatur.
1227 4699 1359 4754 Vide
1384 4697 1529 4752 enim
1550 4696 1821 4767 quomodo
1848 4712 2039 4751 aerum-

461 4794 547 4847 nis
582 4795 808 4864 singulis
849 4794 1273 4850 consolationem
1308 4790 1552 4860 adjunxit
1582 4807 1594 4842 :
1627 4790 1695 4844 de
1728 4805 1837 4844 non
1865 4790 2037 4844 susci-

461 4884 734 4954 pientibus
763 4886 881 4940 illos
913 4885 1066 4950 dixit,
1107 4883 1445 4940 Tolerabilius
1475 4882 1572 4936 erit
1611 4891 1763 4936 terra:
1784 4880 2038 4936 Sodomo-

461 4992 579 5029 rttm
618 4986 665 5029 et
703 4975 1003 5031 Comorrhte
1035 4977 1088 5030 in
1126 4977 1210 5029 die
1245 4975 1455 5046 judicii,
1498 4991 1659 5043 quam
1709 4973 1909 5027 civitati
1959 4973 2038 5027 illi

464 5066 672 5136 (Matth.
708 5066 904 5135 10.15)
930 5084 943 5132 ;
970 5076 1022 5121 et
1046 5064 1135 5121 hic
1159 5081 1374 5119 rursum
1400 5080 1523 5119 cum
1543 5064 1698 5127 dixit,
1728 5062 1794 5117 Et
1816 5064 1885 5116 ad
1905 5078 2040 5133 prtr-
2077 5095 2098 5111 τ

459 5160 595 5213 sides
619 5168 665 5212 et
686 5175 828 5229 reges
842 5159 1124 5220 ducemini,
1145 5157 1367 5222 addidit,
1384 5157 1610 5225 Propter
1626 5172 1707 5209 me
1733 5156 1789 5208 in
1806 5156 2039 5209 testimo-

462 5253 607 5304 nium
630 5250 735 5303 illis
755 5258 802 5303 et
819 5250 1071 5320 gentibus.
1087 5248 1212 5303 Haec
1233 5259 1412 5303 autem
1434 5264 1540 5303 non
1559 5263 1719 5317 parva
1741 5247 2039 5302 consolatio

461 5357 565 5409 est,
613 5346 716 5400 hoc
760 5353 977 5415 propter
1019 5344 1295 5397 Christum
1338 5345 1467 5414 pati,
1500 5352 1558 5398 et
1596 5343 1664 5398 ad
1700 5342 1819 5395 illos
1853 5343 2039 5396 redar-

462 5440 706 5511 guendos
737 5436 986 5493 conduci.
1028 5434 1172 5490 Deus
1203 5436 1368 5500 enim,
1411 5436 1514 5490 etsi
1562 5436 1744 5489 nullus
1771 5434 2036 5497 attendat,

458 5533 664 5602 tibique
683 5547 746 5586 ea
767 5546 886 5601 quae
903 5544 998 5584 sua
1016 5535 1144 5583 sunt
1164 5538 1439 5597 operatur.
1463 5527 1554 5582 Sic
1571 5539 1753 5583 autem
1774 5527 2040 5601 illos_con-

460 5623 757 5685 solabatur,
807 5636 913 5675 non
955 5620 1099 5690 quod
1143 5619 1243 5689 ipsi
1291 5620 1358 5674 de
1391 5619 1595 5673 ultione
1623 5628 1895 5681 curarent,
1946 5619 2041 5674 sed

462 5713 588 5782 quia
614 5714 738 5769 hinc
772 5712 1137 5776 confidebant,
1177 5711 1353 5784 ipsum
1382 5711 1485 5767 sibi
1522 5710 1719 5783 ubique
1743 5710 2039 5767 aﬂ‘uturum

1166 304 1221 357 S.
1263 296 1543 356 JOANNIS
1578 289 2050 351 CllRYSOSTOMI
2092 288 2406 344 AllClllEl’.
2449 283 2979 342 CONSTAN'IINOP.

3590 282 3704 338 391

2120 397 2259 447 esse,
2290 381 2377 451 qui
2410 380 2524 434 hu'c
2547 388 2599 434 et
2621 378 2938 448 pra'diserat
2967 387 3020 431 et
3043 375 3383 446 prteviderat,
3410 385 3463 430 et
3490 388 3554 432 se
3591 390 3710 429 non

2121 481 2177 526 ut
2205 473 2374 527 malos
2405 482 2460 526 et
2491 478 2831 539 corruptores
2859 469 2973 523 hare
3000 482 3119 522 esse
3147 481 3417 537 passuros.
3465 468 3546 520 Ad
3584 466 3705 521 hare

2120 577 2247 618 vero
2284 576 2388 616 non
2432 575 2645 631 parvam
2685 559 2843 614 aliam
2877 557 3297 613 consolationem
3328 557 3533 626 adjicit,
3571 555 3703 611 dum

2119 655 2233 708 ait:
2268 652 2354 708 19.
2380 651 2508 707 Cum
2543 660 2709 705 autent
2751 649 2947 704 tradent
2991 665 3099 715 vos,
3130 648 3286 703 nolite
3322 648 3544 720 cogitare
3576 664 3707 719 quo-

2120 744 2270 799 modo
2306 753 2395 797 aut
2436 742 2556 814 quid
2594 741 2868 810 loquamini
2897 758 2917 795 :
2940 740 3143 794 dabitur
3178 740 3312 793 enim
3349 739 3489 793 vobis
3530 738 3583 792 in
3612 737 3709 792 illa

2122 837 2248 889 hora
2273 835 2393 905 quid
2414 831 2707 904 legumini.
2743 830 2834 886 20.
2865 829 2988 885 Νοη
3011 831 3143 884 enim
3180 846 3266 883 vos
3293 830 3411 884 estis
3429 829 3517 900 qui
3544 830 3709 899 loqui-

2121 928 2266 992 ntiui,
2290 926 2378 979 sed
2403 925 2625 995 Spiritus
2652 922 2823 978 Patris
2852 922 3000 977 vestri
3019 922 3105 992 qui
3124 920 3348 990 loquitur
3365 920 3418 973 in
3444 920 3601 974 vobis.
3628 919 3710 974 Ne

2122 1019 2363 1072 dicerent
2413 1015 2574 1080 enim,
2632 1012 2911 1081 Quomodo
2948 1012 3271 1082 persuadere
3312 1011 3607 1081 poterimus
3653 1011 3710 1066 in

2126 1110 2285 1163 tuttlis
2326 1107 2518 1163 rebus?
2540 1106 2693 1177 jubet
2737 1106 3008 1161 confidere
3054 1106 3121 1160 de
3164 1104 3495 1175 suggerenda
3521 1102 3711 1159 defen-

2124 1201 2295 1256 sione.
2328 1200 2465 1256 Alibi
2494 1214 2705 1271 quoque
2729 1200 2800 1253 ait
2828 1216 2842 1253 :
2877 1198 2988 1270 Ego
3017 1198 3148 1252 dabo
3176 1198 3313 1251 vobis
3341 1214 3399 1252 os
3423 1207 3470 1250 et
3497 1196 3707 1265 sapien-

2127 1296 2246 1348 tiam
2275 1292 2425 1366 (Luc.
2466 1293 2558 1347 21.
2594 1293 2721 1363 15);
2772 1291 2857 1345 hic
2884 1306 3033 1355 vero,
3077 1289 3305 1360 Spiritus
3338 1288 3515 1342 Patris
3560 1288 3711 1341 vestri

2123 1387 2314 1457 estqui
2342 1385 2564 1455 loquitur
2590 1385 2643 1438 in
2670 1384 2825 1449 vobis,
2871 1384 2937 1439 ad
2980 1382 3360 1454 prOphctarum
3394 1380 3706 1452 dignitatem

2127 1480 2270 1550 ipsos
2320 1478 2609 1534 adducens.
2665 1478 3020 1548 QuaprOpter,
3066 1492 3187 1533 cum
3233 1476 3411 1531 datam
3456 1477 3713 1531 virtutem

2128 1571 2364 1640 exponit,
2395 1578 2521 1624 tunc
2548 1579 2602 1625 et
2627 1569 2764 1623 mala
2800 1567 3061 1639 adjungit,
3091 1566 3268 1623 caedes
3291 1577 3347 1623 et
3372 1568 3660 1623 homicidia
3694 1586 3710 1623 :

2125 1663 2215 1716 21.
2248 1659 2435 1714 Tradet
2460 1661 2591 1714 enim
2621 1660 2779 1729 frater
2807 1661 3016 1730 fratrem
3050 1658 3104 1712 in
3137 1667 3367 1723 mortem,
3402 1670 3449 1711 et
3480 1668 3625 1727 pater
3650 1658 3715 1727 Ii-

2128 1756 2272 1820 lium,
2291 1763 2337 1807 et
2362 1754 2619 1824 insurgent
2643 1753 2737 1823 ﬁlii
2761 1752 2815 1805 in
2840 1761 3090 1823 parentes,
3116 1762 3163 1805 et
3184 1761 3342 1805 morte
3363 1752 3581 1822 aﬂicient
3605 1768 3712 1807 eos.

2128 1845 2311 1916 Neque
2336 1846 2424 1901 hic
2452 1847 2619 1913 stetit,
2649 1846 2743 1901 sed
2769 1845 2925 1916 longe
2966 1844 3303 1900 horribiliora
3330 1844 3550 1914 adjecit,
3591 1860 3717 1914 qua:

2134 1939 2337 2007 possint
2357 1938 2440 1993 vel
2461 1948 2663 2009 petram
2684 1952 3040 1993 commovere.
3057 1936 3149 1991 22.
3173 1936 3234 1990 Et
3254 1937 3393 1991 eritis
3411 1938 3529 1990 odio
3548 1938 3718 1991 omni-

2131 2030 2241 2085 bus.
2286 2030 2381 2085 llic
2407 2031 2570 2111 etiam
2593 2030 2889 2087 consolatio
2912 2030 3257 2101 adjungitur;
3288 2028 3511 2099 Propter
3532 2046 3719 2084 nam

2133 2140 2320 2190 meum,
2348 2125 2539 2195 inquit,
2570 2123 2683 2179 haec
2706 2123 3011 2193 patiemini;
3038 2132 3093 2177 et
3113 2136 3300 2177 rursus
3322 2121 3425 2177 alia
3455 2138 3469 2174 :
3499 2120 3603 2187 Qui
3622 2139 3721 2175 att-

2133 2227 2229 2271 tem
2258 2217 2640 2285 perseveraverit
2665 2233 2821 2289 usque
2852 2217 2903 2271 in
2932 2216 3105 2285 linem,
3138 2217 3219 2270 hic
3243 2216 3413 2270 salvus
3440 2217 3556 2270 erit.
3590 2215 3720 2272 Ilaec

2133 2308 2294 2364 etiam
2335 2308 2443 2363 alio
2482 2308 2643 2364 modo
2679 2323 2862 2363 eorum
2908 2307 3117 2362 animos
3153 2308 3362 2377 erigere
3401 2316 3641 2377 possent,
3671 2308 3721 2362 si

2136 2410 2279 2457 tanta
2318 2401 2488 2456 futura
2547 2410 2664 2456 erat
2710 2399 3102 2470 praedicationis
3143 2406 3401 2468 potestas,
3440 2408 3493 2454 ut
3524 2409 3720 2452 natura

2135 2493 2567 2561 inhonoraretur,
2615 2491 2865 2563 cognatio
2909 2499 2964 2546 et
3003 2487 3238 2544 afﬁnitas
3277 2488 3621 2558 abjieeretur.
3664 2499 3722 2543 et

2134 2586 2354 2642 verbum
2400 2585 2493 2641 Dei
2537 2585 2786 2640 omnibus
2833 2590 3272 2653 anteponeretur,
3317 2582 3460 2653 quod
3505 2580 3724 2636 fortiter

2134 2679 2311 2732 omnia
2341 2677 2670 2746 dispelleret.
2697 2674 2829 2730 Nam
2854 2676 2899 2729 si
2922 2683 3125 2730 natura:
3152 2674 3232 2728 vis
3256 2688 3363 2728 non
3392 2680 3567 2744 potest
3592 2670 3723 2729 huic

2132 2770 2370 2825 sermoni
2402 2769 2673 2833 resistere,
2704 2766 2799 2823 sed
2827 2765 2915 2821 illa
2941 2766 3249 2821 dissolvitur
3272 2774 3327 2820 et
3349 2765 3720 2831 conculcatur.

2127 2861 2263 2932 quid
2301 2860 2445 2916 aliud
2483 2875 2578 2914 vos
2624 2873 2879 2929 superare
2918 2857 3149 2927 poterit?
3193 2855 3307 2911 Non
3354 2864 3551 2922 tamen,
3591 2858 3722 2927 quia

2135 2952 2254 3008 haec
2282 2953 2353 3007 ita
2393 2968 2452 3007 se
2496 2951 2786 3019 habebunt,
2830 2962 2925 3004 vos
2955 2948 3007 3003 in
3049 2948 3335 3004 securitate
3371 2947 3579 3012 vivetis,
3620 2948 3725 3003 sed

2138 3059 2453 3100 communes
2484 3042 2747 3100 habebitis
2790 3040 3033 3109 inimicos
3075 3050 3130 3097 et
3162 3040 3346 3095 hostes
3369 3054 3463 3096 eos
3490 3040 3579 3110 qui
3613 3051 3725 3094 ter-

2136 3150 2317 3190 rarum
2343 3135 2527 3192 orbem
2560 3135 2817 3190 habitant.

2158 3288 2159 3291 η
2204 3223 2257 3276 4.
2296 3222 2600 3291 Philosophi
2632 3233 2819 3277 veteres
2874 3225 3051 3294 quales
3106 3227 3315 3297 fuerint.
3343 3256 3414 3267 —-
3436 3225 3536 3283 Ubi
3568 3245 3723 3286 nunc

2134 3318 2323 3374 Plato?
2348 3319 2440 3372 ubi
2470 3317 2841 3389 Pythagoras?
2871 3319 2959 3373 ubi
2994 3319 3304 3375 Stoicorum
3337 3321 3487 3375 turba
3514 3322 3537 3375 ?
3566 3322 3724 3378 Plato

2132 3422 2298 3473 certe.
2332 3409 2453 3465 licet
2481 3425 2732 3479 magnum
2760 3422 3125 3480 consequutus
3177 3410 3457 3477 honorem,
3490 3428 3555 3467 eo
3599 3415 3727 3469 red-

2139 3512 2291 3555 actus
2317 3500 2412 3554 fuit
2433 3499 2659 3554 utetiam
2683 3500 3006 3556 venderetur
3036 3504 3134 3571 (a),
3157 3501 3289 3557 nihil
3314 3518 3500 3557 eorum
3523 3518 3645 3573 qua!
3667 3504 3727 3558 in

2135 3602 2316 3648 mente
2334 3592 2567 3647 habebat
2586 3591 2805 3648 eflicere
2820 3603 3019 3663 posset,
3040 3593 3277 3663 nihilque
3292 3609 3479 3649 eorum
3497 3611 3617 3663 qua:
3635 3611 3726 3648 vo-

2138 3686 2278 3741 lebat
2301 3686 2389 3740 uni
2419 3695 2644 3757 tyranno
2670 3686 2896 3742 suadere
2927 3688 3192 3756 potuerit;
3225 3687 3312 3743 hic
3328 3699 3506 3743 autem
3532 3690 3725 3758 prodi-

2139 3780 2206 3834 tis
2227 3779 2519 3849 discipulis,
2538 3779 2920 3835 miserabilitcr
2937 3781 3097 3834 vitam
3122 3780 3335 3835 clausit.
3363 3780 3561 3853 Cynica
3594 3798 3727 3836 vero

2138 3872 2255 3927 lues
2282 3873 2433 3943 quasi
2462 3872 2730 3927 somnium
2757 3881 2814 3928 et
2834 3872 3021 3928 umbra
3053 3873 3327 3943 praeteriit.
3360 3872 3588 3927 Etiamsi
3617 3873 3729 3928 illis

2136 3966 2271 4021 nihil
2294 3966 2470 4022 simile
2494 3966 2772 4035 acciderit,
2800 3968 2907 4023 imo
2930 3981 3029 4036 per
3058 3981 3336 4023 externam
3364 3968 3509 4022 illam
3540 3968 3729 4039 philo-

2137 4060 2381 4130 sOphiam
2410 4058 2541 4113 clari
2574 4059 2900 4125 viderentur,
2922 4059 3130 4115 etiamsi
3151 4060 3507 4115 Athenienses
3526 4061 3735 4130 cpisto-

2141 4152 2220 4205 las
2242 4150 2478 4206 Platonis
2509 4165 2604 4219 per
2634 4151 2855 4207 Dionem
2884 4152 3077 4205 missas
3105 4151 3316 4221 publice
3341 4153 3732 4223 exposuerint:

2139 4256 2373 4301 attamen
2416 4255 2528 4300 toto
2555 4257 2796 4318 tempore
2842 4246 2893 4299 in
2912 4245 3302 4316 tranquillitate
3343 4245 3646 4317 degebant,
3677 4257 3735 4302 et

2141 4338 2332 4405 opibus
2378 4352 2483 4391 non
2524 4337 2710 4407 paucis
2761 4336 3071 4392 allluebant.
3107 4336 3196 4393 Sic
3231 4339 3376 4393 enim
3422 4340 3735 4409 Aristippus

2142 4444 2335 4499 magno
2353 4429 2528 4498 pretio
2558 4437 2735 4484 scorta
2763 4430 3016 4485 conduxit
3047 4430 3150 4503 (b);
3181 4431 3314 4485 alius
3346 4441 3734 4486 testamentum

2143 4521 2358 4590 scripsit
2384 4563 2398 4586 ,
2426 4536 2532 4576 non
2564 4535 2778 4590 parvam
2831 4522 3140 4591 relinquens
3170 4522 3523 4577 hereditatem
3550 4542 3566 4587 ;
3596 4527 3738 4579 alius

2145 4626 2305 4681 supra
2336 4613 2625 4682 discipulos
2652 4614 2829 4683 pontis
2860 4615 3029 4668 instar
3053 4616 3356 4670 substratos
3381 4617 3695 4686 pertransiit
3720 4637 3735 4679 ;

2144 4704 2500 4773 Sinopensem
2520 4713 2696 4758 autem
2713 4703 2858 4759 illum
2873 4704 3049 4759 ferunt
3078 4706 3128 4760 in
3144 4705 3263 4761 foro
3282 4708 3509 4776 turpiter
3527 4710 3735 4777 egisse.

2148 4799 2273 4853 llzec
2297 4810 2420 4853 sunt
2451 4800 2664 4853 illorum
2714 4802 2967 4869 przeclara
2999 4800 3259 4856 facinora.
3288 4804 3355 4857 At
3377 4804 3508 4857 nihil
3540 4805 3739 4858 horum

2158 4888 2249 4945 hic
2276 4890 2616 4951 observatur.
2650 4891 2742 4946 sed
2780 4888 3131 4960 temperantia
3155 4904 3521 4959 perseverans,
3549 4895 3742 4951 mode-

2142 4986 2241 5039 stia
2269 4983 2528 5053 exquisita
2548 5022 2562 5045 ,
2597 4980 2792 5034 bellum
2822 4986 3005 5033 contra
3038 4984 3207 5031 totum
3236 4975 3420 5030 orbem
3461 4989 3558 5041 pro
3590 4980 3736 5027 veri-

2143 5086 2249 5131 tate
2273 5091 2335 5129 ac
2357 5090 2452 5144 pro
2474 5072 2751 5141 religione,
2782 5071 2905 5124 hinc
2927 5071 3164 5138 ipsorum
3184 5066 3506 5138 quotidiana:
3526 5065 3730 5127 cmdes,

2141 5178 2195 5221 ct
2223 5178 2341 5237 post
2368 5168 2482 5220 hazc
2510 5163 2789 5235 splendida
2815 5173 3033 5232 tropaea.
3063 5163 3131 5215 At
3149 5171 3295 5225 sunt,
3323 5158 3589 5227 inquiunt,
3613 5160 3737 5227 qni-

2142 5260 2266 5314 dam
2296 5256 2432 5329 apud
2461 5257 2578 5311 illos
2604 5255 2768 5310 duces
2796 5253 3059 5323 prteclari,
3092 5261 3149 5305 ut
3175 5250 3564 5305 Themistocles
3586 5292 3602 5314 ,
3632 5248 3739 5303 Pc-

2201 5398 2276 5462 (a)
2308 5396 2437 5462 quod
2459 5393 2729 5462 hic_dicitur
2746 5392 2811 5440 de
2843 5389 3054 5462 Platone,
3086 5385 3329 5462 quomodo
3341 5397 3381 5462 As;
3400 5381 3635 5462 Qiouysio
3658 5390 3737 5462 ty-

2138 5450 2291 5511 rann'o
2319 5450 2521 5508 traditus
2542 5455 2708 5513 fuerit,
2732 5462 2788 5504 ut
2810 5452 3205 5515 venuntdaretur,
3223 5450 3523 5515 deque__t_3ju_s
3547 5450 3739 5515 episto-

2138 5507 2279 5594 initi
2304 5521 2528 5594 Dionem,
2556 5517 2664 5566 vide
2687 5507 2812 5579 apud
2836 5513 3111 5577 Diogenem
3132 5507 3371 5560 Laeuium
3389 5507 3473 5555 lib.
3490 5509 3543 5567 3,
3562 5508 3614 5554 iu
3634 5509 3741 5557 vita

2138 5585 2383 5709 Νῗῗῖιῧέ
2409 5642 2626 5709 Aristippi
2649 5640 2840 5709 luxnria
2864 5637 2973 5688 vide
3006 5634 3130 5699 aPud
3169 5633 3450 5697 Diogenem
3486 5632 3739 5681 "enim

2138 5708 2171 5758 Ι.
2191 5704 2306 5770 Ξ,ἶιι
2330 5709 2423 5758 vita
2447 5704 2685 5767 Itristippi.
