4042 6218
329 307 434 364 ’595

331 421 508 476 rieles.
536 418 729 475 Verum
755 416 870 471 bace
900 426 1183 484 puerorum
1210 409 1373 479 inepti
1397 409 1508 464 ludi
1533 419 1680 474 sunt,
1710 406 1755 462 si
1774 420 1895 461 cum

334 512 650 582 piscatorum
688 505 850 578 gestis
889 511 1283 572 comparentur.
1325 499 1464 568 Quid
1489 500 1630 556 enim
1659 498 1728 554 de
1758 497 1898 552 The—

333 601 574 656 mistocle
598 595 831 653 dixeris?
869 592 1021 662 Quod
1059 590 1470 647 Atheniensibus
1496 596 1556 644 ut
1583 602 1746 644 naves
1772 602 1902 643 con-

333 688 650 745 scenderent
680 684 936 748 suaserit,
972 697 1092 738 cum
1125 680 1329 736 Xerxes
1356 677 1614 734 Graeciam
1640 677 1780 733 bello
1807 680 1904 730 im-

333 777 573 849 peteret?
603 773 697 830 Hic
719 788 879 844 porro
905 786 1008 825 non
1034 770 1209 824 Xerxe
1237 768 1551 838 impotente,
1572 765 1665 820 sed
1694 765 1905 820 diabolo

334 883 454 923 eum
489 864 616 920 orbe
660 871 772 918 toto
805 869 858 916 et
896 858 1048 914 turba
1087 858 1388 912 daemonum
1415 857 1692 910 innumera
1721 862 1913 909 contra

334 957 615 1014 duodecim
645 955 765 1010 illos
791 953 1061 1015 irruente;
1089 965 1194 1004 non
1221 948 1365 1003 brevi
1392 956 1628 1016 tempore
1647 987 1662 1012 ,
1695 945 1788 1000 sed
1816 959 1909 1014 per

338 1059 506 1104 totum
527 1049 648 1102 vitae
670 1044 897 1116 spatium
917 1042 1158 1098 vicerunt
1184 1039 1260 1095 illi
1284 1048 1337 1094 et
1356 1046 1674 1109 superarunt
1701 1055 1714 1090 :
1743 1036 1910 1106 quod-

336 1157 442 1212 que
489 1141 680 1194 mirum
716 1144 820 1201 est,
848 1149 954 1189 non
991 1133 1144 1188 caesis
1181 1129 1444 1194 hostibus,
1478 1127 1574 1184 sed
1617 1127 1835 1182 mutatis
1858 1134 1914 1181 et

339 1229 635 1287 conversis.
679 1226 810 1282 Illud
853 1226 994 1282 enim
1035 1221 1266 1278 maxime
1303 1222 1494 1291 ubique
1521 1218 1910 1275 observandum

341 1332 456 1390 est,
503 1323 648 1392 ipsos
689 1333 788 1374 nec
830 1316 1087 1373 occidisse
1129 1329 1228 1369 nec
1271 1312 1534 1368 delevisse
1577 1310 1915 1366 insidiatores

341 1431 500 1483 suos,
531 1413 622 1468 sed
652 1427 771 1468 cum
802 1411 920 1466 illos
945 1407 1275 1465 dzemonibus
1306 1419 1459 1472 pares
1489 1404 1788 1473 cepissent,
1821 1417 1915 1456 an-

343 1508 475 1581 gelis
500 1507 728 1578 aequales
753 1504 962 1568 fecisse,
984 1501 1268 1556 humanam
1293 1507 1532 1554 naturam
1557 1497 1654 1551 hac
1679 1495 1917 1566 improba

348 1598 624 1670 tyrannide
654 1595 963 1659 liberantes,
993 1593 1113 1647 illos
1137 1598 1313 1645 autem
1344 1589 1598 1644 scelestos
1625 1586 1916 1653 daemones,

345 1690 435 1758 qui
462 1687 639 1742 omnia
668 1683 1054 1742 conturbabant
1072 1723 1086 1748 ,
1115 1697 1142 1734 a
1170 1680 1345 1735 medio
1375 1679 1490 1734 foro
1513 1687 1566 1736 et
1586 1693 1615 1731 a
1642 1676 1919 1742 domibus,

348 1781 458 1835 imo
493 1780 656 1834 etiam
694 1791 724 1831 a
772 1776 986 1832 deserto
1026 1774 1360 1844 expulerunt.
1389 1769 1766 1825 Testilieantnr
1794 1765 1922 1820 illud

349 1869 505 1924 chori
533 1865 937 1928 monachorum,
966 1864 1054 1934 qui
1085 1863 1277 1932 ubique
1307 1860 1522 1930 plantati
1549 1871 1704 1924 sunt,
1737 1869 1792 1912 et
1817 1871 1921 1911 non

350 1960 508 2017 modo
532 1959 818 2014 habitatam
850 1965 1064 2020 terram,
1095 1955 1186 2010 sed
1209 1963 1262 2010 et
1285 1969 1389 2008 non
1417 1952 1704 2007 habitatam
1728 1965 1922 2019 expur-

349 2061 560 2123 garunt.
601 2050 858 2122 Quodque
903 2047 1194 2103 mirabilius
1232 2055 1334 2112 est,
1365 2061 1471 2101 non
1512 2044 1768 2100 instructa
1811 2042 1925 2096 acie

353 2143 455 2198 hoc
479 2143 763 2211 faciebant,
791 2140 885 2197 sed
917 2139 1056 2195 male
1079 2139 1244 2194 habiti
1273 2131 1565 2207 implebant
1591 2134 1788 2190 omnia.
1822 2131 1925 2186 lla-

353 2233 552 2290 bebant
574 2234 716 2289 enim
746 2233 798 2287 in
823 2229 1000 2286 medio
1028 2229 1230 2300 positos
1253 2227 1370 2283 illos
1390 2226 1584 2282 infima:
1606 2220 1924 2280 conditionis

353 2327 518 2393 viros,
540 2340 674 2399 quos
696 2324 950 2397 ligabant,
964 2320 1334 2388 verberabant,
1359 2317 1808 2388 circumagebant,
1828 2327 1928 2368 nec

354 2427 601 2490 poterant
623 2432 806 2474 eorum
829 2430 919 2471 ora
947 2413 1197 2470 claudere
1222 2428 1237 2465 :
1267 2410 1360 2468 sed
1387 2411 1526 2466 sicut
1552 2409 1759 2464 radium
1800 2405 1929 2460 solis

355 2511 557 2567 vincire
593 2523 752 2567 nemo
795 2517 1004 2580 potest,
1041 2507 1118 2562 sic
1145 2521 1250 2561 non
1281 2511 1522 2575 poterant
1561 2502 1793 2572 ipsorum
1827 2498 1930 2553 lin-

356 2617 512 2673 guam
538 2599 774 2669 alligare.
814 2596 978 2668 Cujus
1007 2596 1082 2652 rei
1111 2609 1270 2651 causa
1301 2602 1454 2658 erat,
1478 2609 1582 2647 non
1615 2591 1689 2646 illi
1715 2589 1930 2660 quidem

359 2692 448 2761 qui
493 2690 878 2760 loquebantur,
923 2687 1019 2743 sed
1063 2685 1288 2755 Spiritus
1331 2684 1520 2738 virtus.
1564 2680 1652 2738 Sic
1689 2679 1848 2748 igitur
1877 2687 1933 2734 et

360 2782 555 2839 Paulus
586 2782 710 2836 vicit
730 2781 1016 2850 Agrippam
1038 2819 1053 2842 ,
1077 2785 1132 2833 et
1155 2773 1244 2847 qui
1267 2774 1466 2831 scelere
1493 2772 1735 2827 vincebat
1763 2768 1935 2824 homi-

361 2887 456 2928 nes
479 2887 665 2928 omnes
690 2870 954 2925 Neronem
986 2887 998 2922 :
1027 2867 1276 2924 Dominus
1299 2865 1431 2919 enim
1460 2863 1582 2918 mihi
1605 2861 1816 2928 adstitit,
1848 2859 1932 2915 in-

363 2966 512 3034 quit,
553 2973 599 3017 et
643 2962 940 3030 confortavit
996 2977 1111 3025 me,
1157 2967 1204 3012 et
1251 2957 1378 3012 eruit
1420 2972 1499 3010 me
1539 2955 1602 3009 de
1642 2970 1728 3009 ore
1778 2952 1940 3007 leonis

367 3057 442 3127 (2.
474 3055 608 3110 Tim.
637 3057 688 3111 ι.
716 3056 829 3124 i7).
855 3053 932 3108 Tu
959 3066 1083 3107 vero
1113 3051 1326 3112 mirare,
1347 3045 1614 3119 quomodo
1635 3045 1931 3111 audientes,

367 3147 543 3202 Nolite
569 3146 771 3202 solliciti
795 3161 918 3209 esse,
943 3152 998 3197 et
1020 3140 1380 3206 crediderunt,
1408 3147 1460 3194 et
1480 3138 1930 3207 obtemperarent,

365 3240 603 3310 nihilque
630 3253 700 3294 ex
732 3235 1054 3291 terribilibus
1076 3240 1334 3288 terrorem
1364 3229 1493 3300 ipsis
1516 3227 1756 3283 incussit.
1783 3224 1936 3293 Quod

365 3333 412 3390 si
439 3333 587 3388 dicas
610 3372 626 3398 ,
662 3329 906 3385 idoneam
933 3326 1063 3396 ipsis
1083 3322 1501 3380 consolationem
1535 3319 1746 3376 dedisse
1780 3317 1939 3375 Chri-

364 3434 507 3482 stum
528 3436 649 3478 cum
669 3419 822 3487 dixit,
848 3417 1072 3488 Spiritus
1094 3413 1265 3468 Patris
1287 3411 1432 3468 vestri
1451 3411 1545 3466 erit
1572 3411 1656 3481 qui
1677 3410 1903 3481 loquetur
1918 3423 1939 3464 :

366 3524 423 3572 et
451 3514 572 3568 ideo
597 3507 829 3566 maxime
855 3516 1044 3576 stupeo
1066 3546 1082 3573 ,
1122 3502 1263 3575 quod
1291 3517 1390 3560 nec
1418 3501 1775 3558 dubitaverint
1795 3542 1809 3568 ,
1840 3514 1940 3558 nec

368 3604 580 3664 liberari
606 3619 638 3661 a
657 3602 811 3659 malis
837 3598 1138 3672 rogaverint
1167 3613 1180 3650 :
1205 3603 1261 3652 et
1279 3595 1414 3660 haec,
1446 3607 1552 3648 non
1581 3591 1790 3648 duobus
1810 3632 1826 3657 ,
1851 3591 1939 3648 vel

369 3700 540 3757 tritus
563 3698 716 3752 annis
741 3698 838 3751 ista
867 3693 1092 3764 passuri,
1135 3689 1230 3748 sed
1266 3705 1361 3760 per
1400 3696 1560 3745 telam
1583 3687 1765 3743 vitam.
1807 3685 1953 3742 Illud.

370 3792 512 3847 enim
537 3788 758 3852 dictum,
788 3783 887 3852 Qui
911 3791 1076 3836 autem
1101 3779 1482 3852 perseveraverit
1508 3793 1662 3846 usque
1685 3777 1739 3830 in
1765 3775 1938 3846 ﬁnem,

371 3882 453 3934 hic
494 3879 660 3936 salvus
700 3875 828 3944 erit,
865 3873 968 3929 hoc
1009 3870 1328 3928 subindirat.
1357 3869 1479 3924 Vult
1502 3869 1643 3924 enim
1675 3868 1814 3923 Deus
1835 3881 1943 3922 non

371 3986 466 4028 sua
495 3977 696 4024 tantum
723 3979 856 4037 ope,
900 3962 995 4019 sed
1033 3963 1265 4032 ipsorum
1302 3943 1584 4031 proposito
1610 3973 1772 4030 opera
1804 3958 1943 4013 bona

373 4062 509 4117 fieri.
539 4057 817 4129 Perpende
843 4057 1016 4125 itaque
1047 4054 1098 4108 in
1119 4049 1484 4124 superioribus
1504 4092 1517 4116 ,
1550 4049 1816 4119 quomodo
1841 4049 1943 4104 alia

373 4155 504 4218 Dei,
532 4152 632 4208 alia
661 4147 1042 4220 discipulorum
1069 4145 1191 4200 sint.
1227 4143 1356 4199 Nam
1387 4143 1536 4214 signa
1561 4140 1738 4196 facere
1757 4181 1772 4206 ,
1803 4139 1946 4196 illius

373 4257 526 4314 sunt;
558 4247 691 4302 nihil
717 4243 1006 4317 possidere,
1030 4239 1430 4310 discipulorum.
1463 4238 1691 4292 Rursum
1714 4279 1729 4304 ,
1758 4237 1947 4294 domos

375 4354 563 4395 omnes
588 4337 827 4408 aperire,
855 4348 1097 4405 superna:
1123 4331 1306 4403 gratiae
1334 4327 1444 4394 est;
1477 4328 1605 4382 nihil
1633 4337 1825 4399 prater
1853 4342 1949 4383 ne-

376 4427 607 4486 cessaria
629 4437 826 4499 petere,
845 4423 1220 4495 discipulorum
1247 4421 1627 4493 philosophiae;
1655 4419 1851 4490 Dignus
1878 4428 1951 4474 est

378 4523 510 4579 enim
538 4520 798 4592 operarius
821 4518 1045 4574 mercede
1064 4533 1179 4572 sua.
1211 4515 1400 4572 Pacem
1425 4513 1554 4569 dare
1571 4555 1588 4580 ,
1630 4514 1722 4568 Dei
1750 4512 1946 4568 donum

378 4621 491 4679 est;
518 4611 706 4682 dignos
729 4623 968 4680 quaerere
985 4650 999 4674 ,
1031 4623 1129 4663 nec
1152 4620 1339 4663 omnes
1369 4604 1828 4661 indiseriminatim
1855 4603 1950 4658 ad-

379 4704 478 4771 ire,
502 4702 734 4773 ipsorum
764 4699 1125 4767 temperantia:
1145 4707 1245 4754 est.
1278 4697 1400 4753 Illos
1421 4697 1509 4766 qui
1529 4696 1814 4766 discipulos
1840 4711 1948 4752 non

378 4793 645 4863 recipiunt
677 4788 894 4853 ulcisci,
927 4789 1022 4843 Dei
1049 4799 1127 4844 est
1160 4807 1173 4844 :
1205 4805 1322 4844 cum
1353 4789 1610 4844 modestia
1633 4787 1906 4844 discedere
1930 4829 1945 4854 ,

379 4884 529 4940 nullo
556 4881 750 4951 injecto
773 4879 987 4948 probro,
1011 4880 1092 4934 vel
1117 4880 1454 4946 contumelia,
1477 4879 1781 4950 apostolica:
1804 4895 1952 4934 man-

380 4974 699 5034 suetudinis.
729 4970 979 5040 Spiritum
1009 4971 1154 5036 dare,
1185 4979 1239 5024 et
1265 4970 1672 5026 sollicitudinem
1695 4970 1952 5036 adimere,

383 5067 638 5124 mittentis
676 5071 791 5118 erat
817 5080 832 5118 :
861 5076 989 5117 oves
1015 5071 1068 5117 et
1109 5060 1379 5116 columbas
1417 5061 1643 5125 imitari,
1686 5071 1738 5116 ct
1777 5062 1950 5116 omnia

381 5143 590 5215 fortiter
620 5155 758 5211 ferre
777 5196 792 5221 ,
829 5153 897 5207 ad
936 5153 1143 5208 illorum
1169 5153 1518 5206 constantiam
1539 5162 1592 5206 et
1622 5152 1952 5223 prudentiam

385 5249 703 5320 pertinebat.
751 5244 886 5302 Odio
927 5243 1105 5298 haberi
1127 5284 1141 5307 ,
1185 5257 1281 5297 nee
1308 5242 1484 5296 animo
1512 5243 1792 5299 concidere
1814 5285 1828 5310 ,
1861 5245 1952 5299 sed

388 5353 748 5410 perseverare,
778 5337 1016 5406 ipsorum
1042 5341 1187 5399 erat;
1219 5343 1621 5404 perseverantes
1658 5335 1833 5389 salvos
1872 5334 1953 5390 fa-

387 5446 530 5494 cere,
559 5431 834 5483 mittentis.
860 5427 983 5481 Ideo
1007 5425 1234 5488 dicebat,
1269 5424 1372 5492 Qui
1389 5432 1553 5478 autem
1575 5429 1956 5498 perseveraverit

388 5537 544 5592 usque
561 5521 614 5573 in
642 5519 810 5588 ﬁnem,
834 5519 914 5571 hic
937 5517 1104 5571 salvus
1123 5517 1236 5571 erit.

458 5613 512 5669 5.
548 5607 667 5666 Non
688 5613 851 5682 fervor
877 5610 1132 5680 fugitivus,
1159 5608 1248 5663 sed
1276 5611 1638 5679 perseverantia
1665 5609 1958 5678 prodest.—

393 5703 528 5762 Natn
565 5699 686 5770 quia
725 5698 898 5754 solent
925 5699 1073 5754 multi
1106 5699 1254 5756 initio
1282 5699 1546 5758 ferventes
1587 5715 1704 5758 esse
1725 5741 1739 5768 ,
1771 5709 1957 5771 postea

1279 296 1339 350 IN
1379 292 1786 352 MATTIIEUM
1825 290 2057 347 HOIIIL.
2097 289 2338 348 XXXIII.
2373 292 2450 347 al.
2490 289 2729 346 XXXIV.

3487 294 3592 351 ’ὅθι

2021 418 2150 458 vero
2179 403 2370 458 resolvi
2413 417 2475 458 ac
2509 402 2685 472 dejici,
2715 402 2834 458 ideo
2862 403 2970 470 ait,
3002 404 3190 461 Finem
3217 422 3415 476 eiurat}.
3459 412 3596 476 Quid

2014 494 2157 548 enim
2193 509 2326 563 opus
2364 504 2447 548 est
2483 495 2773 549 seminibus
2803 494 2954 549 initio
2976 495 3213 565 ﬂoridis,
3239 499 3386 555 hneri
3408 515 3587 558 autem

2015 591 2198 650 postea
2226 583 2622 639 arescentibus?
2648 581 2771 638 Ideo
2795 596 3222 652 perseverantem
3250 590 3317 644 ab
3345 591 3473 660 ipsis
3498 607 3590 661 pa-

2017 674 2255 730 tientiam
2285 674 2463 743 exigit.
2494 673 2572 729 Ne
2598 674 2716 743 quis
2742 675 2884 729 enim
2915 675 3153 739 diceret,
3179 677 3247 732 ab
3280 679 3394 748 ipso
3428 690 3601 738 toturn

2017 766 2210 822 iactum
2235 780 2354 821 esse
2373 807 2389 833 ,
2420 765 2655 836 nihilque
2682 766 2874 821 mirum
2896 782 3015 822 esse
3035 808 3049 833 ,
3081 768 3212 823 tales
3240 769 3402 826 fuisse
3433 773 3590 839 illos5

2017 859 2105 927 qui
2133 857 2262 911 nihil
2289 857 2497 912 onerosi
2522 855 2662 926 passi
2689 855 2814 921 sint,
2847 857 3042 912 idcirco
3070 859 3197 912 dicit
3223 859 3347 923 illis,
3374 860 3586 916 Patien-

2019 948 2091 1002 tia
2117 947 2266 1002 vobis
2303 961 2434 1016 opus
2463 956 2562 1000 est.
2606 947 2823 1001 Etiamsi
2855 947 2996 1002 enim
3025 964 3118 1004 vos
3146 965 3175 1003 a
3206 951 3486 1019 prioribus
3503 969 3591 1022 pe-

2020 1038 2202 1092 riculis
2228 1053 2430 1101 eruam,
2453 1037 2785 1108 gravioribus
2817 1052 2908 1092 vos
2932 1054 3168 1105 reservo,
3196 1056 3312 1109 qum
3338 1043 3499 1096 etiam
3525 1045 3596 1098 ab

2021 1130 2140 1186 aliis
2173 1131 2501 1201 excipientur
2528 1148 2541 1184 :
2569 1146 2667 1186 nec
2703 1131 2820 1184 ﬁnis
2859 1133 2958 1186 erit
2997 1133 3302 1188 insidiarum
3334 1151 3504 1205 usque
3527 1139 3594 1192 ad

2021 1233 2317 1279 extremum
2340 1223 2580 1278 halitum.
2603 1222 2714 1278 lloc
2727 1223 2868 1278 enim
2893 1223 3261 1292 subiudicavit,
3282 1242 3401 1281 cum
3425 1229 3558 1282 dixit
3582 1247 3594 1282 :

2027 1313 2126 1379 Qui
2144 1323 2309 1368 autem
2334 1314 2712 1383 perseveraverit
2741 1330 2895 1384 usque
2921 1316 2971 1368 in
2991 1318 3163 1385 ﬁnem,
3188 1319 3268 1371 hic
3292 1319 3463 1373 salvus
3483 1322 3595 1375 erit.

2024 1404 2145 1459 Ideo
2176 1405 2266 1474 qui
2295 1405 2442 1467 dicit,
2476 1404 2559 1458 Ne
2599 1404 2804 1459 solliciti
2846 1405 2953 1458 sitis
2990 1408 3110 1474 quid
3149 1407 3441 1478 loquamini,
3471 1411 3599 1466 alibi

2024 1496 2098 1550 ait
2129 1514 2142 1550 :
2172 1494 2353 1550 Parati
2380 1505 2532 1550 estote
2556 1496 2621 1550 ad
2645 1497 3047 1567 respondendum
3073 1501 3210 1552 omni
3241 1502 3427 1570 petenti
3451 1519 3484 1555 α
3509 1519 3599 1556 vo-

2027 1589 2101 1643 bis
2123 1589 2368 1643 rationem
2394 1590 2456 1644 de
2478 1606 2567 1659 spe
2589 1599 2749 1644 vestra
2780 1589 2800 1662 (
2822 1591 2870 1645 I.
2902 1590 3043 1645 Petr.
3067 1593 3118 1648 5.
3154 1595 3220 1650 I5
3241 1591 3281 1652 ἱ.
3310 1595 3441 1650 Nam
3478 1611 3600 1652 cum

2027 1693 2200 1750 pugna
2226 1679 2365 1735 inter
2390 1681 2591 1734 amicos
2615 1691 2716 1748 est,
2739 1697 2835 1736 nos
2853 1682 3004 1750 jubet
3027 1685 3281 1740 sollicitos
3305 1702 3454 1752 esse;
3477 1704 3598 1742 cum

2028 1779 2205 1824 autem
2229 1771 2479 1838 tribunal,
2501 1772 2734 1827 furentes
2761 1775 2958 1842 populi,
2990 1775 3147 1830 timor
3168 1778 3420 1848 undique,
3449 1795 3603 1835 suam

2029 1859 2232 1928 prabet
2256 1862 2503 1930 gratiam,
2521 1873 2576 1916 ut
2599 1863 2822 1918 fidenter
2842 1865 3138 1935 loquamur,
3163 1883 3262 1924 nec
3287 1878 3600 1936 terreamur,

2028 1947 2112 2002 vel
2154 1947 2410 2017 justitiam
2454 1951 2760 2019 prodamus.
2805 1953 2910 2007 Res
2953 1956 3132 2024 utique
3179 1974 3386 2027 magna,
3430 1963 3624 2016 virum.

2029 2037 2172 2092 circa
2209 2048 2396 2108 stagna
2425 2041 2626 2094 versari
2668 2043 2880 2097 solitum
2907 2084 2922 2109 ,
2957 2045 3098 2100 circa
3136 2048 3308 2117 pelles
3334 2060 3387 2105 et
3421 2052 3602 2106 telonii

2029 2146 2291 2199 mensam,
2319 2132 2624 2189 sedentibus
2649 2135 2904 2206 tyrannis,
2936 2146 2991 2194 et
3023 2141 3248 2210 satrapis
3273 2141 3607 2204 adstantibus

2031 2230 2086 2278 et
2111 2223 2428 2280 satellitibus
2451 2264 2467 2290 ,
2498 2226 2694 2281 strictis
2729 2227 2918 2296 gladiis
2940 2270 2954 2296 ,
2984 2232 3464 2305 assistentibusque
3487 2238 3607 2292 aliis

2031 2314 2278 2370 omnibus
2303 2329 2425 2372 cum
2451 2316 2576 2386 illis,
2600 2319 2771 2374 solum
2800 2319 3117 2390 ingressum,
3150 2324 3371 2395 ligatum
3391 2368 3408 2394 ,
3440 2345 3606 2396 primo

2034 2409 2227 2477 capite,
2257 2408 2494 2480 potuisse
2525 2410 2610 2465 vel
2634 2425 2694 2466 os
2719 2412 2948 2479 aperire.
2977 2412 3184 2470 Etenim
3208 2416 3466 2474 doctrina.-
3494 2435 3606 2475 sua:

2033 2512 2194 2554 causa
2223 2513 2291 2554 ne
2319 2497 2613 2554 defensioni
2643 2501 2857 2571 quidem
2890 2502 3066 2559 locum
3092 2506 3310 2574 dabant,
3342 2510 3440 2564 sed
3466 2511 3607 2580 ipsos

2035 2588 2185 2660 quasi
2209 2604 2520 2647 communes
2545 2593 2690 2648 orhis
2716 2607 3056 2664 corruptores
3081 2600 3358 2656 tormentis
3385 2601 3608 2674 deputa-

2035 2679 2182 2736 bant.
2203 2681 2354 2736 Nunc
2384 2682 2484 2750 Qui
2503 2685 2670 2738 orbem
2695 2693 2937 2740 terrarum
2959 2689 3266 2759 perturbant,
3299 2692 3354 2746 Iri
3373 2705 3506 2761 sunt,
3530 2697 3610 2750 in-

2036 2772 2169 2842 quit,
2193 2781 2240 2826 et
2268 2773 2348 2827 hic
2371 2773 2598 2829 adsunt:
2617 2784 2671 2830 et
2708 2791 2911 2842 rursus,
2936 2778 3188 2835 Adversus
3207 2783 3371 2836 edicta
3397 2784 3630 2842 Cesaris-

2036 2863 2091 2918 Ιιὶ
2117 2864 2417 2934 prtedicant,
2437 2866 2654 2920 dicentes
2675 2866 2933 2922 Christum
2955 2869 3134 2926 Iesum
3158 2889 3264 2929 esse
3287 2889 3452 2945 regem
3474 2876 3608 2948 (Act.

2039 2953 2126 3009 17.
2157 2953 2210 3008 6.
2233 2954 2303 3024 Ἰ).
2343 2954 2548 3028 Ubique
2595 2957 2875 3014 tribunalia
2923 2960 3247 3030 hujusmodi.
3272 2966 3610 3034 opinionibus

2039 3053 2406 3114 praeoccupata
2448 3054 2696 3111 erant,.et
2728 3049 2927 3104 auxilio
2961 3055 3446 3121 supernomultum
3475 3073 3630 3128 ege-

2038 3132 2187 3201 bant,
2215 3141 2275 3189 ut
2321 3134 2423 3190 hoe
2461 3144 2746 3208 utrumque
2784 3139 3091 3210 probarent,
3133 3152 3184 3198 et
3222 3144 3632 3220 dogma,.quod.

2040 3226 2415 3298 praedicabant,
2435 3243 2620 3287 verum
2647 3244 2784 3296 esse,
2811 3241 2865 3288 et
2887 3235 3255 3292 communibus
3279 3237 3484 3308 legibus
3509 3255 3638 3296 non.

2042 3319 2334 3387 adversari,
2351 3329 2514 3392 utque
2531 3321 2655 3376 dum
2675 3323 3016 3394 loquerentur
3030 3324 3096 3382 de
3109 3326 3372 3398 dogmate,
3387 3345 3454 3385 ne
3471 3331 3616 3388 vide-

2041 3419 2228 3468 rentur
2255 3411 2396 3484 leges
2421 3413 2732 3470 subvertere
2753 3456 2770 3483 ,
2802 3431 2864 3471 ac
2893 3433 3076 3475 rursus
3101 3419 3225 3476 dum
3250 3421 3616 3481 demonstrare

2043 3511 2404 3568 conarentur,
2445 3516 2504 3558 se
2545 3505 2849 3562 communia
2894 3516 3092 3564 statuta
3122 3526 3227 3565 non
3257 3512 3488 3578 violare,
3521 3514 3616 3571 do-

2044 3602 2278 3664 gmatum
2309 3595 2591 3664 puritatem
2623 3610 2690 3651 ne
2712 3609 3110 3667 corrumperent
3139 3619 3153 3656 :
3185 3618 3303 3672 qua:
3331 3603 3508 3660 omnia
3537 3607 3616 3659 vi-

2045 3683 2196 3740 debis
2233 3693 2289 3740 et
2324 3701 2354 3740 a
2395 3685 2577 3753 Petro,
2605 3696 2658 3743 et
2698 3704 2728 3742 a
2778 3689 2972 3756 Paulo,
2997 3700 3050 3747 et
3076 3708 3106 3745 a
3137 3695 3343 3750 caeteris
3374 3696 3642 3754 omnibus

2045 3777 2335 3849 prudenter
2354 3777 2623 3836 observari
2643 3791 2695 3838 et
2715 3780 2875 3838 efﬁci.
2907 3783 3115 3839 Etenim
3138 3795 3195 3840 ut
3222 3788 3422 3844 factiosi
3445 3798 3498 3845 et
3517 3805 3619 3845 no-

2047 3876 2258 3922 vatores
2282 3867 2476 3939 ubique
2495 3877 2780 3926 terrrarum
2798 3872 3179 3928 accusabantur
3199 3894 3210 3928 :
3229 3885 3461 3934 attamen
3484 3877 3622 3932 hanc

2048 3957 2124 4013 illi
2151 3959 2504 4028 suspicionem
2534 3961 2860 4029 repulerunt,
2883 3971 2935 4016 et
2963 3957 3282 4018 contrariam
3313 3967 3413 4021 Sibi
3437 3970 3645 4024 concio.

2051 4048 2247 4104 Iiarunt
2269 4089 2284 4115 ,
2312 4050 2464 4120 quasi
2490 4059 2789 4105 servatores
2814 4090 2834 4130 ,Δ
2858 4062 3133 4108 curatores
3151 4069 3213 4109 ac
3239 4055 3458 4112 benefici
3479 4059 3621 4128 apud

2050 4158 2238 4199 omnes
2266 4142 2535 4198 celebrati.
2567 4143 2689 4198 Ilmc
2717 4153 2891 4199 autem
2913 4146 3180 4202 omnia-ex
3210 4148 3404 4218 ingenti
3429 4151 3628 4219 patieu-,

2051 4235 2122 4290 tia
2157 4233 2533 4303 operabantur.
2564 4232 2916 4302 Quamobrem
2945 4234 3151 4291 dicebat
3180 4237 3374 4293 Paulus
3398 4257 3411 4292 :
3439 4239 3622 4305 Quoti-

2052 4327 2134 4380 die
2158 4325 2345 4379 morior
2373 4323 2449 4397 (I.
2477 4323 2596 4379 Cor.
2629 4325 2716 4380 15.
2745 4326 2866 4395 3i);
2895 4337 2955 4381 et
2978 4342 3145 4398 usque
3171 4329 3222 4383 in
3251 4330 3414 4387 finem
3442 4333 3494 4390 in
3526 4349 3612 4402 per

2053 4417 2234 4472 riculis
2275 4416 2648 4488 perseveravit.
2689 4417 2799 4484 Qua
2846 4419 3003 4490 igitur
3031 4422 3182 4476 venia
3221 4423 3365 4494 digni
3415 4442 3624 4491 sumus.

2053 4511 2143 4583 qui
2170 4518 2246 4565 tot
2269 4510 2508 4579 exempla
2539 4508 2796 4565 habentes
2814 4511 2972 4566 etiam
3000 4513 3051 4566 in
3081 4529 3212 4583 pace
3231 4517 3461 4573 molliter
3487 4522 3620 4577 vivi-

2054 4616 2172 4657 mus
2196 4615 2258 4655 ac
2281 4599 2590 4668 dejicimur?
2618 4599 2838 4654 Nemine
2853 4601 3048 4670 quippe
3066 4602 3293 4660 bellante
3309 4608 3622 4679 occidimur,
3642 4666 3647 4671 ,

2055 4695 2264 4750 nemine
2282 4701 2630 4764 persequente
2647 4693 2984 4747 dissolvimur
2999 4712 3014 4749 :
3030 4695 3084 4748 in
3100 4711 3228 4764 pace
3246 4699 3400 4754 saluti
3418 4701 3625 4776 advigi-

2056 4783 2424 4851 larejubetnur
2435 4791 2488 4838 et
2501 4782 2800 4852 nequimus.
2818 4782 2919 4849 Illi,
2935 4784 3152 4840 incenso
3169 4788 3315 4854 orbe,
3329 4800 3381 4845 et
3394 4808 3521 4864 rogo
3533 4811 3628 4866 per

2056 4885 2218 4932 totam
2249 4885 2444 4931 terram
2470 4873 2687 4929 ardente
2706 4915 2722 4940 ,
2753 4874 2804 4927 iu
2836 4873 3100 4931 flammam
3131 4879 3352 4950 ingressi
3371 4925 3388 4949 ,
3415 4899 3508 4940 eos
3533 4890 3626 4957 qui

2056 4963 2504 5020 comburebantur
2524 4963 2646 5017 inde
2670 4963 3049 5033 extraltebant;
3082 4975 3134 5022 tu
3155 4985 3280 5024 vero
3305 4988 3372 5026 ne
3400 4975 3625 5043 teipsum

2056 5059 2272 5131 quidem
2301 5071 2514 5112 servare
2541 5065 2710 5125 potes.
2744 5056 2871 5122 Quae
2911 5057 3067 5126 igitur
3093 5059 3243 5115 nobis
3271 5064 3371 5117 erit
3399 5065 3629 5121 fiducia?

2058 5168 2175 5223 quae
2202 5149 2397 5205 venia?
2447 5148 2559 5203 Non
2603 5149 3158 5216 verbera'immineut,
3199 5168 3304 5208 non
3344 5170 3626 5223 carceres,

2059 5259 2164 5298 non
2211 5241 2496 5311 principes,
2538 5253 2642 5291 non
2685 5253 2985 5310 synagogas,
3031 5257 3134 5296 non
3175 5244 3318 5299 aliud
3355 5247 3627 5316 quidpiam

2062 5329 2364 5404 hujusmodi
2385 5369 2401 5397 ,
2442 5328 2536 5385 sed
2567 5338 2752 5383 contra
2784 5344 2998 5400 prorsus
3023 5373 3038 5397 ,
3080 5348 3179 5388 nos
3216 5333 3552 5390 dominamur
3580 5347 3631 5394 et

2060 5425 2400 5495 imperamus.
2447 5421 2799 5492 Imperatores
2836 5423 2975 5477 enim
3019 5424 3157 5493 piam
3194 5425 3374 5480 colunt
3417 5427 3632 5496 religio-

2061 5531 2202 5578 nem,
2227 5513 2508 5569 Christiani
2539 5512 2714 5567 multis
2739 5513 2985 5568 fruuntur
3013 5514 3323 5579 honoribus,
3355 5517 3632 5585 prmfectu-

2061 5608 2157 5673 ris,
2197 5607 2362 5677 gloria
2388 5647 2403 5672 ,
2451 5604 2826 5676 tranquillitate
2857 5623 2869 5660 :
2900 5621 3076 5675 neque
3101 5606 3177 5660 sic
3203 5615 3378 5662 tamen
3412 5625 3649 5681 superno.

2064 5714 2204 5754 mus.
2231 5696 2335 5755 Sed
2367 5698 2441 5754 illi
2463 5698 2675 5769 quidem
2699 5714 2817 5754 cum
2840 5697 2906 5754 ad
2927 5697 3216 5754 cruciatum
3240 5715 3362 5758 cum
3384 5704 3490 5762 reis
3505 5721 3648 5778 quos
