4042 6218
458 307 563 363 395

459 422 588 477 tidie
610 420 952 483 ducerentur,
979 432 1081 474 tam
1107 419 1376 485 doctores,
1404 436 1562 491 quam
1593 421 1862 492 discipuli,
1892 420 2041 476 tuille

456 514 722 571 vibicibus
745 523 803 569 et
829 513 1009 571 multis
1033 514 1211 569 onusti
1238 514 1570 581 vulneribus,
1593 515 1794 584 majore
1814 528 1972 584 quam
2006 514 2040 568 ii

455 609 547 680 qui
579 610 633 664 in
663 608 910 678 paradiso
951 615 1075 662 sunt
1102 607 1373 679 voluptate
1408 608 1720 663 fruebantur
1749 630 1761 665 :
1789 623 1886 663 nos
1916 622 2043 662 vero

454 700 546 770 qui
573 715 641 755 ne
664 700 716 753 in
746 700 950 755 somnis
974 699 1192 770 quidem
1224 700 1331 754 tale
1360 699 1630 771 quidpiam
1657 699 2005 755 sustinuimus
2024 741 2041 766 ,

455 810 579 851 cera
608 793 882 848 molliores
912 808 1117 848 sumus.
1161 795 1229 848 At
1271 793 1368 860 illi,
1398 792 1628 863 inquies,
1659 792 1916 847 miracula
1946 806 2042 863 pa-

458 886 691 941 trabant.
736 887 815 939 An
859 885 980 939 ideo
1017 900 1121 939 non
1160 884 1616 940 verberabantur?
1641 899 1710 939 an
1737 899 1844 939 non
1872 884 2042 954 pelle-

453 977 684 1031 bantur?
715 975 923 1032 Etenim
950 986 1006 1031 et
1032 976 1157 1030 illud
1183 990 1394 1047 quoque
1424 975 1743 1047 stupendum
1765 985 1867 1041 est,
1898 976 2040 1046 quod

453 1082 597 1137 saepe
624 1067 693 1123 ab
718 1068 785 1122 iis
809 1083 945 1138 quos
974 1067 1235 1123 beneﬁcio
1256 1068 1543 1123 affecerant
1563 1068 1685 1123 talia
1710 1078 2036 1137 paterentur,

450 1172 553 1213 nec
577 1158 656 1213 sic
682 1167 857 1213 tamen
885 1158 1244 1226 turbarentur,
1271 1158 1400 1214 dum
1425 1159 1561 1213 mala
1594 1174 1690 1229 pro
1714 1158 1870 1215 bonis
1896 1159 2037 1215 rcci-

451 1259 641 1320 pereat
670 1269 684 1304 :
719 1260 775 1306 tu
805 1266 953 1319 vero,
984 1251 1031 1306 si
1052 1266 1210 1323 quem
1241 1249 1452 1307 modico
1481 1250 1744 1307 beneﬁcio
1772 1251 2035 1317 aﬁeceris,

449 1341 752 1412 deindeque
780 1341 1041 1397 molestiae
1067 1341 1336 1412 quidpiam
1372 1342 1441 1397 ab
1470 1342 1561 1396 illo
1590 1342 1861 1413 acceperis
1881 1384 1896 1410 ,
1927 1352 2035 1397 tur-

448 1434 618 1502 baris,
647 1449 711 1491 ac
740 1443 792 1489 te
820 1434 1001 1490 collati
1033 1434 1273 1489 beneficii
1300 1433 1541 1504 poenitet.

520 1526 574 1580 6.
614 1524 669 1581 Si
715 1525 891 1594 itaque
935 1524 1207 1590 acciderit,
1258 1524 1400 1594 quod
1456 1540 1523 1580 ne
1566 1525 1772 1579 accidat
1825 1540 2032 1594 precor,

448 1616 644 1672 bellum
677 1616 729 1670 in
764 1616 1015 1671 Ecclesiis
1044 1615 1245 1671 moveri
1275 1624 1329 1670 et
1351 1616 1838 1685 pcrsequutionem,
1864 1615 2035 1684 cogita

448 1708 565 1779 quis
592 1708 801 1763 futurus
819 1707 890 1762 sit
925 1708 1088 1775 risus,
1115 1722 1235 1778 quas
1265 1707 1570 1777 opprobria.
1598 1706 1666 1760 Et
1692 1707 1884 1762 merito
1918 1707 2037 1777 qui-

447 1803 570 1858 dem
611 1820 624 1857 :
654 1816 775 1858 cum
802 1802 944 1857 enim
963 1801 1015 1855 in
1051 1801 1295 1870 palaestra
1338 1815 1495 1854 nemo
1516 1811 1849 1866 exerceatur,
1899 1815 2034 1869 quo-

450 1894 609 1950 modo
648 1892 844 1963 aliquis
895 1893 948 1947 in
1002 1890 1382 1946 certaminibus
1430 1890 1533 1946 erit
1587 1889 1852 1960 insignis?
1903 1889 2034 1957 Quis

447 1986 590 2040 enim
638 1983 868 2048 athleta,
927 1983 1016 2051 qui
1069 1980 1417 2050 pmdotriham
1468 1980 1672 2034 nullum
1718 1980 1949 2048 noverit,
1977 1980 2031 2036 in

446 2072 830 2129 certaminibus
881 2071 1174 2143 Olympicis
1246 2070 1440 2141 poterit
1496 2069 1752 2124 adversus
1809 2070 2033 2125 alterum

445 2166 719 2239 quidpiam
771 2181 1020 2237 magnum
1065 2165 1149 2219 vel
1190 2173 1465 2220 strenuum
1506 2164 1802 2219 exhibere?
1840 2166 2031 2219 Annon

448 2267 720 2332 oporteret
752 2274 850 2314 nos
898 2256 1135 2328 quotidie
1181 2272 1419 2328 pugnare
1438 2299 1453 2323 ,
1497 2266 1705 2314 certare
1728 2296 1744 2322 ,
1775 2258 2033 2313 currere?

441 2351 631 2407 Name
657 2349 853 2405 videtis
873 2350 927 2403 in
957 2348 1192 2419 quinque
1217 2346 1600 2403 certaminibus
1626 2347 1705 2418 (α)
1722 2387 1737 2412 ,
1765 2362 1889 2402 cum
1908 2348 2030 2402 nul-

445 2444 553 2499 lum
580 2441 740 2497 habet
766 2443 886 2511 quis
911 2438 1273 2495 adversarium
1302 2481 1315 2504 ,
1343 2438 1611 2509 quomodo
1631 2453 1843 2494 saccum
1870 2454 2030 2495 arena

444 2534 611 2590 multa
647 2533 907 2604 repletum
962 2530 1324 2603 suspendant,
1370 2531 1584 2601 illicque
1632 2530 1797 2587 robur
1860 2540 2030 2588 totum

442 2632 730 2681 exerceant
758 2642 769 2677 :
789 2623 1029 2694 juniores
1051 2630 1228 2678 autem
1250 2636 1371 2677 cum
1397 2621 1700 2691 junioribus
1724 2636 1846 2679 sese
1869 2638 2028 2679 exer-

445 2724 606 2773 ceant
649 2714 716 2770 ad
761 2730 992 2786 pugnam
1019 2728 1141 2770 cum
1186 2712 1507 2769 adversariis
1557 2714 2031 2771 committendam?

446 2808 555 2865 llos
584 2816 641 2863 et
679 2816 734 2863 tu
763 2808 987 2874 imitare,
1018 2815 1074 2863 et
1102 2807 1155 2863 in
1193 2805 1542 2877 philosophia:
1577 2807 1956 2864 certaminibus
1979 2818 2031 2865 te

441 2917 653 2959 exerce.
680 2900 827 2955 Multi
869 2908 1016 2955 certe
1039 2898 1104 2954 ad
1135 2898 1269 2954 iram
1294 2899 1592 2964 concitant,
1614 2899 1767 2954 multi
1810 2900 1877 2955 ad
1902 2915 2030 2965 con-

440 2993 821 3066 cupiscentiam
848 2992 1111 3064 injiciunt,
1147 3006 1498 3063 magnamque
1520 2991 1850 3048 succendunt
1876 2992 2027 3049 ﬁam-

441 3103 606 3148 mam.
638 3087 732 3143 Sta
760 3086 921 3158 igitur
958 3095 1144 3141 contra
1173 3098 1441 3139 mrumnas
1461 3126 1475 3150 ,
1510 3084 1588 3139 fer
1616 3094 1834 3141 strenue
1862 3087 2024 3141 animi

439 3180 678 3247 dolores,
701 3187 760 3235 ut
782 3179 1023 3248 corporis
1047 3191 1260 3248 quoque
1283 3175 1493 3231 labores
1515 3175 1656 3232 ferre
1677 3170 1868 3248 possis.
1886 3178 2025 3234 Bea-

439 3281 524 3329 tus
549 3271 744 3343 quippe
758 3269 880 3336 Job,
912 3269 1013 3323 nisi
1034 3267 1201 3347 probe
1224 3278 1349 3323 ante
1372 3267 1663 3324 certamina
1692 3272 2024 3326 exercitatus

440 3362 647 3428 fuisset,
696 3375 802 3415 non
852 3368 956 3413 tam
986 3357 1344 3433 splenduisset
1379 3359 1430 3413 in
1469 3360 1848 3435 certaminibus
1879 3378 1892 3415 :
1924 3362 2024 3417 nisi

440 3454 727 3510 meditatus
781 3450 968 3507 fuisset
1006 3467 1110 3523 qua
1146 3452 1353 3507 ratione
1397 3467 1685 3509 mmrorem
1732 3469 1948 3510 omnem
2002 3456 2018 3487 ¹

436 3546 693 3619 abigeret,
710 3544 886 3600 audita
904 3543 1132 3606 ﬁliorum
1153 3551 1343 3609 morte,
1364 3544 1564 3614 aliquid
1586 3545 1837 3601 audacter
1862 3546 2025 3603 dixis-

438 3650 558 3697 set:
587 3639 681 3695 sed
703 3639 768 3694 ad
796 3638 974 3694 omnia
999 3636 1290 3693 certamina
1313 3637 1461 3701 stetit
1507 3638 1733 3705 fortiter,
1761 3639 1828 3694 ad
1863 3654 2024 3707 pecu-

443 3732 650 3787 niarum
676 3739 1050 3799 tantorumque
1078 3727 1339 3791 bonorum
1366 3727 1628 3798 jacturam
1653 3770 1670 3799 ,
1698 3730 1764 3785 ad
1793 3730 2025 3786 ﬁliorum

455 3824 750 3891 interitum,
790 3821 857 3877 ad
903 3823 1081 3875 uxoris
1121 3820 1367 3875 affectum
1416 3836 1659 3897 pravum,
1691 3823 1757 3882 ad
1786 3826 2024 3895 corporis

435 3919 680 3984 vulnera,
721 3915 788 3983 ad
808 3914 1100 3969 amicorum
1128 3913 1412 3990 opprobria
1433 3955 1449 3981 ,
1480 3914 1546 3968 ad
1572 3915 1809 3972 convicia
1832 3917 2019 3974 dome-

436 4012 714 4068 sticorum.
760 4007 813 4065 Si
847 4020 1006 4079 porro
1050 4004 1180 4060 velis
1218 4006 1625 4069 exercitationes
1653 4008 1768 4077 ejus
1802 4010 2019 4083 conspi-

434 4119 579 4170 cere,
598 4101 722 4158 audi
750 4103 921 4171 ipsum
945 4098 1232 4163 dicentem,
1258 4107 1513 4168 quantum
1530 4102 1806 4171 pecuniam
1835 4103 2019 4174 despi-

429 4204 578 4252 ceret
605 4211 619 4247 :
651 4193 715 4249 Si
749 4192 902 4247 etiam
930 4191 1134 4251 lcetatus
1164 4204 1275 4242 sum
1295 4230 1311 4255 ,
1342 4191 1511 4247 multis
1540 4192 1664 4246 mihi
1706 4194 2018 4265 afﬂuentibus

430 4286 618 4341 diuitiis
646 4285 723 4341 :si
743 4300 844 4339 non
859 4283 1030 4353 putavi
1049 4296 1231 4334 aurum
1251 4281 1527 4349 pulverem,
1554 4285 1669 4341 siin
1700 4287 1869 4356 lapide
1895 4305 2013 4359 pre.

427 4380 553 4433 tioso
580 4376 821 4447 ﬁduciam
864 4374 1017 4431 habui
1069 4371 1190 4443 (Job
1225 4373 1315 4427 3|.
1343 4372 1432 4437 25.
1461 4372 1531 4442 24
1636 4376 1760 4433 ideo
1790 4394 1856 4434 ne
1885 4381 2015 4451 ipsis

428 4469 644 4541 quidem
682 4466 918 4536 abreptis
944 4467 1256 4527 turbabatur
1278 4509 1293 4534 ,
1322 4469 1411 4539 qui
1444 4471 1784 4539 praesentium
1809 4473 2013 4544 cupidi-

429 4571 537 4619 tate
575 4576 681 4617 non
714 4559 1011 4625 tenebatur.
1059 4559 1197 4623 Audi
1239 4560 1397 4615 etiam
1425 4562 1691 4631 quomodo
1715 4577 1776 4618 ea
1803 4581 1921 4632 quae
1945 4566 2011 4621 ad

428 4654 569 4708 ﬁlios
590 4651 902 4722 spectabant
926 4658 1193 4723 tractaret,
1223 4667 1331 4715 non
1361 4652 1588 4715 molliter
1603 4653 1719 4724 plus
1744 4672 1901 4725 quam
1931 4656 2011 4714 fas

425 4746 497 4801 sit
517 4758 701 4827 agen‘s,
734 4752 790 4798 ut
814 4759 932 4811 nos,
963 4741 1058 4800 sed
1085 4757 1298 4805 omnem
1316 4742 1383 4799 ab
1408 4743 1514 4805 illis
1536 4744 1865 4815 diligentiam
1895 4749 2008 4803 cxi.

424 4851 577 4907 gens.
611 4835 745 4891 Nam
773 4836 861 4915 qui
884 4849 983 4915 pro
1010 4834 1237 4905 occultis
1261 4835 1579 4891 sacrificium
1611 4836 1890 4905 offerebat,
1917 4854 2007 4895 co-

420 4929 529 4999 gita
572 4942 731 4998 quam
780 4934 971 4982 exacte
1012 4925 1080 4981 de
1118 4925 1417 4995 manifestis
1450 4926 1733 4996 judicaret.
1780 4928 1931 4996 Quod
1960 4930 2007 4987 si

422 5019 557 5075 velis
583 5018 699 5088 ejus
726 5017 795 5075 de
824 5018 1067 5075 castitate
1103 5032 1378 5078 sermones
1404 5016 1591 5073 audire
1614 5059 1630 5087 ,
1680 5018 1803 5073 audi
1854 5019 2003 5077 illum

421 5114 688 5170 dicentem
714 5130 726 5165 :
751 5111 935 5186 Pepigi
962 5110 1125 5180 [trdus
1152 5127 1266 5169 cum
1286 5110 1446 5165 oculis
1482 5112 1623 5178 meis,
1655 5120 1710 5165 ut
1734 5129 1795 5166 ne
1815 5113 2004 5183 cogita-

417 5221 523 5260 rem
559 5203 763 5274 quidem
791 5202 855 5255 de
878 5202 1069 5272 virgine
1093 5200 1251 5270 (Ibid.
1281 5217 1327 5257 υ.
1360 5199 1449 5275 1).
1479 5202 1681 5259 Idcirco
1717 5204 1864 5260 illum
1895 5222 1999 5261 non

417 5296 576 5367 fregit
602 5310 737 5349 uxor
768 5310 783 5347 :
810 5292 954 5347 illam
978 5292 1176 5362 quippe
1198 5300 1351 5347 antea
1382 5292 1613 5363 amabat,
1642 5303 1698 5348 et
1728 5310 1831 5361 non
1860 5296 1997 5351 ultra

417 5389 657 5456 modum,
680 5387 772 5443 sed
796 5395 853 5442 ut
868 5384 1117 5441 convenit
1135 5399 1353 5440 uxorem
1375 5386 1617 5457 diligere.
1640 5388 1996 5456 Quamobrem

416 5480 545 5537 tnihi
570 5478 750 5535 mirari
790 5478 952 5543 subit,
986 5492 1080 5532 cur
1110 5476 1160 5530 in
1193 5492 1427 5531 ammum
1461 5477 1725 5541 induxerit
1750 5480 1997 5547 diabolus

772 5575 810 5588 α

475 5624 490 5685 ε
522 5621 640 5685 Atii.
664 5586 973 5684 cupiditatem
997 5633 1199 5685 omnem.

474 5683 543 5746 tn)
592 5685 662 5731 De
703 5683 1107 5746 pentathlonsivie
1145 5684 1465 5746 quinquertio
1515 5688 1673 5734 actum
1723 5689 1802 5735 est
1842 5684 1983 5738 Auti-

417 5743 616 5807 qu‘ttutla
656 5746 930 5807 explanata
956 5745 1007 5795 ’[ἠ
1038 5745 1096 5807 V,
1126 5743 1238 5807 ιξδ,
1270 5759 1313 5806 ιι,
1353 5743 1457 5793 ⁵291.

1201 306 1257 359 S.
1297 304 1574 360 JOANNIS
1600 301 2072 360 CHRYSOSTUMI
2126 303 2442 363 AlinllEP.
2477 310 3013 371 CONSTANTINOP.

3632 329 3740 388 396

2151 427 2446 482 certamina
2474 439 2659 485 contra
2685 432 2855 497 ipsum
2879 450 3115 501 movere,
3138 437 3227 507 qui
3254 439 3372 508 ejus
3399 445 3739 501 exercitatio-

2150 530 2246 571 nes
2281 529 2526 575 noverat.
2569 522 2677 578 Cur
2704 539 2832 595 ergo
2857 525 2909 579 id
2945 526 3018 580 illi
3049 528 3101 582 in
3130 539 3364 586 mentem
3389 534 3578 589 venit?
3602 537 3739 594 Mala

2148 618 2231 663 est
2274 610 2444 666 bestia
2489 629 2587 669 nec
2614 630 2865 687 umquam
2903 617 3192 691 desperat;
3223 623 3273 678 id
3302 626 3445 695 quod
3470 640 3615 685 certe
3641 647 3741 687 nos

2149 703 2379 760 maxime
2405 704 2623 762 damnat
2647 750 2662 773 ,
2710 709 2850 779 quod
2880 726 3001 767 cum
3046 713 3137 770 ille
3168 731 3457 788 numquam
3485 719 3740 791 desperet

2148 795 2215 851 de
2236 798 2470 871 pernicie
2499 800 2653 855 nobis
2692 802 2965 859 inferenda
2991 848 3006 872 ,
3035 820 3131 862 nos
3157 806 3513 880 desperemus
3539 812 3605 868 de
3629 830 3731 869 no-

2146 897 2257 942 stra
2280 888 2469 945 salute.
2500 891 2606 947 Sed
2630 892 2749 951 vide
2778 895 2940 951 etiam
2982 900 3249 968 quomodo
3276 905 3520 973 corporis
3560 906 3738 963 labem

2146 982 2427 1070 etisaniem
2448 991 2571 1038 ante
2593 985 2879 1045 meditatus
2897 989 2988 1043 sit.
3012 989 3147 1062 Quia
3169 993 3309 1048 enim
3332 996 3465 1050 nihil
3480 1010 3735 1070 umquam

2150 1069 2253 1125 tale
2274 1086 2464 1141 passus
2493 1072 2685 1140 fuerat,
2727 1076 2819 1131 sed
2847 1078 2899 1132 in
2926 1078 3144 1147 divitiis,
3174 1082 3445 1153 voluptate
3469 1102 3534 1141 ac
3553 1069 3739 1158 splen-

2144 1161 2276 1218 dore
2312 1163 2472 1218 vitam
2501 1172 2852 1236 transegerat,
2906 1169 3109 1227 alienas
3139 1174 3469 1232 calamitates
3492 1179 3733 1248 quotidie

2143 1254 2322 1310 animo
2351 1257 2616 1312 versabat.
2667 1258 2735 1313 Et
2763 1258 2866 1315 hoc
2885 1261 3168 1319 declarans
3196 1264 3409 1322 dicebat
3440 1286 3454 1323 :
3483 1268 3625 1325 Nam
3670 1274 3732 1325 ti-

2144 1361 2273 1411 mor,
2301 1363 2451 1415 quem
2497 1348 2752 1417 timebam,
2781 1355 2942 1406 evenit
2977 1354 3120 1421 milli,
3147 1365 3196 1410 et
3219 1374 3369 1427 quem
3391 1361 3730 1430 trepidabant,

2143 1440 2358 1493 occurrit
2379 1441 2503 1495 mihi
2538 1440 2657 1512 (Job
2684 1444 2738 1498 5.
2766 1444 2837 1501 25
2858 1447 2896 1515 ).
2930 1446 2995 1502 Et
3020 1463 3204 1505 rursus
3234 1469 3250 1505 :
3276 1451 3387 1523 Ego
3419 1470 3534 1508 vero
3576 1472 3731 1526 super

2143 1532 2279 1586 omni
2306 1533 2555 1589 imbecillo
2591 1536 2788 1605 ploravi
2805 1578 2820 1599 ,
2850 1548 2897 1591 et
2923 1538 3141 1609 ingemui
3175 1542 3350 1597 videns
3377 1544 3537 1599 virum
3558 1546 3613 1599 in
3643 1565 3734 1601 ne-

2142 1624 2451 1680 cessitatibus
2494 1627 2513 1697 (
2536 1625 2621 1681 Id.
2657 1628 2745 1683 50.
2772 1630 2842 1684 25
2860 1627 2901 1699 ).
2939 1629 3063 1686 ideo
3088 1633 3228 1688 nulla
3255 1649 3321 1688 ex
3348 1635 3451 1691 illis
3478 1637 3733 1691 intolera.

2141 1717 2340 1777 bilibus
2365 1717 2756 1775 calamitatibus
2806 1720 2956 1776 illum
2984 1724 3345 1791 perturbabat.
3376 1724 3455 1780 Ne
3480 1726 3610 1780 mihi
3641 1745 3728 1785 re-

2141 1811 2335 1881 spicias
2384 1812 2727 1881 pecuniarum
2772 1814 3034 1883 jacturam
3065 1857 3078 1881 ,
3134 1816 3361 1872 ﬁliorum
3426 1819 3727 1887 interitum,

2140 1904 2349 1979 plagam
2398 1904 2543 1960 illam
2573 1905 2917 1969 incurabilem
2939 1947 2953 1971 ,
2989 1908 3170 1963 uxoris
3215 1908 3472 1975 insidias;
3505 1912 3598 1967 sed
3647 1913 3733 1968 his

2140 1996 2296 2066 longe
2318 1996 2583 2067 graviora.
2611 1995 2679 2051 Et
2698 1997 2821 2068 quid
2842 1997 3080 2072 gravius,
3111 1999 3336 2070 inquies,
3360 2001 3461 2057 .Iob
3482 2006 3730 2072 accepit?

2144 2087 2214 2141 ab
2243 2086 2463 2147 historia
2489 2097 2640 2144 certe
2664 2088 2794 2151 nihil
2824 2089 2969 2151 aliud
2994 2090 3271 2147 discimus.
3303 2092 3435 2159 Quia
3458 2094 3723 2151 dormita-

2142 2192 2260 2232 mus
2286 2218 2303 2243 ,
2332 2193 2437 2233 non
2466 2178 2720 2235 discimus
2770 2197 2784 2233 :
2815 2180 2907 2235 sed
2954 2181 3045 2251 qui
3075 2181 3358 2254 diligenter
3384 2185 3651 2255 explorat,
3675 2199 3730 2243 et

2140 2271 2477 2341 margaritam
2500 2272 2665 2345 probe
2691 2271 2900 2345 qua-rit,
2935 2272 3100 2329 multo
3117 2275 3265 2344 plura
3284 2276 3435 2333 sciet.
3465 2276 3725 2335 Graviora

2140 2361 2357 2441 quippe,
2387 2377 2505 2439 qua:
2546 2363 2803 2433 majorem
2844 2361 3295 2438 perturbationem
3329 2367 3525 2423 inferre
3568 2380 3726 2438 pore-

2140 2464 2281 2521 rant,
2310 2454 2414 2509 alia
2457 2464 2632 2513 erant.
2665 2454 2867 2519 Primo,
2894 2455 3034 2535 quod
3076 2456 3204 2511 nihil
3250 2458 3413 2514 sciret
3456 2459 3526 2515 de
3556 2476 3726 2531 regno

2138 2547 2393 2602 crelorum
2422 2557 2477 2607 et
2501 2547 2569 2603 de
2603 2548 2997 2615 resurrectione
3023 2549 3099 2623 (a)
3132 2568 3145 2603 :
3170 2551 3311 2621 quod
3340 2553 3501 2609 etiam
3529 2554 3720 2625 lugens

2137 2636 2346 2695 dicebat
2374 2656 2388 2693 :
2416 2636 2540 2695 Non
2594 2640 2726 2693 enim
2753 2640 2806 2693 in
2833 2649 3077 2700 azlernum
3108 2641 3290 2712 vivam,
3320 2654 3377 2698 ut
3414 2646 3725 2717 longanimis

2137 2731 2233 2784 sim
2261 2729 2386 2801 (Id.
2425 2732 2478 2791 7.
2515 2729 2642 2803 ιθ).
2681 2730 2950 2800 Secundo,
2988 2732 3131 2809 quod
3170 2734 3459 2795 multorum
3474 2738 3586 2809 _sibi
3619 2738 3723 2793 bo-

2138 2838 2329 2878 norum
2354 2824 2600 2880 conscius
2619 2834 2781 2881 esset.
2806 2804 3019 2881 Tertio;
3039 2826 3178 2897 quod
3208 2828 3404 2884 nullius
3425 2804 3722 2892 essetcon-

2137 2914 2279 2976 scius
2305 2914 2451 2969 mali.
2481 2914 2704 2983 Quarto,
2728 2916 2872 2987 quod
2909 2917 3009 2972 sibi
3040 2933 3069 2971 a
3110 2918 3219 2973 Deo
3248 2928 3457 2992 putaret
3487 2921 3599 2976 haec
3632 2923 3721 2978 in-

2137 3004 2263 3065 ferri
2286 3006 2422 3060 mala
2449 3024 2463 3061 :
2506 3006 2647 3077 quod
2678 3007 2721 3061 si
2748 3007 2907 3063 etiam
2944 3022 2973 3061 a
3006 3007 3223 3070 diabolo
3244 3050 3259 3075 ,
3285 3012 3386 3067 hoc
3413 3011 3485 3066 illi
3512 3020 3735 3083 poterat

2136 3097 2457 3161 offendiculo
2501 3112 2638 3160 esse.
2685 3098 2910 3166 Quinto,
2944 3100 3084 3170 quod
3109 3101 3318 3157 audiret
3335 3102 3534 3163 amicos
3562 3119 3622 3159 se
3650 3103 3726 3161 do

2135 3189 2369 3259 nequitia
2396 3190 2736 3245 incusantes:
2762 3189 2884 3246 Non
2921 3192 3053 3246 enim
3086 3193 3361 3265 condignas
3383 3235 3399 3259 ,
3430 3193 3719 3265 dicebant,

2135 3281 2352 3352 peccatis
2373 3282 2471 3336 tuis
2489 3283 2666 3353 plagas
2684 3283 2871 3357 accipis
2891 3281 3003 3354 (Id.
3031 3285 3114 3340 Η.
3143 3287 3238 3356 6).
3278 3286 3461 3353 Sexto,
3487 3289 3633 3359 quod
3662 3290 3723 3349 in

2135 3373 2366 3444 nequitia
2378 3374 2614 3430 viventes
2628 3374 2829 3437 videret
2846 3390 3100 3447 prospere
3115 3392 3294 3449 agere,
3307 3387 3428 3434 etse
3444 3379 3720 3437 deridere.

2133 3464 2392 3534 Septimo,
2406 3463 2546 3535 quod
2567 3465 2832 3522 neminem
2847 3465 3051 3523 videret
3068 3468 3187 3523 talia
3207 3484 3453 3540 umquam
3474 3486 3717 3541 passum.

2202 3556 2259 3609 7.
2286 3553 2369 3609 Ea:
2388 3556 2662 3626 pusillitate
2685 3566 2856 3613 nostra
2874 3568 3117 3629 quantum
3149 3560 3409 3635 splendeat
3425 3560 3542 3616 ,Ιοὺὶ
3562 3565 3720 3634 forti-

2132 3646 2274 3702 tudo.
2300 3676 2374 3687 —
2401 3646 2470 3701 Et
2488 3646 2533 3702 si
2559 3646 2769 3703 discere
2800 3648 2933 3703 velis
2958 3657 3153 3719 quanta
3179 3649 3294 3707 haec
3321 3653 3446 3723 sint,
3468 3667 3719 3723 przcsen-

2131 3740 2202 3794 tia
2231 3740 2531 3797 considera.
2562 3740 2693 3796 Nam
2722 3742 2766 3795 si
2798 3757 2940 3798 nunc
2966 3784 2982 3810 ,
3011 3757 3134 3798 cum
3163 3758 3384 3816 regnum
3425 3758 3713 3817 exspecta-

2130 3844 2234 3903 tur,
2259 3851 2381 3891 cum
2425 3837 2743 3892 resurrectio
2769 3847 3032 3909 speratur,
3062 3854 3269 3896 necnon
3305 3839 3591 3896 ineffabilia
3622 3842 3718 3905 illa

2126 3930 2286 3995 bona,
2312 3946 2433 3985 cum
2464 3929 2719 3985 malorum
2750 3932 2894 3987 mille
2921 3932 3074 3988 nobis
3101 3933 3302 3988 conscii
3333 3948 3517 3989 sumus
3538 3976 3554 4001 ,
3585 3950 3717 3992 cum

2127 4031 2205 4080 tot
2230 4024 2489 4079 habemus
2512 4023 2757 4095 exempla
2779 4065 2794 4090 ,
2825 4032 2881 4079 et
2917 4032 3115 4079 tantam
3148 4032 3434 4081 tractamus
3460 4025 3715 4096 philoso-

2124 4116 2327 4189 phiam,
2357 4116 2400 4172 si
2428 4115 2640 4187 quidam
2667 4132 2732 4172 ex
2775 4115 2931 4171 nobis
2960 4116 3173 4186 paulum
3202 4119 3319 4173 auri
3343 4118 3712 4189 perdiderint,

2124 4224 2267 4281 saepe
2286 4211 2469 4282 rapina
2495 4218 2722 4281 partum,
2752 4224 2858 4265 non
2886 4209 3101 4266 vitalem
3125 4211 3226 4267 sibi
3253 4210 3413 4267 vitam
3438 4228 3560 4269 esse
3581 4214 3714 4270 exi-

2122 4303 2379 4368 stimant;
2409 4317 2514 4359 non
2548 4312 2769 4372 urgente
2807 4317 2972 4358 uxore
2994 4342 3011 4369 ,
3060 4317 3168 4358 non
3219 4303 3451 4373 abreptis
3497 4304 3708 4371 liberis,

2122 4410 2228 4452 non
2250 4395 2437 4451 amicis
2463 4393 2907 4464 exprobrantibus
2930 4434 2945 4458 ,
2974 4409 3080 4449 non
3106 4393 3412 4451 domesticis
3439 4395 3708 4452 insultan'

2121 4490 2293 4556 tibus;
2324 4488 2418 4547 sed
2467 4488 2648 4544 multis
2693 4487 2864 4557 ipsum
2894 4487 3315 4556 consolantibus,
3343 4488 3460 4545 sive
3486 4488 3704 4554 verbis,

2119 4580 2231 4639 sive
2254 4581 2412 4636 rebus
2428 4579 2585 4649 ipsis:
2609 4587 2740 4649 quot
2751 4579 2961 4633 coronis
2971 4578 3162 4649 dignus
3177 4580 3267 4635 ille
3289 4594 3396 4636 non
3416 4578 3594 4646 fuerit,
3612 4581 3708 4651 qui

2112 4671 2272 4741 justis
2314 4670 2533 4729 collecta
2581 4669 2681 4731 sibi
2709 4668 2983 4727 laboribus
3002 4669 3134 4726 vidit
3158 4670 3275 4725 sine
3299 4683 3459 4726 causa
3482 4670 3705 4740 abripi,

2114 4773 2169 4818 et
2192 4770 2311 4833 post
2352 4760 2438 4815 illa
2468 4760 2647 4815 omnia
2671 4760 2820 4820 mille
2846 4762 3199 4818 tentationum
3223 4777 3420 4832 genera
3443 4771 3707 4832 expertus

2115 4863 2220 4926 est,
2251 4867 2570 4925 semperque
2611 4862 2788 4908 tamen
2821 4854 3075 4910 immotus
3113 4854 3333 4920 mansit,
3386 4864 3442 4910 et
3483 4854 3704 4911 debitas

2114 4946 2213 5003 hac
2233 4948 2301 5004 de
2330 4962 2388 5003 re
2412 4948 2700 5019 gratiarum
2723 4948 2963 5007 actiones
2985 4947 3210 5003 Domino
3230 4947 3410 5005 retulit
3430 4948 3454 5003 ?
3471 4947 3703 5005 Etiamsi

2111 5041 2253 5097 enim
2284 5040 2458 5095 nullus
2487 5040 2623 5103 alius
2651 5040 2753 5111 ipsi
2801 5040 2990 5096 fuisset
3034 5040 3307 5112 loquutus,
3358 5043 3541 5097 uxoris
3571 5050 3702 5097 tan-

2112 5143 2221 5191 tum
2247 5131 2406 5187 verba
2438 5138 2683 5201 poterant
2713 5130 2798 5186 vel
2828 5140 3007 5202 petras
3037 5146 3397 5189 commovere.
3429 5131 3559 5188 Vide
3594 5134 3701 5205 igio

2106 5235 2194 5282 tur
2212 5225 2351 5281 illius
2377 5224 2648 5281 astutiam.
2676 5223 2794 5286 Non
2819 5232 3081 5281 memorat
3104 5223 3343 5291 divitias,
3372 5240 3477 5280 non
3507 5240 3703 5280 came-

2104 5321 2208 5388 los,
2235 5333 2341 5375 non
2369 5332 2558 5389 greges
2578 5359 2593 5385 ,
2622 5333 2728 5373 non
2770 5326 3011 5374 armenta
3053 5316 3279 5390 (sciebat
3304 5318 3447 5373 enim
3478 5319 3579 5375 viri
3610 5322 3701 5377 sui

2104 5412 2187 5478 his
2214 5414 2266 5468 in
2285 5412 2446 5468 rebus
2468 5410 2930 5482 philosophiam),
2959 5410 3054 5467 sed
3094 5409 3235 5482 quod
3255 5411 3503 5468 acerbius
3549 5424 3695 5481 crat,

2104 5504 2331 5558 ﬁliorum
2359 5503 2654 5570 interitum,
2678 5502 3097 5574 tragazdiamquc
3121 5504 3384 5569 extendit,
3410 5514 3577 5575 atque
3593 5521 3698 5561 sua

2162 5638 2236 5702 (ᾳ)
2266 5635 2396 5695 Quod
2429 5637 2545 5688 dicit
2584 5637 2977 5702 Chrysostomus,
3012 5638 3182 5702 Johum
3212 5639 3276 5687 de
3321 5652 3701 5692 resurrectione

2098 5700 2215 5769 nihil
2254 5703 2472 5761 novisse,
2510 5714 2605 5757 nou
2645 5699 2873 5755 censebat
2918 5713 3025 5751 cum
3066 5699 3251 5764 vulgari
3287 5704 3543 5754 doctorum
3583 5716 3701 5766 υμ-

2097 5775 2261 5813 tuane.
