4042 6218
313 365 413 421 597

310 472 530 528 addidit.
554 472 705 541 Quod
731 472 774 525 si
803 471 885 535 iis,
909 471 998 540 qui
1027 484 1280 539 prospere
1304 484 1418 524 rem
1446 468 1691 537 agebant,
1723 464 1885 520 nihil-

312 579 415 632 que
452 563 713 634 ingratum
742 562 1089 632 patiebantur,
1124 560 1288 615 multa
1308 574 1451 629 smpe
1477 574 1671 613 uxores
1699 571 1885 612 suase-

314 663 482 707 runt:
526 654 697 723 cogita
727 668 882 721 quam
939 662 1154 705 strenua
1209 651 1293 705 illa
1342 660 1483 706 esset
1526 651 1725 713 anima,
1767 665 1885 718 quae

314 758 534 797 uxorem
565 750 641 796 tot
661 742 820 796 armis
847 742 1155 795 instructam
1185 741 1357 810 potuit
1380 741 1656 810 repellere,
1680 750 1733 794 et
1752 741 1887 795 duos

313 833 603 888 acerrimos
627 831 845 887 aﬂ'ectus
869 833 1111 897 calcavit,
1142 832 1484 901 cupiditatem
1512 840 1568 886 et
1587 830 1886 886 misericor-

311 923 473 978 diam.
502 922 646 976 Multi
670 924 811 978 enim
839 923 929 993 qui
958 924 1446 992 concupiscentiam
1490 924 1752 990 vicerant,
1788 923 1887 977 mi-

311 1012 600 1068 sericordia
630 1013 811 1068 inﬂexi
863 1023 1007 1069 sunt.
1040 1013 1172 1069 Nam
1219 1014 1539 1068 fortissimus
1566 1013 1657 1068 ille
1683 1012 1884 1083 Joseph

313 1105 632 1174 voluptatem
664 1105 809 1161 illam
852 1107 1181 1176 tyrannicam
1230 1106 1471 1173 calcavit,
1499 1114 1555 1161 et
1595 1105 1883 1162 barbaram

313 1194 455 1248 illam
484 1193 758 1249 mulierem
801 1195 997 1249 multas
1025 1194 1395 1251 admoventem
1419 1195 1693 1250 machinas
1728 1209 1888 1265 repu-

314 1284 393 1349 lit,
420 1285 684 1355 lacrymas
711 1299 843 1341 vero
894 1287 1172 1341 continere
1199 1301 1304 1340 non
1333 1287 1521 1357 potuit,
1552 1285 1647 1341 sed
1700 1285 1888 1340 videns

315 1377 504 1433 fratres
532 1392 657 1433 suos
704 1378 791 1447 qtti
842 1388 1022 1432 seettm
1074 1378 1253 1449 inique
1280 1387 1519 1447 egerant,
1551 1377 1652 1433 hoc
1696 1376 1887 1432 affectu

312 1475 495 1536 captus
520 1475 619 1532 est,
653 1478 706 1523 et
734 1470 939 1522 vultum
954 1469 1059 1524 cito
1084 1468 1333 1539 lacrymis
1361 1469 1626 1538 cperiens,
1659 1483 1772 1523 rem
1802 1475 1885 1522 to-

315 1566 419 1612 tam
467 1558 733 1626 patefecit.
761 1558 895 1613 Cum
926 1569 1104 1613 autem
1149 1567 1205 1612 et
1250 1573 1381 1613 uxor
1403 1567 1508 1623 est,
1545 1559 1887 1613 commisera-

313 1652 459 1705 tione
483 1651 642 1720 digna
672 1650 934 1714 referens,
984 1665 1143 1720 quam
1175 1659 1470 1720 opportune
1496 1651 1685 1718 juvant
1727 1651 1888 1705 etiam

312 1750 520 1811 tempus
539 1784 556 1808 ,
582 1742 801 1795 vulnera
824 1781 839 1806 ,
869 1741 1066 1810 plagae,
1097 1750 1153 1795 et
1194 1740 1337 1795 mille
1369 1741 1729 1795 calamitatum
1780 1738 1885 1793 llu-

310 1843 429 1886 ctus
456 1849 471 1885 :
497 1846 603 1900 quo
630 1841 785 1900 pacto
809 1847 913 1885 non
939 1832 1059 1900 jure
1087 1831 1289 1886 dixeris
1313 1832 1545 1886 animam
1578 1846 1696 1900 quae
1719 1845 1887 1901 gene-

311 1941 432 1980 rose
454 1934 649 1980 tantum
682 1926 785 1981 fert
810 1934 1177 1994 tempestatem
1198 1966 1213 1991 ,
1241 1940 1361 1979 esse
1380 1924 1661 1979 adamante
1682 1923 1888 1977 ﬁrmio-

310 2018 461 2072 rem?
488 2016 665 2071 Liceat
694 2016 821 2071 mihi
858 2016 1037 2072 dicere
1075 2017 1225 2071 vobis
1250 2057 1267 2082 ,
1299 2016 1513 2071 beatum
1536 2016 1678 2069 illum
1706 2016 1749 2069 si
1780 2029 1885 2069 non

310 2111 587 2179 majorem,
611 2124 714 2164 non
735 2110 1149 2165 minoremcerte
1164 2109 1294 2178 ipsis
1306 2107 1560 2177 apostolis
1577 2106 1758 2161 fuisse.
1776 2104 1883 2162 Illis

311 2218 539 2273 namque
556 2203 850 2258 consolatio
875 2212 1010 2267 emt,
1037 2202 1178 2272 quod
1210 2209 1423 2272 propter
1449 2199 1714 2254 Christum
1739 2210 1885 2268 pate-

310 2304 525 2349 rentur:
545 2296 714 2349 ethoc
734 2296 981 2350 idoneum
1004 2304 1119 2348 erat
1144 2293 1435 2349 remedium
1448 2292 1586 2363 quod
1605 2291 1724 2346 illos
1748 2306 1885 2360 quo-

310 2384 435 2439 tidie
455 2387 682 2456 erigeret
696 2386 855 2456 ,quod
869 2386 1028 2440 etiam
1048 2385 1240 2454 ubique
1258 2384 1584 2454 proponebat
1606 2382 1880 2448 Dominus,

307 2476 527 2547 Propter
551 2494 630 2531 me
655 2518 672 2544 ,
703 2478 883 2531 dicens
905 2520 919 2541 ,
945 2488 999 2532 et
1022 2519 1035 2538 ,
1063 2477 1125 2532 Si
1146 2493 1225 2529 me
1245 2460 1660 2545 patremfamilias
1690 2471 1884 2526 Beelze-

308 2570 401 2622 bub
418 2579 711 2623 vomuerunt
727 2568 939 2639 (Matth.
961 2570 1045 2625 10.
1067 2569 1177 2641 25).
1198 2570 1292 2625 llle
1309 2584 1433 2623 vero
1450 2568 1545 2621 ista
1561 2581 1754 2622 vacuus
1770 2573 1884 2621 erat

305 2660 671 2714 consolatione
690 2700 706 2723 ,
730 2675 829 2715 nec
859 2676 964 2715 non
992 2660 1081 2713 illa
1107 2675 1225 2729 qua?
1252 2676 1318 2713 ex
1346 2658 1528 2728 signis,
1560 2656 1644 2711 vel
1671 2671 1788 2725 quae
1815 2670 1881 2711 ex

304 2750 471 2819 gratia
497 2750 947 2819 proﬁciscebatur.
974 2750 1156 2820 Neque
1180 2750 1321 2804 enim
1350 2759 1551 2802 tantam
1574 2747 1753 2801 habuit
1775 2747 1881 2803 vim

305 2838 555 2908 Spiritus.
576 2839 835 2910 Quodque
856 2841 1025 2910 majus
1048 2851 1151 2903 eSt,
1174 2840 1226 2894 in
1253 2838 1460 2893 deliciis
1481 2838 1663 2892 multis
1678 2836 1876 2892 educa-

307 2939 410 2994 tus,
438 2945 545 2985 non
563 2945 629 2985 ex
657 2932 998 3001 piscatorum,
1032 2931 1116 2985 vel
1145 2930 1569 2999 publicanorum,
1588 2927 1669 2982 vel
1699 2927 1877 2981 vilium

306 3035 650 3090 personarum
678 3037 899 3075 numero
919 3030 1054 3085 erat,
1084 3021 1176 3075 sed
1204 3035 1325 3074 cum
1353 3029 1555 3073 tantum
1582 3033 1879 3087 consequu-

306 3120 391 3163 tus
416 3109 601 3164 fuisset
627 3110 905 3177 honorem,
951 3110 1065 3166 lucc
1094 3110 1408 3179 patiebatur.
1438 3109 1695 3178 Quodque
1738 3107 1878 3177 apud

1218 358 1290 416 ΙΝ
1326 354 1731 414 MATTH/EUM
1770 349 2001 409 HOMIL.
2038 353 2282 415 XXXIV,
2318 355 2388 410 al.
2430 355 2651 412 XXXV.

3450 364 3554 423 598

1981 467 2252 536 apostolos
2288 469 2567 524 onerosius
2620 470 2830 525 videtur
2877 470 3073 535 fuisse,
3099 474 3153 530 id
3202 474 3291 530 ille
3346 492 3556 548 quoque

1980 557 2251 624 sustinuit,
2281 559 2351 615 ab
2394 560 2603 623 amicis,
2635 574 2664 613 a
2710 561 3038 630 domesticis,
3070 564 3138 617 ab
3169 567 3397 621 inimicis
3431 570 3558 624 odio

1983 649 2217 713 habitus,
2248 666 2454 707 necnon
2486 654 2554 709 ab
2584 655 2649 708 iis
2691 655 2886 724 quibus
2933 657 3069 713 bene
3106 660 3321 728 fecerat,
3354 676 3453 717 nec
3482 672 3561 718 ta-

1982 756 2103 795 men
2150 742 2241 799 ille
2285 758 2491 798 sacram
2519 759 2792 812 ancoram,
2824 756 2880 802 et
2926 750 3270 818 tranquillum
3319 767 3559 821 portum,

1982 849 2171 902 nempe
2194 833 2295 888 hoc
2316 835 2457 905 quod
2479 837 2735 905 apostolis
2756 837 2954 892 dictum
2984 840 3181 907 fuerat,
3212 842 3429 911 Propter
3456 863 3557 909 me,

1982 925 2160 979 videre
2190 927 2382 994 potuit.
2406 926 2567 983 Miror
2593 928 2751 983 etiam
2782 937 2890 985 tres
2918 944 3133 999 pueros,
3164 938 3251 1003 qui
3278 932 3555 989 fornacem

1982 1017 2189 1071 fortiter
2216 1017 2529 1087 adierunt‘,
2560 1019 2648 1086 qui
2674 1031 2904 1091 tyranno
2934 1024 3270 1078 resisterunt.
3297 1024 3402 1080 Sed
3433 1025 3556 1082 audi

1978 1106 2101 1175 quid
2134 1106 2307 1162 dicant
2336 1125 2348 1160 :
2375 1107 2510 1165 Deos
2538 1118 2649 1163 tuos
2680 1127 2782 1164 non
2809 1110 3042 1175 colimus,
3068 1122 3114 1167 et
3135 1122 3357 1167 statuam
3391 1126 3552 1179 tuam,

1976 1213 2130 1266 quam
2154 1198 2375 1263 erexisti,
2405 1215 2508 1255 non
2527 1201 2804 1255 adoramus
2828 1203 2990 1273 (Dan.
3025 1206 3079 1259 5.
3113 1205 3223 1273 18).
3257 1206 3405 1272 Quod
3430 1206 3558 1275 ipsis

1977 1302 2167 1358 magna
2217 1300 2334 1345 erat
2381 1294 2712 1358 consolatio,
2745 1294 2887 1363 quod
2919 1296 3087 1364 probe
3112 1300 3312 1352 scirent
3340 1312 3399 1353 se
3430 1315 3560 1366 pro-

1979 1388 2095 1445 pter
2126 1381 2288 1435 Deum
2319 1383 2497 1437 omnia
2529 1383 2658 1451 pati.
2692 1384 2787 1439 llic
2814 1400 2947 1442 vero
2972 1388 3263 1454 nesciebat,
3295 1389 3409 1445 haec
3436 1405 3561 1446 esse

1976 1471 2268 1524 certamina
2285 1481 2336 1525 et
2351 1472 2544 1527 luctam
2565 1490 2580 1539 ;
2603 1473 2650 1529 si
2669 1478 2813 1530 enim
2829 1477 3097 1547 scivisset,
3117 1482 3378 1537 malorum
3395 1497 3561 1540 sensu

1977 1575 2081 1615 non
2115 1561 2184 1615 ita
2215 1561 2435 1617 allectus
2464 1564 2670 1621 fuisset.
2711 1567 2845 1623 Cum
2876 1586 3007 1639 ergo
3047 1572 3311 1642 audisset,
3344 1575 3424 1628 An
3452 1576 3559 1630 alia

1976 1653 2172 1706 ratione
2201 1671 2279 1708 me
2311 1664 2462 1725 putas
2502 1658 2591 1711 tibi
2617 1662 2960 1728 respondisse,
3000 1679 3150 1731 quant
3183 1676 3236 1720 ut
3256 1668 3432 1736 justus
3460 1685 3558 1734 ap-

1977 1759 2176 1808 pareres
2205 1742 2347 1813 (Job.
2369 1747 2460 1802 40.
2488 1748 2581 1818 5)?
2612 1750 2976 1807 animadverte
3003 1755 3234 1821 qualiter
3258 1759 3561 1825 respirave-

1975 1833 2064 1897 rit,
2095 1835 2191 1888 hac
2219 1836 2449 1906 simplici
2480 1841 2662 1895 audita
2715 1857 2866 1909 voce,
2892 1860 3052 1912 quam
3084 1848 3319 1917 seipsnm
3364 1850 3561 1919 despe-

1973 1926 2441 1994 xeritzquomodo
2481 1945 2546 1984 ne
2589 1946 2804 1999 passum
2856 1936 3072 2003 quidem
3103 1953 3163 1993 se
3197 1942 3463 2008 plllth'l'il
3490 1958 3556 1997 ea

1971 2027 2090 2080 qua;
2118 2028 2306 2082 passus
2326 2027 2491 2083 esset,
2518 2018 2633 2073 haec
2652 2020 2870 2077 dicens:
2892 2022 2996 2079 Cur
3018 2026 3184 2079 adhuc
3211 2032 3438 2097 iudicor,
3460 2034 3556 2084 ad-

1970 2106 2192 2158 monitus
2230 2114 2278 2159 et
2320 2109 2625 2181 redargutus
2654 2130 2687 2165 α
2736 2113 2981 2179 Domino,
3012 2134 3128 2171 cum
3175 2119 3284 2173 haec
3322 2123 3553 2186 audiam,

1969 2199 2057 2262 qui
2095 2199 2225 2253 nihil
2260 2202 2412 2256 sunt?
2448 2203 2516 2255 Et
2544 2220 2757 2261 rursum
2787 2224 2801 2259 :
2832 2210 3024 2262 Audita
3055 2210 3259 2281 quidem
3289 2216 3431 2269 auris
3459 2232 3557 2268 au-

1971 2287 2166 2343 diebam
2210 2300 2257 2342 te
2301 2292 2442 2359 prius
2465 2308 2484 2346 :
2516 2310 2653 2349 nunc
2696 2308 2866 2352 autem
2904 2290 3082 2355 oculu}
3126 2318 3266 2356 meus
3296 2306 3425 2360 videt
3464 2317 3552 2360 te:

1968 2392 2275 2450 quapropter
2320 2382 2470 2437 nihili
2516 2386 2653 2456 facio
2683 2390 2952 2459 meipsttm,
2989 2402 3035 2444 et
3067 2392 3375 2462 liquefactus
3403 2411 3550 2448 sunt:

1967 2470 2261 2540 arstimoque
2290 2475 2537 2545 meipsum
2581 2491 2770 2533 terram
2796 2488 2843 2533 et
2874 2481 3093 2536 tinerrm
3136 2481 3251 2556 (Job
3280 2484 3361 2540 Β.
3385 2485 3440 2543 5.
3460 2484 3538 2549 li).

1968 2557 2078 2615 Nos
2097 2561 2280 2631 itaque
2304 2566 2393 2634 qui
2418 2576 2537 2636 post
2565 2568 2734 2639 legem
2752 2580 2805 2625 et
2821 2573 3046 2641 gratiam
3065 2588 3271 2639 sumus,
3292 2577 3429 2630 hanc
3452 2576 3551 2631 for-

1974 2653 2280 2721 titudinem,
2310 2660 2447 2713 hanc
2476 2662 2942 2718 mansuetudinem
2967 2665 3108 2718 illius
3139 2666 3431 2733 imitemur,
3455 2668 3549 2739 qui

1967 2756 2095 2803 ante
2121 2748 2294 2820 legem
2323 2760 2377 2806 et
2399 2755 2630 2822 gratiam
2652 2754 2771 2819 fuit,
2802 2766 2858 2810 ut
2878 2773 2996 2811 cum
3022 2757 3113 2812 il'o
3142 2771 3341 2814 aeterna
3373 2761 3550 2814 taber-

1966 2840 2153 2894 nacula
2171 2841 2568 2910 adipiscamur;
2593 2861 2710 2914 qua:
2732 2847 2935 2919 utinam
2957 2862 3344 2918 consequamur
3364 2865 3552 2905 omnes

1966 2931 2137 3003 gratia
2167 2942 2220 2987 et
2250 2934 2575 3004 benignitate
2608 2937 2815 2991 Domini
2850 2939 3023 2994 nostri
3054 2940 3183 2995 Jesn
3210 2943 3435 3007 (thriSti,
3465 2944 3550 2998 cui

1965 3023 2134 3093 gloria
2162 3034 2215 3079 et
2243 3027 2562 3097 imperium,
2600 3029 2652 3082 in
2682 3030 2876 3085 saecula
2907 3032 3249 3087 saaculorum.
3280 3037 3474 3090 Amen.

2030 3116 2046 3144 ⁸
2082 3114 2196 3177 Alii,
2219 3123 2613 3180 contempserunt.

308 3236 3529 3262 MM—

1415 3320 1755 3381 HOMlLIA
1799 3316 2058 3377 XXXIV.
2104 3317 2183 3379 al.
2225 3316 2461 3379 XXXV.

301 3467 422 3523 Car.
452 3467 539 3522 10.
562 3483 614 3519 v.
641 3468 729 3522 Ξῖ).
758 3467 881 3521 Cum
907 3477 1074 3521 autem
1097 3476 1451 3538 persequentur
1478 3483 1561 3520 vos
1588 3482 1649 3520 ex
1673 3465 1767 3519 hac
1796 3464 1871 3517 ci-

370 3563 543 3624 vitate,
590 3561 750 3632 [ugite
799 3564 852 3614 in
888 3562 1061 3615 aliam.
1105 3563 1262 3614 Amen
1313 3560 1498 3630 quippe
1542 3559 1655 3612 dico
1698 3556 1868 3620 vobis,

369 3670 469 3707 non
498 3654 903 3707 consummabitis
939 3654 1157 3707 ciritates
1179 3651 1363 3717 Israel,
1394 3652 1551 3705 donec
1584 3652 1750 3706 veniat
1772 3646 1871 3700 Fi-

369 3746 467 3798 lius
482 3744 717 3799 hominis.

369 3877 422 3930 1.
455 3875 582 3929 Cum
614 3876 700 3929 illa
751 3874 1003 3928 terribilia
1049 3882 1104 3930 et
1150 3872 1412 3928 horrenda
1454 3871 1692 3936 dixisset,
1752 3883 1871 3939 qua:

299 3973 517 4037 possent
541 3965 872 4019 adamantem
901 3965 1142 4034 frangere
1162 4006 1175 4029 ,
1208 3979 1326 4033 qua:
1357 3972 1474 4032 post
1500 3977 1709 4016 crucem
1736 4000 1751 4024 ,
1782 3974 1871 4013 re-

298 4056 681 4110 surrectionem
741 4064 794 4109 et
831 4055 1197 4109 ascensionem
1238 4054 1368 4124 ipsis
1398 4061 1651 4107 eventura
1694 4059 1866 4115 erant,

220 4142 245 4177 η’
299 4161 599 4202 sermonem
627 4146 773 4201 ducit
796 4145 861 4200 ad
898 4146 1106 4199 mitiora
1130 4187 1143 4210 ,
1167 4145 1300 4199 dans
1327 4143 1538 4198 athletis
1564 4144 1675 4196 suis
1702 4141 1872 4210 respi-

299 4238 447 4291 randi
478 4238 651 4294 locum
679 4279 693 4303 ,
721 4240 1044 4306 multamque
1094 4238 1335 4308 praebens
1361 4236 1488 4306 ipsis
1519 4235 1873 4305 tranquillita-

299 4335 428 4382 tem.
455 4326 567 4382 Non
597 4329 738 4382 enim
760 4328 917 4397 jussit
941 4343 1062 4383 eum
1108 4325 1550 4398 persequentibus
1593 4325 1865 4395 congredi,

300 4417 393 4473 sed
426 4416 625 4488 fugere.
660 4419 793 4487 Quia
846 4418 959 4473 haec
984 4418 1157 4473 adhuc
1191 4418 1336 4472 initia
1367 4427 1537 4484 erant,
1567 4432 1868 4472 sermonem

298 4520 452 4562 suum
482 4517 798 4580 attemperat
826 4521 879 4564 et
919 4510 1141 4580 mitigat.
1185 4509 1300 4565 Non
1340 4509 1573 4579 loquitur
1614 4509 1753 4564 enim
1784 4508 1871 4564 hic

298 4597 366 4653 de
389 4601 885 4670 persequutionibns
909 4616 1027 4671 quae
1065 4611 1246 4671 postea
1275 4600 1463 4655 futurae
1489 4610 1662 4665 erant,
1689 4600 1781 4655 sed
1802 4600 1870 4656 de

297 4688 403 4743 illis
443 4703 562 4759 qua:
626 4704 838 4743 crucem
883 4701 936 4745 et
982 4693 1282 4762 passionem
1340 4707 1701 4762 prmcesserc;
1768 4692 1870 4747 hoc

295 4779 437 4833 enim
486 4780 736 4834 indicavit
763 4796 883 4835 cum
915 4783 1088 4837 dixit:
1125 4784 1245 4839 Non
1282 4787 1412 4838 erum
1459 4786 1868 4839 consummabitis

292 4867 520 4921 civitates
545 4866 731 4935 Israel,
778 4871 934 4925 donec
958 4876 1143 4927 uenerit
1171 4874 1335 4929 Filius
1355 4878 1590 4931 hominis.
1608 4875 1694 4931 Ne
1722 4876 1869 4931 dice-

290 4959 583 5017 rent‘enim
614 4978 629 5015 ;
659 4962 793 5028 Quid
824 4963 867 5017 si
898 4976 1309 5034 persequutores
1360 4970 1619 5039 fugiamus
1643 5012 1658 5036 ,
1691 4979 1746 5025 et
1788 4970 1866 5024 illi

295 5065 393 5105 nos
422 5050 545 5105 inde
564 5052 723 5107 etiam
752 5054 942 5122 pellant
964 5056 988 5109 ἲ
1014 5056 1154 5111 hunc
1170 5067 1366 5112 metum
1391 5060 1502 5126 ipse
1531 5060 1724 5115 tollens
1751 5061 1822 5115 ait
1851 5079 1865 5115 :

294 5142 409 5196 Non
429 5143 722 5200 circttibitis
746 5147 763 5179 ¹
798 5146 1132 5201 Palmstinam
1158 5160 1339 5213 totam,
1370 5165 1487 5204 nam
1508 5167 1605 5222 ego
1633 5168 1726 5207 vos
1757 5163 1868 5209 sta-

294 5232 389 5287 tim
428 5235 706 5305 excipiam.
758 5237 822 5291 Et
866 5240 1137 5307 perpende
1179 5243 1446 5310 quomodo
1476 5258 1580 5297 non
1609 5244 1693 5298 hic
1733 5246 1869 5300 mala

295 5323 463 5391 tollat,
486 5326 578 5380 sed
605 5326 742 5382 adsit
770 5329 821 5382 in
843 5329 1111 5398 periculis.
1136 5331 1253 5385 Non
1279 5331 1412 5387 dixit
1441 5334 1604 5398 enim,
1632 5335 1739 5391 Vos
1766 5336 1869 5388 eri-

296 5414 457 5483 piam,
492 5426 546 5471 et
572 5421 1014 5489 persequutiones
1038 5422 1274 5481 solvam:
1298 5422 1389 5478 sed
1421 5425 1582 5493 quid?
1620 5424 1738 5479 Non
1756 5442 1868 5478 eon-

293 5506 608 5561 summabitis
645 5510 865 5566 civitates
890 5509 1075 5580 Israel,
1107 5512 1266 5567 donec
1288 5515 1474 5568 venerit
1498 5512 1663 5568 Filius
1704 5517 1869 5569 [tonui-

292 5595 389 5649 nis.
417 5597 561 5651 Satis
585 5599 727 5653 enim
753 5610 869 5655 erat
895 5601 962 5655 ad
1002 5603 1420 5660 consolationem
1451 5603 1658 5660 illorum
1679 5645 1695 5672 ,
1723 5605 1868 5675 quod

360 5725 374 5756 ί
417 5724 519 5787 Alii,
544 5739 636 5779 non
659 5729 878 5782 timebitis
900 5732 1262 5786 circumeuntes.

1967 3458 2113 3513 illum
2161 3458 2428 3516 viderent.
2484 3461 2564 3518 Tu
2611 3480 2743 3520 vero
2773 3466 2905 3521 mihi
2946 3468 3227 3524 considera
3275 3472 3547 3542 quomodo

1967 3547 2062 3605 ille
2089 3566 2193 3605 non
2237 3552 2434 3619 ubique
2463 3556 2645 3610 omnia
2691 3557 2879 3626 gratia:
2910 3558 3127 3626 tribuat,
3153 3560 3246 3615 sed
3276 3562 3548 3633 quidpiam

1965 3643 2034 3725 ab
2077 3644 2183 3725 illis
2234 3646 2415 3703 atlerri
2457 3643 2663 3716 jubeat.
2709 3648 2838 3703 Nam
2891 3650 2938 3703 si
2990 3652 3209 3722 timetis,
3240 3654 3432 3725 inquit,
3466 3657 3549 3711 fu-

1980 3721 2121 3790 gite:
2142 3724 2244 3778 hoc
2278 3727 2419 3780 enim
2440 3728 2760 3799 significavit
2792 3733 3000 3800 dicens,
3027 3721 3329 3805 Fugite,ct,
3360 3736 3439 3791 Ne
3476 3740 3544 3791 ti—

1975 3814 2182 3868 nieatis.
2210 3814 2395 3887 Neque
2420 3820 2570 3889 ipsos
2586 3823 2792 3891 primos
2812 3825 2968 3896 jubet
2987 3825 3191 3897 fugere,
3230 3829 3320 3883 sed
3354 3830 3540 3898 pulsos

1972 3903 2257 3973 recedere;
2279 3923 2449 3977 neque
2468 3915 2844 3982 magnaspatia
2857 3915 2948 3970 dat
2971 3916 3233 3980 locorum,
3254 3919 3344 3972 sed
3364 3934 3543 3985 quan-

1974 4002 2028 4045 tu
2038 4009 2085 4046 m
2100 4008 2217 4049 esse
2235 3998 2404 4065 possit
2417 3999 2467 4052 in
2487 4001 2873 4059 circumeundo
2884 4006 3128 4061 civitates
3140 4006 3324 4062 Israel.
3347 4007 3547 4062 Deinde

1973 4084 2039 4138 ad
2056 4086 2219 4140 altam
2236 4088 2592 4163 philosophiae
2608 4106 2813 4164 partem
2832 4097 2979 4167 ipsos
2997 4098 3205 4154 invitat.
3229 4098 3432 4162 Primo,
3452 4100 3543 4154 ali-

1975 4186 2281 4232 mentorum
2304 4196 2513 4250 curam,
2530 4187 2789 4254 secundo,
2811 4188 3171 4257 periculorum
3193 4202 3390 4245 metum
3412 4191 3542 4247 abs-

1976 4266 2133 4333 tulit;
2173 4285 2317 4324 nunc
2360 4286 2485 4326 vero
2530 4274 2938 4333 maledictorum
2970 4289 3169 4334 metum
3211 4280 3413 4335 avellit.
3454 4280 3543 4334 Illa

1973 4358 2116 4413 enim
2139 4360 2499 4420 sollicitudine
2516 4366 2787 4434 liberavit,
2804 4371 3021 4426 dicens:
3054 4373 3250 4443 Dignus
3266 4381 3341 4425 est
3361 4388 3545 4441 opera-

1976 4448 2086 4502 rius
2111 4451 2343 4506 mercede
2357 4471 2454 4509 sua
2478 4454 2631 4526 (Luc.
2671 4459 2759 4515 l0.
2782 4460 2856 4531 7),
2881 4463 3195 4534 significans
3214 4464 3412 4518 multos
3430 4464 3546 4519 fore

1974 4541 2066 4611 qui
2094 4542 2239 4611 ipsos
2256 4548 2557 4617 excipiant;
2583 4550 2649 4606 de
2665 4553 2922 4621 periculis
2938 4569 3066 4609 vero
3079 4555 3235 4620 dixit,
3259 4554 3438 4608 Nolite
3459 4571 3548 4607 ro-

1975 4633 2416 4705 gitarequomodo
2451 4651 2542 4695 aut
2593 4643 3144 4714 quidloquantini;ct,
3175 4646 3277 4711 Qui
3313 4661 3547 4714 persere-

1975 4727 2167 4779 raverit
2192 4745 2353 4798 usque
2370 4734 2437 4783 ad
2452 4733 2633 4800 ﬁnem,
2656 4735 2740 4788 hic
2767 4736 2942 4789 salvus
2967 4738 3063 4789 erit
3081 4735 3299 4798 (Matth.
3328 4736 3543 4807 14.15).

2043 4820 2291 4891 Exemplo
2317 4837 2409 4874 suo
2454 4819 2679 4875 Christus
2708 4818 2962 4888 apostolos
2998 4816 3067 4871 ad
3109 4817 3434 4872 contumelias
3466 4819 3545 4885 [c-

1971 4914 2153 4967 rendas
2178 4913 2427 4968 hortatur.
2457 4943 2528 4953 —
2551 4911 2684 4979 Quia
2714 4922 2888 4966 autem
2920 4911 3207 4967 verisimile
3235 4918 3351 4966 erat
3398 4910 3543 4981 ipsos

1972 5005 2167 5059 tnalam
2204 5003 2475 5058 habituros
2522 4998 2717 5057 famam
2747 5017 2864 5056 esse
2888 5044 2903 5066 ,
2933 5002 3073 5074 quod
3104 5002 3283 5057 multis
3306 5003 3545 5057 omnium

1973 5095 2400 5149 molestissimum
2430 5109 2547 5149 esse
2582 5093 2787 5148 videtur
2808 5135 2823 5160 ,
2864 5094 3227 5149 animadverte
3256 5110 3360 5163 quo
3388 5102 3544 5164 pacto

1974 5186 2058 5240 hic
2088 5186 2203 5239 illos
2228 5185 2531 5241 consoletur
2554 5227 2568 5248 ,
2600 5201 2663 5240 ex
2694 5186 2759 5240 iis
2805 5185 3004 5240 scilicvt
3048 5202 3163 5257 qure
3203 5185 3269 5240 ad
3312 5188 3546 5258 seipsutu

1973 5279 2303 5343 Spt‘cmballl,
2336 5287 2391 5333 et
2418 5277 2482 5333 de
2510 5294 2569 5333 se
2598 5276 2735 5332 dicta
2792 5277 3003 5333 fuerant
3032 5297 3045 5333 :
3086 5281 3168 5333 cui
3197 5275 3549 5333 consolationi

1975 5367 2104 5422 nihil
2133 5384 2225 5437 par
2251 5384 2368 5424 esse
2396 5370 2578 5439 possit.
2606 5370 2753 5425 Sicut
2782 5371 2922 5424 ettim
2953 5371 3020 5425 ibi
3060 5370 3263 5425 dixerat
3283 5410 3297 5433 ,
3327 5367 3393 5421 Et
3413 5364 3553 5418 eritis

1976 5460 2094 5515 odio
2124 5461 2353 5515 omnibus
2380 5477 2399 5524 ;
2439 5470 2491 5516 ct
2520 5462 2825 5532 adiecerat,
2863 5462 3080 5532 Propter
3109 5477 3286 5515 nomen
3339 5472 3501 5509 meum
3532 5470 3552 5509 ε

1973 5552 2050 5606 sic
2095 5560 2149 5606 et
2187 5550 2287 5607 hoc
2330 5552 2447 5608 loco
2491 5554 2606 5609 illos
2632 5556 2940 5611 consolatur
2965 5597 2979 5618 ,
3027 5554 3248 5606 alterum
3281 5546 3550 5619 quidpiam

1967 5640 2243 5711 udjicicns.
2276 5644 2551 5711 Quodnam
2576 5645 2748 5701 illud?
2775 5646 2865 5700 ξι.
2901 5644 3019 5698 Non
3042 5654 3113 5695 est
3137 5638 3437 5710 discipulus,
3462 5637 3548 5691 in-

1974 5732 2108 5802 quit,
2166 5751 2317 5805 super
2360 5737 2683 5807 magistrum,
2741 5750 2832 5789 nec
2876 5750 3044 5789 servus
3098 5745 3249 5804 super
3293 5730 3549 5785 dominum
