4042 6218
491 334 595 390 399

493 463 660 501 suum.
684 445 775 499 23.
803 444 995 513 Sufﬁcit
1025 442 1274 511 discipulo
1295 482 1310 506 ,
1339 451 1393 493 ut
1418 439 1480 494 sit
1504 439 1633 491 sicut
1669 437 1906 505 magister
1931 436 2061 505 ejus,

494 547 540 590 et
561 552 722 600 servo,
748 535 876 588 sicut
904 534 1136 587 dominus
1162 532 1291 601 ejus.
1324 530 1384 585 Si
1420 529 1838 601 patremfamilias
1863 526 2067 580 Beelze-

497 627 595 678 bub
621 633 938 689 vocaverunt,
961 632 1146 692 quanto
1183 622 1342 692 magis
1367 621 1664 674 domesticos
1702 619 1848 688 ejus?
1871 619 1960 672 26.
1987 617 2070 671 Ne

494 727 663 785 itaque
688 715 902 769 timeatis
923 731 1024 767 eos.
1049 713 1183 768 Vide
1209 713 1475 783 quomodo
1508 726 1567 766 se
1608 711 1842 764 omnium
1891 709 2070 764 Domi-

498 824 624 861 nunt
649 818 701 861 et
729 808 892 860 Deum
910 815 963 861 et
987 815 1281 860 creatorem
1301 819 1420 859 esse
1442 804 1692 858 declarat.
1717 802 1852 870 Quid
1881 802 2070 871 igitur?

502 897 620 951 Non
636 909 706 951 est
718 899 997 968 discipulus
1009 915 1161 967 super
1176 899 1489 966 magistrum,
1510 913 1597 950 nec
1621 913 1789 950 servus
1813 914 1963 966 super
1978 897 2071 950 do.

503 991 697 1043 ruinam
719 991 745 1043 2’
767 991 944 1044 Donec
970 992 1071 1044 erit
1096 999 1186 1044 aut
1204 991 1492 1059 discipulus
1507 999 1794 1044 autservus
1812 1033 1826 1056 ,
1846 1006 1950 1044 non
1969 991 2071 1044 erit

501 1082 674 1149 major
708 1082 996 1136 secundum
1027 1081 1245 1136 honoris
1273 1083 1534 1137 ordinem.
1563 1082 1640 1136 Ne
1661 1082 1788 1136 mihi
1814 1083 1952 1137 enim
1985 1082 2070 1137 hic

497 1187 616 1226 rara
642 1172 882 1242 quaedam
908 1173 1156 1242 praeferas
1185 1174 1423 1241 exempla
1452 1214 1466 1239 ,
1500 1172 1566 1227 de
1595 1172 1659 1227 iis
1686 1189 1804 1242 qua:
1833 1184 1886 1227 ut
1909 1173 2070 1243 pluri-

499 1276 643 1314 tnum
671 1276 793 1314 esse
819 1262 992 1316 solent
1021 1263 1070 1315 id
1099 1263 1298 1330 accipe.
1332 1263 1438 1317 Nec
1484 1262 1635 1327 dixit,
1665 1264 1872 1329 Quanto
1902 1265 2070 1334 magis

496 1367 702 1418 servos,
727 1354 841 1418 sed,
873 1354 1180 1408 Domesticos
1223 1356 1349 1418 eius,
1389 1371 1578 1425 magna
1628 1371 1752 1425 erga
1777 1356 1893 1412 illos
1919 1374 2068 1411 man-

497 1445 778 1500 suetudine
807 1461 950 1500 ustts.
978 1447 1112 1501 Alibi
1135 1448 1293 1502 etiam
1322 1447 1451 1501 dicit
1485 1466 1497 1498 :
1531 1447 1649 1501 Non
1676 1449 1811 1501 ultra
1833 1466 1952 1502 voco
1983 1466 2069 1503 vos

498 1553 700 1601 serves;
724 1555 812 1592 vos
837 1540 987 1592 amici
1014 1540 1110 1593 mei
1137 1540 1255 1593 estis
1285 1538 1472 1608 (Joan.
1501 1540 1585 1594 l5.
1621 1539 1746 1608 15).
1776 1540 1883 1594 Nec
1911 1541 2064 1607 dixit,

499 1629 555 1684 Si
588 1630 1020 1699 patremfamilias
1069 1631 1274 1699 injuriis
1313 1640 1367 1686 et
1417 1632 1712 1688 maledictis
1737 1633 2065 1701 aﬁ‘ecernnt;

497 1721 591 1775 sed
624 1722 792 1789 ipsum
815 1722 1152 1777 contumelias
1183 1722 1398 1777 modum
1421 1723 1699 1792 expressit,
1743 1723 1884 1792 quod
1914 1723 2067 1779 Beel-

498 1811 670 1866 zebub
710 1813 968 1867 vocarint.
1002 1813 1202 1869 Deinde
1241 1813 1400 1868 aliam
1427 1813 1526 1869 bac
1555 1829 1660 1869 non
1687 1815 1947 1870 minorem
1978 1815 2069 1870 dat

497 1903 952 1969 consolationem;
983 1913 1096 1959 erat
1126 1915 1299 1960 tamen
1329 1906 1418 1961 illa
1436 1907 1663 1961 maxima
1685 1923 1699 1972 ;
1720 1908 1811 1961 sed
1833 1909 1950 1976 quia
1980 1908 2064 1974 iis,

499 1991 588 2060 qui
645 1992 877 2047 nondum
919 1993 1425 2063 philosophabamur
1451 2037 1467 2061 ,
1511 1997 1611 2050 alia
1639 2012 1770 2065 Opus
1809 2007 1922 2050 erat
1949 2013 2067 2066 qua:

498 2091 680 2149 posset
715 2083 832 2137 illos
873 2083 1118 2149 afﬁcere,
1148 2083 1284 2140 hanc
1329 2086 1487 2140 etiam
1532 2085 1678 2140 addit
1708 2104 1721 2140 :
1750 2103 1811 2141 ac
1858 2089 2066 2143 dicendi

497 2171 708 2239 quidem
731 2173 918 2228 modus
937 2175 1238 2258 generalem
1265 2176 1470 2232 videtur
1498 2177 1688 2234 cﬁ'erre
1714 2180 2026 2234 sententiam
2051 2199 2064 2248 ;

496 2269 728 2318 attamen
778 2279 882 2319 non
909 2267 974 2321 de
1001 2267 1245 2322 omnibus
1274 2310 1289 2334 ,
1340 2268 1435 2324 sed
1460 2269 1528 2325 de
1555 2272 1833 2340 propositis
1864 2280 2066 2328 tantum

495 2352 706 2410 dicitur.
736 2356 871 2424 Quid
911 2360 1052 2415 enim
1077 2361 1191 2415 ait?
1227 2360 1311 2416 Ne
1337 2363 1550 2417 linteatis
1588 2380 1670 2418 eos
1706 2380 1725 2418 :
1771 2366 1898 2420 nihil
1934 2370 2067 2422 enim

496 2455 571 2500 est
595 2459 842 2519 opertum,
861 2454 996 2522 quod
1021 2469 1118 2507 non
1148 2453 1444 2508 revelabitur
1459 2472 1479 2521 ;
1505 2472 1594 2510 nec
1639 2459 1909 2522 occultum,
1933 2461 2067 2528 quod

495 2561 595 2602 non
619 2546 818 2601 scietur.
848 2544 1000 2614 Quod
1020 2557 1195 2601 autem
1218 2547 1365 2614 dicit,
1390 2547 1687 2618 hujusmodi
1707 2560 1789 2606 est
1819 2570 1833 2606 :
1861 2551 2068 2608 Sufﬁcit

495 2637 711 2706 quidem
752 2636 901 2691 vobis
931 2637 997 2693 ad
1037 2639 1454 2694 consolationem
1480 2681 1495 2707 ,
1526 2641 1570 2694 si
1608 2656 1710 2711 ego
1737 2643 1988 2712 magister
2012 2653 2068 2700 et

499 2728 754 2784 Dominus
781 2743 1002 2784 consors
1031 2729 1130 2784 sim
1149 2731 1528 2786 conviciorum.
1551 2731 1604 2789 Si
1627 2748 1754 2789 vero
1773 2733 1945 2790 adhuc
1968 2735 2066 2791 do-

497 2817 616 2874 letis
655 2820 768 2874 haec
796 2818 1100 2886 audientes,
1153 2820 1280 2877 illud
1309 2837 1520 2893 quoque
1569 2823 1748 2879 animo
1802 2833 2068 2896 reputate,

494 2923 588 2963 vos
615 2924 720 2963 non
769 2911 991 2965 multum
1026 2920 1206 2980 postea
1234 2911 1302 2967 ab
1340 2912 1439 2967 hac
1464 2911 1766 2981 suspicione
1793 2913 2070 2967 liberatum

496 3000 581 3054 iri.
611 3001 719 3054 Cur
760 3002 903 3056 enim
935 3002 985 3056 id
1017 3018 1159 3070 aegre
1190 3002 1379 3056 fertis?
1410 3003 1532 3071 quia
1577 3003 1993 3074 prtestigiatores
2018 3011 2070 3056 et

499 3091 820 3162 deceptores
878 3108 977 3149 vos
1023 3097 1251 3148 vocant?
1298 3095 1365 3148 At
1411 3093 1676 3162 paululum
1733 3102 2070 3162 exspectate,

493 3192 545 3236 et
576 3193 881 3237 servatores
910 3184 1382 3252 benefactoresque
1409 3183 1555 3237 orbis
1581 3197 1677 3236 vos
1707 3181 2072 3251 prardicabunt

501 3288 712 3328 omnes.
745 3273 813 3326 At
858 3275 1001 3328 enim
1047 3284 1255 3341 tempus
1281 3274 1366 3327 illa
1395 3273 1571 3327 omnia
1600 3287 1719 3342 qua:
1742 3268 2072 3327 subobscura

497 3372 653 3416 erant
683 3361 962 3428 revelabit,
994 3372 1047 3418 et
1073 3363 1280 3417 illorum
1305 3362 1626 3417 calumniam
1655 3362 1886 3432 deteget,
1907 3362 2073 3418 virtu-

497 3462 709 3520 temque
739 3463 970 3509 vestram
999 3455 1343 3522 conspicuam
1389 3453 1598 3509 reddet.
1648 3453 1778 3508 Cum
1817 3452 1957 3508 enim
1997 3465 2065 3506 ex

499 3544 660 3598 rebus
691 3543 817 3615 ipsis
857 3545 1333 3614 comprobabimini
1373 3540 1703 3598 salvatores’
1727 3557 1867 3610 esse,
1898 3551 1952 3596 et
1979 3541 2071 3596 be-

500 3634 676 3700 neﬁt-i,
703 3645 755 3688 et
781 3635 922 3689 omni
950 3637 1142 3690 virtute
1169 3635 1464 3704 conspicui,
1492 3636 1702 3688 illorum
1723 3634 1880 3689 dictis
1900 3631 2071 3687 homi-

497 3739 594 3778 nes
638 3740 744 3778 non
794 3726 1068 3780 attendent
1117 3726 1208 3780 sed
1241 3727 1316 3779 rei
1365 3727 1574 3780 veritati
1601 3743 1614 3780 :
1640 3743 1702 3780 ac
1748 3725 1819 3780 illi
1853 3725 2068 3796 quidem

492 3816 861 3886 sycophantae,
893 3817 1201 3881 mendaces,
1226 3815 1496 3878 maledici,
1524 3831 1618 3870 vos
1646 3831 1774 3870 vero
1814 3816 1930 3886 ipso
1957 3818 2071 3873 sole

495 3904 888 3974 splendidiores
908 3907 1384 3975 deprehendemini
1411 3925 1424 3958 :
1453 3907 1677 3962 multum
1709 3907 1904 3977 quippe
1931 3917 2068 3962 tem-

495 3998 641 4064 poris
667 3999 896 4065 spatium
929 4014 1024 4053 vos
1068 4008 1223 4055 notos
1271 3999 1481 4064 reddet,
1508 4000 1832 4069 prmdicabit,
1863 4009 1918 4054 et
1945 3999 2067 4056 tuba

491 4087 776 4143 clariorem
822 4089 1030 4144 emittet
1081 4100 1618 4160 vocem,vestr.rque
1665 4092 1874 4146 virtutis
1906 4101 2070 4146 testes

494 4178 775 4234 universos
822 4181 1067 4235 homines
1124 4181 1418 4235 exhibebit.
1482 4181 1558 4235 Ne
1619 4183 1794 4250 itaque
1840 4196 1904 4236 ea
1951 4196 2071 4251 qua

493 4285 634 4325 nunc
677 4271 928 4326 dicuntur
975 4286 1071 4326 vos
1127 4272 1407 4343 dejiciaut,
1457 4273 1550 4328 sed
1596 4289 1721 4343 spes
1771 4275 2067 4329 futurorum

492 4359 753 4417 bonorum
797 4362 985 4433 erigat.
1027 4361 1141 4417 Non
1188 4372 1414 4432 possunt
1457 4363 1598 4418 enim
1646 4379 1707 4419 ea
1735 4380 1853 4434 qua:
1881 4365 1947 4418 ad
1975 4379 2070 4420 vos

493 4463 736 4526 spectant
760 4455 1037 4509 occultari.

559 4546 615 4600 2.
646 4544 866 4611 Deinde,
900 4555 1174 4614 postquam
1207 4544 1326 4597 illos
1355 4543 1499 4598 omni
1525 4558 1745 4612 angore,
1781 4543 1972 4600 timore
2015 4552 2070 4599 et

491 4639 846 4695 sollicitudine
875 4639 1138 4702 liberavit,
1166 4647 1218 4692 et
1245 4637 1455 4706 probris
1478 4638 1726 4692 omnibus
1755 4638 2066 4707 superiores

491 4730 744 4796 reddidit,
769 4731 982 4786 demum
1015 4729 1135 4784 illos
1163 4742 1464 4798 opportune
1494 4728 1561 4783 de
1587 4727 1838 4783 libertate
1869 4727 2064 4797 przedi-

488 4820 645 4876 candi
691 4821 1013 4890 alloquitur:
1044 4835 1165 4874 nam
1198 4818 1364 4874 dicit:
1394 4818 1480 4872 27.
1518 4818 1670 4884 Quod
1708 4819 1821 4873 dico
1855 4818 1992 4873 vobis
2014 4819 2068 4873 in

490 4911 727 4976 tenebris,
746 4913 899 4967 dicite
923 4913 974 4966 in
999 4912 1220 4975 lumine;
1247 4922 1294 4966 et
1320 4911 1456 4979 quod
1483 4911 1535 4964 in
1558 4927 1682 4966 aure
1702 4909 1912 4978 auditis,
1940 4929 2071 4978 prm-

457 4998 651 5056 ‘dicate
687 5019 837 5071 super
885 5011 1038 5058 tecta.
1078 5002 1411 5073 Quamquam
1459 5017 1565 5056 non
1611 5011 1764 5057 erant
1809 5003 2068 5066 tenebrat,

488 5106 607 5145 cum
643 5091 757 5145 haec
801 5091 1024 5157 diceret,
1057 5107 1228 5162 neque
1262 5091 1328 5146 ad
1372 5105 1555 5146 aurem
1602 5092 1945 5161 laqnebatur;
1973 5092 2066 5147 sed

491 5185 605 5239 ltth
633 5182 973 5256 hyperbolice
996 5183 1134 5239 dicta
1158 5194 1303 5238 sunt.
1327 5184 1459 5250 Quia
1490 5184 1632 5238 enim
1659 5184 1804 5239 solos
1827 5184 2066 5254 alloque-

489 5277 665 5341 batur,
698 5286 752 5332 et
779 5277 832 5330 in
863 5289 1026 5344 parvo
1069 5274 1362 5329 Palaestina:
1411 5275 1626 5344 angulo,
1656 5274 1777 5329 ideo
1819 5275 1968 5341 dicit,
2000 5273 2066 5328 In

488 5368 725 5430 tenebris.
757 5377 828 5436 ct,
860 5365 925 5420 In
955 5383 1100 5433 aure,
1137 5365 1279 5420 hunc
1310 5365 1562 5436 loquendi
1596 5366 1812 5420 modum
1844 5380 2062 5436 compa-

488 5473 614 5513 rans
641 5475 760 5514 cum
794 5457 1042 5528 loquendi
1091 5456 1306 5521 ﬁducia,
1355 5470 1456 5525 qua
1503 5454 1621 5511 illos
1653 5465 1836 5525 postea
1866 5457 2058 5510 instru-

491 5565 678 5608 cturus
704 5568 835 5608 erat.
890 5554 967 5608 Ne
999 5554 1050 5609 itt
1084 5566 1207 5615 una,
1235 5549 1439 5605 duabus
1466 5549 1700 5607 tribusve
1740 5549 2058 5618 civitatibus,

551 5751 568 5782 ί
589 5748 704 5807 Alit,
728 5751 927 5804 Iuntina.

1229 327 1284 383 S.
1325 321 1596 381 JOANNIS
1631 317 2090 377 CIIBYSOSTOMI
2129 317 2441 373 ARClllEP.
2481 318 3007 374 CONSTANTINOP.

3655 324 3764 378 ιω

2176 433 2268 486 sed
2301 448 2395 502 per
2424 443 2595 488 totum
2641 434 2826 489 orbem
2878 434 3199 505 praedicate,
3248 444 3442 491 terram
3498 455 3760 509 mareque

2174 533 2537 594 peragrantes,
2567 525 2878 592 habilatam,
2905 542 3009 580 non
3036 527 3322 582 habitatam
3350 546 3361 581 :
3392 545 3454 583 ac
3481 532 3750 600 tyrannis.

2175 616 2405 685 populis,
2437 617 2790 686 philosophis,
2842 618 3146 674 rhetoribus
3183 634 3301 674 cum
3333 636 3522 690 magna
3557 621 3757 676 ﬁducia

2174 711 2351 763 omnia
2378 711 2558 766 dicite.
2593 711 2716 764 ldeo
2745 711 2894 776 dixit,
2932 712 3101 782 Super
3125 723 3273 776 tecta,
3302 723 3376 778 et,
3406 712 3473 767 In
3497 715 3690 768 lumine
3717 757 3735 780 ,

2126 804 2288 878 “sine
2310 802 2420 856 ttllo
2444 803 2774 872 sttbterl'ugio
2794 844 2809 867 ,
2855 813 2910 858 et
2936 819 3056 858 cum
3081 805 3226 858 omni
3273 804 3538 859 libertate.
3563 806 3631 860 Et
3655 821 3758 860 cur

2101 876 2280 946 i‘non
2312 895 2441 948 satis
2473 894 2653 948 habuit
2681 895 2860 950 dicere
2889 935 2904 959 ,
2937 894 3220 949 Prtedicate
3265 912 3418 965 super
3471 906 3622 963 tecta,
3655 907 3708 951 et
3738 938 3756 959 .

2178 983 2341 1037 Dicite
2361 986 2413 1038 in
2441 986 2650 1050 lumine,
2684 985 2778 1040 sed
2820 985 3015 1054 adjecit
3042 987 3200 1041 etiam
3227 1029 3241 1052 ,
3273 986 3423 1050 Quod
3469 989 3580 1040 dico
3611 989 3758 1041 vobis

2173 1076 2224 1128 in
2255 1076 2485 1143 tenebris,
2514 1086 2587 1142 et,
2611 1076 2760 1141 Quod
2779 1077 2829 1130 in
2857 1093 2980 1130 aure
2992 1077 3177 1132 auditis
3199 1079 3224 1130 .’
3253 1077 3320 1132 Ut
3345 1093 3527 1131 eorum
3554 1093 3755 1133 sensus

2175 1167 2362 1235 erigat.
2394 1167 2541 1222 Sicut
2570 1168 2783 1237 quando
2809 1168 3019 1222 dicebat
3045 1187 3058 1222 :
3089 1167 3188 1234 Qui
3205 1169 3362 1222 credit
3391 1169 3442 1221 in
3464 1185 3561 1231 me,
3589 1186 3752 1236 opera

2173 1273 2287 1325 quia
2324 1274 2414 1326 ego
2469 1260 2600 1328 [ario
2643 1269 2690 1311 et
2716 1260 2824 1328 ipse
2861 1261 3029 1329 faciet,
3073 1269 3120 1313 et
3146 1262 3344 1330 majora
3373 1261 3550 1312 horum
3593 1260 3750 1329 faciet

2175 1346 2350 1418 (Joan.
2379 1348 2460 1402 14.
2489 1349 2609 1418 12);
2636 1349 2713 1403 sic
2756 1359 2810 1404 et
2854 1350 2955 1403 hoc
2983 1351 3100 1404 loco
3123 1392 3137 1411 ,
3168 1350 3454 1404 ostendens
3481 1366 3576 1420 per
3603 1353 3749 1418 ipsos

2174 1438 2350 1492 omnia
2397 1439 2536 1495 efﬁci
2562 1481 2576 1503 ,
2607 1449 2662 1494 et
2683 1441 2830 1509 plura
2859 1456 3018 1510 quam
3047 1457 3140 1511 per
3166 1442 3398 1510 seipsum
3432 1441 3567 1495 facta
3595 1443 3702 1496 sint
3724 1483 3744 1507 ,

2173 1531 2243 1585 ita
2292 1531 2485 1601 posuit.
2540 1531 2671 1586 Nam
2701 1533 2811 1586 ait:
2839 1533 3163 1602 Principium
3187 1533 3334 1587 vobis
3371 1548 3472 1603 ego
3495 1541 3552 1587 et
3594 1533 3752 1587 initia

2162 1617 2321 1684 dedi;
2357 1619 2513 1689 plura
2544 1635 2671 1676 vero
2706 1622 2796 1675 illa
2830 1636 2923 1692 per
2950 1637 3050 1677 vos
3081 1623 3295 1693 impleri
3331 1623 3474 1676 velo.
3498 1621 3612 1676 Hoc
3647 1637 3753 1675 au-

2163 1719 2271 1765 tem
2302 1726 2411 1766 non
2445 1713 2606 1769 modo
2656 1714 3020 1785 praecipientis
3062 1724 3180 1779 est,
3228 1714 3326 1770 sed
3353 1715 3518 1769 etiam
3562 1713 3769 1768 futura.

2163 1802 2505 1868 nuntiantis,
2551 1805 2808 1860 ﬁduciam
2850 1806 3200 1876 inspirantis,
3245 1806 3598 1876 praedicentis
3652 1821 3755 1860 eos

2172 1891 2349 1945 omnia
2374 1907 2493 1947 esse
2519 1902 2879 1962 superaturos,
2910 1896 3217 1964 sensimque
3232 1893 3595 1948 subvertentis
3616 1907 3718 1947 oon
3735 1922 3756 1930 -

2173 1992 2378 2052 coptam
2410 1984 2551 2038 circa
2600 1986 2877 2040 maledicta
2909 1987 3234 2041 mmstitiam.
3285 1986 3749 2054 Quemadmodum

2175 2075 2314 2128 enim
2343 2074 2456 2129 haec
2483 2076 2808 2144 praedicatio,
2840 2093 2980 2132 nunc
3027 2079 3218 2145 latens,
3251 2079 3425 2132 omnia
3451 2077 3703 2147 pervadet
3727 2117 3762 2143 ,.

2173 2166 2249 2221 sic
2275 2166 2413 2219 mala
2437 2167 2522 2220 illa
2542 2166 2844 2222 Judaiorum
2869 2168 3187 2223 existimatio
3211 2169 3316 2223 eito
3337 2168 3546 2237 peribit.
3575 2168 3756 2222 Deina

2172 2256 2260 2322 de,
2294 2266 2570 2328 postquam
2599 2259 2806 2314 illorum
2833 2260 3245 2326 ercxitanimos,
3272 2276 3479 2315 rursum
3498 2260 3746 2330 pericula

2175 2349 2433 2416 prtedicit,
2464 2350 2674 2404 illorum
2725 2360 2956 2406 mentem
2987 2353 3218 2422 erigens,
3251 2352 3603 2422 omnibusque
3649 2367 3752 2406 su-

2172 2439 2448 2496 blintiores
2476 2442 2724 2497 reddens.
2755 2443 2893 2510 Quid
2929 2446 3071 2499 enim
3108 2444 3223 2499 ait?
3246 2445 3333 2499 28.
3366 2443 3551 2498 Nolite
3567 2446 3754 2498 timere

2172 2549 2254 2588 eos
2273 2534 2358 2602 qui
2382 2535 2613 2587 occidunt
2641 2551 2842 2603 corpus,
2869 2536 3089 2588 animant
3113 2545 3276 2588 autem
3296 2552 3396 2589 non
3423 2546 3634 2604 possunt
3657 2552 3751 2590 oc-

2173 2623 2358 2677 cidere.
2392 2622 2576 2677 Videu‘
2597 2625 2863 2694 quomodo
2895 2626 3014 2679 illos
3034 2625 3281 2680 omnibus
3305 2626 3751 2694 superioresred-

2170 2712 2280 2780 dat,
2305 2727 2409 2768 non
2435 2729 2588 2768 curas
2617 2714 2797 2781 modo,
2831 2730 2936 2770 non
2978 2717 3274 2780 maledicta,
3313 2717 3542 2786 pericula
3563 2757 3576 2781 ,
3612 2718 3750 2772 iusi-

2171 2804 2307 2872 dias,
2330 2805 2422 2860 sed
2444 2807 2602 2861 etiam
2628 2817 2852 2862 mortem
2881 2810 3117 2862 omnium
3142 2808 3582 2862 terribilissimam
3603 2823 3747 2863 con-

2173 2905 2412 2953 temnere
2477 2897 2713 2953 docens?
2753 2914 2925 2968 neque
2973 2899 3283 2968 simpliciter
3325 2909 3588 2966 mortem,
3641 2902 3746 2956 sed

2170 2988 2330 3043 etiam
2361 2988 2686 3043 violentam?
2711 2987 2893 3058 Neque
2922 2989 3073 3055 dixit,
3101 2988 3451 3055 Occidemini,
3500 2991 3593 3044 sed
3618 3005 3748 3046 cum

2171 3080 2560 3150 magniﬁcentia
2608 3080 2918 3149 congruenti
2962 3088 3130 3134 totum
3180 3080 3502 3147 declaravit,
3562 3079 3758 3135 Nolite

2171 3173 2361 3235 timere,
2393 3171 2594 3238 dicens,
2613 3174 2675 3226 ab
2703 3174 2765 3226 iis
2789 3173 2875 3243 qui
2899 3173 3130 3226 occidunt
3149 3189 3334 3242 corpus
3352 3213 3368 3238 ,
3391 3173 3627 3226 aninan
3640 3191 3748 3226 au-

2172 3273 2271 3318 tem
2304 3281 2406 3320 non
2460 3275 2668 3333 possunt
2703 3265 2931 3319 occidere
2957 3280 2976 3317 :
3003 3264 3091 3316 sed
3116 3265 3285 3333 potius
3323 3265 3488 3318 timete
3513 3281 3627 3317 eum
3655 3265 3766 3334 qui.

2170 3364 2333 3426 potest
2362 3363 2411 3411 et
2458 3357 2680 3410 animam
2718 3364 2764 3409 et
2792 3371 2974 3426 corpus
3004 3354 3210 3424 perdere
3234 3358 3286 3408 in
3333 3355 3609 3425 gehennam
3631 3371 3650 3408 :
3679 3357 3739 3410 in

2169 3446 2497 3503 contrarium
2553 3455 2766 3502 vertens
2819 3461 3160 3511 sermonem,
3219 3445 3292 3499 uti
3347 3459 3560 3514 semper
3589 3445 3742 3500 facit.

2173 3538 2309 3609 Quid
2358 3539 2499 3595 enim
2529 3539 2628 3593 sibi
2660 3537 2805 3591 vult?
2834 3537 3053 3592 'l‘imctis
3084 3548 3309 3591 mortem
3333 3576 3347 3600 ,
3405 3537 3632 3604 ideoque
3673 3538 3747 3590 ad

2169 3629 2564 3702 prazdicaudum
2596 3629 2872 3699 segniores
2912 3628 3080 3682 estis?
3107 3627 3208 3683 Sed
3240 3627 3338 3682 hac
3365 3627 3431 3682 de
3451 3643 3614 3681 causa
3643 3644 3747 3697 po-

2170 3720 2274 3775 tius
2299 3720 2606 3790 praadicate,
2637 3721 2756 3788 quia
2787 3727 3011 3773 mortem
3045 3719 3263 3774 timetis.
3288 3719 3418 3774 lllttd
3443 3720 3596 3774 enim-
3616 3735 3749 3776 Vere

2171 3824 2268 3864 vos
2297 3811 2314 3845 ί
2345 3825 2375 3864 a
2404 3821 2574 3866 morte
2598 3810 2805 3879 eripiet.
2835 3809 2967 3864 Nam
3005 3810 3211 3864 etiamsi
3235 3825 3329 3864 vos
3369 3811 3749 3880 interemptnri

2168 3909 2336 3967 sunt,
2379 3899 2651 3956 meliorem
2710 3912 2887 3955 tamen
2941 3909 3144 3970 partem
3217 3916 3323 3956 non
3389 3902 3757 3970 superabunt,

2169 3994 2377 4050 etiamsi
2405 3993 2456 4050 id
2479 3995 2603 4050 totis
2629 3994 2825 4049 viribus
2845 4004 3122 4049 conentur.
3153 3994 3274 4049 ldeo
3301 4010 3405 4048 non
3433 3996 3582 4058 dixit,
3611 3996 3752 4049 Ani-

2168 4103 2310 4144 mam
2341 4097 2518 4144 autem
2545 4101 2648 4142 non
2679 4087 2955 4150 occidunt;
2979 4086 3095 4151 sed,
3123 4084 3244 4140 Non
3272 4096 3479 4157 possunt
3494 4087 3747 4142 occidere.

2169 4179 2300 4236 Nam
2322 4178 2528 4235 etiamsi
2558 4179 2740 4244 velint,
2774 4193 2879 4232 non
2901 4178 3244 4247 superabunt.
3277 4177 3453 4248 Itaque
3472 4178 3514 4232 si
3540 4179 3754 4246 supplio

2169 4273 2310 4330 cium
2338 4274 2513 4335 times,
2539 4272 2668 4328 illud
2698 4273 2852 4342 longe
2878 4275 3094 4341 gravius
3118 4275 3266 4329 time.
3299 4274 3480 4328 Viden'
3511 4290 3749 4344 quomo-

2171 4366 2242 4422 do
2263 4381 2368 4421 non
2401 4365 2677 4436 promittat
2705 4379 2765 4419 se
2792 4364 2913 4418 illos
2941 4380 2972 4419 a
3000 4375 3172 4420 morte
3199 4364 3542 4419 liberaturum
3574 4380 3698 4420 esse
3725 4405 3745 4430 ,

2169 4457 2262 4512 sed
2285 4457 2419 4512 mori
2443 4456 2717 4527 permittit,
2741 4455 2942 4525 majora
2971 4455 3274 4525 largiturus,
3300 4471 3456 4526 quam
3484 4458 3528 4510 si
3555 4455 3611 4510 id
3638 4471 3751 4512 non

2171 4548 2548 4617 permitteret?
2573 4546 2754 4616 Longe
2781 4547 2922 4600 enim
2954 4545 3125 4613 majus
3151 4555 3237 4600 est
3258 4545 3488 4600 suadere
3514 4555 3572 4599 ut
3594 4562 3748 4601 mors

2168 4649 2472 4710 spernatur,
2493 4654 2653 4709 quam
2681 4655 2710 4693 a
2745 4647 2918 4693 morte
2946 4653 3156 4694 eruere.
3184 4639 3299 4694 Non
3323 4639 3502 4707 itaque
3525 4639 3646 4694 illos
3687 4640 3749 4694 in

2169 4731 2403 4800 pericula
2429 4730 2662 4799 conjicit,
2689 4730 2784 4785 sed
2811 4730 2984 4785 reddit
3005 4730 3254 4799 periculis
3269 4731 3594 4799 superiores,
3620 4732 3753 4786 bre-

2170 4825 2327 4895 vique
2352 4838 2601 4879 sermone
2630 4821 2929 4878 doctrinam
2958 4823 3023 4878 de
3048 4824 3444 4878 immortalitate
3471 4824 3664 4878 anima:
3690 4824 3748 4878 in

2172 4915 2274 4971 illis
2322 4914 2539 4979 inserit,
2571 4929 2634 4969 ac
2664 4914 2872 4969 duobus
2914 4914 3150 4970 tribusve
3203 4915 3383 4970 verbis
3430 4916 3507 4970 sic
3537 4915 3751 4968 inserto

2172 5005 2389 5061 salutari
2419 5004 2685 5073 dogmate,
2709 5005 2828 5059 aliis
2856 5005 2976 5058 illos
3001 5005 3294 5060 ratiociniis
3319 5006 3646 5060 consolatur.
3669 5004 3756 5061 Ne

2172 5097 2315 5152 enim
2337 5105 2586 5167 putarent
2604 5111 2661 5151 se
2691 5097 2857 5150 occidi
2892 5106 2945 5150 et
2969 5097 3221 5166 jugulari,
3249 5097 3393 5166 quod
3415 5097 3565 5166 quasi
3588 5096 3757 5153 dere—

2175 5188 2286 5244 licti
2324 5190 2453 5253 sint,
2479 5187 2546 5243 de
2573 5188 2900 5256 providentia
2933 5189 3022 5243 Dei
3055 5203 3355 5243 sermonem
3394 5188 3594 5242 inducit
3618 5229 3634 5252 ,
3668 5189 3764 5245 his

2175 5279 2385 5335 verbis:
2409 5279 2502 5334 ‘29..
2548 5278 2734 5334 Nonne
2755 5279 2855 5332 duo
2885 5296 3107 5349 passeres
3152 5295 3263 5334 asse
3284 5289 3512 5338 veneunt.
3545 5288 3594 5332 et
3625 5296 3764 5334 unus

2173 5386 2234 5423 cx
2263 5370 2366 5423 illis
2395 5386 2498 5423 non
2523 5370 2664 5423 cadet
2693 5372 2743 5422 in
2773 5370 3004 5442 laqueum
3029 5370 3138 5422 sine
3176 5366 3331 5422 Patre
3382 5378 3541 5423 uestro
3577 5371 3662 5437 qui
3706 5372 3768 5425 in

2176 5467 2317 5520 ca'lis
2346 5474 2417 5519 est
2437 5466 2463 5519 ?
2494 5466 2582 5520 50.
2615 5464 2776 5518 Vestri
2801 5474 2966 5517 autem
2993 5462 3365 5532 capillicapitis
3386 5478 3560 5516 omnes
3579 5479 3764 5516 nume-

2179 5558 2276 5610 rati
2309 5565 2445 5612 sunt.
2500 5555 2637 5623 Quid
2672 5555 2812 5610 enim
2862 5554 3018 5609 vilius
3066 5552 3215 5607 illis?
3268 5552 3764 5622 inquitzattamen

2181 5663 2489 5718 numquam,
2522 5647 2797 5714 ignorante
2825 5644 2951 5709 Deo,
2983 5644 3278 5714 capientur.
3305 5640 3420 5696 Non
3459 5644 3605 5698 cnim
3627 5660 3762 5714 ope-

2245 5758 2262 5789 ι
2297 5757 2456 5805 »ιω-ει.
2483 5756 2646 5815 habet,
2671 5768 2776 5816 nos;
2796 5753 2937 5805 male.
