4042 6218
238 339 334 394 Mil

242 466 393 511 rante
433 453 540 509 Deo
567 452 759 507 cadere
786 447 914 503 dicit
944 463 959 499 :
987 444 1041 500 id
1068 442 1207 498 estita
1260 438 1532 510 indignum
1577 436 1687 492 Deo
1716 448 1807 491 es-

241 553 356 611 set;
397 544 490 597 sed
515 542 648 597 dixit
681 539 809 595 nihil
856 545 1129 607 gestorum
1158 531 1306 586 illum
1344 532 1531 585 latere.
1582 527 1645 582 Si
1677 539 1805 597 ergo

242 636 372 691 nihil
404 648 587 688 eorum
609 647 727 701 qua:
753 627 998 683 accidunt
1034 625 1278 695 ignorat,
1314 634 1516 689 vosque
1544 618 1809 675 sincerius

241 742 401 797 quam
424 735 574 795 pater
597 730 760 788 amat,
786 729 945 788 atque
985 717 1057 771 ita
1087 725 1265 781 amat,
1307 724 1365 769 ut
1392 714 1554 767 etiam
1589 710 1808 780 capillos

242 827 449 872 vestros
473 813 783 878 numerarit,
816 811 946 867 nihil
976 810 1154 880 utique
1183 806 1495 862 timendum.
1527 804 1638 859 Hoc
1683 817 1812 859 vero

241 907 394 972 dixit,
417 921 522 963 non
545 904 687 975 quod
724 904 867 959 Deus
891 901 1118 971 capillos
1148 907 1417 963 numeret,
1445 895 1541 953 sed
1575 903 1633 950 ut
1651 909 1810 949 aecu-

242 1008 409 1052 ratam
438 997 677 1051 nmitiam
731 1007 1084 1064 magnamque
1130 993 1271 1046 circa
1301 1004 1398 1045 eos
1427 985 1811 1058 providentiam

242 1082 506 1141 ostendat.
537 1085 595 1141 Si
624 1098 752 1153 ergo
796 1082 976 1137 omnia
1004 1096 1124 1151 quae
1146 1080 1279 1135 ﬁunt
1307 1078 1477 1139 novit.
1502 1077 1547 1132 si
1575 1076 1688 1131 vult
1710 1090 1808 1131 nos

243 1176 419 1231 salvos
446 1175 641 1237 facere,
671 1185 722 1229 et
746 1173 797 1227 id
825 1181 1019 1242 potest,
1047 1171 1091 1225 si
1114 1169 1242 1241 quid
1273 1167 1567 1240 patiamini,
1599 1182 1667 1223 ne
1689 1182 1813 1222 cre-

243 1268 353 1323 dite
382 1283 477 1321 vos
503 1266 789 1323 derelictos
832 1262 916 1318 illa
969 1263 1096 1333 pati.
1145 1261 1261 1317 Non
1304 1261 1447 1317 enim
1494 1259 1609 1315 vult
1640 1274 1732 1314 vos
1779 1273 1811 1313 a

247 1360 400 1414 malis
420 1359 647 1428 eripere,
672 1357 768 1411 sed
796 1356 1019 1411 suadere
1042 1364 1096 1409 ut
1116 1354 1253 1408 mala
1273 1352 1630 1408 contemnatis
1655 1369 1668 1406 :
1691 1365 1812 1405 nam

243 1450 359 1504 hmc
380 1464 503 1505 vere
526 1447 765 1504 liberatio
790 1456 873 1501 est
892 1461 920 1499 a
947 1445 1120 1502 malis.
1148 1445 1209 1500 5|
1225 1484 1237 1496 .
1272 1442 1445 1499 Nolite
1468 1458 1585 1512 ergo
1606 1442 1778 1495 timere
1794 1457 1814 1494 :

243 1539 411 1592 multis
432 1537 712 1608 passeribus
733 1537 960 1591 meliores
987 1536 1103 1590 estis
1131 1551 1235 1589 vos.
1260 1533 1449 1589 Viden‘
1470 1533 1587 1588 illos
1612 1532 1722 1599 jam
1748 1530 1817 1587 ti-

243 1643 392 1683 more
436 1638 711 1698 cnrreptos
739 1626 946 1682 fuisse?
987 1626 1200 1681 Sciebat
1229 1625 1371 1679 enim
1418 1632 1628 1677 secreta
1660 1638 1811 1677 men-

243 1721 347 1773 tis:
379 1719 497 1774 ideo
553 1718 862 1788 subjunxit,
914 1716 998 1773 Ne
1042 1734 1159 1788 ergo
1191 1716 1405 1770 linteatis
1444 1732 1545 1771 eos.
1596 1713 1814 1770 Etiamsi

242 1810 385 1865 enim
412 1808 754 1877 praevaleant,
778 1811 828 1863 in
857 1808 1120 1864 minorem
1154 1816 1358 1876 partem
1410 1806 1770 1875 prrevalebuut
1798 1844 1814 1869 ,

243 1902 295 1954 in
318 1914 511 1970 corpus
555 1899 757 1955 scilicet
785 1917 797 1952 :
828 1898 970 1968 quod
992 1897 1202 1953 etiamsi
1247 1897 1321 1951 illi
1362 1911 1468 1951 non
1518 1895 1811 1963 occidant,

243 1999 429 2046 natura
457 1999 629 2045 tamen
659 1989 921 2044 absumet.

314 2081 369 2135 5.
401 2079 543 2135 Mors
569 2079 947 2145 contemnenda,
980 2078 1176 2134 Christo
1213 2077 1345 2132 illud
1369 2094 1458 2146 per
1475 2093 1614 2148 spem
1641 2085 1687 2131 et
1714 2092 1818 2131 me-

244 2178 350 2224 tum
379 2171 640 2226 suadente.
687 2170 785 2238 Qui
841 2171 1108 2239 conﬁtetur
1137 2209 1151 2234 ,
1200 2186 1290 2240 per
1331 2168 1551 2223 divinam
1601 2169 1816 2239 gratiam

245 2262 534 2330 confitetur.
574 2260 709 2317 Deus
754 2260 987 2316 libentius
1009 2263 1165 2328 bona,
1189 2277 1340 2331 quam
1366 2260 1617 2330 supplicia
1642 2259 1813 2328 infert.

244 2378 315 2394 ι·-
342 2352 521 2421 Itaque
560 2367 630 2407 ne
657 2352 709 2406 in
746 2352 846 2407 hoc
874 2352 1086 2422 quidem
1132 2353 1205 2406 illi
1251 2360 1565 2421 potestatem
1592 2344 1816 2417 habent,

244 2463 273 2500 a
296 2457 483 2501 natura
522 2448 717 2517 quippe
749 2446 876 2501 illud
901 2447 1159 2502 obtinent.
1193 2446 1346 2514 Quod
1385 2446 1430 2501 si
1457 2445 1558 2501 hoc
1586 2446 1778 2501 timeas
1799 2484 1816 2511 ,

246 2537 411 2591 multo
436 2537 602 2606 magis
632 2536 923 2591 timendum
948 2536 1075 2592 illud
1105 2537 1245 2607 quod
1267 2536 1454 2606 majus,
1484 2551 1547 2591 ac
1570 2546 1819 2593 metuen-

244 2627 346 2684 dus
371 2638 451 2683 est
498 2628 587 2683 ille
613 2630 704 2697 qui
750 2636 927 2698 potest
948 2637 1003 2683 et
1031 2628 1259 2683 animam
1287 2636 1340 2683 et
1368 2642 1562 2697 corpus
1594 2627 1817 2697 perdere

244 2719 297 2774 in
325 2718 645 2790 gehennam.
665 2719 843 2789 Neque
864 2717 1147 2774 manifeste
1171 2718 1298 2773 dicit
1318 2734 1377 2774 se
1408 2719 1557 2773 illum
1586 2734 1709 2775 esse
1726 2719 1818 2788 qui

247 2810 415 2878 possit
437 2817 492 2863 et
520 2810 754 2864 animum
776 2818 829 2864 ct
855 2823 1052 2877 corpus
1076 2808 1297 2877 perdere
1322 2826 1337 2875 ;
1361 2808 1456 2864 scd
1490 2823 1584 2877 per
1611 2823 1675 2864 ea
1700 2823 1818 2879 quae

246 2899 493 2967 superius
513 2898 664 2965 dixit,
698 2913 755 2953 se
780 2898 1016 2967 judicem
1042 2912 1161 2953 esse
1196 2899 1534 2954 monstravit.
1579 2900 1651 2953 At
1680 2913 1820 2954 nunc

245 2991 571 3046 contrarium
595 2992 770 3047 evenit
801 3008 815 3045 :
846 2996 968 3045 nam
991 3006 1111 3046 eum
1133 2990 1220 3061 qui
1248 2999 1419 3060 potest
1439 2989 1668 3045 animam
1694 3005 1822 3061 per-

247 3082 397 3151 dere,
428 3084 529 3139 ltoc
551 3093 673 3149 est,
703 3084 963 3153 supplicio
988 3083 1220 3148 afﬁcere,
1252 3098 1357 3137 non
1391 3081 1672 3149 timemus;
1703 3082 1821 3138 illos

247 3184 426 3229 autem
453 3175 540 3241 qui
560 3188 752 3243 corpus
782 3174 1106 3232 interﬁciunt
1123 3172 1599 3243 perhorrescimus.
1617 3173 1820 3241 Quam-

247 3281 407 3336 quam
455 3267 541 3320 ille
582 3281 685 3320 una
741 3281 860 3319 eum
891 3266 1067 3319 anima
1095 3279 1289 3334 corpus
1318 3265 1476 3319 etiam
1507 3264 1817 3321 ulciscitur:

245 3357 321 3412 illi
352 3371 478 3410 vero
502 3372 606 3410 non
635 3357 791 3410 modo
818 3357 1051 3410 animam
1070 3399 1085 3421 ,
1113 3355 1208 3409 sed
1262 3372 1328 3411 ne
1354 3371 1551 3425 corpus
1606 3357 1820 3427 quidem

244 3456 471 3517 possunt
497 3447 719 3515 punire;
746 3447 867 3502 licet
894 3447 1035 3501 enim
1063 3446 1255 3501 millies
1282 3447 1540 3516 supplicio
1565 3448 1819 3515 afﬁciant,

247 3538 583 3607 splendidius
605 3538 731 3592 illud
757 3538 977 3592 omnino
1006 3537 1251 3593 reddunt.
1290 3537 1529 3593 Vidistiu‘
1554 3540 1822 3610 quomodo

243 3629 536 3682 certamina
564 3628 734 3683 facilia
780 3628 1002 3684 reddat?
1031 3628 1171 3684 Mors
1196 3630 1338 3684 enim
1374 3645 1562 3685 eorum
1589 3632 1819 3687 animam

243 3718 533 3773 admodum
562 3719 883 3790 exagitabat,
933 3721 1288 3793 terribilisque
1316 3721 1490 3778 adhuc
1510 3732 1648 3790 erat,
1678 3724 1820 3794 quod

243 3811 482 3866 nondum
506 3822 807 3881 expugnato
840 3811 1010 3867 facilis
1038 3822 1182 3869 esset
1210 3853 1225 3877 ,
1265 3830 1362 3869 nec
1387 3814 1564 3870 adhuc
1590 3815 1821 3885 Spiritus

243 3902 469 3971 gratiam
498 3905 831 3972 accepissent
872 3904 904 3956 ii
950 3903 1038 3973 qui
1071 3904 1214 3958 illam
1243 3906 1596 3974 contempturi
1643 3916 1817 3963 erant.

244 3994 534 4064 Postquam
566 4008 692 4062 ergo
721 3994 963 4047 timorem
984 4002 1039 4049 et
1070 4002 1290 4059 metum,
1322 3994 1412 4063 qui
1440 3996 1673 4063 ipsorum
1700 3997 1819 4052 ani-

244 4100 388 4141 mam
406 4086 725 4156 exagitabat,
756 4085 1042 4139 amoviSset
1065 4123 1081 4151 ,
1111 4086 1351 4156 sequenti
1379 4085 1537 4139 etiam
1566 4101 1821 4144 sermone

244 4180 355 4236 illis
377 4179 622 4234 ﬁduciam
654 4178 827 4244 indit;
874 4178 1065 4233 timore
1093 4178 1339 4232 timorem
1369 4178 1595 4248 pellens,
1625 4194 1723 4236 nec
1753 4180 1821 4235 ti-

244 4285 399 4326 more
437 4270 615 4337 modo,
660 4269 753 4327 sed
784 4284 1096 4340 magnorum
1133 4284 1228 4340 spe
1260 4271 1631 4340 prtemiorum;
1668 4272 1818 4329 insu-

245 4378 445 4434 perque
461 4378 581 4419 cum
597 4377 783 4434 magna
803 4370 1063 4433 potestate
1078 4362 1430 4417 comminatur
1448 4378 1463 4417 :
1486 4370 1642 4434 atque
1654 4364 1820 4418 utrin-

243 4470 352 4524 que
371 4455 488 4509 illos
505 4454 746 4511 hortatur
768 4455 832 4511 ad
862 4454 1107 4511 ﬁduciam
1135 4468 1232 4525 pro
1252 4454 1470 4510 veritate
1480 4455 1816 4523 sumendam,

242 4545 361 4603 haec
382 4546 633 4616 adjiciens
656 4564 669 4599 :
698 4548 781 4603 32.
808 4547 1120 4617 Quicumque
1137 4546 1450 4617 conﬁtebitur
1470 4546 1521 4601 in
1548 4564 1624 4602 me
1647 4564 1818 4602 coram

244 4636 547 4704 hominibus,
576 4638 847 4706 confitebor
867 4648 914 4692 et
934 4654 1023 4710 ego
1035 4640 1087 4692 in
1112 4655 1222 4691 eum
1239 4653 1407 4692 coram
1428 4636 1583 4694 Patre
1607 4656 1715 4693 meo
1733 4641 1818 4711 qui

240 4739 315 4783 est
344 4730 394 4782 in
423 4730 591 4793 ctzlis;
621 4730 707 4785 53.
741 4738 786 4782 et
814 4730 1111 4800 quicumque
1138 4731 1391 4801 negaverit
1420 4747 1496 4785 me
1522 4747 1694 4785 coram
1722 4731 1815 4786 Ito-

240 4819 481 4883 rninibus,
517 4818 707 4890 negabo
753 4827 797 4872 et
826 4835 918 4889 ego
955 4836 1068 4875 euut
1098 4837 1269 4874 coram
1302 4819 1459 4877 Patre
1485 4838 1591 4877 meo
1630 4822 1715 4892 qui
1745 4830 1815 4877 est

240 4909 294 4960 in
310 4908 448 4961 antis
465 4907 505 4961 ί.
532 4906 646 4962 Non
671 4907 810 4963 enim
835 4922 864 4961 a
890 4907 1146 4963 bonorum
1172 4924 1268 4978 spe
1289 4916 1516 4977 tantum,
1536 4910 1628 4965 sed
1652 4912 1812 4966 etiam

241 5014 273 5052 a
302 4998 563 5054 malorum
605 5010 747 5053 metu
782 5000 1034 5061 concitat,
1064 5006 1117 5054 et
1147 5000 1197 5053 in
1232 4999 1401 5053 tristia
1423 4999 1639 5055 desinit.
1685 5002 1813 5071 Ejus

241 5098 420 5143 autem
451 5092 844 5145 accurationem
872 5089 1160 5159 perpende.
1192 5088 1306 5143 Non
1334 5088 1494 5154 dixit,
1523 5088 1625 5155 Me,
1676 5089 1810 5157 sed,

244 5177 311 5233 In
342 5196 451 5245 me,
503 5179 793 5234 ostendens
821 5195 941 5234 cum
983 5179 1073 5251 qui
1101 5179 1408 5244 conﬁtetur,
1464 5195 1568 5234 non
1600 5181 1809 5251 propria

242 5271 461 5337 virtute,
493 5272 587 5327 sed
610 5287 840 5342 superna
883 5272 1047 5343 gratia
1074 5270 1263 5326 fultum
1286 5270 1550 5327 conﬁteri.
1584 5272 1658 5328 De
1712 5288 1809 5328 ne-

242 5374 401 5433 gante
432 5380 535 5418 non
587 5365 740 5431 dixit,
776 5364 829 5419 ln
864 5379 949 5419 me
977 5404 993 5428 ,
1023 5363 1142 5430 sed,
1181 5362 1269 5417 Me
1294 5376 1315 5418 :
1339 5378 1460 5417 nam
1505 5379 1627 5418 cum
1667 5362 1811 5417 dono

242 5455 427 5523 gratia:
453 5469 649 5510 vacuus
686 5456 773 5521 sit,
802 5456 870 5510 ita
900 5463 1076 5524 negat.
1110 5454 1217 5509 Cur
1244 5468 1371 5523 ergo
1398 5464 1698 5518 accusatur,
1728 5454 1810 5507 in-

1212 319 1279 377 iN
1315 314 1724 376 MATTHJEUM
1759 314 1991 373 HOMIL.
2032 312 2268 384 XXXIV,
2307 316 2380 371 al.
2421 314 2639 373 XXXV.

3387 321 3485 379 b0!

1916 432 2110 489 sufﬁcit
2138 433 2269 491 ﬁdes
2304 434 2357 490 in
2387 435 2587 503 animo,
2628 434 2725 492 sed
2750 434 2863 492 oris
2891 437 3051 493 etiam
3095 438 3485 496 eordessionent

1921 527 2183 597 requirit?
2210 526 2281 584 Ut
2325 542 2428 587 nos
2474 530 2657 585 incitet
2677 529 2745 585 ad
2774 528 3020 586 ﬁduciam
3048 541 3104 587 et
3129 532 3195 589 ad
3235 532 3485 602 loquendi

1918 616 2217 680 ‘ibertatem
2244 659 2259 683 ,
2293 634 2500 675 necnon
2527 620 2595 676 ad
2644 623 2908 691 majorem
2950 626 3225 679 caritatem
3254 633 3310 679 et
3358 623 3488 679 ail'e-

1922 720 2087 779 ctum,
2117 722 2285 781 utque
2304 726 2404 768 nos
2445 714 2786 773 sublimiotcs
2806 717 3024 772 efﬁciat.
3058 715 3290 784 ideoque
3314 716 3489 772 omni-

1918 803 2019 858 bus
2058 804 2312 873 loquitur,
2368 820 2543 875 neque
2571 806 2719 862 solos
2748 807 2967 876 respicit
3001 806 3329 874 discipulos;
3377 820 3485 860 non

1918 894 2038 951 illos
2057 897 2204 950 enim
2236 904 2462 963 tantttm,
2514 896 2611 951 sed
2648 897 2808 951 etiam
2838 896 3129 966 discipulos
3173 911 3359 951 eorum
3379 897 3487 965 jam

1919 998 2170 1045 strenuos
2193 987 2421 1044 reddere
2442 988 2639 1045 studet.
2669 988 2800 1043 Nam
2821 989 2911 1059 qui
2937 988 3052 1042 haec
3068 988 3339 1051 didicerit,
3386 1002 3492 1041 non

1920 1082 2083 1138 modo
2108 1096 2229 1136 cum
2254 1082 2501 1137 libertate
2538 1081 2774 1147 docebit,
2806 1080 2901 1135 sed
2932 1080 3093 1134 etiam
3137 1080 3312 1133 omnia
3339 1078 3494 1133 facile

1919 1182 1975 1229 et
2019 1188 2211 1243 magno
2236 1172 2417 1227 animo
2445 1172 2693 1241 patietur.
2723 1169 2778 1225 ld
2821 1179 2969 1226 certe
3007 1169 3132 1225 fecit
3162 1178 3220 1223 ut
3244 1168 3392 1224 multi
3424 1167 3491 1222 ad

1920 1265 2192 1334 apostolos
2220 1263 2555 1325 accederent,
2587 1262 2729 1333 quod
2782 1261 2905 1317 huic
2938 1260 3084 1317 dicto
3132 1260 3289 1315 ﬁdem
3329 1259 3492 1315 habe-

1919 1368 2057 1412 rent.
2087 1356 2218 1411 Nam
2246 1357 2384 1412 utin
2428 1356 2584 1411 malis
2610 1355 2811 1426 majora
2853 1354 3113 1425 supplicia
3156 1362 3490 1422 sequuntur:

1922 1449 2003 1504 sic
2033 1457 2086 1503 et
2116 1448 2167 1502 in
2197 1447 2350 1502 bonis
2378 1446 2550 1515 major
2570 1460 2796 1501 merces.
2822 1444 2955 1514 Quia
2986 1444 3129 1500 etiirn
3159 1444 3249 1514 qui
3293 1442 3491 1497 bonum

1920 1540 1998 1595 sic
2019 1547 2288 1609 operatur,
2311 1538 2526 1593 divitias
2547 1538 2647 1592 sibi
2680 1545 2847 1606 parat,
2879 1543 3130 1606 peccator
3152 1544 3327 1590 autem
3355 1534 3494 1589 dila-

1923 1630 2067 1683 tione.
2094 1628 2337 1698 supplicii
2368 1642 2427 1682 se
2457 1627 2648 1682 lucrari
2680 1627 2971 1693 existimat,
3004 1640 3209 1695 parem,
3237 1626 3343 1679 imo
3372 1625 3495 1679 lon-

1921 1732 1988 1787 ge
2010 1717 2268 1787 majorem
2297 1720 2431 1773 bene
2465 1718 2706 1787 operanti
2732 1717 2937 1771 induxit
2957 1716 3188 1786 copiam,
3216 1731 3312 1771 seu
3350 1730 3491 1785 pra:-

1922 1810 2150 1866 miorum
2177 1808 2621 1866 additamentum.
2654 1810 2800 1865 lianc
2821 1810 3248 1880 praerogativam,
3278 1810 3449 1877 inquit
3474 1850 3491 1875 ,

1921 1902 2107 1968 habes,
2134 1902 2275 1971 quod
2305 1902 2356 1956 in
2386 1917 2471 1956 me
2508 1902 2655 1971 prior
2698 1901 3032 1956 credideris?
3061 1900 3174 1970 Ego
3204 1901 3332 1957 item
3356 1900 3494 1954 hanc

1921 1994 2323 2064 praerogativam
2371 1993 2529 2055 dabo.
2570 2002 2630 2047 ut
2656 1992 2853 2061 majora
2896 1992 3122 2046 tribuam
3147 2032 3162 2055 ,
3191 1992 3299 2045 imo
3336 1991 3494 2060 longe

1920 2085 2122 2155 majora
2158 2099 2322 2141 :nam
2364 2084 2435 2139 ibi
2460 2093 2513 2140 te
2543 2083 2858 2140 confitebor.
2893 2083 3080 2139 Viden‘
3105 2092 3161 2138 et
3188 2083 3274 2137 hic
3302 2094 3357 2137 et
3392 2084 3497 2139 illic

1921 2176 2056 2232 bona
2103 2184 2159 2230 et
2204 2175 2340 2230 mala
2375 2173 2765 2231 recondiICur
2792 2190 2922 2246 ergo
2965 2174 3223 2230 festinas?
3263 2190 3360 2230 cur
3410 2174 3497 2231 hic

1923 2266 2223 2322 mercedem
2256 2266 2475 2336 quaeris,
2509 2265 2596 2336 qui
2624 2280 2719 2335 spe
2741 2266 2849 2335 jam
2880 2265 3059 2319 salvus
3093 2267 3189 2320 es?
3212 2266 3415 2320 Idcirco
3442 2267 3492 2321 si

1922 2360 2048 2430 quid
2074 2360 2194 2413 boui
2225 2357 2437 2421 feceris,
2490 2373 2661 2427 neque
2684 2357 2771 2413 hic
2806 2358 3105 2413 mercedem
3136 2358 3362 2426 recipias
3382 2398 3397 2422 ,
3430 2373 3498 2412 ne

1924 2449 2191 2514 turheris;
2231 2464 2351 2503 cum
2398 2448 2762 2503 additamento
2782 2450 2926 2503 enim
2972 2448 3025 2502 in
3058 2447 3234 2503 futuro
3257 2459 3498 2517 tempore

1923 2550 1978 2595 te
2004 2553 2210 2594 merces
2247 2548 2447 2594 manet.
2475 2538 2567 2594 Sin
2589 2538 2858 2609 quidpiam
2883 2538 3005 2593 mali
3034 2538 3244 2603 feceris,
3280 2552 3377 2593 nec
3400 2537 3499 2592 des

1923 2643 2132 2700 poenas,
2161 2645 2228 2683 ne
2258 2628 2380 2684 ideo
2433 2630 2611 2699 segnis
2637 2630 2741 2693 sis;
2777 2628 2884 2683 illic
2909 2629 3049 2683 enim
3082 2636 3135 2682 te
3179 2627 3496 2699 supplicium

1925 2719 2174 2788 excipiet,
2224 2720 2323 2774 nisi
2352 2719 2576 2776 muteris
2606 2728 2658 2777 ct
2688 2718 2878 2774 melior
2906 2718 3125 2774 evadas.
3156 2718 3213 2773 Si
3239 2733 3365 2773 vero
3390 2733 3497 2773 nou

1923 2810 2118 2876 credis,
2144 2825 2209 2867 ex
2238 2810 2589 2882 prtescntibus
2613 2811 2774 2866 rebus
2799 2812 2970 2865 futura
2998 2810 3270 2881 conjicito.
3298 2809 3429 2865 Nam
3452 2812 3497 2866 si

1924 2901 2276 2957 certaminum
2310 2911 2549 2970 tempore
2593 2900 2671 2955 sic
2700 2900 2936 2957 illustres
2971 2911 3094 2955 sunt
3138 2901 3172 2957 ii
3200 2900 3292 2969 qui
3326 2900 3498 2956 confl-

1929 2999 2125 3056 tentur,
2166 2990 2436 3060 perpende
2462 2991 2647 3060 quales
2674 3005 2994 3045 coronarum
3043 2998 3283 3060 tempore
3334 2990 3494 3044 futuri

1926 3080 2050 3137 sint.
2098 3080 2154 3138 Si
2214 3082 2415 3137 inimici
2459 3081 2545 3141 hic
2578 3081 2850 3153 plaudunt,
2896 3083 2985 3151 qui
3033 3092 3086 3139 te
3141 3082 3333 3138 affectu
3380 3080 3499 3152 ldus

1926 3190 2083 3243 quam
2111 3182 2337 3243 paterno
2374 3173 2562 3239 diligit,
2601 3173 2870 3243 quomodo
2906 3188 3014 3229 nan
3048 3183 3099 3227 te
3128 3175 3405 3229 mirabitur
3439 3184 3495 3227 et

1926 3264 2263 3320 celebrabit?
2292 3262 2441 3319 Tunc
2456 3266 2599 3318 enim
2627 3273 2787 3318 erunt
2814 3274 2867 3319 et
2895 3263 3152 3319 bonorum
3177 3264 3393 3333 praemia
3431 3274 3487 3318 et

1927 3356 2189 3409 malorum
2217 3356 2470 3426 supplicia
2498 3373 2511 3420 ;
2545 3356 2612 3410 ita
2644 3365 2699 3409 ut
2748 3355 2835 3426 qui
2862 3355 3212 3426 negaverint,
3240 3364 3293 3409 et
3332 3354 3416 3409 bic
3442 3364 3498 3410 et

1925 3447 2037 3503 illic
2080 3447 2396 3517 puniantur;
2428 3445 2514 3502 hic
2553 3460 2674 3503 cum
2700 3446 2837 3501 mala
2862 3445 3189 3500 conscientia
3216 3444 3458 3500 viventes
3478 3484 3496 3510 ,

1926 3538 2015 3609 qui
2068 3546 2553 3608 quantumcumque
2606 3548 2835 3593 mortem
2885 3536 3157 3605 fugerint,
3202 3537 3500 3593 morientur

1928 3630 2175 3695 tandem;
2220 3630 2329 3685 illic
2355 3644 2485 3684 vero
2513 3637 2779 3686 extremas
2803 3627 3007 3683 dabunt
3035 3643 3256 3698 pmnas;
3288 3629 3377 3685 alii
3403 3644 3501 3684 au-

1926 3731 2032 3779 tem
2062 3732 2116 3779 et
2144 3721 2231 3778 hic
2249 3730 2304 3777 et
2325 3721 2431 3775 illic
2452 3720 2724 3775 lucramur
2748 3737 2763 3785 ;
2791 3728 2844 3774 et
2862 3728 3088 3775 mortem
3112 3718 3201 3774 hic
3222 3721 3273 3776 in
3295 3719 3499 3775 lucrum

1924 3822 2191 3870 vertentes
2215 3854 2228 3876 ,
2255 3828 2360 3883 qua
2380 3812 2512 3867 vivis
2540 3811 2927 3882 splendidiores
2950 3810 3273 3879 efﬁciuntur,
3304 3821 3358 3867 et
3389 3813 3498 3868 illic

1925 3904 2282 3960 iueﬁ'abilibus
2306 3902 2548 3960 fruentes
2568 3903 2743 3958 bonis.
2770 3902 2884 3957 Non
2907 3903 3050 3957 enim
3072 3902 3136 3957 ad
3172 3902 3498 3972 puniendum

1926 4004 2152 4064 tantum,
2202 3996 2298 4052 sed
2344 3997 2505 4051 etiam
2552 3994 2620 4049 ad
2666 3995 2803 4051 bona
2854 3994 3121 4062 eroganda
3164 4004 3379 4062 paratus
3416 4005 3501 4049 est

1926 4088 2102 4153 Deus;
2128 4096 2184 4142 et
2210 4086 2278 4141 ad
2308 4086 2411 4141 hoc
2436 4093 2584 4140 certe
2612 4084 2780 4154 magis
2809 4098 2970 4153 quam
2997 4082 3065 4139 ad
3093 4082 3243 4138 illud.
3267 4082 3374 4139 Sed
3404 4098 3500 4139 cur

1925 4178 2030 4235 hoc
2055 4178 2246 4243 semel,
2281 4176 2410 4231 illud
2445 4176 2527 4231 bis
2553 4175 2772 4245 posuit?
2800 4175 2963 4231 Novit
2990 4183 3140 4231 certe
3171 4174 3361 4231 timore
3388 4191 3501 4231 ma-

1923 4270 2007 4341 gis
2058 4270 2305 4325 homines
2349 4267 2415 4323 ad
2448 4267 2877 4337 resipiscentiam
2906 4266 3117 4323 adduci.
3150 4267 3351 4322 Idcirco
3376 4282 3498 4321 cum

1921 4364 2165 4425 dixisset,
2211 4361 2397 4416 Timete
2427 4362 2649 4431 eumqui
2680 4370 2840 4429 potest
2869 4369 2919 4415 et
2955 4360 3184 4412 animam
3221 4369 3267 4414 et
3312 4374 3497 4429 corpus

1924 4456 2131 4525 perdere
2151 4454 2203 4507 in
2226 4454 2525 4525 gehennam,
2552 4467 2762 4506 rursum
2785 4451 2932 4518 dicit,
2958 4450 3011 4504 Ν
3015 4452 3179 4520 egabo
3189 4468 3303 4505 eum
3320 4460 3365 4504 et
3382 4467 3493 4520 ego.

1922 4547 2010 4603 Sic
2036 4556 2092 4602 et
2113 4546 2308 4601 Paulus
2342 4545 2591 4612 faciebat,
2622 4543 2920 4615 gehennam
2955 4543 3265 4613 frequenter
3285 4556 3494 4597 memo-

1920 4655 2065 4695 rans.

1991 4731 2045 4786 4.
2078 4729 2239 4796 Mors,
2269 4727 2466 4784 Christo
2489 4737 2739 4793 monente,
2765 4743 2865 4781 non
2903 4724 3188 4780 metuenda.
3228 4723 3498 4790 Corruptio

1919 4838 2185 4894 corporum
2214 4821 2369 4875 utilis.
2403 4820 2537 4887 Quot
2580 4819 2715 4873 mala
2758 4818 3026 4881 evenirent,
3068 4818 3112 4870 si
3154 4832 3368 4887 corpora
3396 4832 3497 4870 non

1919 4923 2375 4985 corrumperentur.
2405 4941 2476 4952 —-
2502 4911 2636 4967 Cum
2683 4910 2842 4980 igitur
2890 4910 3184 4966 auditorem
3228 4907 3370 4964 omni
3423 4923 3493 4963 ex

1919 5016 2070 5078 parte
2109 5006 2435 5061 stimulasset
2464 5002 2610 5076 (nam
2639 5012 2692 5059 et
2719 5001 2880 5059 caelos
2911 5000 3009 5071 ipsi
3033 5001 3273 5071 aperuit,
3304 5011 3352 5057 et
3394 5001 3493 5056 tri-

1918 5100 2078 5156 bunal
2104 5099 2230 5156 illud
2261 5098 2494 5154 terribile
2519 5095 2850 5160 monstravit,
2876 5094 3183 5165 angelorum
3207 5096 3491 5159 theatrum,

1918 5207 2233 5247 Coronarum
2280 5189 2722 5261 proclamatioues
2744 5229 2761 5254 ,
2796 5202 2914 5258 quae
2943 5188 3042 5257 piae
3070 5186 3327 5242 doctrina:
3355 5187 3492 5241 viam

1917 5281 2125 5337 facilem
2149 5282 2436 5352 pararent),
2465 5280 2677 5334 demum
2705 5294 2773 5334 ne
2798 5293 2893 5349 per
2919 5278 3161 5334 timorem
3187 5278 3494 5348 prmdicatio

1917 5372 2281 5442 impediretur,
2313 5372 2379 5427 ad
2416 5370 2591 5427 cardes
2618 5372 2758 5440 ipsos
2798 5373 3039 5443 apparari
3078 5370 3265 5441 jubet,
3306 5378 3363 5423 ut
3405 5368 3489 5421 di-

1917 5472 2088 5529 scant,
2107 5476 2200 5517 eos
2226 5463 2316 5533 qui
2360 5463 2410 5516 in
2442 5461 2809 5517 incredulitate
2833 5460 3140 5531 persistunt,
3171 5459 3327 5513 etiam
3355 5456 3487 5510 insi-

240 5542 429 5614 quies,
458 5544 503 5598 si
535 5544 581 5599 is
617 5546 706 5614 qui
762 5553 952 5616 negat,
996 5546 1067 5599 ita
1110 5543 1530 5614 derelinquitur?
1556 5545 1688 5613 Quia
1720 5547 1807 5615 qui
1906 5553 2119 5625 diarum
2135 5550 2381 5605 ﬁdelibus
2395 5558 2723 5605 structarum
2745 5564 2934 5621 pinnas
2951 5563 3072 5603 esse
3087 5544 3479 5602 daturos.Mor-

243 5633 648 5703 derelinquitur,
672 5636 825 5705 culpa
856 5652 950 5691 sua
978 5636 1385 5707 derelinquitur.
1418 5635 1522 5691 Sed
1563 5651 1660 5692 cur
1702 5652 1805 5692 non

309 5745 328 5781 ι
362 5752 467 5796 ηερ
488 5742 697 5798 clausula
720 5746 963 5812 Evangelii
986 5755 1084 5800 t0ta
1103 5748 1277 5802 deerat
1292 5748 1342 5800 in
1363 5745 1531 5799 Morel.

1910 5656 2016 5701 tem
2046 5657 2176 5713 ergo
2190 5641 2574 5712 despiciamus,
2592 5642 2807 5697 etiamsi
2842 5640 3081 5695 nondum
3113 5636 3231 5706 ejus
3261 5647 3476 5707 tempus

1911 5737 2335 5792 adveneritznam
2358 5733 2424 5791 ad
2442 5734 2616 5790 multo
2634 5733 2911 5789 meliorem
2932 5730 3095 5786 vitam
3113 5731 3473 5789 resurrecturi
