4042 6218
533 287 634 342 ιοπ

529 412 732 454 sumus.
754 399 840 462 At,
860 397 1026 465 dices,
1041 411 1236 468 corpus
1251 399 1645 468 corrumpitur?
1660 398 1728 453 Et
1747 398 1868 454 ideo
1884 399 2115 458 maxime

529 491 905 560 gaudendum,
949 489 1089 560 quod
1119 504 1266 544 mors
1290 499 1698 560 corrumpatur,
1739 499 1796 546 et
1820 491 2114 548 mortalitas

530 589 750 652 pereat,
795 595 899 635 non
933 588 1112 635 autem
1141 579 1435 635 substantia
1466 581 1729 652 corporis.
1757 580 1942 652 Neque
1967 582 2111 637 enim

533 671 575 726 si
601 671 817 727 conflari
848 671 1058 727 videres
1083 681 1332 735 statuam,
1361 672 1650 740 perniciem
1679 671 1731 727 id
1760 672 1988 740 diceres,
2018 672 2111 730 sed

530 763 805 817 meliorem
836 762 1074 818 materiae
1112 778 1290 818 usum.
1337 762 1427 819 Sic
1467 772 1520 818 et
1548 763 1616 820 de
1645 779 1870 834 corpore
1897 765 2068 836 cogita
2092 804 2107 830 ,

526 864 580 912 et
609 868 676 908 ne
705 854 1034 925 lacrymeris.
1078 854 1338 910 Flendum
1383 869 1514 911 sane
1552 865 1728 922 esset,
1775 857 1820 912 si
1861 857 1915 912 in
1953 872 2108 930 pmna

523 944 828 1000 mansisset.
860 943 964 1000 Sed
993 946 1337 1015 oportuisset.
1369 945 1596 1016 inquies,
1626 947 1741 1003 sine
1767 950 2110 1019 corruptione

521 1050 806 1104 corporum
853 1035 905 1091 id
952 1035 1100 1102 fleri,
1147 1046 1201 1092 et
1235 1038 1347 1107 ipsa
1389 1037 1591 1107 integra
1623 1053 1856 1094 manere.
1889 1039 1956 1095 Et
1981 1041 2108 1111 quid

523 1124 649 1179 inde
694 1126 934 1180 utilitatis
976 1135 1068 1182 aut
1113 1128 1248 1182 vivis
1294 1136 1387 1183 aut
1428 1129 1690 1184 defunctis
1737 1131 2108 1201 provenisset?

521 1213 808 1286 Quousque
836 1226 1100 1274 amatores
1129 1234 1412 1289 corporum
1437 1221 1620 1276 eritis?
1645 1237 1920 1294 quousque
1950 1232 2107 1279 terrae

521 1305 718 1362 addicti
744 1307 809 1361 ad
841 1309 1055 1363 umbras
1079 1309 1334 1364 inhiatis?
1357 1310 1493 1378 Quid
1521 1311 1645 1367 inde
1675 1312 1914 1369 utilitatis
1938 1314 2112 1370 obve-

523 1397 696 1451 niret?
726 1398 833 1452 imo
877 1399 1002 1468 quid
1043 1416 1149 1455 non
1197 1404 1501 1457 nocumenti
1545 1404 1862 1459 accederet?
1896 1405 2028 1460 Nam
2057 1408 2102 1462 si

520 1501 740 1557 corpora
773 1503 880 1544 non
905 1501 1406 1562 corrumperentur,
1434 1493 1630 1547 malum
1659 1495 1896 1550 omnium
1923 1497 2102 1553 deter-

520 1579 714 1632 rimum
740 1619 755 1645 ,
801 1582 1048 1650 superbia
1080 1583 1132 1637 in
1176 1584 1358 1638 multis
1384 1582 1605 1653 vigeret.
1635 1584 1841 1641 Etenim
1869 1602 1989 1643 cum
2016 1605 2103 1646 res

518 1669 590 1725 ita
624 1686 682 1726 se
722 1671 913 1727 habeat
935 1714 950 1738 ,
996 1689 1325 1746 corporeque
1365 1676 1633 1732 vermibus
1661 1687 1918 1745 scatente,
1949 1682 2099 1736 multi

518 1768 696 1816 tamen
727 1777 786 1816 se
813 1761 944 1818 deos
969 1765 1266 1820 existimari
1295 1766 1632 1835 studuerunt,
1664 1769 1790 1839 quid
1819 1787 1923 1826 non
1955 1773 2102 1828 futu-

515 1866 634 1906 rum
664 1861 813 1919 erat,
845 1855 889 1908 si
918 1869 1114 1926 corpus
1143 1857 1464 1912 mansisset?
1493 1857 1758 1924 Secundo,
1791 1876 1895 1916 non
1924 1863 2099 1919 credi-

513 1941 720 1998 dissent
747 1959 972 2015 corpora
1003 1962 1068 2002 ex
1097 1958 1237 2003 terra
1265 1959 1442 2005 ortum
1484 1949 1682 2007 habere
1711 1972 1724 2006 :
1753 1969 1874 2008 nam
1910 1957 1953 2010 si
1984 1956 2100 2026 ejus

514 2030 621 2085 ﬁne
646 2034 696 2087 id
729 2036 1044 2092 testificante
1072 2039 1248 2101 adhuc
1289 2041 1502 2111 quidam
1543 2043 1804 2111 dubitant,
1836 2048 1960 2117 quid
1992 2066 2096 2106 non

511 2123 953 2192 suspicarentur,
1000 2129 1102 2182 nisi
1150 2128 1254 2184 hoc
1299 2131 1581 2187 viderent?
1623 2134 1824 2202 Tertio,
1873 2153 2096 2209 corpora

512 2214 682 2284 magis
702 2215 1066 2286 diligerentur,
1091 2220 1408 2293 plurimique
1432 2224 1600 2294 magis
1619 2229 1858 2283 carnales
1879 2240 1932 2284 et
1946 2246 2095 2286 eras-

510 2305 681 2361 siores
707 2305 830 2361 facti
856 2321 1036 2364 essent
1060 2327 1074 2364 :
1098 2326 1219 2366 nam
1263 2313 1306 2368 si
1351 2329 1491 2370 nunc
1519 2316 1730 2384 quidam
1761 2322 2018 2390 sepulcris
2041 2332 2097 2379 et

510 2396 658 2459 urnis
683 2395 909 2464 harent,
933 2400 1092 2457 etiam
1117 2404 1432 2472 corporibus
1453 2411 1802 2479 consumptis,
1830 2412 1956 2482 quid
1987 2428 2093 2470 non

507 2488 764 2556 facerent,
809 2492 852 2546 si
885 2492 1052 2562 ipsam
1091 2495 1369 2568 imaginem
1417 2499 1710 2558 baberent?
1739 2505 1958 2573 Quarto,
1991 2507 2092 2563 ho-

509 2581 682 2635 mines
711 2583 881 2637 futura
905 2600 1010 2640 non
1033 2586 1443 2646 desiderassent.
1467 2593 1680 2662 Quinto,
1708 2597 1780 2652 illi
1801 2599 1889 2670 qui
1911 2600 2093 2659 dicunt

507 2672 763 2728 mundum
786 2690 904 2731 esse
927 2680 1299 2747 immortalem,
1327 2684 1448 2740 hinc
1469 2687 1520 2741 in
1545 2689 1794 2758 opinione
1816 2692 2093 2751 firmaren-

507 2771 610 2830 tur,
641 2773 697 2821 ut
725 2780 1028 2825 assererent
1075 2773 1238 2829 Deum
1273 2793 1375 2832 non
1404 2794 1522 2835 esse
1552 2789 1872 2840 creatorem.
1902 2787 2086 2857 Sexto,

506 2871 610 2910 non
641 2872 1056 2927 cognosceretur
1081 2868 1274 2922 anima:
1313 2870 1512 2940 virtus,
1542 2889 1641 2930 nec
1667 2888 1922 2947 quantum
1952 2896 2090 2951 pra:-

501 2959 626 2999 sens
665 2948 905 3006 conferat
930 2954 1105 3010 anima
1133 2961 1364 3028 corpori.
1394 2961 1632 3033 Septimo
1652 3007 1667 3033 ,
1714 2969 1864 3024 multi
1890 2948 1964 3026 es
1987 2972 2088 3028 de-

501 3034 800 3095 functorum
820 3057 1033 3100 suorum
1053 3061 1256 3116 amore,
1275 3051 1496 3108 urbibus
1517 3055 1738 3125 relictis,
1758 3059 1808 3113 in
1831 3064 2086 3132 sepulcris

507 3127 793 3186 babitaturi
833 3144 1020 3201 erant,
1069 3148 1122 3192 et
1165 3139 1470 3198 insanorum
1503 3145 1669 3202 instar
1695 3161 1934 3207 mortuos
1958 3169 2084 3212 suos

498 3218 806 3291 frequenter
825 3227 1146 3299 alloquuturi
1171 3253 1184 3288 :
1208 3249 1329 3289 nam
1351 3236 1394 3290 si
1417 3253 1556 3294 nunc
1585 3241 1797 3310 quidam
1829 3245 2085 3318 imagines

497 3312 812 3384 emngentes
835 3359 850 3384 ,
895 3320 1017 3388 quia
1054 3337 1276 3394 corpora
1317 3329 1546 3385 retinere
1575 3347 1680 3388 non
1714 3312 1960 3405 possunt,
1988 3341 2082 3394 sed

499 3402 678 3458 invitis
705 3407 832 3475 ipsis
862 3410 948 3464 illa
975 3411 1235 3483 defluunt,
1266 3416 1451 3488 ligneis
1481 3421 1672 3478 tabulis
1702 3402 1923 3492 luerent,
1945 3402 2081 3500 quid

497 3507 603 3547 non
641 3496 860 3554 absurdi
907 3510 1032 3558 tunc
1078 3509 1511 3577 excogitassent?
1555 3513 1689 3569 Puto
1717 3531 1864 3574 certe
1889 3496 2081 3578 multos

497 3583 862 3654 hujuscemodi
884 3596 1199 3665 corporibus
1226 3602 1421 3669 templa
1447 3602 1803 3662 :rdificaturos
1822 3650 1837 3675 ,
1871 3620 1924 3664 et
1955 3627 2078 3678 per-

495 3692 748 3736 suasuros
774 3681 936 3739 fuisse
962 3686 1233 3744 dzemonas
1261 3693 1312 3744 in
1340 3692 1444 3746 illis
1470 3694 1634 3763 loqui,
1667 3698 1710 3750 si
1739 3699 1827 3768 qui
1851 3700 1905 3754 in
1935 3701 2080 3759 hisce

496 3770 779 3839 praestigiis
823 3774 1048 3830 solertes
1094 3778 1336 3847 fuissent,
1385 3784 1813 3856 quandoquidem
1859 3791 1956 3859 illi,
1987 3795 2078 3863 qui

495 3863 908 3918 necromantiam
939 3867 1137 3922 audent
1165 3883 1438 3940 exercere,
1467 3875 1628 3931 multa
1659 3876 1740 3933 his
1769 3879 2078 3940 absurdiora

495 3961 734 4017 tentant,
785 3956 850 4010 ad
897 3956 1011 4013 haec
1055 3960 1326 4030 pulverem
1377 3975 1431 4021 et
1481 3970 1689 4025 eineres
1738 3972 2074 4033 adhibentes.

493 4043 700 4109 Quanta
729 4046 851 4102 hinc
877 4048 1191 4107 idololatriae
1217 4070 1410 4123 genera
1443 4074 1548 4113 non
1574 4062 1954 4119 emersissent?
1983 4067 2076 4124 His

495 4133 655 4203 igitur
681 4138 931 4195 omnibus
957 4142 1176 4200 sublatis
1203 4145 1360 4213 Deus,
1393 4159 1573 4219 utpote
1603 4153 1868 4224 absurdis,
1899 4168 1955 4212 ut
1978 4175 2076 4216 nos

493 4225 733 4282 instituat
778 4230 844 4284 ad
891 4240 1100 4288 terrena
1145 4240 1319 4293 omnia
1350 4241 1679 4312 abjicicnda,
1729 4257 1852 4303 ante
1893 4251 2077 4307 oculos

494 4325 709 4372 nostros
732 4335 929 4391 corpus
956 4323 1200 4381 destruit.
1231 4328 1361 4383 Nam
1401 4347 1686 4401 corporum
1714 4348 1953 4407 amator,
1985 4344 2075 4412 qui

493 4406 782 4464 formosam
816 4412 1041 4479 puellam
1068 4415 1292 4486 deperit,
1322 4421 1363 4474 si
1395 4425 1525 4477 nolit
1552 4423 1940 4486 deformitatem
1964 4449 2076 4487 ma-

492 4498 640 4552 terize
689 4501 898 4558 ratione
941 4504 1169 4574 discere,
1219 4525 1335 4564 eam
1383 4513 1510 4582 ipsis
1556 4517 1724 4572 oculis
1769 4524 2069 4592 perspiciet.

498 4593 708 4647 Etenim
735 4595 916 4651 multa:
944 4608 1068 4653 sunt
1098 4601 1240 4670 paris
1265 4605 1436 4660 artatis
1466 4609 1674 4676 puellae,
1704 4627 1766 4666 ac
1795 4629 1937 4685 szrpe
1964 4616 2075 4672 for-

494 4687 751 4741 mosiures
771 4727 786 4751 ,
831 4705 951 4760 qua:
978 4689 1240 4748 defuncta:
1267 4706 1386 4767 post
1426 4714 1584 4753 unam
1615 4702 1904 4760 alteramve
1931 4706 2073 4764 diem

494 4778 734 4832 fmtorem
789 4782 1112 4850 emiserunt,
1160 4787 1384 4855 saniem,
1437 4792 1791 4861 pntredinem,
1843 4814 2071 4855 vermes.

421 4916 425 4923 .
491 4865 674 4937 Cogita
703 4871 912 4939 qualem
939 4891 1085 4931 ames
1109 4879 1571 4950 pulchritudinem,
1597 4895 1649 4937 et
1669 4900 1823 4955 quam
1851 4888 2073 4946 formam

493 4958 768 5027 depereas.
799 4963 854 5017 Si
882 4982 1007 5021 vero
1032 4984 1254 5039 corpora
1281 4989 1386 5026 non
1415 4983 1800 5043 putrescerent,
1831 4979 1944 5036 haec
1967 4998 2074 5039 non

492 5051 662 5122 probe
691 5053 928 5124 dignosci
979 5073 1194 5128 possent
1220 5082 1233 5117 :
1258 5065 1350 5119 sed
1396 5070 1534 5122 sicut
1561 5068 1833 5127 daemones
1862 5089 1956 5142 per
1982 5091 2074 5131 se-

494 5141 677 5212 pulcra
719 5157 971 5214 currunt,
1022 5151 1098 5206 sic
1143 5155 1290 5208 multi
1335 5172 1401 5211 ex
1447 5161 1772 5216 amatoribus
1815 5166 2074 5234 sepulcris

489 5235 817 5306 assidentes,
861 5237 1132 5299 dzemonas
1180 5246 1230 5298 in
1276 5248 1452 5304 anima
1502 5252 1834 5322 reciperent,
1885 5265 1939 5312 et
1977 5257 2075 5313 hac

493 5327 638 5385 ducti
670 5330 874 5388 insania
902 5347 1044 5404 szrpe
1069 5349 1422 5396 morerentur.
1469 5341 1617 5398 Nunc
1645 5359 1807 5416 porro
1834 5356 1944 5404 tum
1971 5350 2072 5406 alia

1269 284 1326 340 S.
1366 281 1642 341 JOANNIS
1679 281 2151 340 CHRYSOSTOMI
2189 285 2507 345 ARClllEP.
2547 289 3078 354 CONSTANTINOP.

3703 312 3811 370 ΑΝ

2219 403 2404 470 multa,
2433 414 2542 461 tum
2566 406 2666 464 hoc
2681 411 2841 464 etiam
2865 415 3098 470 animum
3119 419 3445 488 consolatur,
3465 427 3604 494 quod
3631 429 3810 502 imago

2228 494 2320 550 illa
2351 511 2458 552 non
2486 511 2755 569 appareat,
2787 505 2967 575 sicque
2991 507 3146 565 dolor
3174 511 3445 570 oblivione
3465 517 3695 575 difﬂuat.

2287 586 2342 642 5.
2367 588 2563 643 Anima:
2589 592 2911 660 pulchritudo
2941 605 2992 652 et
3028 604 3340 670 prcstantia.
3367 636 3436 646 —
3461 606 3616 674 Quod
3645 613 3690 668 si
3718 631 3807 672 res

2216 691 2322 731 non
2342 677 2412 732 ita
2434 693 2492 734 se
2512 680 2754 750 haberet,
2775 687 3018 755 sepulcra
3043 692 3184 746 nulla
3205 706 3414 763 essent;
3443 699 3539 756 sed
3558 702 3806 762 civitates

2215 768 2426 825 videres
2445 787 2562 842 qua:
2581 784 2820 832 mortuos
2840 792 2937 848 pro
2957 784 3145 838 statuis
3167 785 3439 855 haberent,
3458 807 3580 849 cum
3603 797 3804 868 singuli

2214 859 2414 916 vellent
2453 877 2580 920 suos
2621 866 2822 924 videre.
2865 868 3001 927 Hinc
3039 874 3224 946 ingens
3251 882 3497 939 confusio
3526 889 3802 956 oriretur,

2212 966 2370 1008 nemo
2390 956 2581 1012 anima:
2601 973 2782 1016 curam
2806 961 3041 1033 haberet,
3063 984 3161 1024 nec
3181 971 3248 1027 de
3266 975 3383 1042 ejus
3400 977 3806 1041 immortalitate

2211 1045 2468 1115 cogitaret
2493 1066 2507 1102 :
2529 1052 2800 1123 multaque
2824 1057 2924 1112 alia
2946 1059 3257 1119 absurdiora
3289 1068 3414 1124 inde
3438 1088 3799 1146 emergerem,

2210 1151 2329 1207 quae
2356 1155 2424 1195 ne
2448 1140 2627 1198 dicere
2655 1147 2867 1215 quidem
2914 1151 2993 1207 fas
3038 1164 3137 1208 est.
3173 1157 3458 1230 Propterea
3488 1140 3664 1224 subito
3697 1140 3800 1241 pu;

2208 1321 2252 1374 si
2273 1323 2431 1378 talem
2455 1324 2678 1383 formam
2701 1339 2755 1387 et
2771 1333 2928 1388 talem
2950 1338 3112 1393 vitam
3135 1343 3308 1399 anima
3331 1352 3542 1418 corpori
3569 1355 3791 1423 praebet,

2208 1422 2407 1481 quanto
2445 1417 2661 1488 majoris
2699 1422 2810 1491 ipsa
2839 1425 3247 1494 pulchritudinis
3289 1417 3438 1490 erit?
3470 1441 3518 1496 si
3565 1417 3677 1499 rem
3720 1417 3794 1503 ita

2207 1507 2496 1566 deformem
2519 1524 2800 1582 sustentat,
2822 1530 3020 1590 quanto
3039 1527 3204 1596 magis
3225 1529 3489 1599 seipsam?
3509 1535 3626 1592 Non
3648 1541 3793 1596 enim

2205 1614 2400 1671 corpus
2426 1603 2596 1671 ipsum
2641 1608 2916 1676 pulchrum
2947 1622 3063 1682 est,
3107 1617 3201 1672 sed
3235 1621 3345 1689 ipsa
3375 1625 3704 1696 efl‘ormatio,
3735 1643 3792 1688 et

2206 1689 2305 1744 llos
2349 1691 2440 1746 ille
2477 1695 2564 1763 qui
2588 1711 2683 1765 per
2704 1699 2934 1757 animam
2963 1704 3014 1758 in
3037 1709 3254 1763 materia
3286 1711 3609 1785 depingitur.
3643 1689 3790 1778 Illam

2205 1777 2362 1848 igitur
2385 1796 2525 1848 ama,
2553 1800 2672 1856 qua:
2697 1793 2906 1858 corpori
2939 1794 3099 1850 talem
3125 1777 3652 1867 speciemvconeiliat.
3685 1777 3791 1868 Ec?

2204 1872 2328 1940 quid
2366 1873 2436 1929 de
2474 1887 2646 1934 morte
2691 1880 2915 1953 loquor?
2960 1886 3172 1944 Etenim
3215 1893 3266 1948 in
3314 1894 3412 1952 hac
3441 1914 3655 1972 quoque
3682 1907 3790 1962 vita

2203 1965 2480 2023 ostendam
2514 1970 2606 2024 tibi
2633 2011 2649 2037 ,
2699 1977 2968 2044 quomodo
2992 1981 3212 2050 pulchra
3240 1989 3416 2044 omnia
3445 1965 3513 2046 ab
3540 1965 3630 2048 illa
3659 2012 3790 2066 pro-

2203 2053 2527 2114 ficiscantur.
2554 2061 2685 2116 Nam
2717 2065 2760 2119 si
2792 2066 2882 2121 illa
2913 2069 3150 2140 laetetur,
3179 2090 3336 2132 roseo
3361 2095 3524 2149 genas
3550 2053 3790 2158 depingit

2201 2144 2415 2211 colore;
2464 2149 2544 2204 sin
2581 2163 2768 2209 moesta
2796 2156 2901 2225 sit,
2950 2159 3049 2216 hac
3078 2162 3313 2221 detracta
3357 2144 3786 2245 pulchritudine,

2199 2246 2317 2291 atro
2344 2240 2522 2297 colore
2547 2246 2722 2301 omnia
2755 2250 2928 2306 vestit.
2974 2252 3030 2308 Si
3073 2257 3285 2315 assidue
3329 2262 3559 2335 laetetur,
3589 2285 3791 2342 corpus

2197 2326 2339 2397 viget
2384 2333 2696 2402 zcgritudine
2729 2355 2987 2409 vacuum;
3039 2346 3084 2400 si
3112 2360 3356 2420 angatur,
3396 2370 3592 2414 aranea
3616 2365 3789 2418 maci—

2196 2416 2391 2476 lentius
2417 2430 2471 2477 et
2497 2424 2811 2485 imbecillius
2857 2434 3062 2502 evadit;
3099 2440 3143 2492 si
3175 2439 3468 2514 irascatur,
3519 2449 3788 2521 ingratum

2197 2508 2326 2564 illud
2357 2522 2408 2566 et
2438 2522 2591 2585 turpe
2620 2518 2824 2586 reddit;
2857 2523 2900 2577 si
2927 2539 3176 2584 serenum
3207 2534 3420 2590 oculum
3452 2508 3785 2609 ostenderit.

2196 2618 2441 2675 magnam
2481 2609 2672 2665 emittit
2721 2614 3197 2690 pulchritudinem;
3247 2627 3293 2681 si
3332 2629 3582 2697 invideat.
3616 2637 3787 2705 pallo-

2194 2710 2306 2751 rem
2351 2700 2576 2756 multum
2619 2715 2673 2759 et
2720 2707 2894 2764 tabem
2942 2713 3198 2784 effundit;
3239 2721 3283 2776 si
3309 2733 3472 2790 amet,
3505 2700 3787 2796 pulchram

2193 2785 2328 2842 indit
2376 2789 2620 2848 formam.
2675 2794 2748 2850 ita
2792 2801 2934 2856 enim
2978 2805 3179 2873 multm,
3229 2825 3348 2881 qua:
3386 2813 3635 2873 formosa:
3671 2838 3785 2877 non

2193 2891 2365 2947 erant,
2421 2886 2639 2956 multam
2682 2890 2749 2945 ab
2791 2895 2968 2950 anima
3015 2901 3236 2968 gratiam
3272 2919 3558 2978 accepere;
3591 2925 3786 2970 contra

2191 2985 2320 3028 vero
2347 2974 2467 3030 alia:
2490 2977 2772 3035 admodum
2800 2983 3070 3056 formosm,
3099 2995 3219 3062 quia
3244 2974 3500 3069 ingratam
3527 3003 3786 3072 injucun-

2189 3064 2419 3138 damque
2448 3071 2679 3128 animam
2707 3073 2944 3136 habuere
2965 3122 2979 3146 ,
3027 3082 3251 3143 formam
3291 3064 3439 3146 suam
3484 3064 3784 3154 labefacta-

2189 3168 2334 3218 runt.
2378 3160 2560 3232 Cogita
2604 3169 2871 3236 quomodo
2916 3176 3138 3232 candida
3185 3181 3344 3238 facies
3381 3187 3692 3256 erubescat,
3729 3203 3787 3247 et

2189 3250 2384 3306 coloris
2426 3254 2680 3312 varietate
2712 3275 2816 3315 non
2865 3277 3081 3332 parvam
3131 3271 3454 3341 voluptatem
3487 3283 3699 3348 pariat,
3733 3287 3784 3341 si

2187 3342 2400 3410 quidem
2431 3344 2568 3400 adsit
2599 3348 2805 3417 pudor:
2831 3368 2952 3408 nam
3002 3357 3046 3411 si
3093 3358 3369 3428 impudens
3401 3342 3620 3435 illa-sit,
3663 3342 3781 3428 fera

2186 3433 2330 3486 omni
2380 3433 2714 3504 injucundior
2739 3442 2838 3496 erit
2877 3454 2930 3498 et
2972 3446 3253 3518 ingratior;
3296 3466 3480 3512 contra
3530 3462 3575 3515 si
3617 3465 3779 3532 pudi-

2186 3521 2362 3578 bunda
2407 3526 2496 3590 sit,
2567 3531 2711 3586 mitis
2754 3543 2808 3588 et
2853 3536 3085 3594 formosa
3131 3546 3538 3606 evaditzanima
3576 3521 3778 3629 quippe

2185 3616 2404 3685 pulchra
2435 3620 2565 3675 nihil
2596 3622 2901 3693 formosius,
2926 3631 3055 3687 nihil
3083 3634 3309 3694 dulcius.
3339 3640 3470 3697 Nam
3504 3645 3554 3699 in
3580 3616 3776 3719 corpo-

2184 3707 2330 3763 ribus
2357 3726 2507 3766 amor
2530 3713 2716 3772 dolore
2748 3734 2852 3775 non
2899 3733 3070 3789 vacat,
3117 3727 3170 3781 in
3214 3731 3406 3788 animis
3435 3751 3564 3804 pura
3595 3751 3650 3793 et
3675 3743 3774 3794 im-

2183 3801 2486 3867 perturbata
2506 3805 2769 3876 voluptas.
2787 3810 2898 3866 Cur
2911 3828 3037 3884 ergo
3058 3831 3180 3888 rege
3200 3801 3446 3890 dimisso,
3465 3843 3774 3896 praeconem

2183 3892 2428 3948 miraris?
2453 3910 2549 3950 cur
2576 3899 2893 3973 philosopho
2920 3907 3108 3963 relicto
3131 3951 3145 3976 ,
3193 3913 3259 3966 ad
3309 3916 3656 3988 interpretem
3690 3925 3773 3978 in-

2182 3981 2333 4039 hias?
2361 3985 2546 4042 Vidisti
2579 3992 2858 4059 pulchrum
2888 3998 3097 4054 oculum
3118 4043 3133 4068 ,
3166 3981 3473 4063 interiorem
3505 4009 3770 4080 observa;

2182 4087 2235 4133 et
2257 4079 2303 4133 si
2335 4079 2420 4134 hic
2448 4082 2669 4150 pulcher
2696 4101 2798 4141 non
2831 4089 2918 4154 sit,
2952 4092 3165 4162 despice
3209 4096 3377 4152 illum.
3408 4099 3598 4171 Neque
3629 4106 3770 4162 enim

2180 4168 2225 4224 si
2270 4169 2449 4226 videas
2489 4173 2783 4231 deformem
2833 4180 3109 4238 mulierem
3157 4189 3396 4257 speciosa
3428 4191 3580 4248 larva
3613 4196 3770 4251 obte-

2180 4269 2317 4315 ctam
2343 4303 2356 4326 ,
2404 4264 2580 4334 aliquo
2608 4281 2732 4338 erga
2775 4269 2919 4326 illam
2948 4273 3140 4330 affectu
3171 4283 3431 4337 movearis
3451 4325 3466 4349 ,
3497 4294 3552 4338 ut
3583 4300 3768 4342 contra

2181 4351 2325 4407 larva
2348 4357 2603 4412 occultari
2630 4358 2914 4417 formosam
2941 4380 3043 4420 non
3066 4368 3229 4433 sinas,
3255 4371 3368 4438 sed,
3393 4385 3574 4429 amota
3600 4377 3766 4443 larva,

2181 4444 2374 4498 nudam
2436 4446 2622 4502 faciem
2669 4451 2849 4509 videre
2894 4471 3138 4524 cuperes.
3194 4459 3304 4515 Hoc
3355 4478 3480 4534 erga
3531 4468 3764 4521 animam

2181 4549 2392 4606 quoque
2422 4539 2600 4608 facito,
2635 4542 2776 4597 illam
2825 4560 3052 4615 agnosce
3083 4551 3347 4618 priorem;
3382 4554 3542 4610 larva:
3573 4561 3769 4628 quippe

2180 4625 2298 4681 loco
2328 4628 2468 4683 illam
2501 4645 2693 4701 corpus
2718 4635 2914 4703 ambit,
2943 4638 3083 4707 quod
3115 4649 3172 4694 ut
3200 4645 3554 4712 compositum
3587 4625 3767 4702 estvita

2181 4732 2394 4787 semper
2415 4732 2591 4776 manet
2614 4742 2626 4778 :
2649 4725 2824 4780 anima
2845 4743 2974 4783 vero
3000 4730 3041 4784 si
3066 4729 3319 4787 deformis
3346 4736 3434 4801 sit,
3463 4738 3572 4792 cito
3597 4748 3767 4807 potest

2181 4808 2413 4867 formosa
2438 4813 2597 4869 effici.
2628 4817 2685 4871 Si
2713 4820 2926 4875 oculum
2956 4821 3148 4878 habeat
3171 4824 3492 4895 deformem,
3521 4839 3762 4894 torvum.

2180 4911 2409 4972 turpem,
2439 4915 2610 4976 potest
2638 4909 2726 4965 ille
2752 4911 2863 4966 fieri
2891 4913 3144 4982 pulcher,
3173 4917 3370 4984 suavis,
3401 4933 3650 4984 serenus,
3677 4923 3762 4991 ju«

2179 4998 2402 5053 cundus.
2453 5001 2600 5057 lianc
2643 5018 2770 5074 ergo
2800 5006 3021 5061 formam
3050 5023 3372 5077 qumramus,
3407 5010 3545 5067 hanc
3577 5013 3762 5069 faciem

2179 5099 2461 5156 ornatam,
2509 5101 2564 5146 ut
2615 5094 2753 5149 Deus
2799 5107 3033 5153 nostram
3078 5103 3462 5170 concupiscens
3493 5104 3720 5160 formam
3747 5147 3762 5169 ,

2180 5190 2380 5237 acterna
2413 5185 2564 5239 nobis
2603 5185 2738 5242 bona
2781 5188 3034 5258 largiatur
3057 5232 3070 5255 ,
3115 5195 3284 5262 gratia
3313 5205 3366 5248 et
3397 5196 3761 5251 miscricordia

2181 5272 2388 5329 Domini
2419 5280 2585 5332 nostri
2626 5278 2751 5333 Jesu
2781 5279 2976 5335 Christi
3001 5323 3015 5347 ,
3059 5285 3144 5339 cui
3172 5286 3339 5356 gloria
3367 5294 3424 5342 et
3452 5286 3759 5355 imperium,

2182 5367 2233 5422 in
2263 5369 2455 5424 swcula
2487 5370 2828 5426 saeculorum.
2856 5373 3049 5429 Amen.
