4042 6218
1497 479 1842 540 HOMILIA
1883 475 2284 538 XXXV.‘al.
2331 475 2633 536 XXXVI.

449 624 573 678 CAP.
599 623 684 676 10.
720 638 770 675 v.
802 624 889 677 54.
921 622 1097 676 Nolite
1121 630 1296 690 putare
1319 621 1437 690 quia
1464 624 1677 676 venerim
1704 637 1875 690 pacem
1899 621 2017 672 utit-

524 726 626 768 tere
655 717 704 766 in
734 725 950 769 terram:
968 731 1067 768 non
1091 715 1205 767 veni
1224 729 1395 783 pacem
1420 713 1632 777 mittere,
1660 711 1748 766 sed
1773 711 2017 784 gladium.

519 807 606 860 55.
645 805 769 859 Veni
807 808 939 860 enim
973 821 1206 875 separare
1240 805 1488 862 hominem
1526 820 1557 857 a
1593 812 1736 873 patre
1758 817 1868 867 suo,
1893 811 1938 853 et
1959 801 2020 867 ﬁ-

521 895 642 946 liam
685 911 715 946 a
751 906 910 947 matre
934 911 1048 957 sua,
1076 906 1120 946 et
1151 910 1334 946 nurum
1360 909 1392 945 a
1416 909 1562 948 socru
1589 905 1718 954 suo:
1736 891 1822 946 36.
1851 901 1896 945 et
1925 889 2022 944 ini-

519 986 636 1038 mici
665 985 902 1048 hominis,
934 984 1192 1037 domestici
1221 985 1349 1052 ejus.
1777 972 1784 977 ’

521 1076 574 1128 1.
606 1075 836 1137 Rursum
864 1072 1166 1128 onerosiora
1211 1072 1452 1142 profert,
1501 1071 1659 1141 idque
1684 1087 1802 1128 cum
1835 1087 2023 1140 magna

451 1165 803 1219 auctoritate:
827 1164 1072 1234 quodque
1099 1165 1188 1218 alii
1217 1163 1475 1232 objecturi
1503 1170 1675 1228 erant,
1704 1163 1791 1216 ille
1823 1162 2022 1232 praedi-

450 1257 544 1310 cit.
572 1254 703 1308 Nam
745 1269 814 1308 ne
859 1254 922 1310 iis
971 1253 1165 1308 auditis
1194 1253 1434 1306 dicereut
1459 1270 1472 1306 :
1500 1253 1692 1307 ldeooe
1718 1252 1941 1318 venisti,
1969 1259 2026 1308 ut

457 1359 554 1398 uos
591 1343 874 1397 intertieias
902 1357 1020 1396 cum
1051 1342 1114 1395 iis
1157 1342 1244 1411 qui
1292 1341 1444 1395 nobis
1473 1340 1752 1410 obsequuti
1790 1351 1941 1408 sunt,
1973 1350 2026 1394 ct

455 1433 605 1487 bellis
631 1440 823 1486 terram
851 1431 1094 1501 repleas?
1131 1432 1242 1500 ipse
1282 1433 1427 1500 prior
1451 1431 1618 1486 dicit:
1645 1428 1763 1484 Non
1793 1431 1900 1484 ueni
1929 1447 2023 1500 pa.-

453 1539 557 1574 ccm
580 1523 774 1574 mittere
812 1521 866 1574 in
906 1529 1111 1574 terram.
1149 1523 1255 1575 Cur
1297 1536 1424 1590 ergo
1469 1521 1719 1588 praecepit
1749 1521 1800 1573 in
1839 1520 2027 1576 domos

453 1613 686 1682 singulas
717 1613 982 1682 ingressos
1019 1626 1202 1681 pacem
1244 1598 1460 1667 dicere?
1485 1627 1580 1666 cur
1603 1621 1657 1668 et
1680 1611 1852 1680 angeli
1879 1611 2025 1666 dice-

454 1705 600 1764 bant.
630 1702 806 1757 Gloria
827 1703 881 1755 in
909 1701 1116 1764 excelsis
1156 1701 1261 1755 Deo
1281 1743 1296 1768 ,
1342 1703 1465 1756 etin
1496 1712 1628 1756 terra
1667 1718 1769 1771 pax
1794 1701 1944 1772 (Luc.
1969 1700 2022 1754 2.

457 1794 586 1864 lt)?
627 1808 722 1847 cur
764 1793 1034 1863 prOphekB
1078 1807 1264 1848 omnes
1306 1793 1532 1863 idipsum
1577 1792 2028 1870 prmnuntiarunt?

455 1885 589 1950 Quia
621 1884 748 1938 illud
790 1887 1021 1938 maxime
1053 1898 1153 1952 pax
1182 1892 1295 1946 est,
1327 1896 1449 1937 cum
1479 1884 1529 1937 id
1551 1925 1566 1948 ,
1597 1883 1738 1952 quod
1767 1892 2026 1951 aegrotat,

456 1974 800 2036 abscinditur,
827 1973 1038 2043 quando
1066 1973 1139 2032 id.
1167 1972 1307 2040 quod
1338 1972 1594 2038 dissidet,
1622 1981 1915 2040 separatur.
1943 1971 2030 2026 Sic

456 2067 598 2119 enim
631 2064 1025 2134 potestczelum
1067 2079 1186 2118 cum
1218 2072 1355 2116 terra
1389 2062 1558 2132 jungi.
1589 2060 2028 2130 Quandoquidem

456 2159 694 2214 medicus
731 2159 808 2214 sic
854 2159 1113 2228 reliquum
1156 2171 1352 2226 corpus
1394 2163 1594 2222 servat,
1641 2171 1761 2210 cum
1807 2155 1858 2209 id
1889 2155 2028 2225 quod

459 2248 748 2302 insanabile
776 2256 878 2312 est,
911 2255 1150 2311 resecat;
1184 2256 1236 2301 et
1265 2246 1392 2310 dux,
1423 2261 1546 2301 cum
1572 2261 1666 2300 eos
1691 2246 1778 2314 qui
1808 2260 2031 2300 concor-

457 2339 600 2392 diam
633 2338 983 2408 perniciosam
1013 2337 1276 2401 inierant,
1307 2336 1372 2389 ad
1397 2335 1780 2390 dissensionem
1809 2334 2029 2390 inducit.

455 2429 546 2482 Sic
570 2436 623 2482 et
652 2427 702 2480 in
728 2427 812 2481 illa
839 2427 968 2481 turri
991 2425 1184 2480 factum
1209 2435 1287 2480 est
1306 2424 1454 2496 (Gen.
1470 2425 1561 2494 11)
1586 2442 1599 2478 :
1623 2425 1814 2479 malam
1839 2424 2032 2494 quippe

455 2519 796 2573 concordiam
824 2519 960 2572 bona
985 2517 1246 2572 discordia
1273 2517 1463 2582 solvit,
1486 2524 1540 2571 et
1574 2530 1757 2585 pacem
1780 2516 2033 2569 concilia-

456 2611 549 2662 vit.
601 2609 692 2664 Sic
729 2618 783 2662 et
822 2608 1013 2662 Paulus
1039 2623 1132 2662 eos
1160 2607 1246 2677 qui
1275 2605 1552 2662 adversum
1594 2621 1654 2660 se
1693 2604 2030 2662 concordiam

459 2700 706 2762 inierant,
732 2698 911 2752 divisit
939 2699 1072 2768 (Act.
1100 2697 1192 2760 23.
1218 2697 1270 2750 6.
1299 2697 1375 2765 7).
1405 2695 1462 2749 In
1489 2695 1729 2757 Nabuthe
1754 2710 1881 2750 vero
1908 2710 2035 2750 con-

459 2791 636 2843 cordia
672 2790 756 2843 illa
779 2788 1034 2842 fuitomni
1058 2788 1196 2842 bello
1217 2787 1452 2842 deterior
1471 2786 1546 2857 (3.
1570 2786 1698 2858 Reg.
1720 2786 1835 2856 2|).
1855 2786 2034 2853 Neque

458 2883 599 2934 enim
630 2880 910 2944 concordia
959 2895 1170 2948 semper
1213 2879 1478 2941 laudanda
1505 2897 1518 2935 :
1544 2893 1664 2932 nam
1707 2886 1763 2933 et
1803 2879 2034 2940 latrones

460 2975 600 3024 inter
625 2985 684 3024 se
710 2968 1003 3023 concordes
1028 2978 1171 3023 sunt.
1198 2967 1312 3022 Non
1341 2968 1499 3037 igitur
1522 2983 1585 3022 ex
1614 2967 1810 3022 Christi
1841 2982 2033 3036 propo-

461 3061 581 3124 sito,
613 3059 705 3114 sed
733 3075 798 3113 ex
825 3058 1034 3113 illorum
1059 3058 1331 3119 voluntate
1357 3058 1549 3112 bellum
1572 3057 1899 3114 movebatur.
1919 3057 2036 3126 ipse

460 3152 653 3221 quippe
678 3150 889 3204 volebat
908 3164 1096 3204 omnes
1119 3151 1169 3204 in
1194 3151 1276 3220 pia
1299 3150 1551 3219 religione
1573 3151 1860 3205 concordes
1881 3166 2032 3205 esse:

461 3240 555 3295 sed
580 3243 700 3312 quia
729 3240 799 3294 illi
826 3239 1171 3305 dissidebant,
1219 3239 1341 3294 hinc
1386 3241 1582 3296 bellum
1609 3242 1898 3298 oriebatur.
1930 3241 2035 3297 Sed

461 3345 568 3384 non
598 3332 674 3384 sic
703 3330 794 3384 ille
821 3330 1072 3400 loquutus
1094 3338 1176 3392 est
1200 3348 1212 3384 :
1236 3329 1362 3399 quid
1407 3345 1534 3386 vero
1563 3331 1731 3386 dicit?
1780 3331 1899 3387 Non
1928 3335 2037 3387 ueni

461 3436 636 3488 pacem
664 3420 889 3490 mittere,
936 3428 993 3472 ut
1022 3419 1142 3473 illos
1170 3419 1555 3474 consolaretur.
1586 3419 1663 3475 Ne
1691 3422 1882 3490 putetis
1903 3463 1919 3488 ,
1954 3423 2037 3477 in-

461 3510 596 3578 quit,
629 3509 836 3561 illorum
862 3523 957 3561 vos
980 3522 1192 3562 causam
1219 3522 1358 3579 esse,
1382 3523 1482 3578 ego
1509 3509 1622 3564 haec
1643 3509 1889 3579 diSpono,
1917 3511 2038 3580 quia

463 3603 538 3654 illi
582 3602 660 3655 sic
699 3601 871 3656 allecti
919 3611 1062 3655 sunt.
1101 3601 1178 3655 Ne
1209 3601 1491 3657 turbemini
1538 3603 1718 3672 igitur,
1762 3605 1910 3674 quasi
1950 3621 2040 3661 res

465 3700 658 3760 prmter
681 3692 1128 3760 exspectationem
1159 3693 1424 3746 eveniant.
1453 3693 1578 3748 ldeo
1598 3695 1736 3758 veni,
1762 3704 1819 3749 ut
1843 3695 2037 3749 bellum

467 3797 706 3835 moveam
734 3799 745 3834 :
773 3781 884 3835 haec
912 3782 1105 3851 quippe
1126 3797 1242 3836 mea
1265 3792 1346 3835 est
1366 3781 1630 3836 voluntas.
1654 3781 1730 3837 Ne
1754 3783 2037 3838 turbeinini

469 3874 628 3942 igitur
681 3887 797 3925 cum
857 3882 997 3926 terra
1051 3873 1199 3941 quasi
1251 3873 1456 3926 insidiis
1505 3875 1742 3944 appetita
1791 3875 1844 3928 in
1901 3876 2040 3931 bella

467 3970 730 4031 erumpet.
759 3961 890 4016 Cum
918 3963 1061 4015 enim
1105 3962 1156 4016 id
1201 3961 1342 4030 quod
1370 3964 1606 4018 deterius
1631 3974 1712 4017 est
1739 3974 2040 4034 separatum

466 4056 640 4118 tuerit,
670 4063 794 4107 tunc
820 4053 1034 4106 demum
1063 4053 1266 4106 meliori
1297 4053 1432 4122 parti
1457 4053 1803 4123 conjungetur
1831 4055 2039 4107 caelum.

471 4147 594 4199 llarc
620 4153 798 4198 autem
821 4144 968 4204 dicit,
997 4153 1259 4197 utcontra
1283 4145 1471 4197 malum
1496 4144 1816 4198 multorum‘
1839 4144 2044 4212 Opinio-

469 4253 590 4292 nem
636 4237 755 4290 illos
800 4235 1022 4289 muniat.
1072 4233 1253 4303 Neque
1298 4234 1456 4300 dixit,
1501 4233 1727 4296 Bellum,
1771 4234 1863 4297 sed
1903 4234 2042 4304 quod

469 4327 638 4381 multo
659 4325 894 4380 deterius
923 4333 1038 4390 est,
1079 4323 1338 4377 Gladium.
1369 4323 1425 4378 Si
1455 4339 1582 4378 vero
1606 4323 1746 4378 dicta
1776 4323 1890 4378 hare
1917 4340 2047 4379 one-

469 4433 592 4472 rosa
617 4417 725 4470 sint
745 4427 798 4471 et
818 4417 962 4470 dictu
988 4415 1214 4484 ingrata,
1235 4430 1301 4468 ne
1322 4415 1550 4469 mireris.
1569 4414 1701 4470 Cum
1725 4415 1866 4469 enim
1888 4415 2048 4469 vellet

470 4523 564 4563 eos
593 4507 692 4561 hac
717 4506 1004 4561 verborum
1032 4504 1317 4575 asperitate
1360 4519 1612 4560 exercere
1630 4544 1644 4567 ,
1694 4520 1760 4559 ne
1789 4505 1840 4558 in
1870 4520 2045 4559 rerum

469 4601 836 4655 difﬁcultatem
869 4601 1089 4670 ingressi
1119 4600 1387 4655 resilirent
1408 4639 1422 4663 ,
1453 4601 1532 4655 sic
1561 4601 1718 4655 verba
1752 4600 2044 4670 disposuit:

469 4707 532 4745 ac
562 4706 626 4745 ne
653 4689 773 4760 quis
799 4690 1020 4755 diceret,
1051 4706 1172 4745 eum
1203 4705 1270 4744 ex
1298 4689 1582 4755 lenocinio,
1613 4699 1668 4746 et
1694 4690 1926 4744 difﬁcilia
1953 4705 2047 4745 oc-

469 4782 742 4845 cultaudo,
787 4797 907 4852 qua:
950 4783 1162 4836 volebat
1203 4784 1456 4846 suasisse,
1511 4783 1634 4838 ideo
1677 4783 1766 4838 illa
1796 4799 1912 4853 qua:
1940 4783 2048 4846 alio

475 4875 634 4929 modo
681 4874 902 4932 dicenda
949 4874 1282 4936 videbantur,
1330 4876 1592 4930 acerbiori
1638 4883 1693 4930 et
1745 4876 2048 4931 terribiliori

478 4964 633 5019 modo
657 4964 958 5030 explicavit.
989 4963 1174 5026 Melius
1197 4966 1338 5018 enim
1368 4975 1450 5020 est
1473 4982 1648 5020 rerum
1674 4982 1833 5036 quam
1861 4968 2050 5021 verbo-

471 5071 589 5111 rum
618 5053 888 5108 lenitatem
918 5053 1118 5108 videre.
1145 5053 1373 5124 Ideoque
1401 5071 1573 5124 neque
1603 5055 1717 5110 [nec
1745 5055 1941 5111 dixisse
1966 5072 2051 5110 sa-

477 5148 543 5200 tis
576 5145 778 5206 habuit,
808 5143 902 5198 sed
929 5143 1052 5197 belli
1081 5143 1313 5212 speciem
1339 5145 1629 5214 explicans,
1659 5145 1892 5200 ostendit
1922 5146 2048 5200 illud

475 5237 612 5292 civili
647 5237 785 5290 bello
811 5235 978 5289 multo
1006 5235 1220 5303 gravius
1250 5249 1388 5298 esse,
1416 5236 1634 5305 aitque:
1669 5234 1791 5288 Veni
1819 5251 2052 5306 separare

477 5329 725 5382 hominem
746 5343 777 5380 a
800 5335 944 5396 patre
970 5341 1080 5388 suo,
1109 5333 1154 5377 et
1177 5325 1339 5390 filiam
1368 5341 1400 5380 α
1429 5337 1587 5378 matre
1605 5342 1719 5391 sua,
1747 5335 1794 5380 et
1814 5341 1995 5380 nurum
2021 5343 2053 5379 a

477 5435 620 5472 socru
647 5434 757 5470 sua.
788 5416 900 5469 Non
929 5417 1070 5469 enim
1099 5415 1254 5469 amici
1287 5425 1339 5470 et
1362 5415 1607 5469 concives
1637 5415 1830 5480 solum,
1862 5415 2049 5484 inquit,

477 5508 568 5562 sed
619 5516 674 5560 et
716 5505 926 5576 cognati
973 5507 1109 5560 alter
1156 5515 1341 5562 eontra
1384 5506 1608 5562 alterum
1642 5504 1950 5576 insurgent,
1998 5513 2053 5560 ct

543 5682 560 5714 ¹
595 5680 808 5742 Quidam,
831 5678 1052 5734 laborum.

1356 272 1420 326 IN
1457 269 1862 328 ΜΑΤΊἮᾹΞΠΜ
1905 269 2130 324 IIOMIL.
2174 267 2388 324 XXXV.
2429 272 2497 326 al.
2541 269 2781 327 XXXVI.

3599 273 3706 332 ιῡθ

3297 408 3686 421 *-

2135 627 2321 679 natura
2352 621 2463 690 ipsa
2494 622 2818 680 discindetur
2849 626 3007 680 bello.
3050 627 3174 681 Vens
3202 630 3355 695 enim,
3391 630 3586 700 inquit,
3617 641 3700 685 se-

2129 726 2309 781 parare
2336 710 2586 764 hominem
2614 728 2646 764 a
2690 723 2831 780 patre
2854 731 2943 769 suo
2960 756 2974 779 ,
3006 726 3052 771 et
3081 725 3287 771 matrem
3314 737 3345 772 a
3371 721 3480 787 ﬁlio
3510 739 3631 784 sua,
3663 733 3710 776 et

2127 817 2308 854 nurum
2330 818 2361 852 a
2381 818 2528 856 socru
2548 819 2661 857 sua.
2688 805 2868 875 Neque
2889 809 3031 861 enim
3061 809 3199 863 inter
3221 811 3547 869 domesticos
3576 815 3675 868 sim
3692 844 3708 855 -

2128 891 2338 962 pliciter
2363 892 2558 946 bellum
2600 895 2722 959 erit,
2771 896 2864 951 sed
2895 898 3054 952 etiam
3103 899 3243 954 inter
3272 903 3626 957 amicissimos
3651 915 3707 959 et

2129 982 2317 1050 majori
2363 985 2755 1042 necessitudine
2780 986 3015 1055 junctos.
3057 989 3112 1044 ld
3153 992 3295 1061 quod
3341 996 3570 1050 maxime
3595 995 3713 1063 ejus

2130 1069 2378 1125 virtutem
2400 1073 2656 1135 OSlcmlil,
2681 1075 2820 1144 quod
2846 1077 2919 1132 illi
2943 1079 3065 1145 talia
3087 1081 3365 1137 audientes
3386 1085 3710 1152 exciperent,

2132 1159 2355 1228 aliisque
2385 1161 2689 1217 suaderent.
2718 1164 3048 1236 Quamquam
3090 1185 3195 1223 non
3224 1171 3336 1239 ipse
3369 1172 3480 1225 haec
3509 1174 3714 1228 elﬁcie~

2131 1249 2241 1316 bat,
2269 1250 2361 1306 sed
2389 1250 2660 1307 hominum
2681 1257 2949 1325 nequitia;
2981 1267 3216 1314 attamen
3247 1262 3359 1328 ipse
3387 1277 3446 1316 se
3473 1264 3595 1317 dicit
3624 1265 3712 1318 illa

2133 1339 2326 1394 lacero.
2371 1341 2466 1398 llic
2514 1343 2708 1412 quippe
2745 1360 2860 1400 mos
2906 1357 2988 1404 est
3031 1349 3318 1417 Scriptura:
3358 1366 3543 1406 sacrae.
3575 1355 3712 1408 Alibi

2132 1433 2273 1486 enim
2300 1431 2429 1488 dicit
2457 1452 2468 1486 :
2499 1435 2650 1488 Dedit
2682 1436 2782 1490 illis
2814 1435 2952 1492 Deus
2984 1443 3186 1506 oculos,
3217 1452 3274 1496 ut
3323 1459 3428 1498 non
3469 1445 3712 1500 viderent

2134 1519 2287 1590 (Isat.
2321 1522 2374 1576 6.
2404 1522 2674 1589 9;Ezcch.
2722 1526 2810 1584 12.
2853 1527 3110 1594 2;.Ioau.
3156 1531 3240 1592 12.
3274 1534 3356 1586 ll.
3389 1534 3479 1603 ιθ)
3515 1537 3634 1591 :sic
3657 1547 3714 1590 et

2135 1610 2186 1664 in
2236 1611 2337 1667 hoc
2388 1613 2504 1667 loco
2547 1615 2718 1669 dicit:
2751 1626 2810 1670 ut
2855 1619 3015 1672 verba
3056 1620 3259 1684 istincc,
3301 1623 3442 1691 quod
3471 1626 3715 1693 superius

2134 1700 2274 1767 dixi,
2314 1716 2495 1757 secum
2523 1713 2850 1773 reputantes,
2877 1723 2944 1764 ne
2975 1710 3332 1776 turbarentur,
3364 1728 3482 1766 cum
3513 1729 3715 1782 appro.

2134 1793 2263 1847 briis
2304 1803 2358 1847 et
2399 1796 2738 1850 contumeliis
2775 1797 3175 1866 impeterent‘ur.
3206 1802 3355 1868 Quod
3388 1804 3438 1859 si
3476 1804 3563 1872 qui
3604 1803 3720 1859 hate

2134 1881 2310 1948 gravia
2335 1883 2658 1949 existimant,
2681 1886 2732 1938 in
2759 1896 2992 1941 mentem
3020 1900 3269 1944 revomut
3291 1900 3526 1946 Veterem
3551 1893 3718 1948 histo-

2137 1970 2288 2022 riam.
2318 1970 2511 2025 Priscis
2535 1975 2676 2027 enim
2707 1977 3031 2044 temporibus
3069 1978 3169 2032 hoc
3197 1981 3366 2047 ipsum
3393 1985 3637 2051 cootigit,
3666 1983 3718 2038 id

2134 2058 2276 2128 quod
2301 2061 2530 2117 maxime
2554 2063 2787 2128 ostendit
2810 2067 3007 2120 veteris
3042 2069 3171 2138 legis
3208 2085 3328 2125 cum
3377 2088 3508 2126 nova
3540 2075 3719 2133 altini-

2141 2160 2324 2212 tatem.
2350 2153 2702 2224 eumdemque
2730 2171 2849 2212 esse
2875 2160 2963 2227 qui
2999 2161 3112 2215 haec
3136 2161 3288 2227 dixit,
3318 2173 3371 2218 e‘t
3394 2160 3483 2220 illa
3514 2181 3717 2235 praece-

2137 2243 2234 2314 pit.
2279 2243 2409 2298 Nam
2452 2253 2507 2299 et
2547 2247 2686 2314 apud
2733 2246 2944 2303 Judaeos
2990 2268 3108 2306 cum
3150 2254 3372 2323 quisque
3416 2257 3719 2324 proximum

2137 2349 2290 2388 suum
2315 2335 2506 2389 occidit
2524 2345 2690 2412 ,‘tunc
2712 2339 2799 2392 ille
2824 2340 3058 2407 placatus
3080 2351 3162 2404 est
3185 2338 3377 2412 (Exod.
3405 2345 3492 2400 52.
3514 2347 3607 2414 27)
3630 2365 3644 2402 :
3665 2356 3722 2402 et

2137 2423 2351 2491 quando
2381 2425 2600 2478 vitulum
2643 2426 2970 2498 conﬂarunt,
3025 2440 3079 2485 et
3119 2432 3332 2500 quando
3370 2433 3718 2504 Beelpbegori

2140 2513 2326 2569 initiati
2354 2522 2476 2567 sunt
2504 2513 2688 2580 (Num.
2721 2516 2810 2584 25.
2837 2517 2914 2587 5).
2949 2518 3045 2574 Ubi
3077 2530 3199 2574 sunt
3223 2536 3350 2592 ergo
3379 2523 3466 2591 qui
3494 2523 3718 2592 dicunt,
3753 2567 3762 2570 -

2140 2600 2287 2656 illum
2314 2600 2480 2656 Deum
2509 2605 2726 2667 malum,
2753 2605 2894 2662 hunc
2922 2607 3116 2662 bonum
3141 2611 3298 2665 esse?
3323 2612 3463 2668 Ecce
3490 2629 3721 2683 namque

2143 2705 2487 2765 cognatorum
2517 2700 2772 2769 sanguine
2802 2701 2986 2757 orbem
3016 2703 3261 2772 replevit.
3292 2707 3540 2761 Attamen
3571 2707 3722 2763 beni-

2140 2786 2359 2854 gnitalis
2385 2787 2564 2841 multa:
2591 2789 2692 2844 hoc
2728 2805 2862 2860 opus
2899 2808 3020 2848 esse
3056 2793 3300 2850 dicimus.
3347 2797 3634 2866 Propterea
3664 2808 3724 2853 ut

2142 2875 2387 2930 ostendat
2412 2891 2470 2930 se
2498 2877 2583 2930 illa
2613 2879 2774 2933 etiam
2801 2882 3117 2951 approbare,
3149 2885 3482 2954 prophetiam
3515 2903 3716 2943 memo-

2143 2973 2246 3030 rat,
2273 2981 2390 3034 quaa
2413 2981 2516 3021 non
2545 2969 2740 3022 factum
2767 2969 2893 3024 illud
2922 2973 3158 3040 reSpicit,
3179 2973 3274 3028 sed
3300 2975 3521 3045 idipsum
3541 2985 3717 3034 tamen

2143 3054 2397 3111 declarat.
2427 3055 2681 3123 Quantam
2721 3059 2808 3113 illa
2836 3062 2959 3115 est?
2985 3061 3191 3116 Inimici
3223 3064 3440 3131 {taurinis
3466 3065 3724 3128 domestict

2144 3146 2273 3213 ejus.
2301 3144 2430 3199 Nam
2469 3155 2524 3204 et
2551 3147 2698 3216 apud
2723 3147 2942 3204 Judznos
2967 3151 3236 3220 quidpiam
3281 3154 3456 3214 simile
3481 3155 3723 3226 contigit.

2145 3235 2313 3290 Erant
2335 3236 2479 3291 enim
2504 3239 2777 3308 propheta:
2803 3249 2858 3294 et
2886 3241 3388 3314 pseudoprophetar,
3411 3262 3474 3302 ac
3499 3249 3726 3318 populus

2143 3325 2436 3380 dissidebat
2460 3327 2757 3398 domusque
2782 3329 3188 3398 dividebantur;
3231 3344 3285 3388 et
3312 3337 3398 3389 alii
3428 3336 3509 3390 his
3534 3338 3727 3392 crede-

2146 3413 2274 3468 bant
2294 3455 2309 3478 ,
2353 3415 2443 3470 alii
2488 3417 2628 3473 aliis.
2659 3418 2784 3473 Ideo
2811 3430 2994 3475 mouet
3025 3422 3280 3491 propheta
3310 3425 3493 3488 dicens
3515 3445 3528 3481 :
3552 3426 3728 3492 Nolite

2108 3550 2110 3552 τ
2145 3507 2344 3561 credere
2362 3509 2556 3571 amicis,
2583 3526 2672 3574 nec
2699 3527 2902 3580 sperare
2927 3513 2978 3566 in
3005 3514 3216 3568 ducibus
3239 3531 3258 3568 :
3277 3517 3365 3569 sed
3390 3527 3434 3570 et
3461 3534 3492 3574 a
3516 3519 3730 3587 conjuge

2147 3606 2234 3650 tua
2260 3613 2396 3661 cave,
2420 3615 2576 3668 neque
2598 3599 2677 3654 illi
2695 3602 3007 3669 assentiaris,
3029 3605 3148 3674 quia
3167 3605 3354 3658 inimici
3377 3607 3594 3672 hominis
3614 3616 3733 3664 sunt

2147 3687 2246 3755 ipsi
2269 3688 2362 3741 uiri
2390 3689 2441 3742 in
2467 3689 2578 3758 eius
2609 3690 2885 3746 habitantes
2921 3694 3068 3758 domo
3102 3695 3286 3765 (Mich.
3322 3692 3384 3756 7.
3409 3699 3464 3753 5.
3496 3697 3574 3768 6).
3606 3698 3732 3754 llaec

2150 3787 2327 3832 autem
2355 3778 2599 3843 dicebat,
2644 3789 2702 3835 ut
2739 3797 2859 3844 eum
2898 3784 2985 3853 qui
3026 3784 3128 3839 hoc
3155 3786 3374 3852 verbum
3403 3796 3732 3856 excepturus

2147 3875 2323 3933 esset,
2369 3869 2616 3923 omnibus
2665 3872 2994 3940 superiorem
3049 3873 3317 3929 redderet.
3365 3875 3549 3943 Neque
3587 3877 3735 3930 enim

2151 3959 2284 4010 mori
2313 3959 2509 4011 malum
2535 3969 2638 4024 est,
2669 3961 2762 4014 sed
2787 3962 2925 4016 male
2954 3962 3111 4016 mori.
3142 3961 3343 4018 Idcirco
3366 3964 3531 4018 dixit:
3552 3965 3732 4035 Ignem

2149 4048 2258 4100 ueni
2276 4051 2466 4100 mittere
2482 4049 2534 4100 in
2556 4058 2757 4102 terram.
2780 4049 2905 4108 Haec
2923 4066 3080 4122 porro
3105 4051 3333 4116 dicebat,
3359 4061 3415 4108 ut
3435 4054 3550 4122 ejus
3571 4069 3729 4124 quem

2150 4136 2393 4206 exigebat
2418 4139 2615 4192 amoris
2642 4137 2905 4200 fervorem
2945 4155 3007 4195 ac
3042 4143 3428 4199 vehementiam
3461 4145 3731 4215 signiﬁca-

2153 4235 2252 4281 ret.
2297 4227 2430 4293 Quia
2472 4229 2612 4283 enim
2661 4231 2729 4292 ita
2775 4245 2872 4289 nos
2920 4232 3267 4289 vehementer
3305 4234 3530 4294 amavit,
3587 4235 3665 4290 sic
3701 4251 3733 4288 a

2153 4319 2306 4378 nobis
2346 4321 2455 4374 vult
2492 4323 2678 4376 amari.
2710 4322 2834 4386 [lare
2864 4340 3024 4396 porro
3058 4327 3213 4380 verba
3254 4327 3526 4396 apostolos
3563 4329 3734 4398 erige-

2153 4409 2300 4472 bant,
2334 4410 2777 4486 sublimioresque
2801 4414 3114 4470 reddebant.
3150 4415 3279 4470 Nam
3306 4419 3348 4471 si
3377 4418 3473 4483 illi,
3499 4418 3732 4480 aiebant.

2151 4513 2435 4572 cognatos,
2488 4504 2658 4568 ﬁlios,
2713 4516 2961 4578 parentes
3009 4509 3313 4576 despecturi
3364 4517 3508 4573 sunt,
3560 4509 3730 4580 cogita

2153 4593 2337 4660 quales
2364 4603 2608 4663 oporteat
2632 4611 2731 4648 nos
2759 4611 2898 4661 esse,
2929 4599 3015 4666 qui
3045 4599 3292 4653 doctores
3319 4615 3522 4656 sumus.
3552 4599 3735 4672 Neque

2153 4683 2294 4736 enim
2325 4681 2455 4736 dura
2487 4694 2541 4738 et
2565 4683 2802 4740 difﬁcilia
2833 4687 2921 4740 illa
2955 4688 3006 4740 in
3039 4689 3188 4741 vobis
3229 4691 3387 4742 linem
3429 4689 3733 4754 habebunt,

2154 4773 2245 4828 sed
2270 4781 2324 4826 et
2349 4773 2414 4826 ad
2443 4773 2574 4826 alios
2597 4775 2918 4829 transibunt.
2947 4776 3078 4829 Nam
3105 4777 3224 4844 quia
3254 4792 3440 4847 magna
3474 4777 3609 4832 bona
3633 4777 3739 4840 huc

2155 4864 2329 4929 attuli,
2355 4880 2596 4934 magnam
2623 4866 2776 4935 exigo
2800 4876 2855 4922 et
2882 4868 3238 4923 obedientiam
3269 4880 3323 4924 et
3347 4869 3614 4924 allectum.
3632 4870 3736 4924 57.

2159 4955 2258 5019 Qui
2285 4963 2422 5008 amat
2453 4966 2646 5025 patrem
2672 4965 2718 5009 et
2743 4967 2952 5011 matrem
2981 4959 3096 5029 plus
3121 4977 3270 5030 quant
3304 4977 3401 5024 me,
3444 4977 3542 5014 non
3564 4971 3634 5024 est
3662 4977 3738 5013 me

2156 5047 2338 5113 dignus
2358 5054 2439 5098 :et
2467 5047 2554 5114 qui
2573 5055 2710 5099 amat
2731 5047 2894 5115 [ilium
2917 5059 3002 5101 aut
3021 5050 3181 5118 ﬁliam
3205 5050 3317 5119 plus
3341 5067 3490 5116 quam
3514 5069 3611 5116 me,
3638 5067 3738 5104 non

2157 5145 2226 5190 est
2254 5151 2334 5187 me
2361 5135 2561 5205 dignus.
2595 5136 2683 5192 38.
2733 5136 2800 5190 Et
2838 5140 2923 5208 qui
2967 5156 3066 5192 non
3111 5141 3242 5193 tollit
3267 5158 3463 5195 crucem
3488 5158 3665 5204 suam,
3691 5149 3738 5193 et

2157 5225 2379 5294 sequitur
2418 5242 2516 5290 me,
2553 5243 2654 5282 non
2692 5238 2762 5282 est
2799 5245 2878 5282 me
2913 5229 3112 5300 dignus.
3142 5230 3330 5285 Vidisti
3371 5233 3736 5285 auctoritatem
3813 5297 3816 5299 Α

2159 5315 2426 5370 doctoris?
2463 5317 2638 5372 vidisti
2678 5320 2947 5388 quomodo
2995 5323 3241 5376 ostendat
3289 5324 3522 5390 seipsum
3551 5321 3738 5389 genui-

2158 5419 2284 5458 num
2316 5404 2487 5459 Patris
2515 5407 2732 5472 Filium,
2768 5411 2944 5464 omnia
2970 5413 3160 5481 jubens
3193 5412 3324 5466 infra
3355 5411 3654 5480 relinquere
3681 5421 3738 5466 et

2157 5494 2430 5548 caritatem
2457 5496 2572 5564 ejus
2597 5497 2897 5554 anteferre?
2924 5501 2990 5554 Et
3010 5501 3133 5571 quid
3159 5501 3296 5564 dico,
3326 5500 3511 5569 inquit,
3537 5500 3736 5556 amicos

2161 5594 2215 5637 et
2256 5589 2540 5656 cognatos?
2566 5589 2620 5644 Si
2648 5591 2879 5645 animam
2910 5603 3050 5646 tuam
3077 5591 3343 5645 dilectioni
3374 5607 3506 5646 meae.
3546 5593 3736 5664 praele-

2163 5688 2271 5745 ras,
2303 5681 2482 5750 procul
2513 5696 2571 5736 es
2600 5696 2630 5736 a
2661 5681 2793 5738 meis
2836 5681 3124 5750 discipulis.
3161 5679 3294 5747 Quid
3329 5679 3522 5753 igitur?
3556 5699 3732 5740 annon
