4042 6218
366 250 472 304 407

365 364 479 417 haec
506 361 775 417 contraria
804 362 968 416 veteri
1013 360 1112 429 legi
1141 362 1297 414 sunt?
1337 360 1521 424 Absit;
1554 360 1660 413 imo
1687 358 1760 411 illi
1794 357 1946 411 valde

363 463 680 509 cotisonant.
712 453 843 507 Nam
885 454 991 508 illic
1035 451 1339 506 idololatras
1368 466 1473 504 non
1502 450 1660 504 modo
1684 450 1828 514 odit,
1856 450 1950 503 sed

365 546 527 599 etiam
574 544 797 613 lapidari
840 545 1011 614 jubet.
1046 541 1112 595 Et
1154 544 1204 595 in
1252 542 1664 595 Deuteronomio
1713 540 1951 595 veritatis

367 636 600 690 etiltores
626 634 894 688 admirans
917 633 1027 685 ait:
1060 632 1158 698 Qui
1199 631 1321 684 dicit
1361 632 1493 700 patri
1523 632 1597 685 vel
1627 630 1795 692 matri,
1828 629 1949 682 Non

366 728 468 780 vidi
498 738 563 790 te,
595 736 641 781 et
671 729 852 795 fratres
879 739 996 778 suos
1022 740 1121 776 non
1152 722 1398 792 cognovit,
1431 732 1476 774 et
1507 722 1642 790 ﬁlios
1670 720 1946 789 ignoravit,

366 818 629 870 rnstodivit
672 816 869 884 eloquia
911 824 995 866 tua
1023 813 1199 883 (Deut.
1244 813 1331 867 55.
1377 812 1454 881 9).
1484 811 1632 876 Quod
1674 811 1716 863 si
1757 810 1951 864 Paulus

370 907 530 960 multa
571 906 711 958 circa
764 914 1013 973 parentes
1041 902 1345 971 praecipiat,
1386 913 1437 955 et
1480 903 1581 954 illis
1613 902 1664 954 in
1704 900 1950 953 omnibus

366 996 589 1064 obsequi
627 994 832 1062 jubeat,
875 1008 941 1047 ne
980 993 1232 1047 mireris:
1263 1008 1383 1046 nam
1417 992 1466 1044 in
1500 992 1601 1045 illis
1630 992 1797 1045 solum
1826 991 1953 1045 obe~

364 1089 483 1143 dire
523 1088 792 1158 prmeipit,
844 1102 961 1156 qua:
1009 1086 1190 1154 pietati
1240 1100 1345 1137 non
1399 1083 1639 1137 ofﬁciunt
1667 1102 1679 1135 :
1707 1091 1947 1136 sanctum

364 1180 563 1248 quippe
591 1181 676 1231 es‘t
721 1179 772 1230 in
819 1177 1030 1230 caeteris
1058 1175 1306 1229 omnibus
1344 1174 1549 1227 honore
1576 1175 1691 1226 illos
1715 1172 1947 1227 afﬁcere.

366 1273 498 1325 Cum
540 1281 718 1324 autem
751 1271 869 1338 plus
897 1283 1057 1338 quam
1091 1283 1186 1337 par
1223 1268 1293 1321 sit
1339 1266 1576 1334 exigunt,
1610 1281 1715 1319 non
1743 1273 1953 1334 oportet

368 1364 473 1416 illis
498 1362 888 1431 obtemperare.
925 1358 1127 1413 Idcirco
1154 1358 1280 1412 dicit
1328 1356 1496 1411 Lucas
1529 1375 1542 1410 :
1570 1356 1629 1411 Si
1678 1358 1789 1427 quis
1824 1359 1952 1409 venit

366 1454 436 1505 ad
462 1469 559 1517 me,
592 1462 639 1505 et
670 1469 769 1505 non
795 1452 899 1505 odit
926 1459 1117 1520 patrem
1146 1466 1295 1503 suum
1323 1459 1368 1501 et
1394 1458 1622 1513 matrem,
1652 1458 1697 1501 et
1724 1464 1949 1512 uxorem,

366 1553 415 1596 et
440 1543 575 1611 ﬁlios
601 1552 646 1595 et
673 1544 883 1612 fratres,
926 1540 1095 1592 adhuc
1122 1547 1286 1591 autent
1314 1548 1360 1592 et
1387 1538 1605 1590 animam
1631 1554 1773 1590 suam
1796 1577 1810 1601 ,
1853 1553 1952 1589 non

366 1644 527 1703 potest
554 1650 691 1686 meus
717 1650 823 1686 esse
849 1631 1128 1702 discipulus
1157 1629 1307 1700 (Luc.
1339 1631 1424 1684 14.
1456 1629 1550 1697 26)
1577 1646 1590 1682 :
1617 1642 1722 1682 non
1754 1629 1953 1696 simpli-

366 1728 500 1781 citer
523 1726 647 1781 odio
675 1725 874 1779 habere
897 1724 1108 1793 jubens,
1144 1722 1195 1776 id
1226 1722 1367 1776 enim
1399 1720 1684 1774 admodum
1716 1720 1952 1788 iniquum

366 1826 550 1881 esset;
598 1815 689 1870 sed
732 1816 775 1869 si
814 1815 939 1868 velit
972 1824 1030 1867 ut
1054 1828 1201 1866 ames
1230 1813 1375 1866 illum
1416 1812 1535 1880 plus
1563 1826 1719 1879 quam
1751 1826 1855 1874 me,
1889 1824 1951 1863 ea

367 1907 434 1962 de
458 1921 614 1961 causa
638 1904 761 1958 odio
784 1904 922 1958 habe
950 1904 1116 1957 illum.
1136 1902 1188 1955 ω
1211 1903 1351 1957 enim
1375 1913 1429 1955 et
1448 1910 1680 1953 amatqu
1705 1908 1950 1952 etamau-

369 2008 476 2053 tem
504 1996 773 2065 perderet.

436 2090 492 2142 2.
525 2088 635 2143 Hoc
667 2099 825 2154 porro
851 2084 1096 2148 dicebat,
1126 2090 1183 2135 ut
1210 2089 1263 2136 et
1292 2080 1431 2135 ﬁlios
1461 2080 1705 2133 fortiores
1728 2120 1741 2142 ,
1770 2087 1823 2133 et
1854 2092 1948 2147 pa-

369 2188 499 2245 tres,
524 2177 613 2246 qui
644 2175 1022 2244 impedimento
1044 2186 1163 2227 esse
1188 2172 1401 2235 vellent,
1427 2170 1810 2224 mansuetiores
1836 2168 1954 2222 red-

366 2271 541 2324 deret.
578 2267 785 2322 Etenim
829 2272 1006 2333 patres
1044 2262 1284 2317 videntes
1324 2261 1494 2330 ipsum
1539 2270 1735 2314 tantam
1767 2259 1871 2312 vim
1902 2267 1957 2311 et

370 2368 684 2429 potestatem
718 2356 913 2410 habere
938 2395 952 2419 ,
983 2363 1039 2408 ut
1070 2362 1245 2423 posset
1277 2351 1413 2406 ﬁlios
1446 2351 1513 2405 ab
1548 2351 1675 2420 ipsis
1702 2350 1952 2415 avellere,

368 2466 437 2506 ne
457 2466 519 2506 ea
543 2456 808 2504 tentarent
828 2462 945 2517 quae
970 2445 1083 2501 ﬁeri
1108 2460 1209 2498 non
1234 2452 1496 2514 poterant,
1516 2443 1755 2497 destituri
1781 2451 1953 2497 erant.

374 2542 495 2596 Ideo
525 2541 663 2594 ﬁlios
690 2538 861 2593 solum
897 2536 1202 2606 alloquitur,
1232 2536 1408 2589 missis
1438 2535 1698 2603 patribus,
1730 2550 1862 2603 quos
1891 2534 1958 2587 ab

372 2631 542 2686 inutili
572 2640 763 2685 conatu
791 2636 1022 2683 revocat.
1056 2626 1254 2682 Deinde
1282 2640 1348 2681 ne
1375 2626 1448 2680 illi
1481 2626 1879 2694 indignarentur
1906 2632 1961 2678 et

372 2737 513 2791 aegre
542 2720 773 2783 ferrent,
804 2719 925 2774 vide
955 2733 1060 2788 quo
1104 2731 1403 2771 sermonem
1440 2715 1684 2771 deducat.
1713 2716 1843 2770 Cum
1874 2714 1957 2769 di-

373 2817 541 2867 xisset
563 2812 726 2872 enim.
761 2809 861 2875 Qui
887 2826 989 2862 non
1018 2809 1125 2863 odit
1154 2818 1346 2877 patrem
1371 2817 1418 2861 et
1443 2816 1672 2872 matrem,
1697 2806 1862 2870 addit,
1898 2805 1961 2859 Et

372 2906 596 2957 animam
638 2919 798 2956 suam.
836 2900 969 2969 Quid
1013 2899 1142 2953 mihi
1172 2899 1402 2968 allegas,
1441 2898 1644 2966 inquit,
1678 2906 1957 2965 parentes,

375 2994 589 3059 fratres,
621 3008 854 3057 sorores,
892 2990 1146 3045 uxorem?
1175 2988 1313 3043 Nihil
1353 2989 1597 3056 cuiquam
1629 2986 1962 3055 coniunctius

373 3094 457 3140 est
485 3085 661 3139 anima
681 3125 696 3149 ,
728 3092 781 3139 et
810 3091 988 3137 tamen
1023 3079 1121 3135 nisi
1162 3094 1280 3134 eam
1314 3077 1435 3133 odio
1466 3077 1712 3131 habueris
1732 3116 1745 3141 ,
1778 3085 1960 3131 contra

375 3192 534 3245 quam
575 3176 701 3229 velit
739 3188 924 3227 amans
960 3171 1137 3226 omnia
1179 3170 1387 3225 cedent.
1431 3166 1612 3236 Neque
1655 3166 1965 3236 simpliciter

377 3269 521 3323 illam
548 3268 672 3323 odio
700 3265 898 3320 habere
922 3264 1101 3333 jussit,
1134 3261 1227 3316 sed
1258 3262 1326 3315 ita
1358 3268 1415 3313 ut
1443 3259 1508 3313 ad
1540 3259 1675 3313 bella
1706 3258 1961 3323 tradatur,

379 3361 445 3414 ad
485 3373 686 3429 pugnas
706 3398 719 3422 ,
748 3355 923 3411 caedes
945 3396 960 3421 ,
997 3354 1327 3422 sanguinem.
1369 3349 1506 3403 Nam
1534 3351 1618 3419 qui
1648 3366 1746 3404 non
1774 3349 1965 3419 ὺιψιιαι

381 3465 579 3502 crucem
618 3462 763 3501 suam
784 3487 799 3512 ,
830 3454 875 3498 et
903 3444 1035 3499 venit
1072 3453 1184 3513 post
1213 3458 1290 3495 me
1314 3483 1328 3507 ,
1360 3456 1460 3494 non
1503 3450 1659 3510 potest
1698 3456 1835 3493 meus
1863 3456 1967 3493 esse

384 3537 682 3607 discipulus.
717 3534 831 3590 Non
862 3534 991 3588 dicit
1020 3533 1211 3594 solum,
1235 3531 1301 3586 ad
1333 3542 1556 3586 mortem
1587 3536 1825 3600 paratum
1847 3544 1967 3585 esse

383 3636 621 3698 oportet;
662 3626 756 3682 sed
798 3626 865 3679 ad
912 3634 1137 3680 mortem
1176 3624 1500 3687 violentam;
1544 3636 1643 3676 nec
1680 3622 1965 3677 violentam

386 3719 581 3783 modo,
614 3718 708 3772 sed
738 3727 793 3771 et
822 3716 1249 3786 ignominiosam.
1277 3713 1523 3783 Nihilque
1550 3714 1721 3769 adhuc
1749 3714 1816 3768 de
1846 3728 1967 3781 pas-

388 3812 539 3865 sione
564 3824 659 3863 sua
687 3808 948 3878 loquitur,
979 3816 1036 3860 ut
1065 3807 1115 3860 in
1147 3806 1228 3861 his
1260 3806 1469 3860 interim
1506 3806 1731 3859 instituti
1766 3805 1969 3863 facilius

386 3914 449 3955 ac
478 3899 650 3954 lenius
678 3898 744 3952 de
774 3898 861 3952 illa
897 3897 1201 3966 loquentem
1229 3895 1491 3950 audirent.
1526 3897 1715 3949 Annon
1753 3904 1971 3964 stupen-

387 3993 512 4044 dum
534 3999 616 4045 est
638 3991 844 4044 illorum
872 3990 985 4043 lucc
1006 3988 1332 4042 audientium
1356 3987 1586 4041 animam
1610 4002 1712 4040 non
1734 3987 1973 4041 avolasse

391 4100 419 4133 a
446 4096 670 4151 corpore
689 4122 704 4147 ,
731 4096 851 4134 cum
891 4080 959 4134 de
1001 4078 1235 4133 tristibus
1265 4077 1438 4131 solum
1466 4086 1679 4147 agatur,
1713 4076 1972 4131 bonorum

392 4189 523 4228 vero
548 4189 671 4243 spes
698 4182 898 4227 tantum
930 4171 1219 4226 offeratur?
1244 4169 1522 4236 Quomodo
1548 4184 1677 4238 ergo
1709 4183 1815 4223 non
1851 4184 1976 4223 avo—

395 4265 561 4318 lavit?
584 4264 750 4317 Multa
781 4273 895 4317 erat
923 4261 1149 4316 dicentis
1176 4261 1361 4326 virtus,
1392 4268 1446 4315 et
1472 4259 1797 4314 audientium
1827 4274 1977 4315 amor

397 4356 614 4411 multus.
651 4356 875 4424 Ideoque
901 4356 1057 4423 longe
1087 4353 1298 4408 duriora
1328 4361 1383 4408 et
1417 4351 1725 4407 ouerosiora
1754 4350 1976 4405 audien-

393 4457 494 4511 tes,
526 4460 681 4517 quam
710 4446 882 4516 magni
913 4445 982 4499 illi
1015 4444 1110 4498 viri
1141 4444 1350 4514 Moyses
1377 4453 1428 4497 et
1461 4443 1740 4506 Jeremias,
1772 4443 1979 4497 obtem-

399 4549 666 4608 perantes,
696 4553 793 4592 nec
822 4547 1177 4606 repugnantes
1206 4536 1509 4590 manebant.
1548 4535 1634 4589 39.
1667 4534 1766 4599 Qui
1795 4536 1979 4588 invenit

399 4632 621 4685 animam
662 4648 804 4684 suam
825 4673 840 4694 ,
874 4630 1045 4700 perdet
1074 4644 1217 4693 eam,
1255 4636 1301 4680 ct
1337 4627 1422 4693 qui
1457 4626 1726 4694 perdiderit
1761 4627 1980 4678 animant

398 4742 540 4779 suam
572 4735 774 4794 prapter
801 4740 901 4789 me,
934 4722 1145 4775 inveniet
1171 4737 1300 4774 eam.
1328 4718 1516 4773 Viden'
1541 4727 1787 4787 quautam
1812 4716 1982 4786 jactu-

402 4832 515 4871 ram
548 4814 739 4868 faciant
769 4814 858 4883 qui
894 4814 1124 4868 animam
1154 4827 1303 4867 suam
1334 4811 1451 4881 plus
1475 4824 1635 4879 quam
1664 4817 1871 4877 oportet
1896 4809 1980 4863 dio

401 4915 564 4983 ligant
585 4912 608 4965 't
631 4921 986 4982 quantumque
1010 4912 1211 4965 lucrum
1238 4923 1422 4963 eorum
1448 4908 1537 4976 qui
1563 4905 1826 4960 oderunt?
1852 4905 1981 4972 Quia

403 5005 545 5058 enim
575 5012 836 5072 praecepta
862 5018 1085 5057 onerosa
1112 5008 1298 5056 erant;
1331 5014 1453 5052 nam
1479 5006 1663 5051 contra
1698 5005 1943 5065 parentes
1965 5036 1981 5063 ,

404 5097 563 5160 ﬁlios,
596 5104 859 5158 naturam,
892 5092 1282 5162 cognationem,
1320 5091 1525 5153 orbem,
1567 5088 1838 5157 ipsamque
1868 5086 1983 5139 ani-

405 5205 547 5244 mam
588 5188 755 5241 aciem
797 5186 1060 5240 instruere
1097 5183 1415 5252 oportebat:
1450 5181 1727 5234 utilitatem
1770 5177 1981 5247 adjicit,

404 5299 524 5350 qua:
556 5280 785 5334 maxima
810 5284 956 5333 certe
982 5285 1115 5331 erat.
1143 5275 1267 5329 Hmc
1286 5316 1300 5341 ,
1330 5275 1494 5343 inquit
1516 5315 1531 5340 ,
1558 5288 1663 5325 non
1692 5270 1850 5325 modo
1880 5286 1984 5324 non

407 5374 703 5437 nocebunt,
736 5369 832 5425 sed
862 5379 916 5425 et
950 5368 1179 5423 maxime
1210 5367 1503 5437 juvabunt;
1538 5365 1620 5419 bis
1647 5372 1822 5418 autem
1853 5378 1984 5417 con-

407 5467 564 5519 traria
593 5464 877 5519 nocebunt.
912 5461 964 5516 Id
998 5459 1188 5529 ubique
1214 5458 1336 5512 facit
1359 5499 1373 5523 ,
1403 5458 1468 5511 ab
1500 5457 1562 5510 iis
1588 5471 1704 5525 qum
1732 5452 1986 5525 concupi-

410 5565 583 5623 scunt,
614 5556 970 5611 inductionem
1004 5561 1171 5623 parat.
1204 5550 1311 5606 Cur
1347 5565 1450 5604 non
1482 5550 1558 5604 vis
1584 5549 1813 5603 animam
1846 5556 1987 5601 tuam

412 5648 680 5718 despicere
696 5650 718 5690 ν
742 5648 873 5717 Quia
897 5661 1043 5701 amas
1065 5643 1245 5700 illam?
1267 5642 1344 5698 οι)
1370 5641 1469 5697 hoc
1496 5642 1666 5712 ipsum
1692 5654 1818 5711 ergo
1846 5640 1984 5695 illam

1114 248 1167 302 S.
1199 248 1472 304 JOANNIS
1502 242 1968 302 CIFRYSOSTOMI
2005 244 2320 303 ARCHIEP.
2350 248 2876 307 CONSTANTINOP.

3536 246 3645 305 Mli

2057 358 2299 429 despice,
2332 371 2386 416 et
2429 372 2555 418 tunc
2602 365 2740 418 illam
2785 363 3014 419 maxime
3043 362 3286 434 juvabis,
3324 372 3480 435 teque
3516 381 3640 421 vere

2053 460 2318 505 amantem
2349 455 2748 507 monstraveris.
2781 454 2847 508 Et
2876 452 2999 508 vide
3029 453 3155 507 mihi
3188 454 3520 523 prudentiam
3553 458 3636 509 iu-

2054 538 2338 595 eﬁ'abilem.
2396 542 2510 596 Non
2549 543 2689 597 enim
2732 544 2783 597 in
2826 544 3133 612 parentibus
3170 554 3224 598 et
3268 545 3389 598 ﬁliis
3434 554 3638 599 tantmu

2055 642 2306 697 moratur,
2334 634 2425 688 sed
2453 635 2504 689 in
2531 636 2705 690 anima
2734 637 2971 690 omnium
2997 636 3294 701 carissima,
3322 646 3380 690 ut
3403 636 3542 705 quod
3569 637 3637 688 de

2055 721 2143 774 illa
2174 722 2334 788 dicit,
2368 723 2716 779 indubitatum
2744 732 2984 790 maneat,
3015 735 3069 779 et
3096 726 3251 779 simul
3280 726 3490 780 discant
3516 727 3639 779 illos

2054 812 2214 864 etiam
2243 813 2464 867 multum
2492 814 2620 869 lucri
2652 824 2701 869 et
2735 814 2976 868 utilitatis
3006 813 3128 869 hinc
3153 824 3465 883 accepturos
3492 830 3633 877 esse,

2055 904 2481 972 quandoquidem
2539 906 2663 960 illud
2712 906 2766 960 in
2820 908 3057 960 omnium
3113 906 3495 974 pretiosissima
3538 906 3641 960 sibi

2055 995 2230 1047 anima
2257 995 2496 1064 contigit.

2129 1086 2228 1150 Qui
2252 1088 2505 1155 apostolos
2526 1088 2819 1154 reciperent,
2842 1097 3031 1155 quanta
3053 1096 3467 1156 consequerentur
3487 1088 3638 1141 bona.

2054 1204 2125 1213 —
2152 1175 2275 1228 llam
2306 1190 2430 1228 vero
2460 1186 2705 1244 poterant
2735 1177 2975 1230 homines
3010 1176 3260 1231 inducere
3289 1177 3354 1230 ad
3393 1176 3512 1232 illos
3554 1194 3641 1232 rc-

2055 1264 2328 1333 cipiendos
2354 1267 2441 1333 qui
2472 1266 2571 1320 sibi
2602 1266 2755 1320 saluti
2785 1280 2903 1321 esse
2938 1267 3204 1321 valebant.
3234 1268 3363 1334 Quis
3394 1268 3536 1323 enim
3568 1270 3638 1323 ita

2056 1355 2222 1409 fortes
2248 1365 2598 1425 strenuosque
2624 1357 2785 1422 viros,
2809 1358 2897 1425 qui
2921 1358 3070 1426 quasi
3101 1358 3280 1413 leones
3304 1359 3491 1413 orbem
3515 1375 3640 1428 pcr-

2055 1444 2371 1507 currehaut,
2403 1445 2490 1513 qui
2522 1454 2577 1497 ut
2608 1445 2741 1498 alios
2785 1454 3063 1499 servarent
3098 1462 3190 1499 sua
3234 1448 3409 1499 omnia
3449 1457 3641 1502 eonte-

2057 1533 2345 1598 umebant,
2394 1550 2498 1587 non
2544 1533 2724 1588 libenti
2768 1536 2946 1588 animo
2991 1536 3349 1604 suscepisset?
3390 1539 3641 1593 Attamen

2056 1624 2213 1677 aliam
2241 1626 2386 1693 ponit
2413 1624 2713 1679 mercedem
2738 1664 2753 1689 ,
2786 1623 3075 1679 ostendens
3100 1666 3115 1689 ,
3142 1640 3200 1679 se
3238 1625 3469 1694 Ιιοενίιίο
3500 1628 3641 1681 reei-

2059 1715 2289 1783 pieutem
2313 1755 2328 1780 ,
2357 1731 2513 1784 quam
2540 1724 2809 1784 receptum
2842 1715 2940 1769 hac
2967 1716 3018 1769 in
3048 1731 3104 1769 re
3135 1716 3301 1785 magis
3333 1731 3540 1770 curare.
3579 1718 3644 1771 Et

2057 1806 2286 1875 primum
2318 1808 2530 1876 quidem
2558 1807 2648 1860 dat
2687 1807 2960 1875 prtemium
2985 1848 3000 1873 ,
3032 1808 3216 1861 dicens
3244 1825 3257 1860 :
3306 1808 3396 1861 40.
3429 1808 3529 1875 Qui
3554 1826 3637 1862 re-

2057 1897 2178 1965 cipit
2207 1914 2311 1962 vos,
2343 1914 2420 1951 nte
2444 1898 2658 1967 recipit;
2686 1907 2733 1949 et
2756 1897 2843 1966 qui
2880 1913 2957 1949 me
2984 1899 3181 1965 recipit,
3209 1898 3387 1965 recipit
3417 1915 3530 1950 eum
3556 1902 3643 1967 qui

2058 2004 2136 2040 me
2161 1988 2312 2039 misit.
2343 1986 2440 2042 Cui
2484 1988 2559 2042 rei
2602 1986 2726 2055 quid
2774 2002 2868 2055 par
2905 2002 3152 2055 umquam
3200 1986 3387 2053 fuerit,
3428 1988 3640 2043 Patrem

2058 2093 2249 2147 nempe
2273 2088 2327 2132 et
2360 2078 2547 2132 Filium
2589 2079 2868 2147 recipere?
2902 2078 3069 2133 Aliam
3108 2087 3226 2147 post
3262 2079 3399 2134 hanc
3427 2096 3636 2135 merce-

2058 2170 2179 2224 dem
2220 2170 2526 2238 pollicetur;
2562 2186 2681 2223 nam
2712 2170 2784 2223 ait
2814 2188 2826 2222 :
2856 2169 2946 2224 4i.
2993 2168 3091 2233 Qui
3126 2170 3303 2239 recipit
3346 2171 3642 2239 prophetam

2058 2263 2109 2315 in
2135 2263 2334 2315 nomine
2358 2262 2633 2330 prapltette,
2659 2262 2931 2314 mercedem
2958 2262 3219 2329 propheta:
3240 2263 3469 2331 accipiet,
3494 2273 3537 2316 et
3558 2265 3645 2332 qui

2058 2352 2235 2419 recipit
2256 2353 2450 2422 justum
2479 2352 2530 2404 in
2558 2353 2757 2405 nomine
2784 2352 2934 2420 justi,
2964 2353 3237 2405 mercedem
3258 2353 3387 2420 justi
3409 2354 3641 2421 accipiet.

2061 2443 2230 2513 Supra
2279 2460 2490 2513 pmuam
2534 2443 2905 2498 interminatur
2941 2443 3005 2496 iis
3042 2444 3129 2511 qui
3170 2459 3273 2497 non
3305 2446 3646 2513 receperint;

2062 2533 2149 2587 hic
2170 2547 2296 2588 vero
2320 2534 2578 2587 bonorum
2601 2534 2926 2603 largitionem
2948 2533 3152 2587 deﬁnit.
3178 2533 3246 2589 Ut
3273 2542 3450 2588 autem
3471 2535 3649 2590 discas

2064 2624 2207 2677 illum
2237 2624 2334 2677 hos
2363 2624 2592 2678 maxime
2619 2639 2807 2677 curare
2827 2665 2841 2689 ,
2873 2639 2978 2678 non
3009 2623 3143 2677 dixit
3172 2634 3370 2678 tantum
3391 2666 3406 2689 ,
3442 2626 3539 2691 Qui
3569 2644 3651 2678 re-

2061 2715 2181 2784 cipit
2207 2716 2530 2785 prophetam,
2560 2714 2677 2777 vel,
2711 2714 2810 2780 Qui
2849 2716 3026 2785 recipit
3044 2716 3245 2782 justum
3265 2756 3281 2780 ,
3309 2715 3401 2769 sed
3429 2714 3609 2783 adjicit
3630 2757 3647 2780 ,

2064 2806 2132 2859 In
2160 2807 2360 2859 nomine
2396 2806 2684 2876 prophetat,
2714 2815 2796 2871 et,
2829 2804 2895 2860 In
2922 2806 3124 2860 nomine
3154 2807 3324 2878 justi;
3365 2806 3415 2861 id
3454 2816 3570 2874 est,
3601 2811 3647 2861 si

2066 2913 2171 2954 non
2218 2908 2434 2968 prepter
2477 2897 2729 2953 sasculare
2773 2898 3158 2967 patrocinium,
3199 2898 3283 2952 vel
3324 2898 3647 2953 caducarum

2065 3005 2243 3045 rerum
2268 3004 2449 3055 causa,
2481 2990 2804 3058 susceperit;
2837 2988 2929 3043 sed
2956 2990 3077 3058 quia
3106 2987 3383 3058 propheta,
3414 2988 3496 3043 vel
3526 2990 3650 3058 quia

2062 3081 2238 3151 justus
2267 3089 2369 3147 est,
2399 3081 2697 3136 mercedem
2730 3082 2999 3151 prophetae
3025 3080 3110 3135 vel
3136 3081 3265 3149 justi
3294 3081 3536 3151 accipiet,
3566 3082 3654 3137 vel

2068 3189 2223 3241 quam
2252 3188 2348 3243 par
2368 3184 2449 3228 est
2476 3173 2717 3243 accipere
2742 3189 2860 3227 eum
2887 3173 2974 3242 qui
3001 3173 3084 3227 vel
3120 3172 3427 3241 prophetam
3458 3174 3537 3227 vel
3561 3174 3651 3241 ju-

2068 3274 2205 3319 sunn
2234 3264 2513 3334 receperit,
2539 3264 2623 3318 vel
2648 3264 2854 3332 qualem
2880 3263 3134 3331 propheta
3156 3264 3239 3316 vel
3263 3264 3439 3331 justus
3462 3278 3656 3317 conse-

2070 3356 2265 3425 quitur.
2293 3356 2443 3421 Quod
2474 3362 2527 3411 et
2554 3355 2745 3409 Paulus
2770 3353 2978 3409 dicebat
3001 3370 3015 3407 :
3054 3352 3227 3407 Vestra
3253 3354 3561 3407 abundantia
3587 3354 3656 3405 ad

2070 3448 2273 3500 illormn
2298 3448 2555 3514 inopiam,
2586 3454 2641 3498 ut
2679 3446 2883 3499 illorum
2921 3444 3230 3498 abundantia
3254 3446 3317 3498 sit
3347 3444 3415 3495 ad
3438 3453 3655 3497 vestram

2070 3539 2294 3608 inopiam
2322 3538 2396 3609 (2.
2434 3536 2551 3593 Cor.
2581 3537 2634 3592 8.
2667 3538 2779 3605 14).
2812 3536 3010 3591 Deinde
3036 3552 3103 3591 ne
3132 3537 3251 3606 quis
3288 3545 3656 3605 paupertatem

2072 3630 2417 3695 obtenderet,
2446 3629 2520 3682 ait
2546 3646 2560 3682 :
2590 3627 2677 3683 42.
2710 3628 3019 3696 Quicumque
3052 3638 3226 3696 potum
3254 3627 3447 3681 dederit
3475 3628 3563 3679 uni
3592 3643 3660 3680 ex

2074 3722 2291 3775 minimis
2330 3722 2438 3775 istis
2474 3721 2676 3773 calicem
2716 3736 2861 3789 aqua:
2898 3720 3099 3790 frigidm
3140 3728 3333 3772 tantum
3371 3719 3423 3770 in
3457 3719 3663 3771 nomine

2076 3812 2333 3882 discipuli,
2365 3827 2511 3865 amen
2539 3811 2651 3864 dico
2677 3810 2832 3874 vobis,
2864 3826 2964 3862 non
2993 3809 3163 3877 perdet
3189 3808 3463 3862 mercedem
3486 3825 3658 3861 suam.

2078 3902 2296 3957 Etiamsi
2318 3901 2398 3955 vel
2425 3908 2605 3969 polum
2632 3914 2781 3968 aquae
2810 3896 3013 3966 frigidae
3043 3896 3276 3962 dederis,
3306 3897 3358 3951 in
3385 3911 3489 3966 quo
3515 3896 3660 3949 nulla

2080 3994 2314 4060 impensa
2354 4000 2468 4055 est,
2510 3989 2609 4044 erit
2649 3988 2741 4043 tibi
2784 3987 3015 4057 reposita
3055 4002 3280 4042 merces.
3316 3986 3538 4056 Propter
3564 4001 3665 4040 vos

2079 4086 2242 4150 enim,
2265 4085 2354 4153 qui
2382 4083 2631 4153 recipitis,
2655 4082 2832 4137 omnia
2860 4079 3020 4135 facio.

2151 4176 2204 4230 3.
2252 4173 2492 4229 Vidistin‘
2538 4172 2853 4243 quibusnam
2898 4170 2965 4225 ad
3020 4167 3449 4241 persuadendum
3493 4182 3663 4230 usus,

2081 4265 2357 4320 universas
2406 4264 2509 4319 illis
2555 4262 2703 4318 orbis
2746 4261 2936 4316 domos
2982 4262 3291 4331 aperuerit?
3337 4260 3439 4315 Per
3484 4259 3665 4313 omnia

2082 4356 2276 4426 quippe
2305 4354 2534 4410 ostendit
2562 4366 2746 4407 omnes
2788 4352 2917 4422 ipsis
2953 4364 3073 4405 esse
3108 4349 3378 4404 debitores
3411 4366 3424 4402 :
3454 4350 3662 4419 primo,

2084 4462 2203 4501 cum
2232 4445 2364 4499 dixit
2392 4464 2405 4499 :
2436 4444 2632 4515 Dignus
2665 4452 2735 4496 est
2772 4443 3033 4512 operarius
3070 4440 3295 4493 mercede
3319 4456 3413 4493 sua
3441 4438 3663 4507 (Matth.

2086 4537 2172 4592 10.
2202 4536 2310 4606 10);
2343 4535 2575 4589 secundo
2595 4575 2609 4601 ,
2634 4531 2772 4603 quod
2802 4530 2928 4586 nihil
2952 4530 3209 4584 habentes
3238 4540 3291 4584 et
3317 4543 3514 4584 vacuos
3542 4531 3667 4581 tuit-

2086 4638 2160 4683 tat
2185 4645 2198 4691 ;
2230 4628 2407 4693 tertio,
2430 4626 2568 4694 quod
2594 4624 2659 4678 ad
2683 4624 2817 4678 bella
2840 4632 2893 4677 et
2913 4637 3113 4692 pugnas
3137 4637 3231 4690 pro
3253 4619 3670 4689 suscipientibus

2086 4719 2290 4782 mittat;
2317 4724 2526 4786 quarto,
2555 4713 2695 4784 quod
2722 4714 2870 4783 signa
2901 4709 3152 4781 operandi
3184 4710 3276 4765 det
3309 4718 3667 4778 potestatem;

2086 4809 2300 4880 quinto,
2324 4807 2464 4877 quod
2492 4820 2708 4875 pacem,
2740 4804 2999 4858 bonorum
3030 4802 3265 4855 oumium
3294 4814 3541 4863 causam,
3575 4814 3671 4867 per

2087 4917 2149 4957 os
2187 4915 2371 4956 eorum
2417 4899 2470 4953 in
2512 4897 2702 4952 domos
2745 4894 3146 4963 suscipientium
3191 4892 3443 4957 inducat;
3484 4900 3672 4954 sexto,

2024 4993 2229 5065 ..ψιοά
2266 4993 2508 5063 graviora
2552 4987 2891 5046 Sodomiticis
2929 4984 3302 5041 interminetur
3342 4985 3408 5038 iis
3440 4982 3529 5052 qui
3565 4996 3673 5035 non

2092 5088 2234 5155 ipsos
2260 5082 2627 5152 susceperint;
2662 5079 2909 5147 septimo,
2941 5076 3080 5147 quod
3111 5075 3375 5135 ostendat.
3405 5074 3496 5144 qui
3528 5075 3677 5142 ipsos

2091 5176 2418 5245 suscipiunt,
2449 5182 2502 5227 et
2528 5187 2589 5227 se
2623 5180 2674 5224 et
2710 5170 2916 5223 Patrem
2946 5167 3249 5235 suscipere;
3279 5174 3499 5229 octavo,
3531 5164 3675 5232 quod

2094 5268 2363 5338 prephcta:
2392 5274 2445 5321 et
2477 5263 2603 5334 justi
2639 5260 2936 5317 mercedem
2977 5258 3286 5330 promittat;
3317 5269 3459 5310 nono
3482 5296 3498 5319 ,
3530 5256 3678 5324 quod

2092 5360 2243 5416 calici
2270 5373 2418 5428 aqua:
2447 5355 2645 5425 frigidm
2675 5367 2919 5422 magnam
2949 5351 3183 5419 assignet
3214 5346 3541 5401 mercedem.
3570 5345 3681 5399 Ilo-

2096 5466 2212 5506 rum
2238 5445 2648 5517 unumquodque
2678 5452 2885 5512 poterat
2905 5441 3022 5495 illos
3044 5438 3331 5493 attrahere.
3357 5436 3486 5504 Quis
3507 5436 3677 5497 enim,

2097 5557 2277 5613 quaeso
2296 5581 2311 5608 ,
2342 5540 2529 5595 ducem
2565 5536 2751 5591 videns
2788 5534 2933 5589 mille
2957 5530 3261 5586 vulneribus
3287 5528 3595 5583 confossum
3623 5536 3679 5581 et

2099 5642 2449 5698 cruentatum,
2480 5644 2541 5684 ac
2568 5636 2686 5700 post
2707 5624 2870 5683 multa
2898 5632 3094 5693 tropzea
3115 5636 3179 5677 ex
3205 5619 3342 5676 bello
3364 5616 3687 5673 redeuutem
