4042 6218
365 412 472 466 407

366 523 476 586 ζων
501 525 685 596 φησίν·
722 525 783 579 '0
810 525 1004 594 λέγων
1021 525 1098 591 τῷ
1127 528 1303 594 πατρί
1326 529 1424 582 και
1452 529 1526 596 τῇ
1541 531 1743 598 μητρὶ,
1780 533 1903 598 Οὐχ
1933 531 2027 583 ἑώ-

356 610 516 677 ρακά
567 627 659 676 σε,
691 612 788 668 καί
820 611 960 678 τοὺς
1000 612 1301 682 ἀδελφοὺς
1345 616 1530 669 αὐτοῦ
1570 618 1680 670 οὐκ
1721 615 1892 685 ἔγνω,
1927 617 2026 670 καί

364 695 506 760 τοὺς
539 696 707 762 υἱοὺς
743 697 930 751 αὐτοῦ
964 697 1234 768 ἀπέγνω,
1285 700 1552 768 ἐφύλαξε
1586 701 1659 755 τὰ
1684 704 1858 772 λόγιά
1885 721 2024 759 σου.

363 781 425 832 Εἰ
449 782 506 834 δέ
542 784 571 836 ὁ
595 782 802 847 Παῦλος
829 784 998 838 πολλὰ
1022 785 1151 856 περὶ
1179 788 1379 854 γονέων
1399 788 1440 819 ⁸³
1469 787 1825 856 διατάττεται,
1851 792 2028 846 πάντα

361 862 543 930 αῦτοῖς
593 869 889 924 ὑπακούειν
939 872 1194 938 κελεύων,
1242 873 1317 945 μὴ
1363 874 1669 948 θαυμάσῃς·
1721 879 1801 940 εἰς
1844 880 2026 932 ἐκεῖνα

360 951 468 1021 7&9
501 953 662 1021 μόνον
681 955 726 987 ⁸·
752 955 918 1026 φησὶν
948 957 1262 1022 ὑπακούειν,
1292 960 1391 1013 ὅσα
1421 960 1495 1031 μὴ
1529 949 1906 1032 παραϐλάπτει
1931 963 2026 1034 τὴν

358 1036 658 1093 εὐσέϐειαν.
683 1040 796 1093 Kal
815 1040 923 1113 7&9
953 1042 1096 1096 ὅσιον
1123 1043 1222 1114 τήν
1249 1044 1416 1116 ἀλλην
1436 1046 1620 1110 αὐτοῖς
1645 1047 1864 1101 ἅπασαν
1885 1051 2025 1103 ἀπο-

354 1121 553 1177 διδόναι
585 1127 776 1195 τιμήνο
809 1128 937 1182 ὅταν
973 1129 1032 1182 δὲ
1061 1130 1222 1184 πλέον
1252 1133 1351 1198 τῆς
1393 1133 1746 1206 ὀφειλομένης
1782 1137 2026 1190 ἀπαιτῶ-

357 1224 463 1271 σιν,
487 1209 549 1262 οὑ
571 1210 652 1264 δεῖ
683 1213 986 1269 πείθεσθαι.
1019 1217 1118 1270 Διά
1147 1217 1306 1271 τοῦτο
1326 1219 1355 1271 ό
1384 1219 1597 1282 Λουκᾶς
1628 1238 1812 1291 φησιν’
1842 1223 1915 1274 El
1936 1240 2025 1289 τις

355 1294 591 1362 ἔρχεται
617 1299 768 1366 πρός
787 1317 882 1368 με,
911 1301 1011 1356 καὶ
1040 1304 1112 1356 οὐ
1131 1303 1300 1370 μισεῖ
1320 1304 1428 1358 τὸν
1446 1306 1670 1374 πατέρα
1689 1307 1896 1373 αὐτοῦ,
1923 1307 2022 1362 καὶ

352 1380 469 1446 τὴν
484 1385 731 1452 μητέρα,
758 1387 857 1440 καί
877 1387 993 1454 τὴν
1015 1389 1290 1458 γυναῖκα,
1313 1391 1411 1445 καί
1434 1391 1507 1446 τὰ
1532 1392 1732 1458 τέκνα,
1763 1393 2026 1462 καὶτοὺς

351 1467 687 1537 ἀδελφοὺς,
717 1473 804 1526 ἔτι
840 1473 910 1526 δὲ
936 1475 1036 1529 καί
1069 1475 1188 1543 τὴν
1214 1476 1429 1546 ψυχὴν
1452 1479 1568 1546 τὴν
1603 1479 1819 1534 ἑαυτοῦ
1851 1481 1920 1545 ⁸³,
1951 1484 2025 1537 οὐ

351 1551 602 1610 δύναταί
633 1575 751 1627 μου
785 1561 1060 1627 μαθητὴς
1099 1557 1284 1616 εἶναι’
1312 1563 1411 1633 οὐχ
1454 1565 1640 1628 ἁπλῶς
1675 1568 1903 1635 μισῆσαι
1931 1581 2024 1621 κθ

349 1637 541 1704 λεύων,
575 1643 696 1695 ἐπεὶ
713 1642 872 1697 τοῦτο
903 1646 998 1698 καί⁵
1026 1646 1074 1678 ⁸⁸
1105 1647 1309 1718 σφόδρα
1345 1650 1682 1721 παράνομον,
1705 1651 1820 1705 ἀλλ’
1856 1653 2024 1707 Ὅταν

351 1723 608 1796 βούληται
656 1728 817 1782 πλέον
863 1729 996 1800 ἐμοῦ
1044 1732 1351 1800 φιλεῖσθαι,
1400 1736 1631 1805 μίσησον
1672 1738 1836 1792 αὑτὸν
1880 1740 2023 1794 κατά

347 1810 526 1866 τοῦτο.
563 1813 734 1866 Τοῦτο
774 1813 883 1886 γὰρ
911 1818 1004 1870 καὶ
1032 1816 1194 1873 αὐτὸν
1217 1821 1310 1874 τὸν
1336 1821 1659 1892 φιλούμενον
1689 1825 1783 1878 καὶ
1810 1825 1902 1880 τὸν
1940 1845 2024 1896 φι-

347 1898 546 1955 λοῦντα
575 1901 855 1961 ἀπόλλυσι.

422 1986 489 2056 β’.
528 1988 714 2043 Ταῦτα
767 1991 826 2044 δὲ
881 1992 1054 2062 ἔλεγε,
1089 1994 1184 2048 καὶ
1219 1995 1344 2057 τοὺς
1373 1995 1569 2058 παῖδάς
1613 1995 2018 2069 ἀνδρειοτέρους

349 2073 735 2144 ἐργαζόμενος,
766 2077 861 2132 καὶ
893 2080 1019 2143 τοὺς
1038 2081 1282 2151 πατέρας
1315 2081 1442 2144 τοὺς
1475 2081 1768 2151 μέλλοντας
1789 2084 2019 2139 κωλύειν

347 2160 682 2231 πραοτέρους
701 2163 889 2218 ποιῶν.
905 2165 1171 2239 Ὁρῶντες
1189 2166 1319 2238 γὰρ,
1337 2168 1417 2220 ὅτι
1442 2168 1709 2238 τοσαύτην
1735 2171 1886 2240 ἰσχὺν
1907 2169 2018 2241 ἔχει

347 2244 439 2296 καὶ
465 2243 714 2316 δύναμιν,
739 2249 814 2311 ὡς
839 2250 1150 2320 ἀποσχίζειν
1185 2253 1364 2306 αὐτῶν
1388 2253 1456 2307 τὰ
1477 2254 1667 2316 τέκνα,
1699 2254 1793 2308 ἆτε
1823 2255 2018 2310 ἀδυνά-

345 2345 458 2392 τοις
485 2331 907 2402 ἐπιχειροῦντες,
924 2338 1030 2392 ,καὶ
1056 2336 1386 2405 ἀφίστασθαι
1413 2336 1752 2407 ἐμελλον.Διὸ
1779 2342 1870 2394 καί
1894 2341 2018 2394 τού-

343 2432 470 2478 τους
485 2418 662 2484 ἀφεὶς,
682 2420 818 2490 πρὸς
837 2422 1082 2486 ἐκείνους
1105 2427 1338 2478 ποιεῖται
1357 2424 1448 2478 τὸν
1468 2425 1645 2493 λόγον,
1661 2428 1880 2491 τούτους
1902 2445 2020 2483 παι-

341 2500 511 2555 δεύων
527 2503 576 2536 ”
591 2504 666 2574 μὴ
685 2506 1000 2576 ἐπιχειρεῖν,
1015 2509 1110 2562 άτε
1125 2510 1426 2581 ἀμηχάνοις
1442 2512 1870 2582 ἐπιχειροῦντας.
1883 2509 2019 2569 Εἶτα

344 2587 434 2640 ἵνα
476 2589 551 2658 μὴ
587 2591 966 2658 ἀγανακτῶσιν
1011 2597 1227 2660 ἐκεῖνοι,
1280 2598 1414 2666 μηδέ
1446 2598 1887 2669 δυσχεραίνωσιν,
1918 2601 2018 2673 ὅρα

341 2674 444 2726 ποῦ
472 2676 704 2746 προάγει
731 2679 822 2733 τὸν
841 2679 1019 2748 λόγον.
1044 2681 1226 2735 Εἰπὼν
1245 2682 1481 2751 γάρ,Ὃς
1507 2685 1580 2737 οὐ
1604 2684 1773 2752 μισεῖ
1794 2686 2018 2752 πατέρα

340 2759 702 2831 καὶμητέρα,
730 2765 996 2835 ἐπήγαγε,
1024 2767 1130 2821 Kal
1166 2767 1282 2833 τὴν
1307 2768 1524 2821 ἑαυτοῦ
1552 2769 1780 2838 ψυχήν.
1807 2771 1872 2824 Τί
1909 2772 2016 2843 γάρ

343 2863 434 2914 μοι
473 2846 654 2914 λέγεις
690 2851 818 2914 τοὺς
844 2854 1258 2922 γεγεννηκότας,
1292 2855 1445 2923 φησί,
1473 2855 1566 2908 καὶ
1595 2855 1876 2925 ἀδελφοὺς,
1921 2858 2016 2911 καὶ

338 2931 595 3000 ἀδελφὰς,
628 2937 722 2989 καί.
764 2940 1030 3006 γυναῖκα;
1058 2940 1253 3009 Ψυχῆς
1280 2941 1430 2994 οὐδὲν
1457 2942 1782 3013 οἰκειότερον
1805 2943 1977 2997 οὐδενί
1995 2961 2010 2976 ο

338 3017 454 3071 ἀλλ’
473 3020 622 3088 ὅμως
647 3021 743 3075 ἐὰν
768 3023 842 3094 μὴ
865 3026 959 3079 καὶ
986 3025 1190 3095 ταύτην
1218 3030 1472 3100 μισήσῃς,
1499 3029 1758 3083 τάναντία
1782 3029 1875 3081 τοῦ
1897 3029 2015 3098 φιλ-

337 3103 526 3169 οῦντος
564 3107 846 3182 ὑποστήσῃ
878 3112 1074 3166 πάντα.
1115 3113 1224 3166 Kal
1274 3112 1420 3186 [400]
1465 3115 1583 3168 οὐδὲ
1628 3115 1815 3179 ἁπλῶς
1847 3117 2014 3188 αὐτὴν

341 3191 569 3261 μισῆσαι
585 3195 889 3261 ἐκέλευσεν,
901 3198 1015 3252 ἀλλ’
1025 3199 1163 3253 ὥστε
1183 3200 1275 3254 καὶ
1291 3203 1372 3264 εἰς
1389 3201 1625 3271 πόλεμον
1638 3204 1820 3267 καὶείς
1836 3205 2014 3276 μάχας

338 3277 507 3348 αὐτὴν
535 3281 816 3346 ἐκδιδόναι,
833 3284 928 3337 καὶ
961 3287 1041 3348 εἰς
1075 3286 1289 3354 σφαγὰς
1324 3287 1418 3340 καί⁸
1443 3288 1779 3358 αἴματα.Ὃς
1802 3291 1914 3359 γὰρ
1940 3294 2012 3346 οὐ

331 3364 617 3428 ,βαστάζει
648 3368 754 3424 τὸν
781 3375 1047 3440 σταυρὸν
1063 3375 1270 3435 αὐτοῦ,
1289 3375 1388 3428 καί
1410 3376 1643 3444 ἔρχεται
1663 3379 1855 3432 ὀπίσω
1869 3398 2009 3448 μου,

335 3454 410 3506 οὐ
429 3453 685 3508 δύναταί
691 3458 866 3524 μου⁸⁶
880 3461 1153 3527 μαθητὴς
1173 3458 1344 3514 εἶναι.
1361 3462 1492 3514 Οὐδὲ
1509 3462 1616 3533 7&9
1639 3463 1824 3528 ἁπλῶς
1839 3463 2008 3534 εἶπεν,

335 3538 420 3592 ὅτι
468 3539 606 3610 πρὸς
651 3541 879 3596 θάνατον
913 3545 995 3598 δεῖ
1027 3547 1456 3617 παρατετάχθαι,
1487 3548 1608 3610 ,ἀλλ’
1634 3551 1715 3602 ὃτι
1748 3553 1843 3604 καὶ
1875 3553 2012 3624 πρὸς

336 3625 565 3679 θάνατον
585 3626 758 3696 βίαιον
775 3643 790 3658 ⁸
816 3630 908 3683 καὶ
928 3632 986 3683 οὐ
1014 3633 1150 3701 πρὸς
1161 3634 1204 3664 ⁸⁷
1233 3633 1402 3703 βίαιον
1437 3635 1615 3704 μόνον,
1645 3637 1780 3691 ἀλλὰ
1801 3639 1895 3692 καὶ
1915 3641 2012 3692 ἐπ-

333 3713 643 3768 ονείδιστον.
662 3709 771 3768 Kal
795 3717 946 3772 οὐδὲν
973 3719 1184 3773 οὐδέπω
1208 3721 1335 3791 περί
1363 3721 1457 3774 τοῦ
1479 3723 1678 3775 οἰκείου
1707 3724 2009 3794 διαλέγεται

335 3800 561 3864 πάθους,
577 3803 662 3856 ἵνα
681 3804 818 3868 τέως
840 3807 897 3858 ἐν
915 3808 1122 3871 τούτοις
1142 3808 1520 3874 παιδευθέντες
1540 3812 1904 3885 εὐκολώτερον
1918 3815 2009 3871 τὸν

334 3889 466 3957 περί
490 3890 697 3945 ἐκείνου
719 3892 974 3957 δέξωνται
1003 3892 1253 3962 λόγον.”Α
1266 3915 1332 3966 ρα
1349 3899 1450 3951 οὐκ
1478 3899 1626 3965 ἄξιον
1648 3901 2004 3972 ἐκπλαγῆναι,

333 3975 454 4038 πῶς
483 3975 656 4030 ταῦτα
679 3978 983 4033 ἀκουόντων
1013 3981 1191 4035 αὐτῶν
1212 3983 1312 4036 οὐκ
1339 3983 1560 4054 άπέπτη
1582 3987 1675 4039 τοῦ
1703 3987 1953 4058 σώματος
1973 3992 2004 4059 ή

329 4061 497 4132 ψυχὴ,
514 4064 787 4133 πανταχοῦ
803 4064 909 4118 τῶν
937 4067 1033 4135 μὲν
1052 4067 1313 4137 λυπηρῶν
1338 4070 1395 4122 ἐν
1418 4071 1603 4140 χερσὶν
1620 4073 1809 4140 ὄντων,
1823 4074 1929 4128 τῶν
1952 4077 2008 4130 δὲ

328 4150 583 4219 χρηστῶν
608 4151 665 4202 ἐν
696 4151 910 4216 ἐλπίσι;
947 4153 1071 4218 Πῶς
1092 4150 1185 4208 οῦν
1217 4156 1317 4208 οὐκ
1338 4156 1594 4227 άπέπτη;
1628 4159 1802 4229 Πολλὴ
1853 4162 1946 4214 καὶ
1972 4163 2004 4232 ή

325 4233 422 4287 τοῦ
449 4235 696 4304 λέγοντος
715 4236 945 4308 δύναμις
957 4234 1043 4308 ἦν,
1063 4241 1204 4311 καίή
1231 4241 1338 4294 τῶν
1356 4243 1660 4297 ἀκουόντων
1684 4245 1893 4313 ἀγάπη.
1913 4248 2003 4299 Διὸ

326 4319 510 4390 πολλῷ
529 4322 905 4393 φορτικώτερα
933 4324 1028 4376 καὶ
1057 4325 1354 4396 ἐπαχθέστε
1365 4345 1432 4398 ρα
1453 4328 1560 4381 τῶν
1589 4330 1841 4399 μεγάλων
1860 4333 1951 4384 ἐκε
1960 4333 2003 4384 ί-

325 4423 434 4460 νων
472 4408 763 4472 ἀκούοντες·
785 4409 994 4480 ἀνδρῶν
1023 4411 1130 4465 τῶν
1157 4414 1284 4484 περὶ
1312 4415 1548 4469 Μωῦσέα
1575 4418 1670 4470 καί
1711 4418 2000 4489 Ἱερεμίαν,

322 4491 516 4561 ἔμενον
536 4494 843 4564 πειθόμενοι
867 4497 962 4550 καὶ
990 4498 1144 4551 οὐδὲν
1172 4499 1561 4568 ἀντιλέγοντες.
1579 4502 1642 4555 Ὃ
1668 4504 1860 4571 εὑρὼν
1889 4505 2002 4573 τὴν

320 4579 537 4648 ψυχὴν
556 4581 763 4647 αὐτοῦ,
781 4584 964 4653 φησὶν,
980 4585 1267 4639 ἀπολέσει
1283 4586 1497 4655 αὐτὴν,
1515 4589 1612 4642 καί
1641 4592 1674 4643 ό
1695 4591 2005 4658 ἀπολέσας

317 4665 440 4733 τὴν
465 4667 678 4736 ψυχὴν
707 4669 893 4722 αὐτοῦ
918 4670 1126 4724 ἕνεκεν
1149 4671 1316 4741 ἐμοῦ,
1340 4673 1584 4740 εΐζρήσει
1617 4677 1830 4744 αὑτήν.
1850 4673 2004 4742 Εἶδες

316 4751 488 4806 πόσον
516 4753 624 4806 τῶν
647 4753 796 4824 παρά
817 4753 878 4807 τὸ
896 4755 1014 4809 δέον
1034 4758 1327 4825 φιλούντων
1353 4760 1415 4813 τὸ
1439 4761 1665 4830 βλάϐος;
1699 4763 1863 4817 πόσον
1889 4765 2000 4818 τῶν

317 4840 626 4923 μισούντων
644 4841 704 4893 τὸ
719 4841 908 4910 κέρδος
925 4860 938 4905 ;
969 4845 1184 4914 Ἐπειδὴ
1200 4847 1386 4915 γάρτά
1403 4850 1752 4920 ἐπιτάγματα
1767 4853 1999 4923 φορτικὰ

311 4922 409 4997 ἦν,
433 4926 570 4996 πρὸς
596 4927 808 4994 γονέας,
839 4930 932 4981 καὶ
965 4931 1180 4994 παῖδας,
1200 4934 1293 4987 καὶ
1320 4933 1500 5003 φύσιν,
1533 4937 1627 4989 καὶ
1657 4922 1995 5006 συγγένειαν,

312 5012 415 5064 καὶ
443 5010 541 5081 τὴν
561 5012 909 5083 οἰκουμένην,
929 5016 1022 5068 καὶ
1043 5016 1179 5086 πρὸς
1199 5019 1368 5088 αὐτὴν
1383 5019 1480 5089 τήν
1496 5020 1674 5090 ψυχὴν
1688 5024 2002 5088 κελεύοντος

310 5097 511 5160 αὐτοὺς
525 5099 571 5130 ³⁸
600 5099 1062 5169 παρατάττεσθαι,
1091 5102 1272 5172 τίθησι
1298 5105 1392 5157 καὶ
1416 5105 1476 5157 τὸ
1504 5105 1716 5175 ὄφελος,
1747 5109 2000 5177 μέγιστον

309 5183 396 5238 δν.
422 5184 497 5236 Οὐ
533 5185 645 5256 γὰρ
683 5185 753 5256 δὴ
783 5186 942 5256 μόνον
980 5188 1040 5240 ού
1080 5187 1291 5256 βλάψει,
1321 5191 1473 5260 φησὶ,
1510 5192 1701 5254 ταῦτα,
1732 5194 1870 5248 ἀλλά
1906 5197 2000 5250 καὶ

309 5268 592 5341 ὠφελήσει
631 5272 702 5325 τὰ
751 5272 1003 5354 μέγιστα,
1035 5275 1292 5328 τάναντία
1334 5277 1392 5329 δέ
1439 5280 1820 5350 παραϐλάψει·
1863 5282 1999 5354 ὅπερ

305 5356 592 5427 -ιτανταχοῦ
615 5361 777 5423 ποιεῖ,
799 5359 892 5428 ἀφ’
908 5353 982 5414 ὧν
1005 5360 1381 5431 ἐπιθυμοῦσιν,
1404 5364 1512 5417 ἀπὸ
1533 5365 1738 5420 τούτων
1752 5353 1981 5438 ἐνάγων.

1384 413 1448 468 IN
1485 414 1894 471 MATTHJEUM
1933 413 2164 470 HOMIL.
2203 412 2418 468 XXXV.
2460 413 2532 469 al.
2569 411 2806 466 XXXVI.

3691 411 3798 470 £00

2128 529 2276 582 Διατί
2292 529 2400 599 7&9
2417 528 2477 581 οῦ
2497 527 2671 597 βούλει
2688 527 3097 596 καταφρονῆσαι
3121 541 3214 578 σου
3230 528 3328 596 τῆς
3338 526 3513 596 ψυχῆς
3530 543 3544 591 ;
3575 528 3795 598 Ἐπειδὴ

2127 617 2299 684 φιλεῖς
2327 615 2531 684 αὐτήν;
2559 611 2770 669 Οὐκοῦν
2805 612 2890 665 διὰ
2924 611 3082 664 τοῦτο
3105 612 3533 682 καταφρόνησον,
3555 614 3647 666 καὶ
3673 615 3794 666 τότε

2126 703 2296 772 αὐτὴν
2320 701 2388 755 τά
2413 701 2644 772 μέγιστα
2670 699 2904 768 ὀνήσεις,
2928 698 3019 750 καὶ
3039 698 3106 750 τὰ
3122 697 3215 750 τοῦ
3235 699 3508 765 φιλοῦντος
3531 701 3792 773 ἐπιδείξῃ.

2125 787 2236 840 Kal
2269 787 2460 840 σκόπει
2496 785 2708 839 σύνεσιν
2739 784 3054 852 ἄφατον.οὑ
3081 783 3187 855 7&9
3223 784 3314 836 ἐπὶ
3343 802 3450 838 των
3476 786 3678 854 γονέων
3703 787 3797 856 μό-

2124 892 2214 927 νον
2231 874 2275 907 39
2309 872 2574 942 γυμνάζει
2606 872 2696 924 τὸν
2729 871 2886 938 λόγον
2916 868 3125 934 τοῦτον,
3161 870 3278 923 οὐδὲ
3310 871 3402 923 ἐπὶ
3429 871 3536 924 τῶν
3572 872 3797 940 παίδων,

2123 959 2238 1014 ἀλλ’
2264 960 2358 1013 ἐπὶ
2387 961 2487 1030 τῆς
2520 958 2736 1011 πάντων
2769 955 3104 1026 οἰκειοτέρας
3133 956 3330 1026 ψυχῆς,
3368 956 3456 1009 ἴνα
3489 959 3664 1012 ἐκεῖνο
3708 962 3796 1012 ἐν·

2123 1045 2312 1099 τεῦθεν
2349 1045 2829 1116 ἀναμφισϐήτητον
2873 1046 3118 1113 γένηται,
3165 1044 3258 1096 καὶ
3304 1043 3546 1113 μάθωσιν
3578 1045 3658 1097 ὅτι
3705 1046 3798 1098 καὶ

2124 1133 2366 1196 ἐκείνους
2389 1132 2539 1186 ὀὕτω
2560 1132 2628 1184 τά
2660 1131 2890 1200 μέγιστα
2905 1131 2951 1161 ⁹⁰
2971 1130 3331 1200 ὠφελήσουσι,
3349 1131 3483 1183 ὅπου
3505 1147 3568 1199 γε
3591 1133 3683 1184 καὶ
3705 1133 3798 1184 ἐπὶ

2121 1218 2221 1289 τῆς
2253 1218 2469 1272 πάντων
2500 1216 2927 1287 ἀναγκαιοτέρας
2956 1215 3132 1285 ψυχῆς
3159 1215 3315 1268 τοῦτο
3348 1216 3652 1286 συμϐαίνει.

2205 1305 2388 1358 Ἱκανὰ
2423 1305 2522 1374 μὲν
2561 1299 2654 1357 οῦν
2703 1298 2772 1372 ἦν
2819 1300 3114 1355 καὶταῦτα
3163 1304 3349 1356 πεῖσαι
3390 1302 3640 1372 δέχεσθαι
3670 1305 3796 1369 τοὺς

2126 1391 2416 1461 μέλλοντας
2452 1389 2651 1452 αὐτοὺς
2697 1387 3040 1460 θεραπεύειν.
3081 1389 3178 1452 Τίς
3207 1388 3314 1460 7&9
3345 1390 3472 1454 τοὺς
3504 1390 3646 1444 οὕτω
3674 1409 3795 1460 γεν-

2121 1478 2305 1540 ναίους
2333 1477 2425 1529 καὶ
2455 1474 2798 1547 ἀριστέαςη,
2844 1476 2939 1528 καὶ
2968 1475 3219 1546 καθάπερ
3242 1475 3460 1540 λέοντας
3490 1476 3587 1547 τὴν
3612 1479 3794 1531 οἰκου-

2127 1564 2294 1634 μένην
2329 1563 2769 1633 περιτρέχοντας,
2809 1562 2904 1614 καί
2934 1562 3150 1616 πάντων
3184 1563 3655 1634 καταφρονοῦντας
3685 1565 3794 1618 τῶν

2122 1648 2246 1702 καθ’
2265 1650 2512 1712 ἑαυτοὺς,
2534 1649 2622 1701 ἵνα
2648 1647 2824 1718 ἐτεροι
2852 1647 3118 1711 σωθῶσιν,
3136 1647 3235 1701 οὐκ
3264 1647 3329 1701 ἂν
3352 1645 3566 1713 ἐδέξατο
3593 1651 3794 1720 προθυ-
3891 1716 3898 1722 _

2126 1735 2226 1806 μία
2248 1735 2426 1805 πάσῃ;
2463 1734 2601 1787 Ἀλλ’
2615 1735 2765 1802 ὅμως
2795 1733 2888 1786 καὶ
2913 1734 3098 1803 ἕτερον
3136 1732 3324 1802 μισθὸν
3357 1732 3561 1802 τίθησι,
3580 1736 3794 1800 δεικνὺς

2119 1820 2202 1874 ὅτι
2228 1820 2338 1874 τῶν
2367 1819 2783 1890 ξενοδοχούντων
2805 1819 3080 1890 φροντίζει
3107 1818 3304 1889 μᾶλλον
3328 1820 3386 1871 ἐν
3413 1821 3609 1890 τούτῳ,
3629 1820 3661 1891 ἥ
3685 1822 3793 1874 τῶν

2121 1907 2496 1974 ξενιζομένων.
2528 1907 2638 1960 Kal
2673 1907 2856 1960 δίδωσι
2894 1906 2992 1976 μὲν
3022 1904 3246 1976 πρώτην
3265 1906 3450 1976 τιμὴν,
3481 1906 3654 1975 λέγων
3681 1921 3696 1937 ⁸
3741 1909 3793 1959 Ὀ

2119 1990 2444 2061 δεχόμενος
2473 1992 2646 2062 ὑμᾶς,
2690 1993 2796 2060 ἐμὲ
2833 1991 3096 2060 δέχεται·
3126 1991 3226 2044 καί
3255 1994 3289 2045 ὀ
3322 1991 3427 2058 ἐμὲ
3448 1991 3790 2060 δεχόμενος,

2117 2079 2352 2147 δέχεται
2385 2079 2490 2133 τὸν
2516 2078 2959 2134 ἀποστείλαντά
2989 2095 3093 2147 με·
3130 2071 3193 2131 οῦ
3239 2079 3290 2130 τί
3336 2079 3531 2146 γένοιτ’
3561 2081 3626 2132 ἂν
3655 2081 3787 2142 τσον,

2117 2164 2212 2218 τοῦ
2233 2165 2323 2219 τὸν
2347 2165 2566 2237 Πατέρα
2589 2166 2684 2219 καί¹
2708 2165 2795 2219 τὸν
2811 2165 2939 2218 Υίὺν
2955 2163 3338 2234 ὑποδέχεσθαι;
3367 2163 3791 2232 Ἐπαγγέλλεται

2118 2250 2175 2302 δέ
2205 2249 2343 2320 μετά
2373 2250 2562 2304 τούτου
2587 2251 2680 2303 καὶ
2707 2250 2898 2320 ἑτέραν
2920 2249 3155 2320 ἀμοιϐήν
3173 2266 3187 2280 ·
3230 2249 3284 2302 '0
3309 2249 3630 2318 δεχόμενος
3659 2251 3788 2320 γάρ,

2119 2337 2272 2405 φησί,
2302 2337 2616 2405 προφήτην
2656 2338 2744 2401 εἰς
2789 2336 2976 2403 ὄνομα
3022 2333 3350 2403 προφήτου,
3378 2337 3601 2403 μισθὸν
3637 2335 3788 2406 [401]

2118 2423 2427 2490 προφήτου
2444 2423 2704 2492 λήψεται
2719 2439 2732 2452 ·
2753 2422 2852 2476 καί
2873 2426 2905 2475 ό
2922 2421 3241 2490 δεχόμενος
3256 2421 3488 2475 δίκαιον
3502 2424 3588 2488 εἰς
3605 2422 3791 2490 ὄνομα

2117 2507 2369 2575 δικαίου,
2385 2511 2610 2577 μισθὸν
2633 2509 2868 2563 δικαίου
2885 2508 3163 2576 λήψεται.
3185 2509 3294 2560 Kal
3313 2509 3566 2578 ἀνωτέρω
3584 2509 3681 2577 μὲν
3699 2509 3790 2561 κό-

2116 2593 2269 2648 λασιν
2288 2594 2500 2648 ἀπειλεῖ
2514 2597 2625 2658 τοῖς
2650 2595 2724 2664 μὴ
2743 2595 3051 2664 δεχομένοις
3067 2611 3081 2624 °
3109 2593 3342 2647 ἐνταῦθα
3360 2594 3417 2646 δὲ
3438 2595 3532 2648 καί.
3550 2595 3731 2648 ἄνεσιν
3743 2595 3788 2628 ⁰¹

2067 2679 2072 2683 ’
2116 2679 2338 2748 ἀγαθῶν
2381 2678 2574 2751 ὁρίζει.
2610 2680 2720 2733 Kal
2761 2681 2846 2733 ἴνα
2898 2679 3074 2752 μάθῃς
3115 2680 3199 2732 ὅτι
3245 2678 3482 2732 αύτῶν⁹³
3514 2679 3788 2749 φροντίζει

2120 2766 2338 2834 μᾶλλον,
2361 2766 2458 2836 οὐχ
2477 2765 2666 2828 ἁπλῶς
2688 2761 2860 2828 εἶπεν,
2877 2765 2940 2818 Ὀ
2961 2765 3284 2834 δεχόμενος
3308 2762 3644 2832 προφήτην,
3671 2764 3786 2834 ﬂ",

2127 2852 2190 2904 Ὀ
2221 2852 2544 2921 δεχόμενος
2568 2852 2821 2920 δίκαιον,
2840 2852 2954 2906 ἀλλ’
2976 2853 3272 2924 ἐπήγαγεν,
3299 2853 3402 2918 Εἰς
3437 2851 3621 2920 ὄνομα
3648 2869 3788 2919 προ-

2114 2938 2327 3006 φήτου,
2346 2939 2462 3005 καὶ,
2493 2941 2597 3004 Εις
2629 2939 2814 3009 ὄνομα
2841 2939 3074 2994 δικαίου
3094 2956 3108 2971 ·
3137 2939 3430 3002 τουτέστιν,
3448 2938 3572 2991 Ἐἀν
3604 2938 3678 3009 μή
3700 2939 3788 2992 διά

2116 3023 2372 3096 βιωτικὴν
2401 3025 2754 3094 προστασίαν,
2790 3025 2922 3096 μηδέ
2945 3026 3012 3079 δι’
3031 3025 3157 3080 ἄλλο
3183 3043 3236 3079 τι
3259 3025 3364 3078 τῶν
3393 3025 3671 3096 ἐπικήρων
3697 3025 3787 3079 δέ·-

2114 3109 2288 3180 ξηται,
2320 3111 2434 3165 ἀλλ’
2469 3111 2654 3181 ἐπειδὴ
2684 3112 2716 3182 ἢ
2760 3113 3048 3182 προφήτης
3074 3111 3300 3181 ἐστὶν,ἧ
3335 3111 3561 3175 δίκαιος,
3596 3111 3784 3181 μισθὸν

2113 3198 2390 3269 προφήτου
2431 3197 2525 3250 καί
2561 3197 2749 3267 μισθὸν
2779 3198 2986 3251 δικαίου
3026 3198 3252 3271 λήψεται
3271 3213 3287 3230 ⁶
3318 3193 3427 3252 οἷον
3445 3199 3490 3230 ³⁸
3518 3199 3664 3262 εἰκὸς
3694 3200 3785 3252 τὸν

2111 3286 2396 3357 προφήτην
2442 3286 2476 3356 ἢ
2534 3285 2742 3339 δίκαιον
2779 3285 3074 3355 δεξάμενον
3112 3286 3324 3339 λαϐεῖν·
3357 3286 3390 3357 ἢ
3429 3283 3538 3339 οἷον
3581 3288 3784 3350 ἐκεῖνος

2114 3373 2299 3442 μέλλει
2325 3371 2827 3442 λαμϐάνειν.”υπερ
2860 3373 2955 3424 καί
2985 3374 3013 3426 ὁ
3050 3372 3261 3436 Παῦλος
3297 3373 3448 3441 ἐλεγε
3469 3389 3483 3404 ο
3524 3372 3593 3426 Τὸ
3619 3371 3785 3442 ὑμῶν

2110 3459 2486 3527 περίσσευμα
2498 3461 2584 3524 εἰς
2602 3457 2670 3512 τὸ
2692 3459 2942 3512 ἐκείνων
2968 3460 3293 3528 ὑστέρημα,
3312 3460 3413 3512 ἵνα
3432 3459 3529 3512 καί
3550 3458 3617 3511 τὸ
3633 3459 3784 3511 ἐκεί-

2107 3562 2231 3598 νων
2261 3544 2636 3612 περίσσευμα
2659 3543 2896 3612 γένηται
2925 3547 3012 3610 εἰς
3027 3546 3092 3598 τὸ
3117 3545 3286 3614 ὑμῶν
3306 3545 3627 3612 ὑστέρημα.
3655 3541 3782 3596 Εἶτα

2109 3633 2196 3685 ἶνα
2219 3632 2291 3701 μή
2313 3649 2400 3694 τις
2419 3631 2610 3684 πενίαν
2626 3631 3042 3701 προϐάληταινθ,
3061 3632 3241 3702 φησίν·
3263 3633 3329 3686 ’Ἠ
3347 3630 3412 3697 ὃς
3434 3630 3543 3683 ἐὰν
3563 3631 3781 3698 ποτίσῃ

2107 3717 2216 3773 ἕνα
2263 3718 2384 3772 τῶν
2415 3716 2644 3787 μικρῶν
2680 3719 2908 3771 τούτων
2938 3717 3224 3783 ποτήριον
3263 3717 3501 3786 ⁴Ψυχροῦ
3522 3717 3566 3749 ⁸⁷
3590 3717 3782 3785 μόνον

2107 3808 2193 3872 εἰς
2213 3805 2399 3876 ὄνομα
2413 3805 2702 3876 μαθητοῦ,
2721 3805 2885 3873 ἀμὴν
2905 3806 3059 3874 λέγω
3075 3803 3293 3874 ὺμῖνοδ,
3311 3806 3383 3859 οὺ
3401 3804 3486 3873 μὴ
3507 3803 3780 3872 ἀπολέσῃ

2107 3893 2212 3946 τὸν
2232 3894 2455 3962 μισθὸν
2483 3891 2689 3946 αὐτοῦ.
2714 3893 2833 3944 Κᾶν
2865 3893 3122 3962 ποτήριον
3141 3889 3349 3961 ψυχροῦ
3377 3890 3564 3952 ῦδατυς
3583 3891 3627 3921 ⁹⁹
3653 3889 3777 3958 δῷς,

2107 3979 2234 4032 ἔνθα
2265 3980 2415 4032 οὐδὲν
2449 3979 2562 4031 ἔστι
2593 3978 2924 4046 δαπανῆσαι,
2956 3978 3048 4030 καὶ
3085 3975 3274 4029 τούτου
3302 3975 3542 4028 κείσεταί
3575 3992 3656 4028 σοι
3692 3992 3780 4044 μι-

2109 4065 2254 4129 σθός.
2281 4066 2379 4118 Διά
2409 4065 2518 4135 7&9
2549 4065 2691 4134 ὑμᾶς
2722 4064 2934 4117 ᾶπαντα
2961 4061 3098 4114 ποιῶ
3129 4063 3255 4124 τοὺς
3282 4061 3618 4131 δεχομένους.

2178 4161 2247 4222 7'.
2290 4150 2442 4216 Εἶδες
2501 4154 2567 4207 δι’
2617 4155 2758 4208 ὅσων
2809 4153 3026 4219 ἔπεισε,
3085 4153 3180 4206 καὶ
3236 4152 3333 4215 τὰς
3380 4153 3552 4217 οἰκίας
3599 4151 3779 4216 αὐτοῖς

2108 4240 2312 4311 ἀνέῳξε
2341 4241 2441 4310 τῆς
2468 4240 2792 4310 οἰκουμένης
2839 4239 3089 4309 άπάσης;
3151 4238 3262 4293 Kal
3315 4239 3424 4308 γὰρ
3472 4239 3636 4306 ἔδειξε
3693 4239 3780 4292 διὰ

2111 4329 2326 4381 πάντων
2349 4326 2628 4395 ὀφειλέτας
2659 4325 2838 4380 αὐτῶν
2858 4326 3018 4390 ὄντας
3040 4341 3056 4357 ο
3088 4325 3324 4398 πρῶτον,
3363 4325 3551 4391 εἰπὼν,
3587 4325 3778 4390 Ἄξιος

2107 4416 2141 4466 ό
2188 4412 2443 4482 ἐργάτης
2486 4412 2592 4466 τοῦ
2637 4411 2862 4481 μισθοῦ
2913 4412 3131 4466 αὐτοῦ’
3186 4413 3460 4483 δεύτερον,
3499 4410 3580 4481 τῷ
3614 4410 3777 4482 μηδὲν

2108 4498 2327 4569 ἔχοντας
2367 4498 2679 4569 ἐκπέμψαι⁹
2711 4498 2916 4571 τρίτον,
2950 4497 3027 4569 τῷ
3057 4499 3136 4561 εἰς
3169 4499 3438 4568 πολέμους
3481 4499 3573 4551 καὶ
3603 4498 3777 4568 μάχας

2112 4585 2251 4654 ὑπὲρ
2278 4585 2386 4638 τῶν
2410 4585 2713 4655 δεχομένων
2743 4585 3025 4638 ἐκδοῦναι·
3053 4585 3330 4653 τέταρτον.
3349 4584 3426 4654 τῷ
3457 4584 3550 4636 καί
3575 4585 3776 4653 σημεῖα

2108 4672 2290 4736 αὐτοῖς
2323 4673 2626 4744 ἐγχειρίσαι
2649 4687 2663 4700 ⁸
2701 4673 2968 4743 πέμπτον,
2998 4664 3080 4742 τῷ
3103 4671 3200 4741 τὴν
3242 4670 3458 4725 πάντων
3497 4672 3604 4724 τῶν
3638 4671 3772 4738 ἀγα-

2108 4758 2217 4811 θῶν
2250 4759 2426 4812 αἰτίαν
2455 4759 2678 4829 εἰρήνην
2709 4758 2796 4811 διὰ
2820 4757 2914 4812 τοῦ
2951 4757 3218 4827 στόματος
3241 4756 3418 4814 αὐτῶν
3447 4756 3639 4820 εἰςτὰς
3667 4755 3773 4810 τῶν

2103 4845 2409 4915 δεχομένων
2454 4846 2764 4912 εἰσαγαγεῖν
2798 4845 2813 4874 ¹
2861 4844 3065 4907 οἰκίαςο
3103 4843 3281 4909 ἕκτον,
3317 4845 3394 4915 τῷ
3419 4842 3772 4914 χαλεπώτερα

2099 4934 2348 5002 Σοδόμων
2381 4931 2673 4999 ἀπειλῆσαι
2701 4933 2812 4994 τοῖς
2843 4932 2917 5002 μὴ
2943 4931 3252 5002 δεχομένοις
3273 4932 3469 4994 αὐτούς
3485 4948 3496 4961 ·
3519 4932 3768 5002 ἕϐδομον,

2093 5018 2171 5088 τῷ
2193 5018 2360 5083 δεῖξαι
2410 5020 2503 5071 καὶ
2528 5019 2688 5072 αὐτὸν
2728 5018 2822 5071 καὶ
2867 5019 2956 5070 τὸν
3014 5019 3235 5090 Πατέρα
3289 5018 3606 5089 δεχομένους
3645 5020 3771 5080 τοὺς

2097 5105 2522 5176 ὑποδεχομένους
2559 5107 2782 5169 αὐτούς·
2817 5106 3020 5174 ὄγδοον.
3069 5105 3146 5176 τῷ
3196 5108 3290 5160 καὶ
3345 5107 3626 5176 προφήτου
3675 5105 3770 5156 καὶ

2096 5192 2304 5244 δικαίου
2350 5191 2537 5260 μισθὸν
2578 5192 3005 5259 ἐπαγγείλασθαι
3031 5194 3051 5224 ²
3076 5208 3090 5223 ·
3128 5192 3334 5258 ἔνατον,
3370 5194 3448 5261 τῷ
3477 5193 3572 5245 καὶ
3605 5207 3767 5259 ποτη-

2097 5279 2213 5348 ρίου
2252 5276 2463 5347 ψυχροῦ
2493 5278 2735 5346 μεγάλας
2755 5279 3089 5349 ὑποσχέσθαι
3119 5280 3139 5311 ³
3155 5282 3252 5343 τὰς
3275 5279 3529 5348 ἀμοιϐάς.
3553 5277 3769 5329 Τούτων

2090 5369 2185 5423 δέ⁴
2218 5368 2445 5422 ἕκαστον
2475 5368 2570 5421 καὶ
2609 5368 2730 5421 καθ’
2751 5370 2911 5422 ἐαυτδ
2954 5369 3135 5424 ἱκανὸν
3186 5366 3255 5440 ἦν
3300 5367 3496 5429 αὐτοὺς
3529 5367 3766 5421 ἐπισπά-

387 5495 430 5573 ῗ¹
452 5489 766 5580 ,διέλέγεῖοει
793 5496 1204 5580 F._1?ei'},dp.xa1
1225 5501 1473 5580 Ξάντᾳ...
1511 5506 1720 5580 κελεύει
1747 5505 1883 5580 Edd.
1935 5510 2004 5580 ,δ’
2040 5510 2176 5580 μόνα
2208 5507 2346 5563 Edd-
2417 5509 2463 5540 ⁸³
2495 5508 2589 5580 τὴν
2619 5507 2812 5580 ὲοςυτοῧ
2835 5509 3110 5580 ψυχήνίῡε
3132 5507 3192 5560 Ε·
3226 5505 3310 5580 __“
3337 5504 3651 5580 τοῦτοκαίί
3673 5507 3765 5560 καὶ

309 5563 472 5615 τοῦτο
502 5559 562 5616 Ε.
596 5559 685 5615 καί
719 5567 869 5619 deest
901 5568 953 5620 in
986 5569 1122 5624 Edd.

1224 5569 1273 5650 ξξ
1309 5573 1648 5650 τούτους-π]
1683 5595 1741 5650 π.
1775 5577 2000 5650 αύτούς,

2126 5580 2186 5650 Ε.
2202 5569 2560 5650 ἐπιχειρεῖνγ
2577 5579 2704 5650 add,
2728 5569 2986 5650 κωλύεῖῆ
3011 5576 3399 5650 iidem._\’.crb_a
3430 5569 3671 5650 τούτους.
3703 5614 3716 5628 .
3733 5619 3760 5650 _.

309 5631 726 5720 ξπιχειρρέῦντας
758 5635 954 5720 daal!!!
986 5636 1155 5720 in.
1215 5640 1417 5720 ⁸³ελμου]
1445 5631 1590 5720 adh;
1607 5631 1740 5720 φησί
1773 5648 1914 5720 Ειίἀ.
1963 5631 2016 5679 ’⁸

2117 5631 2228 5720 ρός]
2255 5631 2377 5702 έιῇι.
2397 5631 2641 5720 Ῐοάνᾷτᾷνί
2660 5631 3175 5720 ΕςωςΝοη-ιιεὼεηι
3199 5645 3296 5715 Ep.
3335 5645 3441 5720 σε.
3508 5631 3760 5720 οε-ριῦτοΰ

309 5700 453 5778 ξύει.
529 5701 575 5731 ⁸⁹
599 5703 770 5778 ⁸μόνον
798 5714 936 5778 βρει-
961 5707 1165 5778 παίδων
1191 5700 1438 5778 τοίίἒίιυῖ
1465 5714 1516 5766 in
1551 5700 1690 5768 Ed'd'.

1769 5717 1816 5788 ’_°
1851 5717 2012 5787 μέγισ

2117 5715 2254 5788 ἰεάίί.
2289 5718 2607 5788 κερδανοῦσι
2631 5718 2721 5771 καί
2754 5717 2889 5770 Mor.
2927 5715 3548 5788 Bgn,__conl_rq_qqdd._§t
3567 5715 3757 5788 κίονες.

304 5770 370 5855 ’ξ
389 5769 773 5855 ἀρισξςύρντσξς
1011 5769 1574 5855 ζαίιςηίὲμὰριστέας
1624 5799 1736 5840 om.
1782 5769 1862 5855 [ζ’
1900 5769 2016 5839 δέ

2119 5769 2266 5840 δοσιν
2292 5769 2371 5840 17)
2954 5785 3008 5855 _"
3039 5783 3095 5855 ἤ]
3137 5784 3230 5838 καί
3260 5783 3395 5840 Edd.
3472 5785 3518 5815 ”
3558 5780 3692 5855 οἷον]
3718 5769 3757 5855 ἰή

305 5834 593 5892 οἶονἙιίιΙ.
627 5841 747 5892 ἀντί
771 5840 864 5892 τοῦ
886 5837 995 5893 οἷον
1023 5843 1084 5897 Ε.
1116 5846 1236 5901 Mox
1277 5849 1316 5971 Ε
1343 5834 1468 5906 δίιιιθ
1488 5834 1862 5909 *οῖοντδίιτ-Ε.
1941 5857 1986 5888 ⁵⁸

307 5911 355 5940 ⁸⁷
395 5907 636 5971 ψυχροῦν
667 5908 724 5961 Β.
758 5907 818 5962 F.
903 5912 949 5942 ⁸⁸
982 5913 1188 5968 Desinit
1219 5933 1280 5970 CO
1322 5935 1384 5971 ex
1416 5920 1478 5971 Β.
1552 5924 1598 5953 θ’
1629 5923 1821 5971 ὓδατος
1848 5941 1956 5971 nm-

307 5911 355 5940 ιτ
395 5907 636 5977 ψυχροῦν
667 5908 724 5961 Β.
758 5907 818 5962 F.
903 5912 949 5942 ⁸⁸
982 5913 1188 5968 Desinit
1219 5907 1384 5972 codex
1416 5920 1478 5976 Β.

311 5977 451 6046 ρίου.
481 6020 494 6033 .
533 6021 542 6032 .
587 5979 936 6046 ὑποσχέσθαι]
978 5982 1066 6036 Sic
1097 5985 1157 6037 (Σ.
1192 5984 1253 6038 D.
1287 5986 1348 6042 Ε.
1388 5991 1478 6045 Ar!

2014 5857 2385 5928 προϐάλληται
2424 5856 2485 5912 Ε.
2531 5858 2620 5928 ἵνα

1552 5924 1601 5995 ’ξ
1629 5923 1821 5987 ὓδατος
1848 5941 1956 5995 om.
1997 5923 2070 5978 Ε.
2105 5925 2202 5995 Ep.

587 5979 936 6052 ὑποσχέσθαι]
978 5982 1066 6036 Sic
1097 5985 1157 6037 (Σ.
1192 5984 1253 6038 D.
1287 5986 1348 6042 Ε.
1388 5991 1538 6048 Al'm.
1572 5993 1695 6049 SM’.
1730 5979 1908 6050 cw'leiri
1946 5979 2220 6068 ποτήριὸν,
2263 6036 2273 6049 .
2310 6037 2320 6050 .

2666 5805 2716 5840 ›ν
2749 5788 2885 5841 Edd.
2962 5785 3008 5814 ”
3039 5784 3095 5855 ἤ]
3137 5784 3230 5838 καί
3260 5784 3400 5867 Ειίίί1
3472 5785 3518 5815 ’⁸
3558 5784 3692 5906 dav!
3723 5785 3751 5854 ἦ

2666 5856 2800 5925 μηδὲ
2843 5853 3155 5925 πενίαν-τις
3211 5855 3576 5925 προϐάλληται
3619 5853 3751 5907 Ειιί.

2284 5923 2298 5958 ³
2323 5927 2564 5992 εἰσάγειν
2595 5923 2736 5977 ΕιΜζ
2806 5926 2827 5994 ’_
2855 5923 3285 5994 ἐπαγγέλλεσθαι
3316 5923 3479 5980 ΕΜ(
3533 5926 3550 5956 ³
3583 5940 3752 5994 ποτη-

2368 5991 2741 6065 ύποδέχεσθαι.
2819 5992 2835 6023 ⁸
2868 5991 2945 6063 δέ]
2977 5993 3037 6064 δή
3076 5992 3207 6048 Ειίιί.
