4042 6218
402 377 507 437 £09

395 491 573 562 januis
597 489 787 546 domus
810 485 1056 543 omnibus
1081 482 1280 554 apertis
1309 496 1412 535 non
1443 480 1740 549 receperit?
1769 478 1832 531 Et
1857 476 1976 544 quis

400 583 488 638 ille
519 582 680 638 talis?
712 578 936 649 inquies.
965 575 1088 632 Ideo
1112 574 1339 643 adjecit,
1367 572 1435 626 In
1457 572 1655 624 nomine
1680 571 1937 639 praphette
1956 608 1971 631 ,

403 674 483 729 vel
512 673 769 742 discipuli,
801 669 883 724 vel
910 665 1064 740 justi,
1094 677 1151 722 ut
1178 666 1351 721 discas
1381 665 1552 733 ipsum
1586 677 1689 716 non
1716 677 1783 718 ex
1807 661 1980 729 digni-

401 775 508 818 tate
535 762 869 826 aeeedentis,
900 759 994 816 sed
1023 775 1088 814 ex
1114 758 1385 811 voluntate
1414 752 1752 823 suscipientis
1790 751 1972 819 hospi-

401 855 495 921 tio,
519 852 820 908 mercedem
848 860 1101 906 statuere.
1131 848 1263 902 Nam
1287 847 1372 900 hic
1395 845 1462 900 de
1491 843 1784 913 prophetis,
1813 841 1880 895 de
1906 840 1974 893 di-

397 945 614 1014 scipulis
649 953 703 998 et
735 943 804 997 de
837 942 994 1012 justis
1018 940 1158 1010 agit;
1189 938 1313 992 alibi
1341 950 1467 991 vero
1495 935 1655 988 etiam
1686 930 1972 986 admodum

397 1035 634 1104 abjectos
673 1033 947 1100 suscipere
982 1030 1162 1100 jubet,
1194 1041 1393 1095 eosque
1427 1025 1517 1094 qui
1548 1038 1654 1078 non
1683 1021 1975 1091 suscipiunt

395 1124 616 1194 castigat
639 1141 654 1177 :
687 1136 810 1176 nam
838 1119 862 1174 I
871 1138 902 1174 tt
923 1129 1164 1191 quantum
1189 1133 1290 1169 non
1313 1114 1501 1183 fecistis
1525 1114 1613 1166 uni
1639 1128 1700 1166 ex
1724 1111 1804 1164 his
1829 1110 1976 1162 mini-

396 1214 512 1279 mis,
541 1229 696 1280 neque
720 1211 844 1265 mihi
869 1211 1055 1279 fecistis
1077 1207 1286 1278 (Matth.
1313 1205 1404 1260 25.
1428 1205 1519 1273 45)
1543 1220 1558 1268 ;
1585 1211 1639 1257 et
1659 1217 1690 1256 e
1708 1201 1975 1256 contrario

395 1318 628 1357 rursum.
662 1300 883 1355 Etiamsi
911 1302 1051 1354 enim
1079 1298 1169 1352 ille
1197 1296 1328 1350 nihil
1355 1293 1556 1365 grande
1578 1293 1780 1356 fecerit,
1813 1291 1975 1346 homo

395 1405 572 1450 tamen
602 1402 686 1448 est
713 1402 767 1448 et
797 1391 1050 1446 mundum
1074 1388 1318 1444 eumdem
1345 1387 1565 1451 habitat,
1591 1385 1837 1440 eumdem
1882 1398 1973 1438 so-

393 1484 498 1538 lem
525 1483 760 1552 respicit,
782 1481 1025 1537 eamdem
1055 1480 1210 1534 habet
1239 1475 1494 1540 animam,
1518 1475 1764 1530 eumdem
1794 1474 1973 1528 Domi-

392 1591 542 1641 num,
572 1575 881 1631 eorumdem
922 1582 1093 1627 tecum
1121 1571 1499 1640 mysteriorum
1531 1581 1750 1621 consors
1776 1575 1879 1628 est,
1905 1563 1971 1618 ad

392 1668 536 1722 idem
564 1667 751 1722 caelum
780 1674 1025 1728 vocatur,
1063 1663 1152 1730 jus
1185 1659 1387 1730 grande
1424 1657 1625 1712 habens
1645 1697 1659 1720 ,
1690 1665 1973 1725 pauperta-

394 1769 500 1814 tem
525 1800 540 1826 ,
569 1767 624 1813 et
650 1756 790 1827 quod
824 1753 1127 1810 necessario
1154 1753 1274 1807 cibo
1297 1758 1472 1820 egeat.
1500 1749 1650 1803 Nune
1675 1758 1851 1802 autem
1880 1746 1969 1816 qui

393 1857 446 1902 te
469 1863 589 1900 eum
618 1846 760 1900 tibiis
789 1851 845 1900 et
883 1844 1071 1898 fistulis
1103 1842 1309 1913 hyemis
1348 1849 1588 1908 tempore
1621 1838 1891 1900 excitant,
1917 1845 1972 1890 et

393 1938 588 1992 frustra
623 1947 928 2004 temereque
967 1934 1058 1988 tibi
1098 1931 1395 1987 molestiam
1423 1937 1643 1992 creant,
1675 1927 1854 1982 multis
1893 1937 1970 1980 ta-

391 2045 513 2082 men
540 2042 570 2082 a
598 2035 649 2080 te
674 2027 845 2080 ornati
873 2024 1181 2079 muneribus
1218 2021 1508 2084 recedunt;
1535 2027 1590 2074 et
1613 2019 1701 2088 qui
1731 2016 1970 2071 hirundi—

391 2132 488 2170 nes
512 2118 922 2182 cireumferunt,
953 2113 1173 2183 fuligine
1199 2110 1411 2166 obducti
1435 2151 1451 2176 ,
1479 2110 1568 2179 qui
1594 2115 1883 2163 seommata
1913 2115 1969 2161 et

391 2207 670 2262 maledicta
709 2209 762 2261 in
802 2219 988 2262 omnes
1027 2203 1348 2272 conjiciunt,
1393 2208 1714 2271 portentosa:
1742 2213 1968 2255 consue.

391 2299 586 2354 tudinis
624 2297 924 2353 mercedem
967 2296 1249 2363 accipiunt.
1297 2293 1352 2348 Si
1396 2306 1522 2348 vero
1564 2307 1766 2361 pauper
1804 2304 1967 2360 egens

391 2405 524 2459 pane
550 2389 789 2453 accedat,
820 2388 963 2442 mille
993 2387 1150 2440 illum‘
1170 2383 1486 2447 maledictis,
1518 2382 1837 2452 opprobriis,
1863 2383 1968 2435 cri-

390 2481 620 2533 minibus
657 2493 884 2542 oneras,
919 2477 1239 2531 otiositatem
1283 2475 1608 2544 exprobras,
1640 2488 1740 2528 nec
1766 2473 1966 2541 cogitas

389 2579 441 2624 te
466 2584 678 2639 quoque
705 2569 935 2623 otiosum
961 2582 1101 2633 esse,
1133 2576 1190 2621 et
1223 2576 1398 2621 tamen
1428 2567 1593 2620 Deum
1623 2566 1714 2620 tibi
1744 2580 1963 2618 munera

387 2669 443 2714 et
479 2659 618 2715 dona
659 2660 918 2730 praebere.
960 2657 1036 2713 Ne
1072 2657 1203 2713 mihi
1240 2657 1382 2712 enim
1420 2657 1651 2722 dixeris,
1687 2665 1739 2712 te
1767 2657 1963 2725 aliquid

387 2751 631 2818 operari;
663 2749 754 2804 sed
785 2750 913 2803 mihi
938 2749 1264 2813 demonstra,
1297 2756 1349 2802 te
1380 2747 1574 2818 aliquid
1605 2749 1964 2802 necessarium

388 2842 563 2895 facere
590 2851 644 2895 et
671 2849 919 2895 tractare.
952 2840 1046 2894 Sin
1086 2839 1214 2893 mihi
1245 2839 1446 2894 dixeris
1475 2849 1526 2893 te
1555 2842 1763 2907 negotia
1800 2854 1963 2908 pecu.

388 2931 551 2986 niaria
576 2939 632 2986 ct
658 2931 1033 2998 cauponariam
1059 2943 1332 2992 exercere,
1359 2943 1564 2982 necnon
1605 2928 1837 2983 Studium
1867 2944 1963 2982 cu-

387 3022 566 3076 randa:
588 3031 640 3075 et
667 3021 919 3090 augenda:
944 3023 1019 3075 rei
1049 3020 1342 3086 familiaris,
1373 3021 1706 3090 respondebo
1733 3021 1824 3076 tibi
1851 3021 1963 3076 haec

388 3129 492 3166 non
521 3127 638 3166 esse
667 3127 826 3180 opera
845 3153 860 3176 ,
888 3111 980 3166 sed
1009 3126 1133 3166 vere
1167 3127 1325 3181 opera
1365 3126 1485 3166 esse
1529 3112 1923 3184 eleemosynam
1945 3153 1960 3177 ,

385 3205 676 3258 orationem
701 3245 716 3269 ,
750 3203 995 3258 laesorum
1026 3203 1376 3272 patrocinium
1403 3211 1457 3257 et
1485 3201 1674 3256 similia
1695 3244 1709 3267 ,
1738 3202 1789 3256 in
1817 3217 1966 3272 quo-

387 3312 502 3350 rum
542 3297 741 3350 incuria
772 3296 929 3349 vitam
974 3303 1230 3363 perpetuo
1263 3294 1489 3362 agimus.
1525 3294 1773 3348 Attamen
1806 3310 1962 3349 num-

290 3453 294 3457 .
385 3401 542 3454 quam
567 3385 698 3438 dixit
725 3384 876 3438 nobis
905 3384 1058 3448 Deus,
1083 3384 1216 3451 Quia
1243 3385 1294 3436 in
1317 3384 1426 3437 otio
1449 3383 1620 3452 degis,
1649 3398 1753 3437 non
1775 3397 1964 3438 accen-

385 3479 507 3531 dam
537 3476 626 3530 tibi
653 3475 850 3540 solem;
882 3475 1005 3543 quia
1034 3489 1103 3529 ex
1136 3473 1452 3528 necessariis
1478 3473 1606 3527 nihil
1634 3473 1958 3542 exsequeris,

385 3570 562 3622 lunam
609 3569 699 3621 tibi
744 3567 1109 3636 exstinguam,
1137 3575 1293 3620 teme
1331 3573 1538 3620 uterum
1576 3565 1808 3620 sterilem
1838 3565 1964 3620 red-

384 3660 528 3725 dam,
559 3658 798 3714 retinebo
825 3668 1030 3728 stagna,
1057 3657 1252 3722 fontes,
1280 3658 1516 3723 ﬂuuitina,
1545 3657 1735 3711 delebo
1760 3674 1958 3722 acrem,

386 3751 590 3820 pluvias
633 3764 834 3803 annuas
880 3743 1130 3803 detinebo
1172 3765 1186 3800 :
1226 3763 1410 3801 verum
1454 3747 1632 3802 omnia
1677 3747 1765 3803 ille
1813 3749 1964 3803 nobis

384 3841 715 3895 abundanter
752 3840 1070 3909 suppeditat.
1104 3839 1430 3906 Quibusdam
1469 3854 1598 3894 vero
1641 3855 1745 3893 non
1791 3841 1960 3895 solum

386 3933 437 3998 in
465 3931 575 3984 otio
598 3930 935 3999 degentibus,
963 3929 1057 3983 sed
1090 3929 1249 3983 etiam
1289 3929 1427 3984 male
1455 3929 1817 3999 operantibus,
1849 3930 1964 3986 haec

383 4023 581 4076 affatim
611 4021 854 4090 largitur.
889 4021 1023 4076 Cum
1067 4021 1227 4090 igitur
1267 4036 1553 4090 pauperem
1583 4023 1777 4077 videris
1811 4021 1962 4078 dixe-

385 4113 600 4182 risqne,
633 4111 935 4183 Przefocor,
971 4126 1091 4164 eum
1131 4111 1288 4166 video
1327 4111 1468 4166 hunc
1499 4111 1748 4180 juvenem
1774 4152 1789 4178 ,
1830 4113 1964 4168 bene

384 4203 678 4268 valentem,
711 4202 842 4256 nihil
882 4201 1199 4269 habentem,
1228 4201 1364 4256 velle
1391 4202 1563 4257 otioso
1586 4203 1685 4257 sibi
1712 4203 1962 4258 alimenta

383 4293 706 4364 suppeditari
727 4309 742 4358 ;
769 4293 902 4348 forte
922 4307 1108 4348 servus
1129 4293 1377 4363 fugitivus
1395 4294 1579 4363 estqui
1600 4294 1785 4348 herum
1810 4309 1962 4348 suum

385 4385 598 4454 reliquit
627 4402 639 4437 :
670 4385 783 4438 hzcc
812 4385 922 4453 ipsa
951 4383 1042 4438 tibi
1065 4383 1226 4437 dicito
1250 4424 1266 4449 ,
1291 4383 1399 4437 into
1424 4383 1488 4438 da
1519 4384 1591 4438 illi
1618 4382 1732 4438 haec
1755 4384 1849 4438 tibi
1877 4385 1963 4438 di-

383 4478 534 4530 cendi
564 4477 882 4540 libertatem,
900 4476 1200 4545 justiusque
1221 4475 1361 4528 dicet
1383 4476 1472 4529 tibi
1499 4475 1814 4539 :szfocor,
1842 4492 1962 4530 cum

384 4571 538 4625 video
559 4579 630 4636 te,
653 4584 814 4624 sanus
837 4584 956 4624 cmn
981 4568 1076 4634 sis,
1101 4569 1152 4622 in
1179 4568 1288 4621 otio
1311 4567 1526 4637 degere,
1554 4583 1652 4621 nec
1679 4568 1962 4638 quidquam

384 4679 567 4717 eorum
597 4678 716 4731 quae
743 4661 834 4715 tibi
871 4661 1006 4714 Deus
1038 4661 1287 4730 praecepit
1313 4659 1550 4728 exsequi,
1581 4660 1673 4714 sed
1699 4676 1728 4714 a
1759 4661 1963 4715 Domini

387 4753 666 4822 praeceptis
702 4751 974 4820 fugitivum
1013 4751 1293 4804 circumire
1329 4751 1382 4804 in
1423 4751 1687 4821 nequitia,
1719 4752 1865 4821 quasi
1909 4753 1961 4807 in

385 4844 557 4896 aliena
585 4851 724 4895 terra
751 4843 910 4893 vitam
940 4850 1204 4910 agentem,
1232 4841 1524 4905 ebriosum,
1557 4843 1789 4911 crapula:
1813 4843 1965 4898 dedi~

387 4942 520 4994 tum,
553 4933 740 4986 furem.
773 4941 1058 4999 raptorem,
1088 4933 1288 4985 alienas
1325 4932 1720 4988 subvertentem
1752 4935 1959 4990 domos.

385 5023 465 5078 Tu
503 5037 589 5077 me
615 5022 682 5077 de
707 5021 816 5076 otio
843 5035 1096 5087 accusas,
1137 5037 1236 5091 rgo
1274 5032 1324 5076 te
1363 5023 1429 5078 de
1465 5025 1639 5092 pravis
1675 5026 1958 5093 operibus,

385 5114 596 5185 quando
619 5112 906 5178 iusidiaris,
925 5113 1093 5182 jnras,
1118 5112 1377 5178 mentiris,
1396 5115 1557 5182 rapis,
1580 5116 1964 5187 innumeraque

386 5205 748 5278 hujuscemodi
784 5207 1044 5275 operaris.

455 5302 508 5353 Α.
549 5299 884 5364 Eleemosyna
916 5295 1195 5366 eroganda.
1235 5295 1392 5350 Vana:
1417 5298 1733 5352 mutationes
1781 5301 1960 5353 redar-

387 5389 831 5462 guuntur.—ll:ec
853 5405 1030 5444 autem
1052 5388 1173 5444 dico
1191 5405 1295 5444 non
1315 5390 1455 5459 quod
1473 5392 1672 5445 otiosos
1695 5391 1811 5462 lege
1834 5407 1964 5446 cou-

389 5485 595 5538 ftrmem
622 5501 635 5537 :
663 5483 832 5548 absit;
863 5497 1053 5537 omnes
1084 5483 1278 5551 quippe
1307 5483 1518 5551 operari
1543 5485 1732 5552 cupio:
1761 5485 1962 5539 desidia

389 5575 534 5630 enim
576 5589 734 5628 omne
773 5574 955 5628 vitium
986 5573 1208 5637 edocet;
1242 5572 1335 5627 sed
1366 5589 1496 5643 rogo
1526 5590 1590 5627 ne
1621 5573 1739 5627 duri
1771 5575 1852 5629 vel
1885 5575 1966 5628 in-

388 5667 603 5721 humani
641 5667 775 5720 sitis.
806 5665 1240 5734 Quandoquidem
1289 5665 1482 5718 Paulus
1525 5665 1689 5718 multa
1735 5680 1966 5735 conque-

387 5768 533 5819 stus,
571 5773 692 5810 cum
751 5757 1010 5823 dixisset,
1058 5756 1117 5812 Si
1156 5755 1265 5826 quis
1305 5773 1404 5810 non
1450 5757 1548 5811 vult
1592 5757 1828 5827 aperari,
1871 5774 1959 5813 nec

1320 365 1384 422 IN
1421 361 1824 422 MATTIIJEUM
1865 361 2095 418 llOMlL.
2139 360 2356 417 XXXV.
2397 365 2468 419 al.
2511 361 2752 419 XXXVI.

3563 368 3669 423 410

2088 475 2356 530 manducet
2405 475 2480 547 (2.
2532 475 2711 530 Thess.
2752 477 2804 530 5.
2850 475 3099 541 10);ηοη
3144 476 3229 530 hic
3272 475 3428 530 finem
3458 477 3662 531 dicendi

2087 569 2243 633 fecit,
2293 567 2387 622 sed
2431 567 2664 636 adjecit:
2707 565 2805 619 Vos
2848 575 3015 619 autent
3053 583 3151 621 non
3192 568 3437 636 deﬁciatis
3481 566 3661 620 bonum

2085 657 2324 727 facientes
2357 655 2517 726 (Ibid.
2547 673 2595 710 υ.
2634 655 2746 726 15).
2796 657 2954 726 Atqui
2988 656 3101 710 hcce
3128 658 3393 711 contraria
3421 666 3564 712 sunt.
3603 656 3661 712 Si

2083 746 2224 802 enim
2256 747 2554 816 prmcepisti
2581 761 2646 800 ne
2673 747 2956 800 comedunt
2978 746 3157 811 Otiosi,
3186 762 3278 801 cur
3307 762 3404 802 nos
3433 747 3498 802 ad
3525 750 3658 802 dan-

2081 839 2206 892 dum
2253 837 2522 892 hortaris?
2563 837 2772 904 Etiam,
2805 839 3006 909 inquit,
3050 839 3184 908 jussi
3230 840 3350 894 illos
3389 841 3659 904 aversari,

2083 945 2182 985 nec
2209 945 2268 984 se
2295 931 2518 985 miscere
2559 945 2679 985 cum
2724 931 2852 993 illis,
2900 947 3217 1000 rursumque
3246 931 3391 996 dixi,
3423 931 3503 985 Ne
3546 934 3662 985 illos

2080 1023 2308 1076 inimicos
2329 1022 2513 1092 putetis
2531 1063 2546 1088 ,
2573 1021 2662 1074 sed
2685 1020 2945 1074 admonete
2974 1020 3022 1089 (1
3029 1021 3130 1074 bid.
3157 1039 3203 1075 υ.
3230 1023 3316 1091 15)
3351 1039 3362 1074 :
3402 1039 3506 1076 non
3532 1037 3660 1075 enn-

2083 1111 2243 1165 traria
2271 1111 2586 1181 przecipiens
2604 1152 2620 1177 ,
2646 1108 2740 1164 sed
2767 1108 3052 1163 admodum
3080 1125 3334 1164 consona.
3367 1110 3498 1164 Nam
3531 1111 3572 1164 si
3603 1119 3659 1164 tu

2081 1205 2148 1259 ad
2191 1205 2586 1274 eleemosynam
2633 1204 2955 1273 erogandam
2997 1204 3071 1256 sis
3100 1213 3353 1272 paratus,
3389 1205 3495 1257 cito
3524 1219 3656 1273 pau-

2080 1312 2176 1366 per
2205 1297 2292 1351 ille
2317 1297 2384 1350 ab
2408 1298 2520 1352 0tio
2545 1296 2810 1360 discedet,
2845 1304 2898 1350 et
2935 1305 2988 1349 tu
3025 1296 3092 1348 ab
3135 1295 3540 1348 inhumanitate.
3587 1296 3659 1348 At
3720 1295 3732 1368 ξ

2077 1387 2353 1452 mentitur,
2377 1386 2603 1456 inquies,
2631 1396 2685 1442 et
2708 1386 2872 1440 multa
2894 1385 3166 1453 confingit.
3187 1383 3291 1439 Sed
3319 1384 3441 1438 hinc
3460 1384 3652 1454 dignus
3719 1373 3732 1388 ’

2079 1475 2444 1532 misericordia
2487 1483 2597 1540 est,
2646 1475 2787 1545 quod
2812 1474 2877 1528 ad
2910 1482 3108 1528 tantam
3139 1473 3386 1528 redactus
3425 1473 3493 1526 sit
3532 1489 3656 1543 ege-

2077 1576 2299 1631 statem,
2329 1576 2384 1621 ut
2413 1565 2750 1634 impudenter
2787 1578 2944 1634 agere
2987 1571 3226 1632 cogatur.
3260 1562 3368 1616 Nos
3392 1578 3520 1616 vero
3547 1577 3652 1616 non

2077 1657 2238 1711 modo
2268 1673 2372 1711 non
2406 1656 2770 1711 misericordia
2803 1670 3098 1718 movemur,
3143 1654 3238 1708 sed
3273 1663 3328 1708 et
3368 1655 3654 1708 inhumana

2079 1749 2162 1802 illa
2189 1748 2349 1804 verba
2375 1749 2716 1818 proferimus,
2744 1747 2982 1802 dicentes
3009 1765 3022 1800 :
3053 1748 3246 1803 Annon
3293 1733 3457 1800 semel
3490 1757 3541 1801 et
3572 1748 3654 1800 bis

2074 1839 2365 1908 accepisti?
2407 1839 2543 1907 Quid
2569 1839 2760 1910 igitur?
2801 1853 2977 1892 annon
3019 1848 3139 1908 eget
3181 1839 3301 1894 cibo
3346 1839 3535 1894 iterum
3564 1841 3652 1909 qui

2074 1932 2239 1985 semel
2287 1931 2463 1985 cibum
2507 1930 2751 2007 accepit?
2799 1929 2908 1984 Cur
2952 1945 3057 1984 non
3101 1931 3270 1995 ventri
3318 1946 3528 1999 quoque
3559 1940 3652 1984 tuo

2075 2021 2234 2074 hasce
2261 2022 2413 2089 ponis
2437 2022 2581 2090 leges
2601 2062 2618 2086 ,
2651 2035 2750 2076 nec
2779 2020 2948 2074 dicis:
2975 2021 3231 2088 Repletns
3263 2020 3402 2074 fuisti
3443 2023 3552 2075 heri
3598 2032 3652 2077 et

2073 2114 2267 2170 nudius
2292 2115 2498 2179 tertius,
2532 2130 2599 2168 ne
2623 2129 2831 2184 qumras
2861 2114 3123 2183 amplius?
3165 2112 3275 2168 lmo
3310 2115 3455 2168 illum
3489 2129 3650 2184 supra

2071 2219 2374 2260 mensuram
2424 2204 2682 2273 replendo
2729 2204 3018 2273 dirutnpis,
3072 2203 3213 2258 hunc
3265 2220 3393 2259 vero
3441 2205 3647 2260 modica

2075 2304 2339 2366 petentem
2375 2298 2661 2362 aversaris,
2700 2311 2820 2350 cum
2853 2311 2947 2365 par
2975 2306 3117 2350 esset
3144 2295 3261 2364 ejus
3289 2297 3373 2350 vel
3403 2295 3504 2350 hoc
3534 2297 3650 2364 ipso

2070 2389 2345 2452 misereri,
2395 2387 2533 2456 quod
2559 2386 2796 2456 quotidie
2836 2395 2888 2441 te
2935 2395 3154 2455 cogatur
3206 2386 3374 2439 adire.
3429 2387 3649 2441 Etiamsi

2072 2496 2176 2532 non
2212 2479 2428 2533 aliunde
2461 2477 2720 2540 flectat-is,
2757 2476 2878 2530 ideo
2910 2475 3052 2530 illius
3078 2483 3129 2529 te
3160 2476 3398 2529 misereri
3429 2486 3650 2543 oporte-

2071 2579 2170 2625 ret.
2213 2569 2547 2638 Paupertatis
2589 2569 2731 2623 enim
2776 2565 3071 2621 necessitas
3111 2565 3162 2630 vi
3203 2564 3266 2618 ad
3297 2565 3411 2618 haec
3441 2565 3645 2632 agenda

2071 2659 2312 2728 impellit.
2359 2657 2544 2727 Neque
2589 2658 2859 2710 miseraris
2908 2657 3078 2725 ipsum
3123 2655 3242 2725 quia
3275 2655 3396 2709 talia
3426 2655 3646 2710 audiens

2069 2764 2176 2803 non
2205 2748 2508 2810 erubescit;
2560 2747 2852 2813 necessitas
2892 2746 3034 2800 enim
3084 2745 3355 2813 praevalet.
3406 2745 3486 2799 Tu
3520 2761 3646 2799 vero

2069 2852 2174 2891 non
2215 2836 2376 2891 modo
2409 2852 2514 2889 non
2554 2834 2854 2898 miseraris;
2883 2833 2976 2888 sed
3005 2834 3165 2888 etiam
3195 2834 3424 2888 traducis
3455 2835 3599 2888 illum
3631 2853 3640 2887 :

2069 2928 2286 2997 Deoque
2309 2927 2529 2997 jubente
2557 2926 2694 2980 clam
2725 2940 2947 2995 erogare
2989 2925 3202 2996 (Matth.
3231 2925 3282 2980 6.
3313 2927 3388 2992 4),
3420 2935 3530 2979 stas
3555 2941 3644 2979 ac-

2067 3017 2346 3073 cedentem
2399 3017 2608 3086 probris
2657 3016 2867 3086 publice
2919 3018 3208 3086 impetens,
3248 3033 3369 3072 cutn
3400 3019 3642 3074 miserari

2068 3109 2217 3164 illum
2247 3115 2539 3178 oporteret.
2565 3107 2696 3161 Nam
2725 3107 2768 3160 si
2795 3106 2924 3162 dare
2955 3123 3059 3162 non
3092 3109 3170 3162 vis
3189 3148 3204 3172 ,
3251 3122 3347 3162 cur
3374 3109 3646 3163 calamito-

2067 3217 2179 3256 sam
2223 3211 2278 3257 et
2316 3201 2569 3254 miseram
2611 3199 2842 3253 animam
2887 3214 3108 3254 accusas
3154 3209 3208 3256 et
3241 3201 3463 3254 atteris?
3495 3200 3648 3255 Venit

2066 3296 2217 3366 quasi
2247 3295 2314 3349 ad
2343 3303 2551 3365 portum
2584 3293 2649 3348 ad
2682 3309 2874 3347 manus
2903 3303 3050 3356 tuas;
3083 3308 3178 3348 cur
3207 3293 3398 3348 ﬂuctus
3419 3294 3642 3354 excitus.

2067 3399 2121 3444 et
2141 3389 2441 3458 graviorem
2472 3394 2844 3456 tempestatem
2873 3384 3079 3440 efficis?
3110 3399 3205 3439 cur
3232 3384 3644 3439 illiheralitatem

2067 3478 2323 3533 damnas?
2357 3477 2494 3532 Num
2525 3477 2756 3532 venisset
2794 3478 2838 3530 si
2879 3477 3001 3530 talia
3032 3490 3091 3530 se
3116 3477 3420 3531 auditurum
3449 3490 3644 3546 exspe-

2067 3570 2304 3623 ctasset?
2334 3568 2485 3635 Quod
2515 3567 2560 3621 si
2593 3566 2644 3621 id
2673 3566 2969 3636 prmvidcns
2997 3567 3254 3630 accessit,
3288 3566 3409 3620 ideo
3442 3582 3534 3635 par
3561 3575 3646 3621 est

2067 3669 2122 3714 et
2153 3659 2304 3714 illum
2343 3657 2620 3724 miserari,
2651 3665 2706 3712 et
2734 3664 2878 3710 tuam
2908 3655 3128 3712 horrere
3167 3656 3606 3710 inhumanitatem
3629 3697 3645 3720 ,

2066 3751 2315 3822 quoniam
2347 3766 2415 3806 ne
2439 3749 2653 3820 quidem
2675 3789 2691 3814 ,
2722 3763 2843 3802 cum
2873 3756 3152 3818 urgentem
3181 3747 3329 3804 vides
3357 3748 3650 3803 necessita-

2069 3853 2210 3909 tem,
2241 3841 2570 3898 mansuetior
2596 3840 2800 3896 evadis.
2846 3839 3029 3910 Neque
3066 3840 3209 3895 enim
3249 3839 3495 3896 sufﬁcere
3546 3840 3648 3908 ipsi

2067 3943 2256 4004 putas,
2304 3933 2371 3988 ad
2421 3933 2819 3988 excusationem
2868 3931 3240 4000 impudentiaz,
3292 3932 3446 3986 famis
3493 3932 3646 3984 timo-

2069 4042 2218 4090 rem,
2249 4025 2344 4080 sed
2371 4024 2759 4094 impudentiam
2793 4024 3008 4093 arguis,
3057 4023 3146 4091 qui
3189 4023 3324 4076 forte
3365 4037 3508 4092 saepe
3552 4023 3648 4074 im-

2068 4117 2357 4188 pudentius
2383 4117 2536 4187 egisti
2565 4117 2616 4170 in
2647 4115 2808 4171 rebus
2835 4115 3190 4184 gravioribus.
3222 4114 3354 4168 Nam
3383 4113 3468 4168 hic
3497 4123 3646 4170 certe

2068 4209 2393 4280 impudentia
2422 4207 2632 4263 veniam
2674 4205 2828 4261 all‘ert
2855 4224 2869 4260 :
2898 4220 2997 4260 nos
3035 4219 3162 4260 vero
3197 4219 3344 4274 sirpe
3387 4204 3650 4274 supplicio

2067 4299 2222 4369 digna
2254 4297 2508 4356 facientes
2538 4294 2876 4368 impudenter
2899 4295 3136 4365 agimus;
3167 4303 3221 4350 et
3247 4309 3390 4359 cum,
3420 4295 3532 4348 lucc
3552 4308 3647 4348 co-

2067 4394 2318 4460 gitantes,
2365 4387 2594 4445 humiles
2631 4401 2752 4443 esse
2790 4394 3102 4455 oporteret,
3154 4385 3205 4440 in
3255 4385 3482 4438 miseros
3525 4383 3649 4438 illos

2068 4481 2421 4552 insurgimus,
2462 4495 2526 4534 ac
2563 4478 2798 4535 remedia
2842 4477 3146 4548 petentibus
3188 4476 3411 4531 vulnera
3455 4475 3646 4542 adjici-

2066 4591 2204 4630 mus.
2227 4574 2360 4631 Nam
2389 4574 2432 4631 si
2462 4573 2590 4630 dare
2621 4587 2724 4628 non
2755 4572 2836 4627 vis
2860 4613 2874 4632 .
2907 4586 3002 4625 cur
3029 4567 3230 4624 caedis?
3264 4569 3308 4622 si
3337 4567 3514 4636 largiri
3541 4583 3646 4622 non

2068 4667 2180 4731 vis,
2217 4680 2316 4720 cur
2359 4665 2557 4736 probro
2599 4661 2805 4717 aflicis?
2833 4660 2936 4717 Sed
2968 4661 3058 4715 ille
3083 4674 3188 4713 non
3213 4659 3332 4711 vult
3359 4657 3463 4711 alio
3489 4657 3648 4712 modo

2066 4756 2364 4815 discedere.
2393 4755 2483 4811 Sic
2501 4769 2630 4824 ergo
2653 4753 2734 4808 fac
2756 4761 2812 4805 ut
2830 4751 2922 4806 ille
2941 4751 3155 4821 sapiens
3171 4749 3357 4818 jussit:
3380 4748 3646 4817 Responde

2065 4850 2143 4904 illi
2172 4849 2401 4918 paciﬁca
2443 4863 2559 4901 cum
2603 4843 2988 4898 mansuetudine
3032 4841 3218 4912 (Eccli.
3251 4851 3304 4894 e.
3339 4839 3416 4911 8).
3463 4840 3649 4908 Neque

2065 4941 2208 4996 enim
2235 4939 2425 4994 lubens
2449 4938 2528 4992 sic
2560 4934 2900 5005 impudenter
2927 4933 3056 5003 agit.
3089 4931 3278 4987 Nullus
3307 4933 3502 5013 quippe
3527 4943 3643 4998 est,

2067 5033 2246 5086 nullus
2269 5039 2351 5086 est
2378 5028 2568 5095 homo,
2611 5027 2706 5096 qui
2729 5026 2846 5081 sine
2877 5041 3034 5080 causa
3063 5025 3189 5081 velit
3213 5027 3438 5095 turpiter
3464 5040 3644 5095 agere.

2070 5122 2288 5177 Etiamsi
2313 5121 2454 5176 enim
2479 5119 2693 5190 quidam
2718 5117 2914 5172 millies
2934 5116 3328 5183 contradicunt,
3356 5131 3645 5186 numquam

2066 5213 2302 5268 adducar
2326 5221 2383 5266 ut
2410 5211 2627 5265 credam
2659 5209 2929 5264 hominem
2974 5210 3025 5262 in
3065 5208 3218 5276 c0pia
3259 5225 3434 5262 rerum
3466 5208 3647 5261 viven-

2069 5315 2174 5358 tent
2203 5302 2564 5357 emendicare.
2605 5299 2774 5355 Nemo
2813 5301 2993 5367 itaque
3034 5314 3132 5353 nos
3170 5299 3314 5352 falsis
3354 5297 3646 5352 rationibus

2068 5393 2318 5462 decipiat.
2351 5391 2454 5447 Sed
2481 5390 2689 5445 etiamsi
2717 5389 2860 5443 dicat
2897 5389 3131 5444 Paulus:
3164 5388 3224 5444 St
3268 5389 3378 5453 quis
3417 5385 3648 5439 laborare

2069 5500 2170 5536 non
2198 5483 2312 5536 velit
2331 5522 2347 5544 ,
2380 5497 2468 5534 nec
2495 5480 2760 5533 niandncet
2785 5478 2861 5551 (2.
2897 5478 3075 5533 Thess.
3103 5478 3157 5531 5.
3191 5476 3316 5545 10);
3349 5475 3472 5528 illos
3499 5484 3646 5529 certe

2069 5573 2262 5628 Paulus
2304 5572 2605 5640 alloquitur,
2635 5586 2742 5624 non
2774 5585 2906 5633 nos;
2939 5570 3046 5623 into
3077 5574 3260 5620 contra
3297 5563 3532 5618 :Bonunt
3558 5565 3643 5632 [ao

2067 5673 2249 5717 mentes
2285 5678 2386 5714 non
2412 5661 2698 5731 despiciatis
2722 5658 2882 5732 (Ibid.
2919 5676 2969 5711 v.
3006 5658 3117 5723 l5).
3144 5654 3231 5708 Sic
3258 5652 3403 5707 domi
3428 5669 3528 5708 nos
3556 5654 3636 5709 fa-

2070 5757 2241 5812 cimus
2265 5772 2278 5810 :
2306 5769 2426 5810 cum
2480 5752 2614 5809 duos
2650 5751 2894 5808 videmus
2935 5749 3234 5818 litigantes,
3272 5743 3494 5800 seorshn
3526 5744 3640 5802 sin.-
