4042 6218
428 346 521 399 Hi

424 459 573 527 gulos
602 458 925 528 accipientes
965 460 1227 513 contraria
1271 460 1634 514 cohortamur.
1666 459 1754 516 Sic
1784 469 1838 516 et
1864 462 2003 515 Deus

427 548 551 602 fecit
576 558 629 603 et
658 549 869 620 Moyses
908 564 1157 617 quoque:
1190 564 1310 601 nam
1358 550 1466 603 Deo
1510 550 1757 605 dicebat:
1791 552 1852 605 Si
1892 554 2004 622 qui-

425 639 537 692 dem
565 638 772 691 dimittis
802 648 1059 707 peccatum
1081 638 1225 706 ipsis,
1250 639 1478 704 dimitte;
1505 642 1585 693 sin
1620 641 1805 704 minus,
1840 651 1887 694 et
1926 658 2005 695 me

424 728 535 781 dele
561 724 752 795 (Exod.
782 727 870 781 52.
901 728 987 781 51.
1021 727 1110 797 52)
1136 744 1149 792 ;
1185 729 1291 781 illis
1318 744 1447 783 vero
1479 732 1729 799 prarcepit
1754 772 1767 794 ,
1798 740 1855 784 ut
1883 745 2002 785 sese

430 828 616 871 mutuo
636 818 978 884 occiderent,
1004 828 1162 889 atque
1188 832 1442 889 cognatos
1471 838 1678 878 omnes.
1724 825 1881 894 Atqui
1915 825 2000 878 illa

423 909 688 962 contraria
734 918 922 973 erant,
953 919 1006 964 et
1032 919 1206 965 tamen
1248 912 1313 966 ad
1357 914 1601 967 eumdem
1645 916 1799 968 tinem
1840 916 1999 969 ambo

426 1000 802 1067 respiciebant.
847 1001 1077 1055 Rursum
1118 1001 1259 1056 Deus
1284 1002 1482 1073 Moysi,
1514 1004 1711 1059 Judacis
1734 1006 1997 1060 audienti-

424 1090 521 1143 bus
540 1092 782 1144 dicebat:
807 1091 1018 1145 Dimitte
1036 1110 1132 1160 me,
1157 1104 1203 1147 et
1228 1104 1481 1148 conteram
1504 1099 1768 1164 papulum.
1793 1098 1997 1151 Etiam-

421 1180 465 1233 si
496 1181 637 1234 enim
680 1196 786 1233 non
826 1180 1112 1248 adessent,
1160 1197 1281 1236 cum
1332 1185 1468 1239 Deus
1512 1184 1625 1239 haec
1672 1187 1905 1251 diceret,
1945 1197 1997 1242 at

423 1269 538 1325 haec
565 1280 745 1340 postea
784 1273 1014 1326 audituri
1046 1284 1194 1327 erant
1218 1291 1232 1339 ;
1274 1279 1496 1330 seorsim
1523 1291 1649 1331 vero
1676 1277 1756 1331 his
1780 1288 1994 1332 contra-

422 1359 500 1413 ria
539 1360 771 1413 mandat.
815 1361 882 1414 Et
922 1363 1034 1416 haec
1065 1364 1273 1434 Moyses
1295 1374 1477 1433 postea
1509 1376 1724 1422 coactus
1750 1369 1887 1422 dixit
1914 1369 1996 1424 his

423 1451 600 1505 verbis
630 1469 643 1504 :
674 1450 938 1521 Numquid
958 1471 1046 1523 ego
1074 1455 1190 1507 illos
1210 1456 1260 1508 in
1291 1466 1431 1510 utero
1459 1459 1699 1528 concepi,
1728 1460 1846 1527 quia
1868 1460 1995 1513 dicis

424 1542 582 1606 mihi,
617 1542 767 1595 Gesta
807 1559 889 1596 eos
927 1545 1060 1597 sicut
1086 1556 1246 1614 gestat
1276 1548 1447 1601 nutrix
1488 1548 1750 1602 lactentem
1790 1550 1844 1602 in
1879 1551 1991 1603 sinu

420 1647 512 1683 suo
543 1630 727 1701 (Num.
769 1632 1016 1702 11.12)?
1060 1634 1183 1689 Haec
1230 1636 1281 1689 in
1329 1636 1574 1691 domibus
1621 1654 1833 1708 quoque
1878 1638 1991 1693 fieri

419 1723 614 1777 solent.
660 1722 871 1777 Etenim
913 1740 1055 1792 srepe
1082 1737 1230 1793 pater
1259 1727 1599 1797 paidagogum
1626 1770 1642 1792 ,
1687 1730 1777 1798 qui
1823 1729 1989 1784 lilium

416 1812 707 1880 corripuit,
737 1827 978 1867 seorsum
1008 1815 1247 1885 increpat
1272 1817 1353 1871 his
1382 1818 1556 1872 verbis
1576 1860 1591 1885 ,
1621 1818 1696 1872 Ne
1724 1820 1798 1873 sis
1827 1820 1991 1875 durus

415 1913 469 1954 et
499 1917 684 1969 asper;
718 1919 880 1971 puero
901 1913 1077 1959 autem
1105 1908 1369 1959 contraria
1391 1908 1521 1961 dicit
1544 1926 1558 1961 :
1584 1910 1801 1962 Etiamsi
1829 1921 1879 1965 te
1904 1911 1989 1964 in-

412 1991 556 2058 juste
589 1994 846 2061 corrigat,
880 1993 929 2045 id
961 1994 1160 2058 tolera;
1189 2011 1254 2048 ex
1285 1998 1569 2051 contrariis
1595 2014 1759 2052 unum
1790 2007 1842 2053 et
1873 2002 1991 2069 qui-

422 2080 542 2134 dem
572 2080 702 2135 utile
735 2096 945 2150 parans.
1002 2083 1078 2137 lta
1130 2099 1339 2154 quoque
1382 2085 1577 2141 Paulus
1621 2089 1758 2144 bene
1805 2091 1989 2145 valen-

414 2170 554 2225 tibus
606 2172 863 2225 mendicis
915 2172 1125 2227 dicebat
1173 2192 1185 2226 :
1236 2175 1297 2229 Si
1358 2178 1470 2245 quis
1522 2194 1622 2231 non
1681 2177 1783 2231 vult
1840 2180 1987 2235 labo-

412 2278 561 2327 rare,
611 2278 701 2315 nec
745 2263 1012 2318 manducet
1062 2266 1138 2333 (2.
1182 2265 1359 2320 Thess.
1386 2269 1435 2321 5.
1470 2268 1593 2339 10);
1644 2280 1700 2324 ut
1742 2270 1808 2325 ad
1853 2286 1987 2340 opus

415 2352 538 2407 illos
580 2356 863 2419 excitaret;
910 2355 976 2410 iis
1021 2371 1150 2411 vero
1193 2358 1284 2427 qui
1329 2359 1718 2430 eleemosynam
1765 2377 1987 2431 erogare

411 2453 667 2512 possent:
734 2445 832 2499 Vos
882 2457 1046 2501 autem
1094 2447 1455 2518 benefacientes
1503 2468 1566 2505 ne
1607 2454 1887 2521 deﬁciatis;
1929 2464 1987 2509 ut

412 2536 533 2590 illos
562 2536 627 2589 ad
654 2537 1048 2608 eleemosynam
1080 2540 1395 2608 impelleret.
1426 2540 1514 2595 Sic
1538 2557 1656 2596 cum
1686 2559 1778 2597 eos
1802 2545 1889 2613 qui
1917 2560 1982 2599 ex

409 2626 693 2694 gentilibus
721 2626 786 2679 ad
819 2626 974 2681 [idem
1002 2638 1371 2693 accesserant,
1418 2631 1470 2685 in
1512 2632 1745 2700 Epistula
1777 2635 1841 2687 ad
1872 2635 1982 2689 Ro-

412 2732 597 2771 manos
625 2717 773 2788 (Cap.
801 2720 886 2773 ll.
913 2735 960 2772 υ.
986 2720 1075 2789 l7)
1100 2720 1432 2787 hortabatur,
1467 2739 1534 2779 ne
1558 2734 1742 2778 contra
1770 2725 1983 2780 Iudaeos

409 2808 572 2862 altum
600 2819 868 2879 saperent,
901 2811 1187 2866 oleastrum
1234 2813 1285 2866 in
1336 2814 1566 2867 medium
1594 2816 1848 2883 adducit,
1880 2818 1980 2871 alia

409 2897 513 2963 his,
545 2899 644 2951 alia
683 2900 786 2953 illis
815 2900 994 2956 dicere
1022 2903 1248 2957 videtur.
1294 2903 1371 2957 Ne
1410 2904 1585 2972 itaque
1615 2908 1664 2959 itt
1694 2907 1980 2960 crudelita-

406 2995 515 3042 tem
566 2990 898 3055 incidamus;
928 2992 1022 3046 sed
1070 2993 1348 3047 audiamus
1397 2995 1616 3048 Paulum
1674 2996 1977 3051 dicentem:
2038 3052 2048 3060 ,

404 3076 602 3131 Bonum
629 3081 867 3150 facientes
903 3099 964 3135 ne
1010 3083 1275 3151 deﬁciatis.
1323 3084 1614 3139 Audiamus
1641 3087 1977 3141 Servatoretn

405 3170 711 3228 dicentem:
745 3173 896 3226 Omni
942 3177 1126 3242 petenti
1182 3184 1227 3229 te
1270 3176 1337 3228 da
1380 3176 1592 3245 (Matth.
1625 3178 1677 3231 5.
1716 3178 1853 3246 42);
1885 3187 1936 3231 et
1960 3220 1976 3245 ,

404 3261 577 3316 Estote
617 3264 997 3329 misericordes,
1045 3266 1173 3318 sicut
1219 3265 1372 3318 Pater
1400 3277 1558 3319 vester
1598 3266 1745 3339 (Luc.
1774 3268 1826 3321 6.
1860 3269 1973 3338 '56).

403 3350 520 3404 Etsi
551 3352 712 3405 multa
740 3352 967 3415 dixerit,
1000 3368 1259 3421 unSquam
1288 3365 1461 3409 tamen
1502 3357 1602 3411 hoc
1633 3358 1838 3424 posuit,
1874 3359 1974 3413 nisi

401 3456 523 3493 cum
568 3441 635 3496 de
684 3442 1117 3498 miscricordibus
1156 3445 1375 3501 diceret.
1426 3447 1565 3500 Nihil
1604 3449 1749 3502 enim
1778 3449 1848 3502 ita
1877 3464 1974 3504 nos

400 3532 631 3599 aequales
665 3532 770 3587 Deo
803 3533 956 3602 facit,
988 3543 1045 3589 ιιι
1075 3536 1117 3589 si
1150 3535 1405 3591 beneficia
1435 3548 1767 3605 pratstemns.

468 3621 520 3675 5.
557 3621 813 3691 Pnuperes
834 3640 865 3676 α
886 3626 1091 3678 crimine
1116 3626 1441 3692 impudentia:
1462 3628 1796 3683 vindicantur.
1831 3628 1969 3696 Quo-

397 3711 547 3763 modo
572 3712 670 3763 sint
695 3713 1078 3780 excipiendi.——
1099 3716 1167 3767 At
1188 3714 1315 3766 nihil
1341 3715 1716 3782 impudentius,
1740 3714 1964 3785 inquies,

397 3816 648 3869 paupere.
702 3802 842 3855 Cur?
885 3818 1198 3871 qumsozan
1249 3804 1371 3872 quia
1420 3818 1708 3858 accurreus
1736 3806 1968 3860 clamat?

398 3892 487 3945 Vis
513 3892 787 3945 ostendam
818 3908 915 3947 nos
947 3894 1048 3947 illis
1078 3895 1245 3947 multo
1270 3910 1389 3949 esse
1421 3895 1877 3964 impudentiores?
1908 3898 1963 3951 lu

392 3994 623 4039 mentem
680 4000 901 4051 revoca,
950 3987 1158 4054 quoties
1204 3986 1387 4054 jejunii
1444 3996 1725 4056 tempore,
1782 4004 1962 4042 mensa

390 4091 614 4143 veSpcre
641 4077 881 4144 apposita
902 4117 915 4139 ,
941 4078 1507 4145 voeatoqneministro
1525 4117 1540 4141 ,
1584 4078 1627 4131 si
1658 4076 1856 4131 tardius
1885 4079 1964 4131 in-

387 4166 633 4230 cederet,
664 4167 841 4219 omnia
871 4167 1104 4219 evertisti
1123 4208 1137 4230 ,
1181 4167 1417 4220 calcibus
1443 4167 1757 4236 obstrepens
1777 4208 1793 4233 ,
1832 4184 1962 4223 con-

387 4260 519 4312 vicia
548 4268 600 4312 et
626 4259 817 4327 probra
843 4258 1067 4312 efferens
1098 4274 1196 4327 pro
1221 4274 1378 4327 parva
1405 4275 1585 4324 mora;
1619 4262 1717 4314 etsi
1740 4263 1888 4315 noris
1910 4273 1962 4316 te

386 4351 630 4418 quamvis
661 4367 766 4403 non
798 4350 977 4404 statim
998 4392 1014 4415 ,
1045 4361 1165 4419 post
1194 4352 1455 4404 tantillum
1485 4360 1660 4406 tamen
1705 4356 1958 4421 temporis

382 4443 524 4511 large
552 4452 911 4496 eomesturum
959 4457 1099 4496 esse.
1144 4442 1301 4509 Atqui
1351 4451 1402 4497 te
1442 4442 1635 4510 ipsum,
1665 4444 1752 4513 qui
1782 4458 1877 4513 pro
1898 4459 1956 4499 re

382 4533 601 4585 minima
645 4533 873 4595 ferocis,
906 4548 1010 4586 non
1044 4532 1405 4601 impudentem
1436 4548 1594 4586 vocas
1616 4575 1629 4596 ,
1668 4549 1952 4602 pauperem

380 4638 545 4687 vero,
573 4623 663 4691 qui
685 4623 751 4676 de
783 4637 843 4677 re
875 4623 1064 4690 majori
1114 4623 1302 4676 metuit
1348 4633 1403 4677 et
1449 4623 1627 4676 tremit
1655 4622 1782 4692 (non
1808 4624 1951 4677 enim

381 4732 578 4770 moram
603 4758 618 4778 ,
666 4716 759 4771 sed
792 4715 983 4769 famem
1014 4714 1202 4785 timet),
1235 4730 1391 4768 vocas
1422 4715 1743 4783 petulantem
1772 4723 1826 4768 et
1854 4715 1952 4768 im-

375 4805 697 4874 pudentem,
746 4820 809 4859 ac
851 4805 1153 4874 turpissima
1197 4806 1247 4858 in
1289 4805 1433 4858 illum
1462 4804 1637 4858 omnia
1666 4804 1951 4875 congeris?

372 4899 565 4950 Annon
596 4895 647 4949 id
672 4906 929 4951 extrema:
955 4906 1037 4951 est
1063 4896 1447 4965 impudentia?
1476 4896 1670 4951 Verum
1697 4896 1811 4951 haec
1840 4911 1945 4950 non

370 4986 425 5041 in
455 4995 632 5040 mente
662 5000 937 5040 versamus
956 5028 970 5053 ,
1002 4987 1229 5055 ideoque
1254 4986 1374 5041 illos
1400 4987 1653 5041 molestos
1679 4986 1942 5041 dicimus:

369 5078 514 5148 quod
539 5078 582 5131 si
605 5093 723 5148 qua:
745 5087 927 5131 nostra
952 5088 1075 5132 sunt
1095 5079 1495 5147 exploraremus
1514 5119 1528 5144 ,
1556 5077 1944 5132 conferremus-

368 5185 471 5241 que
499 5185 620 5223 cum
645 5169 797 5222 factis
820 5183 1005 5223 eorum
1028 5210 1042 5229 ,
1072 5185 1176 5223 non
1216 5169 1336 5223 illos
1365 5170 1620 5223 molestos
1658 5167 1944 5222 arbitrare-

365 5277 487 5315 mur
511 5275 651 5315 esse.
679 5258 797 5314 Noli
825 5259 981 5327 igitur
1002 5274 1122 5313 esse
1138 5259 1296 5326 judex
1320 5260 1563 5313 acerbus.
1588 5258 1720 5312 Nam
1742 5259 1936 5312 etiam-

364 5354 408 5406 si
436 5352 683 5406 omuibus
707 5350 940 5419 peccatis
965 5364 1162 5404 vacuus
1189 5364 1335 5403 esses
1360 5390 1376 5416 ,
1409 5351 1491 5403 lex
1521 5358 1697 5403 tamen
1722 5349 1812 5404 Dei
1837 5365 1940 5403 non

367 5440 459 5494 tibi
499 5440 736 5508 permisit
774 5426 998 5493 aliorum
1033 5438 1166 5493 facta
1197 5439 1273 5492 sic
1300 5449 1547 5493 accurate
1576 5439 1777 5495 rimari.
1808 5438 1943 5493 Nam

371 5531 415 5583 si
462 5529 765 5584 Pharisazus
810 5530 897 5583 ille
953 5529 1072 5583 ideo
1115 5528 1269 5598 periit
1292 5526 1437 5597 (Luc.
1492 5528 1601 5597 18),
1632 5544 1789 5597 quam
1842 5544 1940 5582 nos

370 5620 772 5673 excusationem
834 5617 1185 5672 habebimus?
1232 5616 1289 5672 Si
1327 5617 1392 5671 iis
1443 5617 1533 5686 qui
1573 5618 1735 5686 probe
1776 5618 1939 5687 gestis

369 5717 623 5762 ornantur
650 5722 754 5764 non
785 5709 1038 5780 permittit
1081 5709 1305 5766 aliorum
1350 5708 1485 5764 facta
1527 5709 1717 5765 acerbe
1744 5709 1930 5780 extplo-

1171 347 1226 402 S.
1249 345 1526 401 JOANNIS
1566 345 2032 403 CIIRYSOSTOMI
2071 346 2382 403 ARCHIEP.
2414 349 2941 407 CONSTANTINOP.

3587 356 3700 412 ιη

2116 474 2267 525 rare,
2296 461 2462 515 multo
2494 463 2668 516 minus
2695 462 3083 532 peccatoribus.
3112 460 3190 517 Ne
3210 462 3393 533 itaque
3419 461 3695 522 inhumani

2110 551 2311 612 simus,
2342 567 2409 605 ne
2432 553 2820 617 inexorabiles,
2869 567 2937 607 ne
2980 552 3245 620 immites,
3292 570 3361 609 ne
3388 553 3517 610 feris
3545 558 3697 626 pejo-

2110 654 2214 693 res.
2244 639 2433 693 Multos
2461 642 2655 710 quippe
2684 642 2805 694 novi
2840 641 2890 694 in
2925 650 3124 695 tantam
3155 645 3485 711 processisse
3512 644 3695 700 feritav

2112 739 2252 796 tem,
2286 741 2342 784 ut
2370 748 2433 785 ex
2473 731 2675 786 desidia
2719 732 2995 786 famelicos
3022 742 3277 801 spernant
3304 774 3321 798 ,
3370 734 3486 789 hzec
3518 737 3696 803 profe-

2111 831 2290 874 rentes
2321 821 2481 875 verba
2499 861 2513 885 ,
2546 820 2660 875 Non
2689 822 2842 875 adest
2861 837 3047 875 servus
3066 862 3089 887 ,»
3118 824 3299 891 procul
3346 825 3557 879 aedibus
3593 840 3695 879 su-

2105 928 2226 965 mus
2251 931 2263 966 :
2294 913 2468 968 nullus
2493 914 2744 982 trapezita
2768 912 2895 966 mihi
2920 924 3076 967 notus
3097 923 3197 968 est.
3218 914 3261 967 0
3285 914 3691 969 crudelitatem!

2105 1002 2256 1067 Quod
2303 1003 2475 1071 majus
2513 1012 2629 1057 erat
2670 1003 2928 1065 cﬂ‘ecisti,
2975 1013 3029 1057 et
3070 1003 3211 1073 quod
3257 1003 3434 1058 minus
3460 1014 3546 1059 est
3579 1020 3692 1059 non

2105 1092 2349 1162 perﬁcis?
2375 1108 2441 1146 ne
2469 1102 2522 1146 tu
2552 1093 2845 1161 plusculum
2876 1092 3124 1156 incedas,
3157 1093 3247 1147 ille
3272 1092 3412 1148 fame
3444 1094 3616 1162 perit?
3643 1093 3692 1148 Ο

2102 1183 2512 1237 contumeliam!
2562 1198 2595 1237 o
2622 1182 2961 1251 snperbiaml
3010 1183 3140 1236 Nam
3187 1183 3233 1237 si
3273 1183 3459 1238 decem
3500 1184 3689 1238 stadiis

2102 1273 2367 1339 eundum,
2416 1288 2481 1326 an
2518 1274 2723 1342 pigrum
2769 1287 2888 1327 esse
2927 1273 3197 1342 oportuit?
3227 1289 3330 1327 non
3359 1276 3561 1344 cogitas
3601 1276 3676 1329 ita

2103 1363 2358 1430 majorem
2388 1363 2478 1417 tibi
2510 1364 2809 1417 mercedem
2852 1363 3063 1431 parari?
3102 1364 3232 1417 Nam
3276 1379 3398 1419 cum
3438 1364 3687 1432 largiris,

2102 1454 2228 1507 doni
2260 1462 2461 1506 tantum
2494 1453 2793 1507 mercedem
2819 1454 3048 1521 accipis;
3080 1464 3134 1508 et
3160 1469 3280 1508 cum
3304 1456 3405 1508 iter
3432 1455 3684 1523 suscipis.

2100 1544 2256 1613 hujus
2284 1559 2496 1612 quoque
2523 1546 2597 1597 rei
2625 1544 2900 1611 praemium
2931 1545 3220 1612 repositum
3249 1554 3351 1599 est.
3393 1544 3526 1598 Nam
3558 1544 3685 1598 ideo

2098 1636 2448 1704 patriarcbam
2492 1636 2767 1701 miramur,
2809 1636 2931 1704 quia
2961 1651 3080 1690 cum
3114 1646 3378 1691 trecentos
3402 1636 3587 1692 decem
3612 1645 3673 1690 et

2097 1734 2219 1779 octo
2250 1740 2438 1778 vernas
2466 1724 2718 1790 haberet,
2748 1725 2812 1777 ad
2846 1726 3005 1779 boves
3036 1726 3327 1791 contendit,
3360 1742 3424 1780 ac
3450 1728 3678 1780 vitulum

2095 1815 2327 1882 abripuit
2361 1813 2515 1883 (Gen.
2541 1816 2628 1869 18.
2654 1812 2729 1885 7).
2759 1814 2909 1869 Nunc
2938 1830 3066 1868 vero
3106 1816 3321 1884 quidam
3368 1825 3516 1871 tanto
3553 1828 3682 1871 sunt

2096 1903 2233 1957 fastu
2256 1903 2477 1972 repleti,
2506 1912 2563 1956 ut
2592 1918 2696 1957 non
2723 1911 3009 1957 vereantur
3033 1903 3148 1957 haec
3170 1904 3487 1958 famulorum
3513 1920 3679 1973 opera

2095 1991 2290 2048 facere.
2320 1995 2400 2047 An
2432 2007 2549 2046 mea
2580 1993 2693 2062 ipsa
2723 2007 2886 2062 opera
2915 1993 2968 2048 id
2997 1994 3170 2049 facere
3205 1995 3395 2064 jubes,
3429 1996 3677 2065 inquies,

2094 2100 2268 2138 annon
2299 2083 2520 2138 videbor
2540 2085 2749 2138 inanem
2774 2085 2996 2153 gloriam
3026 2087 3317 2155 aucupari?
3345 2089 3503 2156 Atqui
3532 2105 3677 2143 nune

2094 2191 2189 2244 per
2217 2176 2360 2229 aliud
2392 2191 2540 2229 vana:
2566 2176 2747 2245 gloriae
2775 2191 2943 2245 genus
2969 2176 3021 2231 id
3050 2176 3180 2230 facis
3199 2219 3215 2243 ,
3261 2179 3382 2246 quia
3425 2189 3475 2232 te
3513 2181 3676 2247 pudet

2092 2281 2212 2319 cum
2246 2281 2475 2334 paupere
2506 2265 2811 2334 loquentem
2839 2266 3028 2320 videri.
3080 2266 3272 2322 Verum
3315 2268 3448 2322 nihil
3479 2270 3580 2323 hac
3604 2272 3676 2324 de

2091 2354 2480 2423 rediligentius
2508 2355 2846 2423 perquiram:
2876 2355 2941 2408 da
2972 2354 3190 2419 saltem,
3226 2357 3306 2410 vel
3335 2372 3432 2425 per
3457 2366 3545 2424 te,
3583 2360 3672 2413 vel

2092 2460 2188 2513 per
2207 2446 2366 2499 alium
2387 2485 2401 2509 ,
2434 2460 2499 2499 ne
2525 2460 2744 2500 accuses
2772 2461 3059 2514 pauperem
3080 2488 3094 2511 ,
3122 2464 3190 2503 ne
3218 2448 3426 2515 credas,
3455 2466 3522 2503 ne
3542 2466 3673 2504 eon-

2091 2534 2335 2599 vicieris;
2362 2535 2613 2587 remediis
2637 2535 2803 2599 enim,
2835 2552 2937 2589 non
2967 2536 3308 2602 vulneribus,
3351 2553 3482 2607 opus
3508 2540 3667 2593 habet

2090 2624 2135 2678 is
2167 2624 2257 2692 qui
2288 2624 2533 2687 accedit;
2573 2626 2974 2690 misericordia,
3020 2643 3125 2680 non
3172 2627 3371 2696 gladio.
3414 2630 3469 2683 Si
3509 2632 3667 2698 quis,

2087 2727 2288 2782 quaeso,
2318 2712 2488 2781 lapide
2509 2728 2791 2781 percussus
2813 2724 2868 2768 et
2887 2715 2939 2767 in
2963 2716 3136 2783 capite
3160 2717 3490 2783 vulneratus,
3512 2728 3671 2772 cmte-

2093 2806 2167 2859 ris
2192 2805 2395 2859 relictis
2424 2804 2489 2859 ad
2519 2814 2570 2859 te
2595 2816 2899 2862 accurreret
2935 2810 3190 2877 sanguine
3219 2812 3463 2877 perfusus
3482 2853 3497 2875 ,
3528 2827 3665 2867 num

2085 2896 2256 2948 altero
2283 2896 2429 2948 illum
2462 2895 2633 2963 lapide
2656 2897 2916 2964 impetens
2945 2898 3086 2951 aliud
3120 2900 3232 2969 ipse
3257 2901 3517 2967 adjiceres
3543 2905 3666 2956 vul-

2086 2987 2224 3039 nus?
2263 2986 2375 3039 Non
2417 2987 2576 3040 credo
2620 2988 2833 3055 utique,
2878 2988 2971 3041 sed
3004 2998 3233 3043 tentares
3263 2991 3338 3044 illi
3366 2992 3666 3048 remedium

2084 3077 2296 3131 afferre.
2341 3075 2449 3131 Cur
2486 3092 2615 3146 ergo
2651 3078 2791 3131 circa
2834 3092 3096 3146 pauperes
3120 3081 3443 3134 contrarium
3488 3081 3667 3136 facis?

2083 3170 2163 3221 Au
2194 3168 2366 3221 nescis
2391 3177 2647 3236 quantum
2678 3169 2846 3237 possit
2871 3170 3043 3223 oratio
3084 3171 3164 3225 vel
3205 3171 3382 3225 levare
3409 3173 3490 3228 vel
3519 3173 3665 3241 deji-

2082 3259 2238 3311 cere?
2285 3257 2470 3311 Melior
2496 3259 2638 3312 enim
2671 3268 2774 3323 est,
2826 3260 3033 3329 inquit,
3078 3277 3242 3315 sermo
3280 3279 3431 3331 quam
3468 3267 3664 3317 donum

2085 3349 2272 3418 (Eecli.
2304 3349 2391 3403 18.
2422 3349 2535 3416 16).
2566 3348 2680 3402 Νοη
2723 3358 2894 3402 tecum
2931 3359 3177 3419 reputas,
3208 3362 3259 3406 te
3290 3353 3381 3408 tibi
3420 3353 3519 3421 ipsi
3546 3356 3665 3423 gla-

2078 3440 2222 3493 dium
2247 3440 2554 3507 admovere,
2587 3451 2741 3509 teque
2768 3440 2960 3494 vulnus
2989 3441 3356 3499 vehementius
3376 3445 3621 3515 accipere
3642 3488 3659 3511 ,

2076 3544 2197 3582 cum
2224 3530 2311 3583 ille
2340 3530 2581 3583 convicio
2610 3529 2831 3584 aﬂ‘ectus
2859 3532 3174 3596 recesserit,
3204 3532 3331 3586 dum
3368 3534 3532 3588 silens
3566 3536 3660 3589 in~

2075 3618 2269 3685 gemit,
2319 3626 2373 3671 et
2415 3618 2637 3671 multum
2684 3618 3047 3689 lacrymatur?
3088 3619 3222 3674 Nam
3261 3636 3291 3674 a
3338 3622 3449 3677 Deo
3492 3623 3557 3676 ad
3603 3633 3659 3679 te

2074 3710 2321 3761 mittitur.
2345 3708 2529 3778 Cogita
2560 3724 2688 3778 ergo
2709 3750 2724 3776 ,
2769 3710 2895 3763 dum
2927 3709 2999 3764 illi
3026 3711 3362 3778 conviciaris,
3394 3712 3459 3766 ad
3490 3728 3655 3783 quem

2074 3799 2364 3853 transferas
2408 3800 2739 3866 convicium,
2788 3817 2911 3857 cum
2958 3803 3096 3857 Deus
3142 3803 3209 3857 ad
3256 3811 3311 3858 te
3352 3805 3555 3869 mittat,
3598 3816 3657 3859 et

2070 3905 2291 3960 erogare
2328 3891 2547 3959 jubeat,
2580 3902 2632 3945 tu
2660 3908 2786 3946 vero
2812 3909 2917 3946 nou
2946 3892 3105 3946 modo
3150 3906 3254 3948 non
3294 3893 3409 3957 des,
3449 3894 3543 3949 sed
3595 3906 3655 3949 et

2069 3978 2410 4036 accedentem
2442 3982 2700 4037 conviciis
2729 3983 2991 4051 impetas?
3018 3981 3072 4038 Si
3112 3998 3272 4052 porro
3301 3983 3652 4040 absurditatis

2069 4072 2486 4141 magnitudinem
2536 4072 2749 4141 ignoras
2768 4112 2783 4137 ,
2832 4073 2886 4125 in
2913 4071 3219 4127 hominibus
3246 4072 3295 4127 id
3326 4074 3609 4128 considera
3628 4115 3646 4137 ,

2066 4173 2119 4217 et
2145 4174 2269 4218 tunc
2298 4165 2496 4233 peccati
2524 4165 2840 4232 gravitatem
2880 4179 3158 4233 agnosces.
3199 4164 3254 4221 Si
3280 4166 3423 4220 enim
3452 4181 3649 4221 servus

2066 4262 2189 4305 tuus
2216 4268 2244 4305 a
2275 4262 2325 4306 te
2354 4251 2419 4306 ad
2450 4252 2612 4305 alium
2650 4266 2864 4306 servum
2903 4254 3134 4319 missus,
3186 4252 3254 4309 de
3293 4270 3452 4307 manu
3497 4255 3646 4309 illius

2061 4352 2338 4412 argentum
2369 4353 2514 4397 tuum
2545 4351 2889 4411 accepturus,
2931 4359 3035 4397 non
3067 4344 3226 4398 modo
3251 4344 3431 4399 vacuis
3463 4347 3641 4400 mani-

2061 4432 2159 4485 bus
2186 4433 2412 4497 rediret,
2457 4432 2551 4486 sed
2587 4435 2745 4486 etiam
2779 4432 2987 4500 injuriis
3022 4434 3335 4497 lacessitus,
3368 4433 3495 4503 quid
3528 4450 3640 4489 non

2058 4534 2241 4579 contra
2270 4525 2653 4579 conviciantem
2685 4524 2918 4579 faceres?
2957 4540 3090 4591 quas
3119 4540 3224 4579 non
3251 4527 3493 4594 exigeres
3521 4543 3641 4595 ρωο

2055 4630 2172 4675 nas,
2200 4630 2321 4669 cum
2351 4624 2403 4668 tu
2434 4616 2546 4684 ipse
2588 4614 2904 4668 contumelia
2947 4611 3169 4669 allectus
3211 4616 3399 4669 esses?
3442 4615 3535 4670 Sic
3565 4618 3637 4672 de

2055 4705 2165 4760 Deo
2184 4706 2355 4775 cogita
2382 4722 2395 4757 :
2421 4705 2533 4773 ipse
2558 4719 2785 4772 namque
2811 4713 2893 4759 est
2920 4705 3008 4773 qui
3038 4703 3106 4757 ad
3148 4719 3245 4758 nos
3290 4706 3453 4758 mittit
3495 4720 3634 4773 pau-

2054 4811 2241 4865 peres,
2268 4804 2323 4849 et
2346 4811 2462 4865 quae
2496 4795 2660 4863 ipsius
2689 4802 2816 4848 sunt
2850 4795 3122 4863 largimur,
3158 4794 3204 4848 si
3233 4794 3442 4849 damus.
3475 4795 3634 4862 Quod

2050 4887 2095 4940 si
2125 4896 2317 4954 negato
2337 4885 2478 4940 dono
2495 4885 2653 4939 etiam
2680 4885 2999 4939 contumelia
3026 4885 3245 4940 affectos
3269 4886 3629 4952 remittamus,

2049 4981 2222 5046 cogita
2264 4976 2455 5044 quibus
2480 4975 2788 5029 fulminibus
2815 4975 3030 5043 dignum
3069 4990 3201 5043 opus
3232 4974 3463 5031 edimus.
3495 4974 3630 5031 Hzee

1988 5073 1994 5079 '
2050 5068 2226 5135 itaque
2246 5067 2422 5120 omnia
2444 5066 2759 5134 cogitantes,
2790 5073 2845 5118 et
2872 5064 3101 5133 linguam
3133 5063 3426 5129 freuemus,
3458 5073 3512 5119 et
3542 5065 3632 5119 in-

2049 5158 2431 5211 humanitatem
2477 5157 2769 5225 pellamus,
2802 5162 2857 5208 et
2884 5168 3074 5208 manus
3112 5153 3179 5207 ad
3225 5154 3627 5223 eleemosynam

2046 5251 2395 5305 extendamus
2419 5266 2430 5301 :
2462 5263 2631 5316 neque
2658 5246 2895 5316 pecuniis
2915 5246 3110 5311 solum,
3134 5244 3231 5299 sed
3256 5244 3419 5299 etiam
3445 5244 3628 5299 verbis

2045 5357 2243 5412 egenos
2269 5340 2606 5395 consolemur
2627 5379 2642 5404 ,
2664 5348 2721 5391 ut
2751 5347 2804 5393 et
2831 5337 3278 5392 contumeliarum
3306 5349 3519 5404 poenam
3551 5334 3628 5389 iu-

2045 5434 2282 5503 giamus,
2323 5441 2379 5487 et
2412 5448 2478 5486 ex
2524 5430 2893 5486 benedictione
2935 5439 2989 5483 et
3029 5429 3367 5498 eleemosyna
3395 5442 3627 5496 regnum

2044 5525 2400 5589 obtineamus,
2422 5522 2591 5591 gratia
2620 5529 2674 5575 et
2694 5520 3019 5590 benignitate
3043 5518 3254 5573 Domini
3288 5518 3460 5573 nostri
3492 5515 3626 5573 Iesu

2042 5613 2265 5679 Christi,
2292 5613 2374 5669 cui
2403 5612 2571 5683 gloria
2599 5620 2654 5670 et
2677 5612 2953 5682 imperium
2976 5612 3029 5666 in
3059 5609 3251 5666 saecula
3274 5609 3625 5665 sszculorum.

2046 5708 2236 5762 Amen.
