4042 6218
215 347 302 403 ιιι
1280 338 1346 392 ιιι
1383 334 1799 394 ΜΑΤΤΙΙᾹΞΠΜ
1834 335 1860 390 ῐ

1960 335 2071 391 ιιι..
2105 335 2324 392 XXXV.
2349 337 2422 392 al.
2463 335 2706 392 XXXVI.

212 460 379 530 ιιφεῒς
399 461 444 494 ’⁸
475 457 682 524 αὐτοῖς
721 455 837 524 τὴν
861 451 1172 524 ἁμαρτίαν,
1199 453 1350 521 ἄφες
1370 469 1386 483 ο
1423 453 1552 506 ἐπεὶ
1578 452 1730 520 κάμὲ
1773 451 1872 515 ἐξ·

205 548 458 614 ἄλειψον
479 560 494 575 ⁸
528 545 710 606 αὑτοῖς
737 542 792 594 δέ
815 539 1032 592 ἐκέλευε
1053 539 1456 607 κατασφάττειν
1487 537 1750 607 ἀλλήλους
1776 536 1870 589 καὶ

206 633 329 694 τοὺς
355 631 728 701 προσήκοντας
757 627 1020 688 ἅπαντας.
1042 625 1236 677 Καίτοι
1259 623 1431 676 ταῦτα
1449 622 1668 675 ἐναντία
1696 622 1866 686 ἐστὶν,

204 718 317 771 ἀλλ’
347 718 505 787 ὅμως
529 717 608 777 είς
638 713 694 765 ἓν
723 712 1009 782 ἀμφότερα
1046 710 1239 762 ἐϐλεπε
1277 709 1447 772 τέλος.
1483 708 1651 761 Πάλιν
1679 709 1707 760 ὁ
1738 707 1868 770 Θεὸς

203 803 278 874 τῷ
312 804 412 873 μὲν
465 802 708 864 Μωῦσεῖ,
759 798 1027 851 Ἰουδαίων
1071 796 1400 859 ἀκουόντων,
1431 795 1650 864 ἔλεγεν·
1693 795 1869 863 Ἄφες

201 905 290 959 με,
323 887 422 944 καί
450 887 710 954 ἐκτριψω
742 883 850 936 τὸν
885 883 1039 936 λαὸν
1089 883 1157 952 (εί
1187 881 1296 952 γὰρ
1324 881 1418 934 καὶ
1463 881 1538 951 μὴ
1588 879 1866 951 παρῆσαν,

203 974 370 1027 ταῦτα
403 973 652 1041 λέγοντος
676 970 771 1023 τοῦ
794 968 951 1030 Θεοῦ,
985 967 1098 1020 ἀλλ’
1127 967 1349 1038 ἔμελλον
1376 969 1515 1020 αὑτά
1541 965 1869 1020 ἀκούσεσθαι

205 1059 465 1130 ὕστερον)’
501 1058 620 1111 κατ’
647 1057 781 1110 ἰδίαν
808 1055 864 1107 δέ
896 1054 1154 1108 τάναντία
1178 1053 1384 1107 τούτων
1413 1052 1563 1124 αύτῷ
1592 1053 1868 1122 παραινεῖ.

202 1149 309 1202 Καὶ
348 1147 522 1201 ταῦτα
565 1144 806 1213 Μωῦσῆς
852 1143 1215 1212 ἀναγκασθεὶς
1263 1142 1485 1214 ὕστερον
1527 1141 1870 1209 ἐξελάλησεν,

201 1233 338 1288 οὕτω
359 1234 565 1301 λέγων⁹
611 1231 709 1299 Μὴ
737 1230 846 1299 τὰρ
878 1229 993 1297 ἐγὼ
1024 1228 1246 1294 αὐτοὺς
1280 1229 1350 1282 ἐν
1387 1228 1598 1298 γαστρί
1625 1228 1868 1292 ἔλαϐον,

203 1321 286 1373 ὅτι
309 1319 508 1387 λέγεις
532 1313 894 1387 μοιῘΑρον²⁹
913 1314 1156 1380 αὐτοὺς,
1176 1315 1255 1379 ὠς
1273 1313 1351 1368 ἂν
1371 1314 1486 1381 ἄρῃ
1508 1314 1744 1380 τιθηνὸς
1764 1313 1870 1368 τὸν

203 1403 528 1474 θηλάζοντα
575 1405 661 1468 εις
711 1401 819 1455 τὸν
843 1402 1077 1454 κόλπον
1104 1399 1327 1467 αὐτῆς;
1360 1398 1545 1452 Ταῦτα
1577 1399 1672 1451 καὶ
1709 1400 1768 1451 ἐν
1793 1400 1871 1451 οἰ-

201 1492 340 1554 κίαις
373 1491 614 1558 γίνεται·
650 1489 746 1542 καὶ
783 1487 1042 1550 πολλάκις
1079 1487 1260 1560 πατὴρ
1293 1486 1371 1557 τῷ
1408 1487 1506 1556 μὲν
1539 1485 1870 1554 παιδαγωγῷ

199 1577 286 1630 τὸν
320 1576 484 1630 παῖδα
512 1575 794 1646 ὑϐρίσαντι
820 1575 940 1627 κατ’
971 1574 1106 1626 ἰδίαν
1136 1574 1364 1643 ἐπιτιμᾷ
1398 1572 1604 1639 λέγων’
1638 1572 1730 1641 Μὴ
1778 1572 1870 1624 ἐσο

198 1663 421 1732 τραχὺς,
449 1661 585 1731 μηδὲ
605 1659 838 1729 σκληρός
856 1675 871 1690 ο
899 1658 977 1728 τῷ
999 1659 1057 1711 δέ
1078 1659 1183 1728 νέῳ
1209 1660 1279 1710 τὰ
1305 1657 1519 1710 ἐναντία
1536 1655 1718 1723 λέγει’
1747 1657 1872 1710 Κάν

199 1749 394 1810 ἀδίκως
415 1747 630 1818 ὑϐρίζῃ,
656 1747 788 1816 φέρε
804 1762 818 1776 ·
840 1745 950 1798 ἀπὸ
973 1744 1082 1797 τῶν
1100 1743 1354 1798 ἐναντίων
1383 1744 1442 1797 ἐν
1463 1744 1575 1796 τι³⁰
1599 1744 1866 1813 χρήσιμον

199 1834 464 1902 συνάγων.
483 1832 638 1886 Οὑτω
653 1833 746 1885 καὶ
766 1818 994 1895 Παῦλος,
1008 1833 1117 1893 τοῖς
1142 1832 1238 1900 μὲν
1260 1831 1562 1898 ὑγιαίνουσι
1584 1831 1674 1882 καὶ
1699 1845 1868 1899 προσ-

197 1920 434 1974 αιτοῦσιν
456 1919 640 1987 ἔλεγεν
657 1935 672 1950 ο
688 1919 762 1972 El
775 1935 864 1982 τις
878 1919 950 1970 οὐ
966 1917 1124 1971 θέλει
1142 1915 1504 1985 ἐργάζεσθαι,
1513 1915 1669 1984 μηδὲ
1683 1915 1869 1968 ἐσθιέ-

199 2024 297 2072 τω,
325 2007 412 2060 ῖνα
440 2006 635 2067 αὐτοὺς
661 2005 741 2066 είς
763 2003 922 2075 ἔργον
943 2003 1152 2074 ἐμϐάλῃ
1174 2018 1190 2034 ⁶
1224 2005 1336 2065 τοῖς
1356 2002 1414 2055 δὲ
1442 2002 1610 2055 ἐλεεῖν
1636 2001 1867 2070 δυναμέ-

197 2098 335 2161 νοιςξ·
353 2094 365 2111 '
380 2091 550 2160 Υμεῒς
570 2091 638 2144 δὲ
654 2091 720 2144 τὸ
745 2090 939 2144 καλὸν
955 2090 1270 2155 ποιοῦντες
1283 2089 1372 2159 μὴ
1394 2089 1780 2158 ἐκκακήσητε
1794 2088 1861 2153 ⁸⁸,

200 2180 288 2232 ἵνα
311 2179 507 2240 αὑτοὺς
535 2178 616 2239 είς
643 2175 1012 2247 ἐλεημοσύνην
1041 2177 1244 2247 ἀγάγῃ.
1268 2175 1424 2230 Οὕτω
1454 2175 1546 2228 καὶ
1567 2176 1730 2245 ἡνίκα
1753 2177 1865 2240 τοῖς

195 2264 258 2329 ἐξ
279 2263 447 2318 ἐθνῶν
478 2263 708 2333 παρῄνει
743 2265 801 2316 ἐν
831 2265 898 2332 τῇ
932 2261 1068 2331 πρὸς
1116 2261 1422 2332 Ῥωμαίους
1453 2262 1742 2332 Ἐπιστολῇ
1789 2261 1864 2333 μὴ

195 2351 580 2422 ὑψηλοφρονεῖν
622 2348 762 2402 κατά
802 2349 912 2402 τῶν
955 2348 1247 2414 Ἰουδαίων,
1283 2348 1378 2401 καὶ
1423 2348 1520 2419 τὴν
1545 2348 1864 2419 ἀγριελαίαν

196 2439 516 2510 παρήγαγεν
557 2437 635 2500 εἰς
682 2435 868 2506 μέσον,
915 2435 1010 2487 καὶ
1054 2435 1188 2488 ἀλλα
1237 2434 1337 2505 μὲν
1373 2435 1606 2501 τούτοις,
1638 2435 1774 2489 ἀλλα
1807 2436 1864 2489 δέ

193 2524 424 2588 ἐκείνοις
455 2523 699 2592 φαίνεται
725 2521 916 2590 λέγων.
952 2520 1045 2592 Μὴ
1092 2521 1270 2574 τοίνυν
1298 2523 1378 2585 εἰς
1415 2521 1674 2592 ὠμότητα
1699 2522 1864 2575 ἐκπέ-

196 2628 402 2682 σωμεν,
446 2611 561 2664 ἀλλ’
587 2609 909 2679 ἀκούσωμεν
955 2607 1168 2661 Παύλου
1221 2607 1498 2675 λέγοντος·
1549 2610 1618 2661 Τὸ
1671 2609 1864 2662 καλὸν

192 2698 509 2762 ποιοῦντες
529 2695 614 2764 μὴ
655 2695 959 2748 ἐκκακεῖτε
988 2695 1032 2726 ³³
1054 2709 1068 2725 ⁸
1103 2693 1423 2765 ἀκούσωμεν
1450 2693 1543 2747 τοῦ
1589 2695 1860 2748 Δεσπότου

192 2784 474 2854 λέγοντοςο
511 2783 695 2836 Παντὶ
726 2781 808 2847 τῷ
827 2781 1095 2835 αἰτοῦντί
1113 2797 1188 2834 σε
1208 2780 1410 2835 δίδου·
1455 2782 1568 2846 καὶ,
1604 2782 1862 2836 Γίνεσθε

193 2871 571 2937 οἰκτίρμονες
603 2869 682 2933 ὡς
711 2870 743 2921 ό
770 2867 975 2935 Πατὴρ
1004 2865 1188 2934 ὑμῶν.
1233 2867 1422 2919 Καίτοι
1466 2865 1637 2918 πολλὰ
1666 2865 1857 2932 είπὼν,

190 2956 430 3026 οὑδαμοῦ
459 2955 616 3009 τοῦτο
642 2954 902 3019 τέθεικεν,
937 2952 1051 3005 ἀλλ’
1077 2953 1170 3005 ἐπὶ
1205 2951 1312 3006 τῶν
1343 2953 1641 3024 οἰκτιρμῶν
1679 2953 1858 3023 μόνον.

193 3041 359 3095 Οὑδέν
386 3040 492 3111 γάρ
520 3043 665 3110 ἡμᾶς
701 3041 850 3102 ἴσους
878 3039 996 3110 Θεῷ
1024 3041 1184 3104 ποιεῖ,
1211 3038 1287 3100 ὡς
1316 3037 1377 3090 10
1404 3039 1734 3110 εὐεργετεῖν.

268 3127 330 3180 ε’.
371 3127 508 3179 Ἀλλ’
534 3127 686 3178 οὑδέν
708 3126 1084 3196 ἀναιδέστερον
1102 3163 1117 3188 ,
1143 3125 1296 3195 φησὶ,
1317 3125 1566 3196 πένητος.
1599 3125 1750 3177 Διατί
1777 3126 1857 3190 ³⁸;

192 3211 500 3284 παρακαλῶ
525 3229 537 3243 ο
571 3212 651 3263 δτι
685 3211 984 3280 ἐπιτρέχων
1010 3209 1282 3280 καταϐοᾷ;
1335 3209 1524 3262 Βούλει
1555 3206 1647 3262 οὖν
1679 3211 1856 3275 δείξω,

190 3299 279 3351 ὅτι
324 3298 549 3350 ἐκείνων
589 3298 750 3365 ἡμεῖς
793 3297 957 3365 ἐσμεν
987 3295 1477 3366 ἀναισχυντότεροι,
1523 3296 1616 3348 καὶ
1651 3297 1859 3367 σφόδρα

193 3384 467 3449 ἀναιδεῖς;
509 3381 907 3454 Ἀναμνησθητί
932 3397 1023 3452 μοι
1051 3381 1145 3434 νῦν
1175 3383 1232 3434 ἐν
1253 3381 1430 3451 καιρῷ
1450 3383 1548 3451 τῆς
1576 3383 1854 3452 νηστείας,

193 3469 429 3532 ποσάκις
484 3468 762 3539 τραπέζης
813 3467 1225 3539 παρακειμένης
1277 3471 1335 3520 ἐν
1396 3468 1629 3539 ἑσπέρᾳ,
1683 3469 1774 3521 τὸν
1809 3470 1857 3507 ³⁵

193 3555 573 3626 ὑπηρετοῦντα
595 3555 812 3626 οἰκέτην
835 3555 1088 3618 καλέσας,
1117 3555 1610 3626 ἵνα,σχολαιότερον
1642 3555 1854 3627 βαδίσῃ,

191 3645 380 3698 πάντα
424 3642 746 3714 ἀνέτρεψας,
797 3641 1084 3706 λακτίζων,
1120 3641 1376 3712 ὑϐρίζων,
1434 3641 1857 3714 λοιδορούμενος,

189 3731 339 3800 ὑπὲρ
357 3729 619 3799 ἀναϐολῆς
641 3729 799 3799 μόνον
822 3731 1044 3798 μικρᾶς·
1068 3727 1219 3800 [405]
1243 3728 1416 3781 καίτοι
1447 3729 1652 3799 σφόδρα
1679 3729 1856 3794 εἰδὼς,

186 3817 281 3872 δτι
314 3817 418 3869 κᾶν
447 3815 520 3887 μὴ
552 3814 774 3878 εὐθέως,
800 3814 935 3867 ἀλλά
967 3815 1160 3885 μικρὸν
1191 3813 1416 3883 ὕστερον
1449 3814 1730 3886 ἀπολαύσῃ
1759 3816 1858 3885 τῆς

185 3900 419 3970 ἐδωδῆς.
456 3895 589 3952 Εἶτα
633 3899 826 3952 σαυτὸν
858 3900 954 3968 μὲν
983 3900 1123 3969 ὑπὲρ
1151 3902 1243 3954 τοῦ
1290 3901 1517 3971 μηδενὸς
1564 3901 1856 3972 ἐκθηριού-

189 4004 360 4059 μενον
381 3987 440 4040 ού
484 3987 667 4049 καλεῖς
704 3987 1075 4054 ἀναίσχυντον,
1104 3986 1196 4040 τὸν
1236 3987 1293 4038 δὲ
1330 3987 1540 4057 πένητα
1570 3989 1663 4041 τὸν
1713 3989 1857 4059 ὑπὲρ

181 4072 307 4128 τῶν
337 4071 595 4143 μειζόνων
638 4072 912 4126 δεδοικότα
949 4071 1043 4124 καὶ
1071 4071 1338 4142 τρέμοντα
1393 4072 1534 4142 (ούδέ
1581 4073 1689 4144 γὰρ
1728 4074 1857 4144 περὶ

153 4205 156 4208 .
187 4161 526 4230 μελλήσεως,
562 4159 699 4213 ἀλλὰ
719 4159 849 4228 περὶ
871 4157 1028 4228 λιμοῦ
1057 4161 1163 4222 πᾶς
1195 4161 1224 4211 ὁ
1255 4159 1418 4228 φόϐος
1446 4159 1637 4229 αὑτῷ),
1665 4160 1854 4212 τοῦτον

183 4249 290 4303 καὶ
319 4249 530 4317 ιταμδν,
571 4248 664 4299 καὶ
705 4244 919 4314 ἀναιδῆ.
969 4245 1064 4298 καὶ
1099 4245 1474 4315 ἀναίσχυντον,
1527 4246 1622 4298 καὶ
1678 4246 1856 4300 πάντα

181 4337 481 4406 προσερεῖς
524 4334 594 4386 τά
629 4333 911 4402 αἴσχιστα;
963 4333 1073 4386 Καὶ
1119 4331 1236 4395 πῶς
1285 4334 1384 4385 οὑκ
1427 4331 1661 4401 ἐσχάτης
1699 4332 1857 4386 τοῦτο

179 4425 604 4494 ἀναισχυντίας;
670 4423 808 4476 Ἀλλ’
840 4423 943 4476 οὐκ
994 4421 1281 4492 ἐννοοῦμεν
1322 4420 1526 4474 ταῦτα’
1568 4421 1656 4475 διά
1700 4421 1856 4476 τοῦτο

178 4510 433 4574 ἐκείνους
455 4511 708 4581 ἐπαχθεῖς
733 4507 872 4564 εἶναι
894 4509 1186 4580 νομίζομεν
1203 4525 1216 4539 ·
1248 4508 1323 4570 ὼς
1343 4506 1398 4560 εί
1426 4525 1490 4576 γε
1519 4506 1586 4561 τὰ
1617 4508 1857 4580 ἡμέτερα

175 4597 526 4669 ἐξητάζομεν
566 4601 660 4652 καὶ
684 4598 1095 4669 παρεϐάλλομεν
1118 4598 1230 4659 τοῖς
1258 4595 1502 4662 ἐκείνων,
1525 4595 1626 4648 οὑκ
1655 4595 1720 4649 ἂν
1751 4597 1852 4650 αύ-

170 4685 315 4747 τοὺς
348 4684 675 4754 ἐνομίσαμεν
723 4680 862 4736 εἶναι
908 4682 1215 4754 φορτικούς.
1252 4683 1343 4752 Μὴ
1385 4681 1450 4753 δὴ
1493 4680 1645 4751 γίνου
1684 4682 1731 4713 ³⁵
1757 4699 1849 4735 πι-

171 4770 320 4841 κρὸς
355 4769 634 4838 δικαστής.
675 4768 785 4822 Καὶ
811 4767 918 4838 γὰρ
954 4771 1003 4822 εἰ
1057 4769 1274 4823 πάντων
1318 4769 1730 4840 ἁμαρτημάτων
1779 4765 1846 4840 ἦς

167 4856 627 4926 ἀπηλλαγμένος,
681 4845 810 4908 ούδὲ
845 4855 985 4907 οὑτω
1034 4871 1116 4906 σοι
1163 4856 1462 4925 ἐπέτρεπεν
1505 4858 1532 4908 ὁ
1561 4855 1654 4908 τοῦ
1711 4855 1844 4908 Θεοῦ

165 4945 348 5014 νόμος
384 4942 589 5013 ἀκριϐῆ
643 4940 891 5009 γενέσθαι
941 4940 1231 5010 ἐξεταστὴν
1280 4940 1388 4993 τῶν
1431 4941 1741 5012 ἀλλοτρίων.
1780 4945 1844 4995 Et

162 5028 293 5097 γὰρ
333 5029 362 5080 6
401 5028 692 5098 Φαρισαῖος
725 5025 812 5078 διὰ
838 5023 996 5078 τοῦτο
1036 5023 1304 5090 ἀπώλετο,
1350 5026 1506 5090 ποίας
1545 5027 1845 5096 τευξόμεθα

161 5113 480 5183 ἀπολογίας
509 5115 700 5184 ήμεῖς;
736 5113 798 5165 Et
825 5113 936 5175 τοῖς
967 5111 1011 5141 ³⁸
1045 5109 1466 5180 κατωρθωκόσιν
1503 5111 1602 5164 οὐκ
1621 5113 1843 5183 ἐπιτρέ-

157 5217 272 5253 πει
324 5200 533 5269 πικρῶς
567 5198 838 5264 ἐξετάζειν
878 5197 945 5250 τὰ
980 5197 1206 5269 ἐτέρων,
1264 5196 1443 5266 πολλῷ
1497 5199 1695 5268 μᾶλλον
1732 5203 1845 5262 τοῖς

159 5286 492 5339 ἐπταικόσι.
510 5286 611 5356 ’Μὴ
633 5285 811 5339 τοίνυν
837 5283 998 5354 ὠμοὶ,
1035 5282 1170 5352 μηδέ
1193 5283 1442 5351 ἀπηνεῖς,
1473 5285 1546 5355 μὴ
1579 5286 1620 5316 ³⁷
1652 5285 1845 5356 ἄστορ-

157 5389 291 5442 γοι,
321 5371 397 5442 μὴ
427 5372 699 5435 ἀσπονδοι,
720 5371 794 5442 μὴ
811 5371 1013 5442 θηρίων
1035 5371 1252 5441 χείρους
1267 5365 1437 5440 ὦμεν.
1470 5371 1580 5424 Καὶ
1593 5371 1701 5441 γὰρ
1725 5372 1846 5424 πολε

3533 345 3642 402 612
3718 285 3732 304 ⁸

1971 450 2097 513 λοὺς
2121 451 2202 514 είς
2227 449 2386 504 τοῦτο
2410 447 2526 506 οἶδα
2555 449 2848 523 θηριωδίας
2877 451 3131 517 ἐλθόντας
3149 493 3164 518 ,
3191 459 3266 519 ῶς
3294 455 3362 508 δι’
3399 455 3556 514 ὄκνον
3592 461 3640 494 ³⁸

1973 538 2172 608 μικρὸν
2206 537 2573 608 λιμώττοντας
2613 540 2894 609 περιορᾷν,
2950 540 3045 592 καὶ
3079 539 3252 594 ταῦτα
3285 543 3541 612 λέγοντας
3566 547 3638 601 τά

1971 624 2192 694 ῥήματα
2210 639 2226 656 ο
2260 625 2335 676 Ού
2368 625 2633 694 πάρεστιν
2662 625 2880 692 οἰκέτης
2905 625 3030 695 ἐμοὶ
3059 625 3175 688 νῦν,
3218 628 3406 699 πόρρω
3428 630 3531 700 τῆς
3559 633 3640 684 οι-

1971 709 2097 772 κίας
2124 709 2311 778 ἐσμὲν,
2358 708 2692 779 τραπεζίτης
2725 709 2900 773 οὐδείς
2944 711 3061 764 ἐστί
3106 729 3195 780 μοι
3240 713 3534 786 γνώριμος.
3570 721 3636 771 Ὦ

1968 794 2069 864 τῆς
2093 794 2406 865 ώμότητοςί
2433 795 2506 846 Τὸ
2529 796 2710 863 μεῖζον
2735 797 2972 865 ὑπέσχου
2996 798 3061 863 ³’,
3087 799 3183 851 καὶ
3204 799 3264 851 10
3293 800 3511 855 ἔλαττον
3530 803 3633 857 οὑκ

1969 880 2191 946 ἀνύεις;
2222 881 2308 934 ἵνα
2343 882 2408 934 σὺ
2445 881 2520 951 μὴ
2562 881 2787 952 βαδίσῃς
2832 883 3051 953 μικρὸν,
3089 884 3296 950 ἐκεῖνος
3335 887 3478 958 λιμῷ
3514 890 3636 942 δια-

1971 968 2286 1038 φθείρεται;
2324 968 2388 1019 Ὠ
2427 968 2526 1037 τῆς
2550 967 2792 1038 ῦϐρεωςί
2826 967 2872 1021 ὣ
2902 969 2996 1022 τοῦ
3021 970 3228 1039 τύφουι
3263 974 3325 1025 Et
3359 974 3467 1043 γάρ
3503 975 3665 1044 δέκα,

1971 1055 2166 1108 στάδια
2195 1052 2408 1124 βαδίσαι
2450 1054 2648 1124 ἐχρῆν,
2683 1055 2911 1125 ὀκνῆσαι
2961 1056 3106 1121 ἔδεις
3144 1059 3280 1112 Οὑδέ
3309 1060 3511 1123 ἐννοεῖς
3552 1062 3635 1114 ὅτι

1972 1139 2172 1210 μείζων
2210 1142 2236 1193 ό
2268 1139 2457 1211 μισθός
2494 1157 2575 1192 σοι
2599 1139 2741 1193 οὕτω
2763 1140 3007 1208 γίνεται;
3042 1143 3213 1196 Ὅταν
3237 1144 3334 1213 μὲν
3363 1145 3472 1214 γὰρ
3505 1147 3633 1216 δῷς,

1970 1227 2109 1298 ὑπὲρ
2138 1227 2230 1280 τοῦ
2277 1227 2553 1297 διδομένου
2597 1226 2893 1296 λαμϐάνεις
2933 1228 3123 1299 μισθὸν
3170 1230 3367 1300 μόνον’
3407 1232 3533 1286 ὅταν
3575 1234 3635 1286 δέ

1969 1315 2062 1366 καὶ
2087 1313 2246 1376 0:610;
2278 1314 2520 1386 βαδίσῃς.
2553 1313 2646 1366 καὶ
2675 1313 2865 1368 τούτου
2900 1332 2984 1368 σοι
3009 1318 3188 1369 κεῖται
3210 1316 3374 1371 πάλιν
3401 1319 3629 1389 ἀμοιϐή.

1983 1399 2136 1452 Ἐπεὶ
2181 1399 2275 1453 καὶ
2313 1400 2356 1431 ⁶⁰
2403 1401 2495 1452 τὸν
2545 1400 2891 1473 πατριάρχην
2938 1401 3027 1456 διὰ
3057 1402 3217 1456 τοῦτο
3253 1403 3629 1474 θαυμάζομεν,

1968 1485 2050 1538 ὅτι
2090 1487 2252 1550 αὐτὸς
2289 1487 2382 1540 ἐπὶ
2413 1490 2511 1550 τὰς
2539 1486 2666 1557 βοῦς
2709 1487 2910 1558 έδραμε
2931 1526 2948 1552 ,
2979 1489 3072 1541 καὶ
3116 1489 3179 1541 10
3209 1490 3504 1562 μοσχάριον
3530 1492 3633 1560 ἥρ-

1970 1589 2145 1637 πασε,
2179 1575 2273 1626 καὶ
2304 1574 2477 1627 ταῦτα
2521 1575 2866 1644 τριακοσίους
2906 1575 3038 1628 δέκα
3081 1575 3224 1629 ὀκτὼ
3259 1577 3302 1608 ¹⁸¹
3337 1579 3632 1646 οἰκογενεῖς

1969 1657 2126 1728 ἔχων.
2158 1659 2271 1712 Νῦν
2298 1659 2356 1712 δέ
2389 1660 2642 1714 τοσούτου
2673 1661 2816 1724 τινές
2849 1662 2956 1713 είσι
2987 1660 3156 1730 τύφου
3186 1663 3630 1734 πεπληρωμένοι,

1965 1745 2042 1808 ὡς
2065 1745 2152 1798 διὰ
2174 1746 2381 1799 παίδων
2409 1745 2582 1800 ταῦτα
2615 1749 2808 1814 ποιεῖν,
2843 1748 2938 1800 καὶ
2964 1749 3038 1818 μὴ
3069 1747 3436 1818 αἰσχύνεσθαι.
3471 1750 3631 1804 Ἀλλά

1963 1831 2032 1884 δι’
2066 1832 2304 1900 ἐμαυτοῦ
2351 1833 2397 1865 δ’
2441 1832 2616 1885 ταῦτα
2645 1833 2887 1898 κελεύεις
2925 1834 3141 1902 ἀνύειν;
3179 1836 3350 1906 φησί’
3382 1837 3475 1889 καὶ
3509 1836 3630 1899 πῶς

1964 1919 2026 1970 οὑ
2054 1918 2191 1983 δόξω
2219 1918 2514 1981 κενοδοξεῖν
2542 1934 2556 1984 ;
2588 1919 2698 1972 Καὶ
2728 1920 2835 1989 μὴν
2867 1921 2961 1972 καὶ
2990 1920 3085 1973 νῦν
3105 1921 3172 1973 δι’
3195 1923 3387 1991 ἐτέραν
3411 1923 3628 1976 κενοδο-
3714 1995 3717 1999 _

1964 2003 2081 2070 ξίαν
2113 2003 2270 2056 τοῦτο
2313 2007 2489 2065 ποιεῖς
2511 2043 2526 2065 ,
2553 2005 2938 2074 αἰσχυνόμενος
2976 2006 3204 2076 ὀφθῆναι
3232 2009 3422 2078 πένητι
3449 2009 3630 2062 διαλε-

1962 2092 2210 2163 γόμενος.
2259 2092 2398 2145 Ἀλλ’
2431 2091 2581 2145 ούδέν
2612 2092 2753 2163 ὑπὲρ
2779 2093 2984 2147 τούτων
3007 2094 3504 2166 ἀκριϐολογοῦμαι·
3534 2098 3630 2166 μό·-

1963 2197 2051 2234 νον
2083 2179 2247 2244 δίδου,
2276 2179 2386 2232 εῐτε
2414 2179 2500 2232 διὰ
2538 2179 2758 2244 σαυτοῦ,
2790 2179 2899 2232 είτε
2938 2180 3007 2233 δι’
3036 2181 3224 2252 ἐτέρου
3247 2182 3292 2214 ’⁵³
3323 2183 3482 2236 τοῦτο
3505 2183 3630 2253 βού-

1963 2266 2042 2320 λει
2072 2268 2280 2319 ποιεῖν’
2323 2267 2417 2319 καὶ
2461 2265 2536 2337 μὴ
2578 2265 2835 2335 ἐγκάλει,
2869 2267 2943 2334 μὴ
2975 2267 3212 2336 πλῆττε,
3258 2269 3334 2338 μὴ
3375 2270 3625 2340 λοιδόρει.

1961 2354 2270 2425 Φαρμάκων
2293 2355 2424 2424 γὰρ,
2444 2353 2504 2406 οὑ
2525 2353 2875 2424 τραυμάτων,
2903 2353 3074 2406 δεῖται
3094 2355 3124 2406 ό
3147 2355 3384 2425 προσιών
3412 2375 3426 2392 ο
3449 2359 3625 2424 ἐλέου,

1962 2440 2023 2493 06
2059 2439 2258 2507 ξίφους.
2279 2438 2412 2491 Εἰπὲ
2438 2439 2546 2508 γάρ
2579 2456 2688 2509 μοι,
2712 2438 2765 2490 εἴ
2790 2456 2874 2502 τις
2897 2438 3028 2509 λίθῳ
3057 2439 3273 2510 βληθεὶς
3295 2441 3388 2495 καὶ
3405 2441 3629 2513 τραῦμα

1962 2525 2140 2578 λαϐὼν
2166 2526 2306 2578 κατά
2333 2526 2432 2596 τῆς
2469 2526 2712 2596 κεφαλῆς
2735 2567 2751 2590 ,
2779 2527 2907 2589 τοὺς
2944 2526 3137 2590 ἀλλους
3164 2526 3412 2591 ἅπαντας
3443 2530 3626 2597 ἀφεὶς,

1963 2611 2308 2683 προσέδραμέ
2341 2628 2432 2664 σου
2467 2615 2579 2675 τοῖς
2617 2613 2806 2679 γόνασι
2840 2613 3276 2684 καταρῤεόμενος
3301 2613 3380 2684 τῷ
3409 2615 3624 2684 αἵματι,

1962 2695 2071 2769 ἄρα
2114 2699 2284 2769 ἑτέρῳ
2324 2699 2455 2769 λίθῳ
2502 2698 2748 2764 πατάξας
2793 2700 3139 2770 προσέθηκας
3169 2701 3236 2754 ἂν
3267 2702 3414 2773 αὐτῷ
3441 2703 3628 2773 ἕτερον

1960 2784 2212 2855 τραῦμα;
2241 2785 2352 2839 Ούκ
2380 2785 2555 2854 ἔγωγε
2595 2782 2748 2856 οἶμαι
2766 2825 2782 2849 ,
2817 2785 2953 2839 ἀλλὰ
2987 2787 3082 2840 καὶ
3112 2787 3244 2839 αὑτὸ
3265 2788 3628 2858 ἐπεχείρησας

1961 2865 2029 2919 ἂν
2058 2867 2367 2937 διορθῶσαι.
2409 2868 2473 2919 Τί
2503 2863 2596 2930 οῦν
2625 2869 2716 2920 ἐπὶ
2754 2869 2862 2920 τῶν
2893 2869 3140 2939 πενήτων
3168 2872 3341 2932 ποιεῖς
3367 2869 3437 2922 τά
3471 2871 3627 2923 ἐνανο

1961 2953 2079 3020 τία;
2115 2955 2229 3007 Οὐκ
2257 2950 2405 3017 οἶδας
2425 2955 2546 3006 ὅσον
2575 2954 2796 3008 δύναται
2819 2955 2912 3008 καὶ
2936 2956 3235 3025 ἀναστῆσαι
3257 2958 3351 3009 καὶ
3378 2957 3626 3012 καθελεῖν

1959 3033 2144 3102 λόγος;
2172 3035 2452 3104 Κρεῖττον
2471 3036 2602 3106 γάρ,
2624 3036 2777 3106 φησὶ,
2798 3038 2982 3107 λόγος
3013 3038 3050 3106 ἢ
3083 3038 3275 3102 δόσις.
3309 3040 3383 3091 Οὑ
3411 3039 3622 3110 λογίζῃ,

1958 3114 2038 3168 δτι
2066 3116 2206 3170 κατά
2238 3116 2432 3170 σαυτοῦ
2458 3117 2520 3170 τὸ
2545 3117 2695 3185 ξίφος
2723 3118 2882 3182 ὠθεῖς
2899 3158 2913 3182 ,
2947 3120 3041 3172 καὶ
3069 3119 3449 3190 χαλεπώτερον
3471 3120 3623 3192 [4015]

1957 3203 2174 3274 τραῦμα
2196 3202 2512 3273 λαμϐάνεις,
2539 3205 2664 3256 ὅταν
2692 3203 3022 3274 λοιδορηθεὶς
3048 3206 3252 3268 ἐκεῖνος
3285 3208 3621 3277 ἀναχωρήσῃ

1963 3293 2106 3359 σιγῇ,
2150 3290 2349 3342 στένων
2383 3290 2478 3342 καὶ
2510 3290 2680 3344 πολλά
2712 3291 3003 3360 δακρύων;
3051 3292 3162 3344 Καὶ
3198 3293 3308 3362 γάρ
3346 3294 3496 3362 παρά
3527 3293 3623 3345 τοῦ

1959 3375 2092 3428 Θεοῦ
2121 3375 2397 3444 πέμπεται
2429 3375 2566 3446 πρὸς
2593 3377 2671 3430 σέ.
2718 3378 2998 3448 Ἐννόησον
3021 3373 3134 3441 οὖν,
3170 3377 3409 3449 ὑϐρίζων
3438 3378 3623 3443 αὑτὸν,

1959 3461 2061 3514 ποῦ
2102 3462 2434 3524 διαϐιϐάζεις
2461 3463 2560 3531 τὴν
2606 3462 2784 3532 ὓϐριν,
2831 3463 2956 3515 ὅταν
3005 3464 3207 3526 ἐκεῖνος
3248 3465 3348 3533 μὲν
3383 3465 3518 3534 πρὸς
3561 3465 3624 3517 σέ

1959 3549 2153 3619 πέμπῃ
2177 3589 2192 3613 ,
2216 3549 2310 3602 καὶ
2341 3549 2424 3603 σοὶ
2451 3548 2634 3602 δοῦναι
2663 3547 2878 3619 κελεύῃ,
2905 3551 2968 3603 σὺ
3001 3549 3056 3601 δε
3091 3549 3166 3620 μὴ
3194 3550 3354 3619 μόνον
3390 3551 3464 3620 μὴ
3493 3549 3623 3620 δῷς,

1958 3635 2094 3689 ἀλλὰ
2122 3635 2214 3688 καὶ
2245 3635 2472 3706 ὑϐρίσῃς
2495 3635 2736 3688 ἐλθόντα.
2773 3637 2838 3688 Εἰ
2865 3635 2921 3688 δέ
2952 3637 3164 3702 ἀγνοεῖς
3186 3635 3283 3706 τὴν
3313 3635 3622 3707 ὑπερϐολὴν

1957 3721 2058 3791 τῆς
2107 3720 2335 3783 ἀτοπίας
2357 3761 2372 3785 ,
2420 3722 2506 3773 ἐπ’
2540 3719 2844 3790 ἀνθρώπων
2876 3721 3007 3774 αὐτὸ
3044 3722 3338 3790 σκόπησον,
3378 3724 3471 3775 καὶ
3499 3723 3622 3776 τότε

1957 3808 2079 3879 είσῃ
2111 3807 2288 3871 καλῶς
2325 3808 2385 3860 τὸ
2413 3807 2640 3877 μέγεθος
2671 3808 2770 3876 τῆς
2797 3808 3088 3877 ἁμαρτίας.
3121 3809 3184 3860 Et
3213 3807 3322 3878 γὰρ
3352 3809 3442 3872 σὸς
3473 3809 3621 3862 οἰκέ-

1954 3912 2055 3966 της
2083 3894 2234 3964 παρά
2263 3893 2356 3947 σοῦ
2384 3895 2692 3956 κελευσθεὶς
2721 3895 2856 3963 πρὸς
2881 3895 3066 3964 ἕτερον
3095 3894 3349 3947 ἀπελθεῖν
3377 3896 3617 3965 οἰκέτην,

1956 3981 2217 4051 ἀργύριον
2247 3980 2436 4050 ἔχοντα
2463 3982 2554 4032 σὺν
2586 3979 2790 4043 λαϐεῖν,
2834 3981 2895 4032 ού
2940 3980 3099 4047 μόνον
3128 3982 3313 4042 κεναῖς
3347 3981 3616 4051 ἐπανῆλθε

1957 4067 2161 4138 χερσὶν,
2186 4064 2322 4118 ἀλλὰ
2353 4067 2445 4118 καὶ
2470 4063 2762 4135 ὑϐρισθεὶς,
2792 4063 2845 4115 τί
2868 4065 2967 4116 οὐκ
2993 4064 3059 4117 ἂν
3081 4065 3324 4133 εἰργάσω
3352 4065 3442 4119 τὸν
3467 4067 3618 4137 ὑϐρι-

1958 4153 2122 4217 κότα;
2157 4152 2328 4221 πόσην
2357 4151 2458 4203 οὑκ
2485 4151 2551 4203 ἂν
2581 4149 2735 4218 δίκην
2761 4150 3079 4220 ἀπῄτησας,
3110 4150 3204 4203 ἆτε
3242 4150 3428 4204 λοιπὸν
3457 4152 3620 4217 αὐτὸς

1951 4236 2028 4288 ῶν
2054 4237 2084 4289 ὀ
2122 4236 2444 4307 ὑϐρισμένος
2472 4253 2487 4301 ;
2521 4234 2689 4288 Τοῦτο
2716 4237 2810 4288 καὶ
2835 4235 2928 4288 ἐπὶ
2955 4235 3047 4288 τοῦ
3077 4235 3208 4289 Θεοῦ
3237 4237 3450 4305 λογίζου
3483 4252 3499 4268 ο
3522 4241 3616 4292 καὶ

1951 4323 2061 4395 γάρ
2097 4323 2258 4386 0:610;
2295 4323 2498 4393 πέμπει
2553 4322 2688 4392 πρὸς
2727 4323 2875 4393 ἡμᾶς
2919 4323 3046 4386 τοὺς
3092 4323 3330 4393 πένητας
3357 4363 3372 4388 ,
3427 4325 3521 4377 καὶ
3542 4321 3611 4377 τὰ

1951 4410 2158 4464 ἐκείνου
2181 4409 2229 4441 ⁸⁸
2269 4409 2515 4480 δίδομεν,
2548 4409 2614 4462 ἂν
2642 4408 2751 4479 ἄρα
2772 4409 3078 4480 δῶμεν.”Αν
3126 4411 3184 4464 δέ
3223 4411 3360 4481 πρὸς
3407 4411 3484 4481 τῷ
3534 4411 3612 4485 μὴ

1950 4495 2132 4549 δοῦναι
2170 4495 2262 4548 καὶ
2310 4495 2663 4564 ὑϐρισθέντας
2712 4496 3100 4567 ἐκπέμψωμεν,
3142 4498 3396 4567 ἐννόησον
3429 4498 3611 4553 πόσων

1956 4582 2248 4654 σκηπτῶν,
2302 4582 2482 4635 πόσων
2531 4583 2808 4652 κεραυνῶν
2855 4581 3001 4646 ἀξιον
3047 4585 3277 4654 πρᾶγμα
3329 4583 3607 4655 ποιοῦμεν.

1952 4671 2114 4725 Ταῦτ’
2145 4667 2238 4724 οῦν
2266 4669 2480 4724 ἅπαντα
2514 4669 2882 4740 λογιζόμενοι,
2916 4671 3010 4723 καὶ
3047 4671 3146 4739 τὴν
3183 4670 3428 4738 γλῶτταν
3456 4671 3608 4742 χαλι-

1948 4758 2231 4829 νὼσωμεν,
2264 4761 2359 4812 καὶ
2387 4759 2486 4828 τὴν
2519 4758 2918 4830 ἀπανθρωπίαν
2950 4759 2996 4789 ⁸³
3020 4757 3357 4828 ἐκϐάλωμεν,
3391 4761 3482 4811 καὶ
3508 4761 3610 4828 τὴν

1945 4849 2103 4918 χεῖρα
2153 4846 2289 4915 πρὸς
2327 4841 2694 4915 ἐλεημοσύνην
2720 4844 3070 4914 ἐκτείνωμεν,
3117 4845 3316 4915 καὶμὴ
3365 4847 3608 4916 χρήμασι

1949 4933 2132 5003 μόνον,
2165 4932 2300 4984 ἀλλά
2325 4931 2420 4985 καὶ
2451 4932 2658 5001 ῥήμασι
2680 4929 2725 4962 ⁸⁸
2757 4930 3209 5002 παραμυθώμεθα
3252 4933 3378 4994 τοὺς
3421 4931 3608 5002 δεομέ-

1945 5037 2099 5083 νους·
2146 5020 2231 5073 ἵνα
2265 5021 2359 5073 καὶ
2399 5019 2498 5089 τὴν
2542 5019 2649 5072 ἀπὸ
2689 5019 2790 5088 τῆς
2846 5019 3110 5090 λοιδορίας
3156 5020 3375 5074 κόλασιν
3432 5020 3604 5091 ἐκφύ-

1947 5124 2132 5178 γωμεν
2149 5107 2214 5171 ⁸⁷,
2233 5108 2324 5159 καὶ
2342 5105 2440 5176 τὴν
2469 5106 2575 5159 ἀπὸ
2597 5105 2697 5175 τῆς
2719 5106 2964 5175 εὐλογίας
2992 5106 3086 5160 καὶ
3111 5106 3232 5177 ἐλεη
3242 5107 3475 5180 μοσύνης
3503 5108 3606 5178 βας

1947 5198 2153 5251 σιλείαν
2180 5197 2698 5267 κληρονομήσωμεν,
2744 5194 2926 5265 χάριτι
2981 5195 3076 5248 καὶ
3104 5195 3480 5267 φιλανθρωπίᾳ
3508 5194 3604 5248 τοῦ

1946 5284 2150 5356 Κυρίου
2201 5282 2358 5353 ἡμῶν
2396 5281 2569 5352 Ἰησοῦ
2592 5281 2848 5354 Χριστοῦ,
2878 5275 2922 5350 ᾧ
2950 5284 2982 5352 ὴ
3021 5282 3149 5350 δόξα
3185 5284 3280 5336 καὶ⁵
3310 5281 3372 5335 10
3407 5281 3604 5351 κράτος

1955 5373 2034 5434 είς
2066 5372 2194 5432 τοὺς
2221 5369 2420 5432 αίῶνας
2450 5369 2559 5421 τῶν
2594 5367 2826 5452 αἰώνων.
2845 5369 3036 5440 Ἀμήν.

245 5542 296 5576 ’⁸
321 5543 481 5623 ἀφεῖς
503 5540 660 5597 codd.
689 5543 830 5664 ἀφῃξ
852 5541 988 5597 Edd.
1065 5540 1110 5574 ”
1130 5542 1212 5595 ὅτι
1243 5537 1374 5615 ἆρον
1395 5540 1529 5596 Edd.
1553 5540 1684 5664 £9111]
1709 5543 1757 5595 εί
1788 5541 1850 5597 F.

259 5613 537 5664 ἐκκακητε
570 5611 634 5663 Α.
675 5609 738 5663 Ε.
831 5651 844 5664 .
875 5612 1216 5664 ἐκκακήσητε
1249 5612 1312 5664 D.
1389 5611 1435 5642 ³⁸
1462 5614 1647 5664 Διατι;
1703 5613 1828 5664 add.

1960 5543 2070 5616 δτι]
2100 5543 2224 5597 add.
2255 5543 2315 5595 10
2339 5543 2402 5596 Α.
2431 5541 2491 5596 C.
2523 5544 2791 5615 χρήσιμον
2818 5560 2928 5600 om.
2958 5543 3019 5600 F.
3096 5545 3138 5576 ³¹
3163 5542 3434 5611 ἐκκακῆτε
3463 5537 3600 5594 Edd.

1960 5614 1984 5664 έ
2016 5631 2104 5664 μοι
2138 5614 2201 5664 Α.
2231 5611 2293 5664 (3.
2325 5612 2388 5664 Ε.
2432 5611 2545 5664 Non
2583 5623 2970 5664 exul-asserunt
3002 5613 3233 5664 Intern“.
3311 5610 3356 5642 "
3390 5610 3483 5663 καὶ
3513 5608 3600 5663 τόν

152 5615 214 5648 ι’
259 5609 537 5682 ἐκκακῆτε
570 5611 634 5663 Α.

153 5683 314 5738 ΕιΜ.
352 5680 635 5735 καίᾶοεει
678 5681 730 5733 in
775 5680 934 5734 codd.
978 5692 1028 5735 el
1070 5680 1213 5735 Flbr.
1263 5697 1315 5738 ι).
1350 5681 1475 5735 557.

1581 5682 1625 5712 δε
1652 5680 1774 5751 γίνῃ
1807 5681 1868 5733 ι).

875 5612 1216 5683 ἐκκακίῃητε
1249 5608 1312 5665 D.
1353 5682 1360 5683 ί
1389 5608 1613 5683 ξ’ῌΔιατί
1699 5613 1834 5683 add:

1960 5614 1984 5666 έ
2016 5608 2201 5683 μοιίΑ.
2231 5611 2293 5667 (3.
2325 5612 2388 5664 Ε.
2431 5608 2970 5683 Νοι⁷ι”εᾶιρί·εεεοι·ιιηι
3002 5613 3250 5683 Ιιιιςιιιηι..
3311 5608 3492 5683 ³⁵Ἀκαί-
3513 5608 3605 5683 τόν

1914 5681 2047 5752 γένῃ
2072 5682 2150 5753 ξ’.
2169 5751 2181 5753 _
2245 5683 2289 5712 ³⁸
2313 5681 2445 5753 τοῖς]
2475 5683 2601 5738 add.
2641 5681 2820 5746 καλῶς
2846 5682 2980 5736 Edd.

153 5755 213 5832 ξς
239 5749 425 5832 ὄκνον]
598 5749 654 5832 δέ
678 5749 826 5832 ἐξω..
872 5749 946 5832 '1"
971 5749 1232 5832 ὑπέσχου]
1257 5749 1348 5804 Sic
1367 5751 1523 5832 ἔντη..
1541 5759 1616 5832 ,οι
1652 5749 1860 5832 ςοιΙξΙπχ

1960 5749 2205 5832 τας-Ειιιι.
2240 5749 2443 5832 e:_‘(}:_e.'
2575 5754 2806 5832 3:060:11:
2841 5753 2904 5832 Εἶ
2935 5767 3080 5832 pr-z
3104 5752 3200 5832 κρῖ

3077 5682 3119 5714 ³⁷
3283 5679 3433 5759 μηδέ.
3452 5679 3514 5733 Ε.
3541 5677 3600 5735 l“.

3107 5752 3200 5804 καὶ
3264 5753 3318 5804 ιὰ
3345 5767 3502 5802 τουτο
3534 5750 3596 5803 Λ.

3264 5749 3318 5804 :3:
3345 5749 3502 5802 τοῦτο
3534 5750 3596 5803 Λ.

153 5821 227 5881 C.
260 5821 332 5904 Ι)ζ
357 5816 537 5904 Εξηδί
566 5817 838 5904 καί-νόκξώ
872 5816 1006 5904 βόάλ
1078 5816 1575 5904 ξὲέμαυτοῦίίιιίιί.
1615 5820 1712 5904 μέγ
1748 5816 1900 5904 βίω..
1964 5821 2010 5854 ⁸³
2047 5821 2249 5904 ἑτέ-ρων
2286 5820 2418 5876 Edd.
2488 5822 2542 5904 f‘
2572 5821 2802 5904 ἐκείνου]
2847 5816 3187 5904 αὐτοῦἘέιί..
3251 5821 3294 5853 ⁸³
3328 5819 3601 5875 ἐκϐάλλω·

149 5905 273 5964 μεν
298 5891 362 5948 Α.
442 5889 488 5923 ⁸⁵
528 5886 1044 5956 παραμυθησὼμεθα
1078 5886 1210 5944 Ειιιίζ
1287 5891 1331 5921 ⁵⁷
1366 5886 1625 5958 φύγωμεν
1655 5888 1716 5943 ι).
1743 5890 2090 5957 διαφύγωμεν
2125 5886 2181 5942 F.
2231 5907 2278 5957 ρ.
2322 5905 2370 5956 p.
2420 5891 2510 5946 καὶ
2545 5891 2642 5954 τῆς
2680 5886 3043 5960 ἐλεημοσύνης
3075 5889 3210 5945 ΕιΙιΙ.
