4042 6218
209 377 304 433 1ιῖ

216 518 249 532 ὀ

205 727 329 782 Car.
361 727 446 780 11.
484 741 535 779 v.
565 726 616 779 1.
650 723 716 777 Et
741 723 930 792 factum
957 729 1048 785 est,
1078 736 1192 772 cum
1221 723 1607 771 consummasset
1635 712 1784 766 Jesus

275 817 567 885 pra’cipiens
594 812 856 867 duodecim
882 810 1145 879 discipulis
1171 808 1273 862 suis
1291 848 1308 874 ,
1334 805 1529 860 transiit
1551 805 1667 857 inde
1690 843 1704 868 ,
1727 812 1781 855 ut

274 907 469 959 doceret
491 915 538 958 et
564 905 858 974 prwdicaret
887 903 938 954 in
963 900 1242 954 civitatibus
1270 915 1460 951 eorum.

275 997 325 1050 1.
366 995 499 1059 Quia
529 995 670 1049 enim
703 995 821 1048 illos
850 992 1100 1055 miserat,
1133 1004 1250 1042 sese
1281 985 1575 1049 subtraxit,
1608 984 1782 1038 locum

209 1090 336 1140 dans
377 1093 480 1140 illis
509 1096 563 1141 et
607 1095 814 1154 tempus
852 1089 1078 1136 t'acieudl
1117 1096 1235 1149 qua:
1283 1088 1395 1148 ipse
1439 1084 1781 1146 prteceperal.

211 1176 387 1246 Neque
416 1176 557 1231 enim
591 1175 680 1229 1110
707 1185 969 1244 praesente
990 1181 1044 1226 et
1069 1186 1240 1241 πει-05
1265 1177 1503 1229 curante,
1534 1167 1786 1218 voluisset

211 1268 464 1336 quispiam
505 1266 572 1320 ad
616 1267 734 1321 illos
785 1264 1060 1318 accedere.
1102 1261 1155 1314 2.
1204 1259 1326 1314 Cum
1366 1257 1585 1312 audisset
1621 1265 1786 1308 autem

210 1361 428 1414 Joannes
457 1361 509 1412 in
533 1374 732 1413 carcere
761 1367 914 1426 Opera
941 1355 1146 1417 Christi,
1176 1354 1372 1406 mittens
1399 1353 1524 1404 duos
1553 1365 1616 1403 ex
1637 1347 1788 1400 disci-

209 1451 342 1517 pulis
372 1450 496 1517 suis,
520 1445 574 1503 5.
605 1446 942 1518 interrogabat
969 1461 1079 1499 eum
1109 1445 1279 1497 dicens
1311 1457 1331 1496 :
1363 1442 1439 1495 Tu
1474 1458 1526 1494 es
1551 1440 1637 1510 qui
1667 1456 1786 1493 vcn-

212 1551 351 1594 turus
371 1557 444 1605 es,
473 1557 538 1593 an
568 1540 724 1592 alium
749 1536 1126 1607 exspectamus?
1150 1535 1318 1588 Lucas
1342 1534 1358 1601 (
1386 1530 1512 1602 Cap.
1541 1532 1597 1585 7.
1621 1547 1668 1583 υ.
1698 1528 1785 1583 18.

215 1634 314 1700 19)
375 1649 500 1686 vero
542 1631 673 1686 dicit
714 1627 858 1699 ipsos
903 1627 1095 1682 Joanni
1138 1627 1284 1694 signa
1327 1623 1442 1692 ejus
1486 1621 1785 1682 nuntiasse,

215 1722 712 1791 tuncqueJoannem
737 1719 856 1773 illos
879 1717 1108 1772 misisse.
1137 1715 1330 1770 Verum
1355 1713 1405 1768 id
1431 1729 1496 1767 ne
1519 1712 1789 1765 minimam
1838 1758 1840 1760 ,

219 1813 428 1882 quidem
462 1812 599 1882 parit
624 1808 1018 1873 difﬁcultatem,
1051 1805 1145 1860 sed
1191 1805 1292 1860 hoc
1330 1804 1500 1857 solum
1543 1800 1791 1855 conside-

213 1904 435 1959 randum
464 1902 641 1964 tradit,
677 1915 867 1969 nempe
896 1901 1040 1968 ipsos
1072 1896 1267 1951 invidia
1298 1903 1484 1949 contra
1517 1893 1662 1946 illum
1694 1887 1791 1944 lla-

214 2011 413 2066 gt‘asse.
435 1995 583 2060 Quod
605 1993 841 2062 sequitur
852 2001 1027 2045 autem
1045 2003 1382 2055 summopere
1399 1983 1791 2055 inquirendum.

215 2085 472 2151 Quidnam
505 2082 632 2137 illud
658 2081 776 2136 est?
823 2081 932 2134 Hoc
974 2079 1193 2140 dictum,
1225 2075 1301 2129 Tu
1345 2091 1396 2128 es
1433 2075 1518 2144 qui
1555 2080 1792 2126 venturus

215 2191 288 2240 es,
312 2191 376 2228 an
405 2177 563 2227 alium
598 2173 985 2242 exspectamus?
1029 2171 1160 2224 Nam
1207 2169 1298 2239 qui
1343 2168 1424 2222 vel
1477 2176 1602 2220 ante
1645 2167 1791 2236 signa

215 2265 363 2319 illum
394 2273 640 2326 noverat,
685 2264 774 2333 qui
813 2278 843 2316 a
875 2261 1076 2332 Spiritu
1112 2259 1387 2321 didicerat,
1439 2259 1528 2327 qui
1567 2271 1597 2310 a
1640 2255 1795 2308 Patre

216 2355 476 2419 audierat,
527 2355 616 2423 qui
670 2368 849 2407 coram
898 2351 1145 2406 omnibus
1179 2351 1324 2404 illutn
1371 2348 1792 2418 praadicaverat:

216 2459 356 2498 nunc
401 2443 561 2496 mittit
599 2443 664 2496 ad
698 2443 843 2495 illum
895 2441 1143 2494 utdiseat
1189 2440 1232 2493 si
1283 2440 1398 2508 ipse
1431 2439 1535 2500 sit,
1587 2437 1796 2490 necne?

216 2535 371 2604 Atqui
399 2535 443 2588 si
461 2534 604 2588 clare
649 2549 754 2586 non
783 2533 924 2586 nosti
973 2531 1220 2586 eumdem
1259 2531 1430 2599 ipsum
1474 2544 1595 2584 esse
1619 2569 1634 2592 ,
1666 2543 1800 2598 quo-

216 2625 380 2681 modo
408 2625 636 2693 teipsum
667 2625 770 2678 lide
810 2623 1028 2692 dignum
1059 2632 1214 2692 putas
1236 2663 1250 2689 ,
1281 2622 1368 2692 qui
1405 2621 1472 2676 de
1513 2622 1673 2674 rebus
1704 2619 1796 2673 tibi

217 2717 413 2785 ignotis
461 2716 570 2772 fers
596 2715 958 2770 sententiam?
996 2714 1128 2769 Nam
1159 2715 1248 2784 qui
1293 2713 1411 2778 aliis
1460 2713 1792 2776 testilieatur,

218 2810 365 2879 prior
386 2809 499 2878 ipse
526 2808 689 2862 debet
723 2808 825 2862 lide
850 2808 1040 2876 dignus
1069 2822 1209 2859 esse.
1249 2804 1436 2859 Nonne
1467 2815 1521 2858 tu
1548 2803 1762 2858 dicebas
1781 2843 1796 2868 ,

220 2897 344 2953 Non
383 2915 494 2952 sum
539 2899 723 2967 dignus
760 2897 952 2952 soluere
998 2897 1266 2966 corrigiam
1320 2895 1642 2948 calceamenti
1691 2895 1802 2964 ejus

220 2991 241 3058 (
270 2988 395 3042 Luc.
429 2981 480 3044 5.
514 2989 579 3043 16
610 2993 668 3057 )‘t
695 2986 880 3042 Nonne
904 2987 1140 3052 dicebas,
1173 2985 1293 3039 Non
1333 3002 1568 3040 noveram
1610 2986 1799 3053 ipsum,

221 3081 309 3134 sed
334 3080 418 3148 qui
447 3080 580 3132 misit
637 3094 716 3132 me
757 3078 1012 3146 baptizare
1055 3077 1108 3128 iu
1145 3093 1298 3145 aqua,
1340 3075 1427 3128 ille
1464 3076 1588 3128 mihi
1629 3075 1756 3127 dixit
1782 3089 1803 3130 .'

220 3173 395 3240 Super
418 3188 563 3236 quem
593 3172 774 3224 uideris
803 3169 1055 3239 Spiritum
1084 3169 1494 3231 descendentem,
1523 3178 1569 3220 et
1595 3184 1803 3220 mattea.

221 3272 321 3316 tem
345 3278 498 3332 super
524 3277 658 3326 eum,
707 3260 796 3314 ille
820 3271 892 3313 est
925 3261 1013 3328 qui
1053 3259 1274 3328 baptizat
1312 3260 1365 3310 in
1407 3258 1604 3327 Spiritu
1631 3269 1805 3310 sancto

220 3351 432 3421 (Joan.
473 3351 526 3404 1.
559 3349 718 3420 55)?
765 3355 957 3404 Annon
999 3349 1173 3403 vidisti
1217 3349 1472 3417 Spiritum
1529 3348 1583 3401 111
1629 3351 1806 3418 specie

220 3437 527 3496 columbze?
547 3442 736 3493 Annon
764 3439 956 3494 audisti
1003 3438 1227 3494 vocem?
1253 3437 1442 3493 Nonne
1473 3447 1525 3492 tu
1555 3438 1807 3508 prohibe-

224 3534 324 3589 bas
351 3533 499 3588 illum
527 3531 732 3596 dicens,
759 3531 868 3603 Ego
895 3549 1024 3602 opus
1049 3531 1207 3586 habeo
1231 3549 1264 3585 α
1303 3541 1350 3585 te
1375 3531 1621 3600 baptizari
1640 3573 1654 3595 ,
1683 3540 1728 3584 et
1755 3546 1808 3584 tu

225 3629 364 3684 venis
387 3627 454 3681 ad
478 3644 557 3681 me
588 3626 798 3697 (Matth.
818 3627 873 3681 5.
907 3626 1037 3697 M)?
1063 3625 1253 3681 Nonne
1279 3625 1552 3694 discipulis
1572 3625 1807 3688 dicebas,

227 3720 392 3776 Illum
419 3728 613 3786 oportet
637 3734 876 3784 crescere,
903 3733 982 3772 me
1000 3727 1166 3770 autem
1195 3717 1354 3769 minui
1381 3713 1573 3790 (Joan.
1595 3716 1647 3770 5.
1678 3715 1810 3784 50)?

227 3811 418 3868 Nonne
439 3811 688 3881 populum
719 3824 930 3865 omnem
957 3808 1207 3876 docebas,
1237 3809 1409 3878 ipsum
1429 3808 1810 3876 baptizaturum

228 3903 354 3958 illos
380 3916 500 3957 esse
540 3901 594 3955 in
637 3900 838 3968 Spiritu
891 3907 1078 3954 sancto
1112 3907 1167 3952 et
1209 3899 1332 3968 igne
1359 3897 1512 3966 (Luc.
1535 3899 1588 3952 5.
1613 3899 1729 3968 16),
1759 3906 1811 3950 01

231 3992 408 4062 1ρ511111
437 3983 570 4046 esse
617 4006 812 4061 agnum
857 3991 951 4044 Dei
994 3989 1083 4058 qui
1126 3989 1263 4042 tollit
1309 3999 1582 4059 peccatum
1631 3990 1812 4042 mundi

232 4083 416 4154 (Joan.
449 4082 651 4152 L29)?
678 4080 867 4136 Nonne
901 4091 1025 4134 ante
1059 4079 1174 4133 111110
1197 4081 1377 4132 omnia
1401 4080 1549 4148 signa
1578 4088 1633 4133 et
1657 4080 1816 4132 mira-

232 4173 352 4226 cula
400 4173 547 4226 illum
598 4171 939 4240 praedic-usti?
989 4167 1267 4236 Quomodo
1312 4183 1440 4238 ergo
1480 4183 1650 4235 nunc,
1693 4182 1815 4223 cum

233 4273 397 4319 notus
437 4273 518 4318 est
565 4263 832 4326 omnibus.
865 4263 1086 4330 ejusque
1126 4261 1266 4314 fama
1319 4261 1554 4330 malique
1596 4261 1815 4328 volavit,

234 4363 518 4423 postquam
550 4352 744 4408 mortui
773 4362 1152 4416 surrexerunt,
1181 4353 1452 4407 daemones
1475 4352 1634 4422 fugati
1657 4361 1814 4416 sunt,

234 4456 294 4501 et
327 4455 469 4500 tanta
495 4445 764 4515 signoruni
792 4445 872 4499 vis
897 4445 1114 4510 ell'ulsit,
1139 4445 1303 4498 mittis
1333 4453 1390 4498 ut
1418 4444 1469 4498 id
1497 4445 1565 4499 ab
1588 4444 1677 4498 illo
1703 4444 1820 4498 edi-

236 4535 400 4591 scas?
428 4536 564 4603 Quid
600 4553 760 4606 porro
787 4536 981 4590 factum
1007 4536 1130 4590 est?
1162 4552 1287 4589 1111111
1320 4535 1499 4588 omnia
1547 4535 1707 4588 verba
1734 4534 1821 4588 illa

238 4629 390 4683 fraus
420 4637 592 4692 erant,
617 4643 774 4683 scena
811 4638 866 4682 et
902 4628 1114 4681 fabula?
1139 4627 1206 4680 Et
1233 4628 1353 4696 quis
1383 4627 1576 4680 mentis
1603 4642 1823 4696 compos

241 4721 360 4774 11100
393 4718 630 4773 diceret?
661 4733 765 4771 non
811 4717 928 4771 dico
953 4719 1021 4772 de
1067 4717 1304 4784 Joanne,
1345 4719 1433 4788 qui
1474 4719 1528 4772 in
1555 4727 1707 4773 utero
1731 4733 1826 4772 ex-

238 4810 459 4865 sultavit
482 4809 630 4879 (Luc.
652 4809 703 4861 1.
731 4807 842 4876 il),
877 4808 964 4876 qui
992 4818 1114 4862 ante
1134 4821 1342 4878 partum
1371 4811 1541 4880 ipsum
1573 4811 1827 4880 praedica-

240 4901 357 4964 vit,
385 4899 581 4952 deserti
629 4899 819 4964 incola,
847 4899 938 4967 qui
981 4899 1275 4968 angelicam
1321 4900 1472 4955 duxit
1497 4903 1657 4956 vitam
1684 4919 1699 4967 ;
1730 4903 1826 4958 sed

241 4991 454 5046 etiamsi
477 4989 596 5059 quis
625 4999 854 5044 essetex
878 4990 1144 5045 vilissimis
1174 4994 1410 5046 omnium
1433 5033 1446 5058 ,
1483 5002 1609 5062 post
1649 5003 1727 5048 tot
1751 5005 1830 5050 tc-

244 5085 520 5148 stimonia,
560 5091 614 5137 et
642 5097 734 5136 sua
765 5092 818 5136 et
863 5082 1086 5136 aliorum
1113 5124 1129 5148 ,
1174 5099 1502 5153 nequaquam
1543 5085 1822 5141 dubitaret.

251 5175 406 5230 Unde
428 5176 599 5243 palam
625 5183 707 5228 est
735 5189 855 5228 eum
887 5189 993 5227 non
1021 5173 1352 5227 dubitantem
1383 5175 1592 5230 misisse
1611 5218 1627 5240 ,
1658 5191 1830 5245 neque

248 5269 582 5335 ignorantem
610 5268 984 5334 interrogasse.
1018 5263 1200 5333 Neque
1222 5279 1350 5319 vero
1365 5266 1625 5335 quispiam
1653 5266 1832 5321 dicere

249 5357 457 5425 possit,
489 5357 658 5426 ipsum
691 5356 743 5409 id
773 5357 917 5411 clare
945 5355 1259 5424 cognovisse
1285 5395 1301 5420 ,
1348 5356 1440 5408 sed
1466 5357 1534 5410 ob
1561 5372 1830 5411 carcerem

252 5448 576 5502 timidiorem
602 5449 835 5503 evasisse
864 5466 879 5503 ;
914 5462 1084 5516 neque
1105 5447 1243 5500 enim
1268 5461 1326 5500 se
1349 5461 1414 5500 ex
1443 5462 1656 5501 carcere
1696 5449 1831 5502 libe-

251 5540 478 5596 randum
506 5540 864 5606 exspectabat,
895 5555 1067 5609 neque
1096 5540 1138 5594 si
1169 5529 1550 5608 exspectasset,
1574 5541 1832 5608 prodidis-

251 5639 338 5685 set
361 5629 660 5692 veritatem,
683 5630 772 5696 qui
803 5629 868 5682 ad
909 5641 1107 5684 mortes
1136 5630 1392 5699 plurimas
1442 5640 1658 5700 paratus
1697 5640 1830 5684 erat.

257 5718 374 5777 Nisi
407 5719 549 5772 enim
587 5716 653 5771 ad
705 5733 888 5772 necem
919 5728 1134 5788 paratus
1183 5719 1388 5786 fuisset,
1431 5730 1554 5776 ante
1583 5720 1833 5790 populum

1080 377 1146 432 1N
1185 373 1585 430 MAT'I‘Il/EUM
1626 372 1853 428 "OMIL.
1885 373 2124 429 XXXVI.
2165 377 2234 429 al.
2278 376 2538 434 XXXVII.
3363 388 3460 443 ιη

1609 507 1856 520 m—

1867 5392 1916 5435 Ἀ

1938 509 3463 538 .._.._.__________________________

1208 577 1552 638 HOMILIA
1608 574 1908 641 XXXVI.
1955 580 2042 640 al.
2089 582 2413 644 XXXVII.

1889 726 2056 782 certe,
2085 719 2172 788 qui
2224 719 2590 790 propheticum
2639 738 2854 794 seraper
2894 725 3116 784 fundere
3154 733 3468 802 sanguinem

1887 808 2263 875 meditabatur,
2289 821 2487 866 tantam
2517 815 2678 868 animi
2721 817 2967 872 virtutem
3012 822 3470 886 demonstrasset;

1888 911 1993 948 non
2024 899 2292 952 crudelem
2318 901 2464 955 11111111
2497 914 2779 973 tyrannum
2805 921 2926 961 cum
2967 919 3108 963 tanta
3140 914 3385 968 libertate
3419 915 3471 968 111

1887 984 2059 1038 media
2091 987 2220 1041 urbe
2242 999 2296 1042 et
2345 988 2463 1044 foro
2518 994 2908 1065 redarguisset,
2954 1013 3075 1054 cum
3124 1003 3462 1058 audientibus

1887 1081 2133 1132 onmibus
2178 1079 2325 1134 illunt
2373 1085 2522 1152 quasi
2565 1089 2840 1152 puerulum
2890 1091 3208 1158 increparet.
3257 1092 3310 1148 Si
3343 1110 3473 1148 vero

1891 1169 2124 1225 timidior
2173 1171 2394 1228 effectus
2434 1187 2588 1241 erat,
2619 1193 2714 1231 cur
2754 1181 3042 1250 discipulos
3091 1199 3217 1238 suos
3260 1187 3474 1241 mittere

1892 1275 1996 1314 non
2027 1262 2257 1328 erubuit,
2286 1265 2338 1318 in
2365 1281 2587 1335 quorum
2615 1272 2896 1337 praesentia
2930 1282 3005 1327 tot
3038 1283 3290 1344 tantaque
3320 1278 3474 1329 testi-

1892 1350 2080 1405 ﬁcatus
2108 1363 2244 1420 erat,
2296 1356 2387 1409 sed
2417 1373 2511 1425 per
2541 1358 2658 1412 illos
2708 1360 3002 1431 interrogat
3046 1381 3164 1417 cum
3213 1379 3313 1435 per
3340 1367 3474 1421 alios

1892 1443 2564 1517 oporteret?Quamquam
2613 1450 2757 1506 clare
2804 1463 3063 1520 noverat,
3098 1455 3241 1524 ipsos
3280 1458 3474 1513 invidia

1896 1534 1946 1586 in
1977 1531 2247 1589 Christum
2289 1553 2409 1592 esse
2460 1550 2747 1607 permotos,
2796 1551 2850 1595 et
2878 1544 3186 1600 occasiones
3237 1557 3473 1616 captare.

1893 1625 2173 1692 Quomodo
2203 1644 2307 1682 non
2335 1630 2403 1683 ob
2447 1631 2718 1686 Judaicam
2761 1634 2969 1703 plebem
3015 1639 3214 1704 pudore
3255 1640 3476 1694 all‘rctus

1895 1715 2104 1784 fuisset,
2134 1720 2222 1789 qui
2265 1729 2407 1776 tanta
2455 1725 2874 1794 praidicaverat?
2900 1727 3036 1795 Quid
3076 1745 3202 1784 vero
3227 1732 3350 1796 11ωο
3378 1733 3476 1801 ipsi

1895 1807 2201 1863 adminiculi
2249 1810 2478 1865 futurum
2521 1825 2638 1867 erat
2683 1826 2740 1868 ut
2777 1832 2806 1869 a
2854 1818 3076 1871 vinculis
3124 1820 3478 1875 liberaretur?

1895 1898 2078 1968 Neque
2107 1902 2246 1953 enim
2277 1913 2493 1970 propter
2519 1902 2786 1958 Christum
2831 1907 2920 1960 illo
2964 1910 3235 1976 conjectus
3266 1911 3429 1966 fuerat
3457 1953 3474 1976 ,

1897 2003 2070 2056 neque
2116 1990 2254 2056 quod
2281 1990 2397 2058 ejus
2421 1992 2665 2046 virtutem
2710 1995 3083 2064 praedicasset,
3116 1999 3208 2051 sed
3250 2001 3389 2067 quod
3412 1999 3479 2054 de

1897 2079 2079 2148 iniquo
2108 2080 2355 2149 conjugio
2389 2082 2764 2152 redarguissct.
2817 2088 3008 2140 Annon
3049 2088 3301 2142 insensati
3345 2106 3478 2158 pue-

1897 2170 2113 2230 ruli,vel
2147 2173 2374 2225 amentis
2401 2173 2694 2242 cujuspiam
2728 2175 2958 2230 hominis
2997 2178 3095 2231 sibi
3127 2178 3317 2233 faniam
3347 2196 3480 2234 con-

1898 2259 2168 2313 eiliasset?
2198 2259 2334 2324 Quid
2358 2277 2486 2330 ergo
2503 2263 2589 2316 hic
2611 2265 2822 2333 agitur?
2847 2265 2998 2332 Quod
3013 2268 3155 2320 enim
3176 2267 3478 2336 hujusmodi

1898 2348 2156 2403 dubitatio
2183 2366 2287 2404 11011
2327 2352 2395 2404 sit
2433 2351 2688 2416 Joannis,
2725 2355 2833 2406 imo
2861 2369 2927 2407 ne
2965 2355 3200 2423 cujusvis
3251 2357 3482 2412 hominis

1899 2441 2058 2495 etiam
2078 2442 2266 2506 insani,
2295 2459 2363 2496 ex
2393 2443 2548 2497 dictis
2568 2445 2676 2512 jam
2701 2445 2880 2514 liquet.
2905 2445 3021 2500 Jam
3056 2457 3221 2501 restat
3249 2458 3306 2501 ut
3332 2451 3482 2503 50111-

1901 2534 2099 2586 tionem
2126 2533 2429 2589 all‘eramus.
2459 2534 2565 2591 Cur
2583 2551 2711 2604 ergo
2737 2538 3118 2608 interrogatum
3134 2541 3274 2593 misit
3301 2539 3324 2592 τ
3352 2540 3482 2595 10511

1903 2622 2114 2677 Christo
2143 2624 2562 2679 adversabantur
2589 2626 2831 2694 discipuli
2849 2620 3102 2690 Joannis,
3120 2629 3276 2698 idque
3303 2629 3481 2682 omni-

1902 2712 2002 2768 bus
2033 2715 2244 2783 planum
2273 2726 2373 2780 est,
2397 2730 2462 2770 ac
2487 2725 2668 2770 contra
2698 2719 2843 2770 illum
2876 2717 3068 2771 invidia
3096 2733 3307 2787 semper
3332 2735 3451 2773 com
3469 2749 3484 2759 -

1904 2806 2031 2858 tuoti
2061 2815 2234 2870 erant,
2269 2806 2408 2875 quod
2439 2808 2772 2861 manifestum
2796 2817 2879 2862 est
2907 2824 2969 2862 ex
3005 2809 3068 2862 iis
3087 2825 3204 2878 quae
3227 2810 3482 2879 magistro

1905 2909 2002 2949 suo
2030 2895 2275 2950 dicebant
2304 2914 2317 2950 :
2348 2912 2558 2966 nempe.
2581 2899 2677 2962 Qui
2703 2908 2862 2950 tecum
2887 2909 2992 2951 erat
3016 2908 3156 2952 trans
3180 2899 3484 2966 Jardanem,

1905 2987 1988 3038 cui
2014 2996 2067 3039 tu
2087 2987 2381 3055 testiﬁcatus
2405 3005 2478 3054 es,
2508 3005 2620 3042 ecce
2642 2990 2722 3042 hic
2743 2990 2986 3059 baptizat,
3021 3003 3065 3044 et
3093 3009 3263 3045 omnes
3281 2993 3488 3046 veniunt

1905 3078 1972 3130 ad
1998 3077 2142 3130 illum
2172 3078 2347 3149 (Joan.
2379 3081 2430 3133 5.
2459 3079 2570 3150 26).
2601 3083 2678 3133 Αο
2704 3097 2911 3134 rursum
2936 3084 3158 3151 quaestio
3187 3085 3320 3136 facta
3351 3092 3434 3137 est
3459 3101 3489 3137 a

1906 3167 2177 3222 1111111115οι
2208 3184 2308 3222 111111
2352 3183 2380 3221 a
2420 3169 2638 3223 Joannis
2663 3169 2940 3239 discipulis
2986 3172 3124 3225 circa
3169 3175 3492 3242 purilieatio-

1909 3275 2052 3326 nem,
2085 3269 2240 3328 atque
2267 3261 2332 3313 ad
2356 3260 2500 3314 illum
2525 3276 2708 3314 rursus
2737 3262 3049 3316 accedentes
3070 3263 3315 3318 dicebant
3344 3284 3356 3318 :
3390 3265 3494 3319 Cur

1911 3366 2002 3403 nos
2031 3359 2076 3402 et
2103 3349 2353 3403 Pharisaei
2374 3352 2671 3421 jejunamus
2717 3354 3031 3423 frequenter,
3060 3355 3300 3426 discipuli
3327 3368 3495 3410 autem

1911 3443 1984 3492 tui
2010 3457 2110 3493 non
2134 3442 2367 3512 jejunant
2402 3441 2614 3511 (Matth.
2646 3444 2698 3498 9.
2727 3444 2854 3512 l4)?

1982 3531 2036 3582 2.
2077 3530 2323 3585 Nondum
2355 3532 2494 3585 enim
2519 3533 2777 3598 sciebant,
2808 3534 2926 3602 quis
2951 3545 3096 3589 esset
3114 3535 3375 3601 Christus,
3401 3537 3498 3592 sed

1912 3623 2092 3677 Jesum
2121 3638 2324 3675 merum
2361 3621 2631 3676 hominem
2663 3625 2998 3692 suspicantes
3045 3639 3162 3679 esse
3185 3665 3200 3690 ,
3233 3626 3494 3681 Joannem

1915 3728 2040 3768 vero
2069 3713 2365 3782 plusquam
2394 3713 2663 3766 hominem
2687 3755 2702 3779 ,
2748 3729 2890 3783 a-gre
2937 3713 3180 3768 ferebant
3225 3717 3496 3774 celebrent

1917 3804 2064 3857 illum
2097 3802 2338 3857 videntes
2389 3817 2528 3868 esse,
2556 3803 2818 3858 Joannem
2848 3821 2975 3859 vero
3001 3806 3190 3872 minui,
3223 3808 3358 3861 sicut
3385 3809 3501 3877 ipse

1918 3891 2255 3962 praedixerat.
2283 3893 2352 3947 Et
2375 3893 2478 3946 hoc
2504 3894 2824 3961 impedit-bat
2846 3895 3131 3963 quominus
3158 3897 3503 3962 accederent,

1919 3983 2113 4037 invidia
2139 3983 2340 4038 aditum
2366 3984 2670 4038 dirimente.
2715 3984 2891 4039 Donec
2915 3995 3094 4039 autem
3119 3986 3352 4040 Joannes
3376 4002 3500 4041 cum

1920 4075 2023 4127 illis
2073 4082 2226 4139 erat,
2277 4073 2588 4127 hortabatur
2635 4073 2753 4126 illos
2796 4076 3101 4143 frequenter
3139 4087 3194 4129 et
3239 4075 3501 4144 docebat,

1923 4178 2095 4233 neque
2124 4164 2175 4217 id
2206 4163 2311 4217 illis
2335 4162 2655 4232 persuadere
2681 4172 2890 4232 poterat
2922 4182 2937 4218 :
2967 4179 3086 4218 cum
3119 4179 3248 4219 vero
3279 4170 3503 4221 inuritu-

1925 4269 2018 4307 rus
2039 4262 2202 4318 esset,
2231 4254 2401 4322 majus
2456 4253 2525 4306 ad
2566 4254 2695 4306 illud
2723 4253 2941 4308 adhibet
2968 4254 3203 4309 studium
3237 4273 3253 4310 :
3284 4258 3505 4315 timebat

1924 4345 2068 4399 enim
2089 4359 2157 4397 ne
2183 4346 2326 4412 pravi
2357 4344 2621 4412 dogmatis
2644 4348 2976 4399 occasionem
3016 4347 3375 4416 relinqueret,
3401 4349 3506 4404 illi.

1927 4451 2030 4504 que
2056 4445 2333 4489 manerent
2359 4450 2390 4488 a
2414 4433 2628 4489 Christo
2657 4435 2925 4504 disjuncti.
2956 4435 3011 4489 ld
3053 4435 3139 4491 ille
3183 4439 3424 4505 curabat,
3455 4449 3511 4496 et

1927 4528 2079 4581 initio
2107 4528 2207 4595 ipsi
2229 4541 2354 4581 suos
2383 4541 2569 4580 omnes
2593 4526 2903 4582 adducebat.
2933 4526 3063 4583 Cum
3091 4538 3268 4582 autem
3297 4529 3374 4584 illi
3402 4544 3508 4584 non

1929 4619 2387 4686 obtemperarent,
2417 4618 2708 4672 moriturus
2727 4617 2943 4672 demum
2991 4620 3178 4687 majori
3222 4628 3304 4674 est
3329 4621 3506 4677 stuuio

1933 4707 2217 4762 usus.Nam
2245 4709 2290 4761 si
2313 4708 2554 4772 dixisset,
2580 4708 2728 4762 lllmn
2754 4708 2919 4773 adite,
2938 4709 3027 4777 qui
3055 4709 3243 4764 melior
3269 4725 3355 4763 me
3385 4720 3468 4763 est
3491 4726 3508 4765 :

1932 4816 2037 4854 non
2068 4800 2566 4868 obtemperassent,
2615 4798 2756 4868 quod
2808 4799 2886 4852 sic
2934 4798 3008 4852 illi
3054 4809 3236 4853 essent
3271 4799 3509 4856 addicti:

1936 4901 2211 4962 putassent
2235 4891 2378 4944 enim
2431 4889 2577 4943 illum
2629 4904 2724 4958 per
2763 4887 3084 4943 modestiam
3121 4890 3192 4943 ita
3235 4889 3378 4960 loqui
3403 4933 3417 4952 ,
3459 4902 3516 4947 et

1937 4984 2103 5052 magis
2130 4982 2203 5037 illi
2227 4982 2508 5035 laesissent
2536 4997 2551 5033 :
2584 4979 2630 5033 si
2663 4995 2788 5034 vero
2817 4979 3087 5045 tacuisset,
3122 4995 3206 5034 res
3231 4983 3424 5039 eodem
3462 4983 3515 5038 in

1935 5085 2075 5131 statu
2093 5087 2340 5128 mansura
2372 5081 2504 5127 erat.
2525 5067 2662 5138 Quid
2691 5070 3015 5140 igiturfacit?
3034 5071 3321 5140 Exsi-eetat
3344 5074 3518 5129 donec

1935 5166 2135 5220 abillis
2178 5165 2348 5217 audiat
2408 5163 2583 5230 ipsunt
2638 5161 2887 5216 miracula
2937 5161 3128 5226 edere;
3179 5178 3352 5233 neque
3393 5175 3518 5218 tunc

1939 5255 2355 5316 11111511011111111,
2388 5268 2565 5322 neque
2593 5265 2781 5304 omnes
2833 5251 3013 5315 mittit,
3057 5252 3151 5306 sed
3200 5253 3336 5308 duos
3381 5269 3518 5324 quos

1939 5347 2073 5401 forte
2093 5345 2343 5401 credebat
2369 5359 2488 5398 esea
2516 5343 2580 5396 ad
2605 5342 2928 5397 credendum
2957 5345 3330 5413 promptiores,
3353 5354 3406 5396 ut
3438 5344 3522 5396 in-

1941 5440 2228 5509 terrogatio
2271 5439 2398 5492 nulli
2450 5445 2593 5490 esset
2634 5435 2922 5504 suspicioni
2967 5435 3215 5499 obnoxia,
3255 5443 3414 5503 atque
3451 5449 3521 5488 ex

1942 5531 2070 5600 ipsis
2091 5530 2250 5585 rebus
2276 5528 2594 5592 ediscerent,
2626 5539 2878 5596 quantunt
2901 5527 3178 5579 interesset
3195 5520 3518 5576 discriminis

1941 5622 2124 5676 Jesum
2167 5621 2303 5672 inter
2345 5628 2396 5672 et
2441 5617 2699 5672 Joannem
2731 5617 2950 5685 :aitque
2988 5633 3002 5667 :
3042 5613 3197 5666 Abite
3235 5621 3290 5666 et
3322 5611 3518 5666 dicite:

1944 5718 2024 5775 Tu
2052 5735 2101 5772 es
2143 5715 2230 5786 qui
2266 5723 2500 5773 venturus
2532 5729 2581 5768 cs
2600 5751 2617 5780 ,
2644 5729 2708 5766 an
2748 5712 2904 5766 aliaat
2948 5708 3341 5783 exspectamus?
3367 5704 3525 5765 (11111⁴
