4042 6218
560 366 666 427 liii

565 488 681 534 stus
710 490 839 532 vero
857 468 1074 527 Joannis
1094 470 1324 518 mentem
1349 455 1651 522 intelligens
1667 490 1684 516 ,
1710 462 1817 502 non
1845 444 2008 507 dixit,
2034 440 2144 534 Ego

569 528 877 621 siiminam
930 558 982 613 id
1031 554 1306 609 auditores
1349 544 1680 603 offendisset,
1730 528 2144 621 quamquam

569 619 958 721 consequenter
986 645 1088 700 dici
1112 648 1354 713 poterat;
1382 634 1475 690 sed
1495 632 1545 686 id
1581 646 1646 685 ex
1674 628 1801 698 ipsis
1841 625 2001 679 rebus

572 757 721 799 scere
744 710 887 794 sinit.
919 710 1277 791 Dicitur'enim
1306 727 1397 790 ibi,
1438 726 1609 793 ipsum
1631 714 2010 772 accedentibus
2037 710 2139 764 illis

575 832 771 885 multos
797 839 1030 882 curasse.
1078 824 1146 874 At
1190 818 1332 873 enim
1371 829 1487 879 qua:
1515 809 1701 862 luisset
1742 799 2145 871 consequentia,

576 924 958 988 interrogatum
978 928 1103 969 num
1128 911 1241 979 ipse
1264 914 1422 968 esset,
1445 900 1573 956 nihil
1594 898 1660 951 ad
1678 898 1778 950 hoc
1802 890 2145 961 respondere,

573 1014 668 1068 sed
699 980 877 1065 statim
904 1018 1075 1074 tegros
1103 1012 1321 1062 curare,
1360 993 1461 1048 nisi
1501 992 1601 1044 hoc
1640 988 1814 1040 facere
1858 980 2144 1043 voluisset,

574 1101 717 1172 quod
736 1097 883 1154 dixi?
904 1067 980 1149 Ex
1007 1091 1167 1146 rebus
1195 1086 1338 1142 enim
1368 1082 1495 1151 ipsis
1527 1073 1885 1132 testimonium
1916 1067 2148 1124 credibi-

576 1162 703 1257 lius,
759 1190 1035 1255 minusque
1088 1175 1373 1248 suspicioni
1424 1168 1707 1226 obnoxium
1750 1162 1966 1234 putabat
2005 1173 2146 1224 esse,

577 1298 735 1353 quam
756 1279 936 1334 verba.
967 1274 1096 1329 Cum
1123 1272 1281 1326 sciret
1302 1280 1448 1335 ergo,
1479 1269 1659 1327 utpote
1676 1258 1833 1320 Deus,
1853 1268 1953 1324 Qua
1973 1258 2151 1306 mente

579 1341 699 1428 iilos
730 1369 962 1424 misisset
985 1365 1236 1424 Joannes,
1266 1357 1443 1412 statim
1472 1350 1879 1411 sanavitca-cos,
1911 1341 2149 1406 claudos,

582 1464 822 1530 aliosque
853 1457 1064 1519 multos,
1114 1467 1219 1505 non
1267 1456 1323 1501 ut
1365 1447 1512 1499 illum
1552 1441 1799 1500 doceret,
1843 1435 1981 1505 (cur
2008 1430 2151 1485 enim

581 1520 853 1607 docuisset
879 1560 1022 1607 eum,
1051 1541 1140 1611 qui
1155 1540 1263 1610 jam
1291 1535 1540 1591 credebat
1580 1541 1633 1586 et
1675 1520 2148 1593 obtemperabat?)

580 1641 677 1697 sed
720 1651 776 1694 ut
821 1634 1108 1704 discipulos
1146 1630 1260 1698 ejus
1315 1626 1616 1681 dubitantes
1666 1618 1965 1673 institueret
1994 1630 2007 1665 :
2035 1611 2153 1666 ideo

581 1742 702 1802 post
744 1702 1027 1785 multorum
1055 1722 1378 1779 curationem
1419 1717 1491 1769 ait
1524 1713 1613 1769 τι.
1655 1709 1842 1763 Euutes
1878 1702 2156 1758 renuntiate

582 1791 771 1875 Joanni
809 1833 922 1887 qua:
959 1815 1146 1868 auditis
1178 1820 1224 1864 et
1265 1807 1456 1862 videtis.
1498 1804 1552 1858 5.
1588 1799 1717 1854 Circi
1753 1797 1938 1859 uident,
1986 1791 2157 1864 claudi

584 1882 863 1971 ambulant,
913 1904 1096 1972 leprosi
1135 1898 1459 1956 mandantur,
1501 1890 1640 1945 surdi
1689 1887 1919 1949 audiunt,
1972 1882 2157 1934 mortui

585 1969 889 2055 suscitantur
906 2036 922 2061 ,
954 1969 1197 2064 pauperes
1216 1986 1618 2055 euungelizuntur
1643 1997 1661 2033 :
1687 1986 1740 2033 et
1769 1975 1947 2044 adjicit
1976 1990 1988 2026 :
2012 1972 2063 2026 6.
2090 1969 2156 2023 Et

586 2095 759 2146 beatus
784 2090 869 2159 qui
893 2104 992 2140 non
1012 2084 1162 2154 fuerit
1183 2078 1550 2135 scandalizatus
1574 2073 1626 2125 in
1657 2086 1734 2123 me
1756 2083 1775 2121 :
1794 2064 2080 2120 ostendens
2099 2076 2157 2114 se

587 2183 763 2237 cordis
790 2193 973 2234 eorum
1013 2152 1215 2229 secreta
1252 2182 1425 2222 nosse.
1462 2163 1517 2218 Si
1558 2162 1699 2216 enim
1743 2158 2001 2216 dixisset,
2047 2152 2158 2219 Ego

587 2288 723 2334 Stttlt,
743 2269 793 2323 id
821 2268 960 2330 illos,
992 2272 1050 2317 ut
1070 2262 1177 2330 jatn
1192 2258 1320 2321 dixi,
1340 2252 1667 2313 oll'endisset,
1710 2246 2155 2315 cogitassentque,

586 2363 687 2418 etsi
712 2330 818 2416 non
848 2359 1138 2416 dixissent,
1169 2352 1217 2405 id
1246 2347 1386 2419 quod
1431 2342 1598 2399 Judtei
1646 2340 1717 2393 illi
1765 2337 2010 2390 dicebant
2038 2350 2052 2386 :
2082 2330 2157 2383 Tu

588 2455 651 2507 de
680 2462 723 2505 te
754 2452 864 2519 ipso
891 2444 1224 2501 testimonium
1258 2442 1349 2493 das
1378 2438 1395 2506 (
1421 2434 1577 2487 Joan.
1603 2431 1657 2485 8.
1689 2429 1758 2482 15
1781 2425 1823 2497 ).
1855 2425 2080 2519 Ideoque
2107 2421 2158 2519 id

590 2543 680 2597 ille
710 2510 812 2593 non
843 2537 1004 2601 dicit,
1036 2532 1131 2588 sed
1176 2546 1244 2585 ex
1283 2524 1551 2580 miraculis
1586 2526 1735 2574 curat
1773 2524 1829 2568 ut
1873 2513 1945 2567 illi
1982 2510 2156 2566 omnia

590 2633 847 2693 ediscant,
896 2599 1191 2680 doctrinam
1239 2616 1450 2671 tradens
1505 2620 1561 2667 et
1610 2609 1888 2664 clariorem
1926 2609 1981 2657 et
2030 2599 2159 2655 nulli

590 2721 881 2794 suspicioni
924 2714 1228 2773 obnoxiam.
1260 2710 1460 2764 Idcirco
1498 2706 1636 2759 clam
1677 2700 1796 2755 illos
1835 2696 2160 2765 redarguens

591 2787 721 2871 illud
770 2811 980 2882 adjecit.
1029 2807 1159 2875 Quia
1208 2806 1351 2857 enim
1391 2799 1443 2852 in
1486 2797 1603 2864 ipso
1645 2787 2157 2846 scandalizabantur,

591 2909 799 2963 illorum
826 2880 1066 2957 morbum
1096 2894 1316 2960 detexit,
1344 2898 1399 2945 et
1434 2886 1560 2942 illud
1587 2880 1923 2939 conscientiae
1957 2884 2159 2931 tantum

593 2984 827 3069 ipsorum
858 2991 1087 3062 reliquit,
1118 2986 1330 3043 nemine
1370 2982 1627 3037 advocato
1670 2971 1934 3030 maledicti
1959 2971 1972 3001 ‘
2003 2977 2158 3031 teste,

593 3060 829 3160 ipsisque
875 3060 1003 3140 solis
1046 3082 1096 3136 id
1137 3078 1468 3134 scientibus:
1505 3073 1689 3139 sicque
1733 3066 1919 3121 melius
1949 3060 2163 3116 attraxit

594 3152 756 3245 illos;
784 3177 999 3231 dicens:
1032 3172 1219 3223 Beatus
1257 3168 1341 3234 qui
1378 3182 1475 3217 non
1516 3162 1664 3231 fuerit
1701 3154 2069 3229 scandalizatus
2110 3152 2163 3205 in

595 3288 688 3323 me.
720 3244 849 3322 Nam
871 3266 985 3317 lure
1009 3261 1160 3324 dixit,
1190 3260 1307 3312 illos
1334 3258 1475 3324 ipsos
1500 3249 1855 3306 subindicans.
1881 3244 1958 3300 Ne
1988 3253 2161 3297 autem

599 3368 779 3414 nostra
812 3362 1010 3409 tantum
1036 3349 1347 3409 referamus,
1374 3343 1467 3399 sed
1494 3350 1552 3397 ut
1579 3342 1653 3395 rei
1679 3336 1949 3393 ﬁrmanda:
1974 3334 2039 3389 iis
2064 3332 2159 3386 ad-

598 3448 791 3513 ductis,
822 3460 940 3515 quae
964 3444 1031 3496 ab
1068 3440 1184 3493 aliis
1227 3438 1367 3491 dicta
1404 3442 1527 3489 sunt
1548 3473 1563 3499 ,
1590 3431 1868 3485 clariorem
1913 3426 2065 3481 vobis
2098 3439 2162 3479 ex

599 3541 859 3594 dictorum
912 3530 1308 3600 comparatione
1377 3526 1655 3579 veritatem
1717 3519 2022 3581 tradamus,
2076 3515 2162 3568 illa

601 3631 759 3683 etiam
790 3626 877 3679 hic
918 3622 1155 3693 proferre
1210 3630 1427 3671 necesse
1473 3622 1575 3667 est.
1626 3609 1761 3678 Quid
1812 3622 1937 3675 ergo
1985 3606 2165 3659 dicunt

602 3714 886 3772 nonnulli?
918 3714 1044 3766 Eam
1072 3722 1228 3778 quam
1256 3704 1552 3765 retulimus,
1570 3703 1675 3754 n'on
1703 3711 1880 3751 veram
1904 3709 2021 3749 esse
2041 3707 2165 3748 eau-

599 3823 712 3862 sam
746 3803 875 3860 :sed
900 3816 1023 3855 vere
1049 3801 1318 3867 ignorasse
1349 3792 1629 3855 Joannem,
1659 3801 1757 3844 nec
1792 3795 1958 3839 totum
1988 3792 2164 3836 tamen

599 3900 875 3967 ignorasse
906 3910 918 3944 :
947 3900 999 3944 et.
1026 3887 1174 3941 illum
1222 3883 1435 3954 quidem
1479 3894 1597 3934 esse
1634 3875 1903 3932 Christum
1930 3872 2162 3938 novisse,

597 3966 738 4059 quod
760 3993 934 4040 autem
960 3994 1054 4051 pro
1085 3975 1385 4031 hominibus
1404 3970 1692 4027 moriturus
1712 3974 1852 4022 esset
1866 3966 2164 4033 ignorasse:

599 4054 797 4133 idcirco
823 4074 1042 4133 dixisse,
1071 4068 1151 4123 Tu
1179 4084 1229 4121 es
1257 4066 1339 4135 qui
1367 4073 1601 4116 uenturus
1639 4060 1731 4114 es?
1760 4059 1809 4113 id
1839 4067 1919 4112 est
1938 4098 1953 4122 ,
1984 4054 2081 4121 Qui
2113 4055 2165 4109 in

599 4168 861 4225 infernum
892 4179 950 4217 es
977 4162 1349 4214 descensurus.
1371 4153 1562 4208 Verum
1588 4150 1638 4204 id
1656 4165 1774 4204 cum
1796 4156 1940 4202 recta
1962 4146 2166 4200 ratione

604 4264 859 4329 pugnaret
892 4273 905 4309 :
933 4254 1163 4307 Joannes
1204 4248 1396 4316 quippe
1435 4260 1539 4299 non
1582 4244 1680 4296 hoc
1717 4239 2011 4310 ignorabat.
2056 4236 2167 4291 Hoc

599 4352 741 4405 enim
766 4358 890 4401 ante
917 4345 1018 4398 alia
1052 4338 1370 4409 prmdicabat
1395 4351 1516 4391 cum
1560 4334 1793 4397 diceret,
1827 4330 1958 4384 Ecce
2007 4344 2169 4398 agnus

601 4442 717 4504 Dei,
747 4439 829 4509 qui
860 4434 989 4489 tollit
1031 4439 1233 4502 peccata
1270 4426 1446 4480 mundi
1484 4423 1681 4495 (Joan.
1712 4422 1764 4475 1.
1795 4421 1865 4474 29
1890 4420 1929 4489 ).
1964 4422 2168 4489 Agnum

601 4548 730 4587 vero
756 4528 999 4587 vocavit,
1030 4535 1241 4577 crucem
1272 4516 1601 4588 praedicans;
1630 4528 1692 4566 ac
1718 4528 1838 4565 cum
1885 4512 2033 4575 dicit,
2068 4511 2167 4575 Qui

604 4623 735 4677 tollit
783 4626 986 4689 peccata
1024 4611 1236 4674 mundi,
1271 4609 1497 4675 idipsum
1524 4604 1853 4673 signiﬁcavit.
1908 4602 2021 4655 Non
2063 4602 2169 4656 alio

603 4713 743 4767 enim
771 4723 927 4779 quam
954 4720 1045 4776 per
1071 4714 1281 4755 crucem
1322 4694 1480 4749 modo
1507 4693 1557 4746 id
1584 4702 1832 4760 operatus
1871 4700 1954 4745 est
1980 4705 1993 4742 :
2024 4689 2167 4758 quod

602 4804 762 4856 etiam
794 4798 983 4851 Paulus
1010 4791 1253 4846 dicebat:
1286 4784 1351 4838 Et
1377 4782 1797 4852 chirographum,
1824 4780 1956 4849 quod
1996 4780 2174 4831 adver-

599 4908 713 4946 sum
742 4906 832 4942 nos
878 4894 1003 4949 erat,
1048 4886 1108 4937 de
1160 4880 1321 4934 medio
1365 4878 1582 4941 sustulit,
1613 4876 1812 4945 aﬂigeus
1860 4873 1987 4927 illud
2035 4872 2172 4925 cruci

603 4979 816 5050 (Coloss.
844 4976 902 5031 2.
931 4976 1039 5043 Η).
1062 4974 1193 5027 Cum
1221 4982 1396 5025 autem
1423 4967 1630 5023 dicebat
1653 5006 1667 5030 ,
1701 4965 1763 5018 In
1788 4965 1985 5034 Spiritu
2010 4963 2170 5032 bapti-

602 5068 734 5122 zubit
761 5082 844 5119 vos
872 5068 891 5097 ³
923 5063 1074 5134 (Luc.
1106 5065 1159 5118 ὃ.
1198 5063 1303 5129 lli),
1334 5074 1394 5114 ea
1423 5073 1540 5126 quae
1574 5064 1692 5125 post
1730 5054 2169 5109 resurrectionem

610 5162 785 5212 futura
814 5163 967 5210 erant
999 5151 1408 5223 prarnuntiabat.
1449 5150 1516 5203 At
1545 5155 1807 5215 reponunt
1845 5146 1918 5199 illi
1949 5162 1962 5196 :
1996 5144 2167 5213 Ipsum

607 5253 1049 5307 resurrecturum,
1099 5251 1153 5295 et
1194 5241 1445 5309 Spiritum
1490 5248 1728 5291 sanctum
1766 5235 2013 5289 daturum
2054 5250 2173 5289 esse

601 5338 803 5393 sciebat
833 5352 847 5389 :
878 5334 1018 5405 quod
1044 5341 1218 5385 autem
1239 5331 1381 5384 cruci
1409 5328 1704 5397 affigendus
1728 5337 1863 5381 esset
1881 5328 2171 5396 ignorabat.

603 5429 708 5484 Sed
733 5426 999 5498 quomodo
1024 5432 1420 5479 resurrecturus
1449 5430 1584 5485 erat,
1615 5419 1702 5488 qui
1734 5433 1833 5473 nec
1861 5432 2046 5487 passus
2076 5431 2174 5471 nec

668 5586 684 5616 ι
722 5583 859 5631 savd.
887 5587 939 5629 et
956 5579 1053 5637 alii,
1088 5573 1401 5627 accusationis
1426 5580 1723 5637 :utrumque
1742 5573 1957 5637 quadrat.

670 5647 688 5675 ε
723 5627 856 5700 iiii,
880 5627 934 5690 in
948 5627 1089 5690 texiu
1108 5645 1284 5695 Graeco,
1320 5633 1616 5700 respondent
1636 5627 1709 5700 [iis
1730 5627 1941 5700 vocibus,
1967 5632 2176 5696 baptiza-

605 5704 671 5755 btt
697 5693 787 5764 tos,
813 5693 945 5765 lapsu
966 5700 1209 5766 graphioo,
1233 5693 1513 5748 exciderant
1532 5693 1656 5756 apud
1676 5693 1839 5743 Morel.

1341 349 1395 404 S.
1439 339 1717 401 JOANNIS
1755 327 2221 389 CllRYSOSTOMl
2260 324 2573 381 ARCHIEP.
2612 321 3140 379 CONSTANTINOP.

3733 311 3844 368 UE

2252 437 2538 491 crucifixus
2590 434 2815 489 fuisset?
2860 434 3134 501 Quomodo
3173 432 3298 488 item
3362 435 3533 501 major
3555 433 3857 501 prOptzetis

2251 535 2385 592 erat,
2416 526 2506 595 qui
2532 541 2594 580 ea
2624 541 2742 595 quae
2771 525 3042 594 prophetae
3070 524 3313 578 sciebant
3341 521 3669 592 ignorabat?

2321 618 2374 673 5.
2394 616 2666 685 Propheta:
2683 617 2922 682 sciebant,
2942 616 3195 669 Christum
3215 631 3320 669 esse
3337 616 3851 684 crucifigena'um.—

2251 707 2400 774 Quod
2422 708 2563 762 enim
2592 707 2705 775 plus
2727 721 2885 776 quam
2915 704 3168 774 propheta
3197 714 3371 772 esset,
3410 704 3663 758 Christus
3684 706 3851 759 testi-

2253 802 2434 852 lieatus
2460 808 2544 851 est
2569 801 2585 862 (
2612 797 2738 850 Luc.
2763 798 2815 851 7.
2840 796 2981 866 28);
3014 796 3153 865 quod
3182 806 3356 851 autem
3389 798 3674 865 propheta:
3718 810 3850 862 pas-

2251 890 2454 942 sionem
2484 887 2678 941 Christi
2708 886 2991 952 noverint,
3024 885 3151 939 nulli
3179 902 3284 940 non
3322 896 3506 939 notum
3537 896 3649 939 est.
3704 887 3848 941 Nam

2253 977 2415 1032 lsaias
2439 977 2564 1030 dicit
2591 992 2607 1030 :
2638 975 2785 1030 Sicut
2827 975 2933 1030 ovis
2980 976 3048 1027 ad
3076 975 3371 1028 occisionem
3414 975 3602 1028 ductus
3648 985 3729 1028 est
3751 1017 3769 1041 ,
3794 988 3845 1031 et

2250 1068 2379 1121 sicut
2400 1082 2561 1137 agnus
2583 1082 2754 1119 coram
2795 1065 3030 1118 tondente
3063 1081 3117 1119 se
3153 1064 3260 1119 sine
3285 1080 3402 1118 uoce
3427 1063 3591 1134 (Isai.
3622 1066 3716 1120 53.
3751 1067 3843 1132 7).

2255 1158 2535 1228 Etiamque
2561 1166 2685 1212 ante
2712 1157 2815 1211 hoc
2846 1157 3203 1212 testimonium
3234 1156 3375 1210 dixit
3400 1172 3415 1210 :
3457 1155 3526 1209 Et
3562 1158 3661 1210 erit
3685 1158 3843 1209 radix

2252 1250 2430 1314 .lesse,
2479 1258 2523 1302 et
2561 1248 2647 1317 qui
2702 1256 2934 1316 exsurget
2997 1248 3246 1315 imperare
3307 1247 3572 1315 gentibus,
3623 1247 3681 1299 in
3724 1247 3837 1314 ipso

2254 1352 2421 1412 gentes
2446 1340 2717 1409 sperabunt
2755 1338 2917 1411 (Isai.
2950 1338 3034 1392 11.
3078 1337 3203 1407 10).
3234 1337 3434 1392 Deinde
3488 1338 3797 1407 passionem
3818 1380 3834 1401 ,

2255 1444 2309 1488 et
2329 1449 2489 1504 quam
2515 1434 2635 1486 inde
2656 1431 2880 1500 gloriam
2908 1439 3265 1499 consequutus
3293 1429 3364 1482 sit
3391 1444 3702 1497 exponens,
3737 1431 3835 1483 ad-

2250 1524 2399 1593 jicit,
2432 1522 2500 1575 Et
2539 1523 2631 1575 erit
2660 1522 2851 1587 requies
2899 1521 3005 1590 ejus
3044 1522 3203 1573 honor
3227 1517 3464 1590 (Ibid.).
3518 1519 3637 1574 Nec
3662 1521 3836 1573 solum

2255 1613 2395 1683 quod
2422 1613 2563 1667 cruci
2595 1610 2889 1680 afﬁgendus
2936 1619 3113 1672 esset,
3154 1609 3248 1663 sed
3291 1610 3609 1678 quibuscum
3646 1624 3834 1678 passu-

2258 1720 2348 1759 rus
2374 1710 2514 1757 esset
2540 1703 2671 1755 dixit
2704 1718 2719 1755 :
2747 1698 2815 1753 Et
2853 1716 2965 1752 cum
2992 1700 3244 1752 sceleratis
3269 1709 3531 1767 reputatus
3556 1709 3633 1755 est
3660 1700 3834 1767 (Jsai.

2256 1792 2488 1864 55.12).
2512 1792 2691 1860 Neque
2718 1790 2819 1843 hoc
2842 1798 3061 1854 tantmu,
3091 1789 3183 1842 sed
3212 1804 3316 1842 non
3338 1803 3459 1844 sese
3485 1789 3836 1844 defensurum

2256 1898 2375 1938 esse
2404 1882 2644 1951 praedixit
2677 1898 2691 1935 :
2725 1878 2823 1933 Hic
2870 1882 3000 1933 enim
3028 1895 3129 1931 non
3170 1879 3358 1947 aperiet
3396 1895 3451 1932 os
3479 1895 3635 1932 suum
3662 1880 3835 1947 (Ibid.

2257 1990 2307 2027 v.
2339 1973 2406 2043 '7)
2435 1990 2450 2039 ;
2506 1988 2728 2043 esseque
2774 1973 2967 2039 injuste
3009 1970 3363 2024 damnandum
3394 1989 3406 2023 :
3437 1969 3507 2023 In
3551 1973 3842 2026 Itumilitate

2251 2064 2503 2135 judicium
2546 2064 2655 2132 ejus
2699 2062 2952 2115 sublatunt
2989 2070 3059 2113 est
3091 2059 3263 2131 (Ibid.
3292 2076 3342 2114 ν.
3366 2060 3456 2129 8).
3504 2062 3650 2113 Ante
3693 2062 3842 2116 illum

2258 2169 2467 2224 quoque
2496 2154 2722 2221 idipsum
2746 2152 2875 2207 dicit
2910 2151 3100 2215 David,
3132 2160 3187 2207 et
3226 2151 3489 2220 judicium
3529 2153 3794 2206 describit
3826 2171 3838 2205 :

2263 2245 2455 2311 Quare,
2494 2244 2690 2313 inquit,
2739 2249 3043 2313 fremuerunt
3085 2254 3289 2312 gentes,
3316 2255 3361 2298 et
3404 2246 3583 2313 pepuli
3615 2246 3846 2298 meditati

2258 2344 2373 2388 sunt
2402 2335 2614 2387 inania?
2637 2334 2945 2386 Adstiterunt
2969 2350 3105 2404 reges
3135 2343 3298 2399 terrae,
3330 2344 3377 2386 et
3419 2335 3682 2403 principes
3725 2352 3846 2387 con-

2259 2436 2496 2479 uenerunt
2544 2427 2596 2478 in
2655 2442 2811 2479 unum
2872 2425 3108 2478 adversus
3155 2424 3429 2479 Dominum
3490 2437 3542 2479 et
3600 2428 3845 2479 adversus

2258 2516 2512 2572 Christum
2550 2519 2657 2590 ejus
2707 2515 2892 2588 (Psat.
2921 2516 2973 2569 2.
3008 2517 3060 2571 1.
3099 2516 3190 2586 2).
3221 2515 3359 2569 Alibi
3403 2532 3622 2585 quoque
3672 2517 3846 2586 ipsum

2261 2609 2434 2663 crucis
2460 2608 2670 2662 modum
2698 2607 2831 2661 dixit
2862 2623 2874 2661 :
2906 2605 3167 2660 Foderunt
3217 2623 3396 2659 manus
3431 2623 3570 2659 meas
3597 2616 3647 2659 et
3696 2609 3848 2675 pedes

2262 2716 2395 2753 meos
2423 2698 2607 2769 (Psal.
2637 2699 2725 2751 2t.
2759 2698 2855 2768 t7)
2887 2713 2902 2763 ;
2934 2706 2987 2752 et
3013 2707 3257 2752 accurate
3300 2698 3520 2751 omnino
3547 2713 3674 2767 qua:
3700 2700 3845 2751 mili-

2262 2799 2342 2844 tes
2383 2790 2497 2844 ausi
2544 2800 2666 2844 sunt
2691 2789 2871 2859 adjicit
2896 2807 2909 2843 :
2938 2789 3225 2843 Diviserunt
3246 2789 3341 2843 sibi
3367 2790 3667 2841 vestimenta
3696 2805 3809 2841 mea
3828 2830 3848 2855 ,

2262 2892 2308 2936 et
2328 2898 2480 2950 super
2526 2892 2705 2937 vestem
2738 2899 2897 2936 meam
2927 2882 3165 2936 miserunt
3190 2892 3374 2935 sortem
3410 2879 3591 2951 (Ibid.
3628 2897 3683 2934 v.
3714 2881 3785 2936 19
3807 2883 3849 2950 ).

2266 2976 2403 3029 Alibi
2430 2986 2605 3030 autem
2642 2975 2874 3029 oblatum
2906 2983 3111 3027 acetum
3140 2974 3215 3027 sic
3235 2982 3495 3027 memorat
3528 2990 3541 3025 :
3575 2971 3849 3025 Deda-unt

2262 3068 2317 3119 in
2353 3083 2517 3120 escam
2543 3082 2700 3119 meam
2724 3066 2825 3136 fel,
2854 3074 2899 3119 et
2929 3065 2979 3117 in
3012 3065 3095 3117 siti
3124 3081 3232 3117 mea
3258 3074 3558 3133 potaverunt
3600 3079 3685 3118 me
3708 3075 3848 3117 aceto

2268 3157 2451 3227 (Psal.
2484 3157 2569 3211 68.
2601 3157 2728 3226 22).
2760 3154 3035 3225 Pmpheta:
3065 3155 3223 3224 igitur
3251 3163 3372 3208 ante
3401 3162 3477 3207 tot
3503 3169 3685 3208 annos
3709 3155 3850 3221 judi-

2265 3249 2402 3301 cium
2431 3289 2443 3309 ,
2476 3247 2969 3301 coodemuationem
2991 3287 3004 3308 .
3037 3246 3211 3300 crucis
3250 3246 3447 3307 50cios,
3484 3245 3847 3299 vestimento—

2264 3354 2379 3393 rum
2413 3339 2759 3404 divisionem,
2792 3338 3007 3392 missam
3032 3346 3227 3391 sortem
3247 3376 3262 3399 ,
3294 3344 3348 3390 et
3368 3335 3523 3404 longe
3552 3335 3711 3404 plura
3745 3337 3847 3387 alia

2268 3440 2562 3486 memorant
2590 3447 2602 3482 :
2635 3444 2806 3498 neque
2852 3434 2992 3483 enim
3037 3442 3254 3482 necesse
3279 3436 3361 3481 est
3384 3426 3563 3479 omnia
3610 3425 3809 3479 eﬂ'erre
3830 3466 3844 3485 .

2268 3538 2333 3577 ne
2361 3523 2566 3589 longius
2603 3528 2855 3576 excurrat
2899 3520 3106 3585 oratio;
3156 3520 3241 3573 hic
3292 3534 3417 3573 vero
3444 3518 3549 3571 illis
3595 3518 3849 3571 omnibus

2267 3613 2469 3681 major,
2514 3612 2626 3664 haec
2653 3612 2830 3666 omnia
2876 3610 3187 3681 ignorabat?
3236 3611 3347 3675 Qua
3380 3609 3587 3663 ratione
3617 3609 3671 3661 id
3700 3618 3847 3662 stare

2269 3703 2476 3772 possit?
2501 3702 2610 3756 Cur
2638 3716 2763 3756 vero
2786 3717 2901 3755 non
2920 3700 3083 3766 dixit,
3114 3699 3191 3754 Tu
3213 3714 3271 3754 es
3308 3699 3395 3769 qui
3422 3707 3686 3752 venturus
3706 3713 3771 3752 es
3796 3701 3845 3749 in

2269 3792 2574 3847 infernum?
2620 3791 2713 3845 sed
2768 3791 3116 3860 simpliciter,
3172 3789 3273 3855 Qui
3314 3799 3547 3842 venturus
3596 3790 3700 3841 es?
3743 3787 3847 3843 Sed

2267 3883 2407 3954 quod
2431 3883 2596 3952 magis
2616 3883 2727 3937 risu
2751 3882 2965 3951 dignum
2989 3890 3154 3944 esset,
3176 3880 3358 3934 dicunt
3378 3879 3477 3932 hoc
3502 3879 3629 3931 ideo
3648 3880 3851 3933 dixisse

2268 3974 2561 4039 Joannem,
2590 3981 2647 4026 ut
2695 3974 2745 4026 in
2790 3972 2987 4025 inferos
3016 3972 3233 4025 veniens
3279 3969 3612 4038 prazdicaret.
3646 3969 3852 4035 Quibus

2269 4076 2562 4135 opportune
2590 4065 2795 4119 dicatur
2824 4081 2838 4117 :
2869 4062 3075 4117 Fratres
3095 4104 3109 4127 ,
3142 4065 3293 4116 nolite
3320 4063 3460 4131 pueri
3489 4062 3618 4131 (περὶ
3646 4073 3813 4113 metue
3832 4101 3847 4122 .

2269 4160 2356 4212 sed
2384 4160 2574 4212 malitia
2601 4159 2797 4228 paruuli
2822 4157 3015 4227 estote(
3044 4159 3092 4212 1.
3122 4157 3238 4211 Cor.
3264 4157 3348 4210 14.
3376 4152 3507 4226 20).
3534 4154 3675 4207 Nam
3706 4169 3847 4223 pne-

2271 4262 2394 4303 sens
2424 4250 2526 4302 vita
2557 4250 2689 4302 bene
2717 4249 2904 4317 agendi
2934 4258 3141 4316 tempus
3167 4257 3278 4310 est;
3313 4254 3431 4314 pOst
3454 4256 3687 4299 mortem
3720 4260 3849 4297 vero

2271 4342 2442 4397 aderit
2487 4340 2741 4411 judicium
2772 4349 2825 4394 ct
2849 4340 3182 4409 supplicium.
3215 4337 3344 4390 Nam
3386 4337 3459 4389 ait
3508 4352 3520 4388 :
3552 4334 3624 4388 In
3650 4336 3849 4388 inferne

2271 4433 2381 4502 quis
2427 4432 2737 4500 conﬁtebitur
2784 4431 2870 4483 tibi
2912 4429 3094 4496 (Psal.
3128 4430 3182 4482 6.
3217 4427 3318 4495 6)?
3351 4425 3634 4493 Quomodo
3689 4426 3845 4493 igitur

2273 4523 2515 4575 contrita:
2554 4530 2678 4575 sunt
2708 4530 2872 4589 porta:
2901 4534 3075 4584 aerem,
3107 4528 3160 4571 et
3189 4526 3365 4571 vectes
3396 4514 3554 4568 ferrei
3585 4514 3842 4568 confracti

2273 4613 2432 4665 sunt?
2461 4612 2559 4665 l’er
2598 4624 2790 4678 corpus
2835 4608 2969 4677 ejus.
3002 4608 3148 4662 Tunc
3189 4606 3329 4660 enim
3380 4605 3550 4673 primo
3604 4606 3846 4672 apmruit

2273 4717 2465 4770 corpus
2497 4700 2813 4765 immortale,
2845 4697 2982 4767 quod
3010 4697 3195 4751 mortis
3226 4694 3557 4765 tyrannidem
3589 4694 3842 4747 Solveret.

2275 4795 2522 4862 Alioquin
2554 4807 2681 4847 vero
2708 4793 2758 4844 id
2787 4789 3018 4844 ostendit
3047 4789 3231 4841 mortis
3257 4787 3361 4839 vim
3388 4800 3509 4839 esse
3542 4785 3810 4839 sublatam
3828 4822 3842 4844 ,

2275 4901 2379 4939 non
2409 4893 2581 4939 autem
2603 4897 2788 4936 eorum
2805 4881 2891 4950 qui
2919 4887 3039 4932 ante
3061 4877 3343 4931 adventum
3365 4878 3481 4943 ejus
3510 4876 3706 4928 mortui
3734 4873 3846 4926 fue-

2276 4988 2431 5038 rant,
2456 4973 2624 5027 soluta
2668 4980 2880 5040 peccata
2902 4971 2920 5002 ¹
2966 4968 3147 5022 fuisse.
3178 4965 3329 5032 Quod
3357 4966 3399 5019 si
3432 4979 3521 5019 res
3549 4980 3659 5017 non
3692 4966 3761 5017 ita
3788 4978 3846 5016 se

2276 5067 2466 5122 habeat
2486 5108 2501 5131 ,
2531 5074 2585 5118 et
2634 5065 2678 5116 si
2723 5078 2907 5117 omnes
2930 5070 3081 5114 antea
3111 5069 3349 5113 mortuos
3377 5072 3407 5109 a
3434 5057 3680 5125 gehenna
3712 5055 3845 5108 libe-

2277 5159 2443 5221 ravit,
2470 5154 2734 5221 quomodo
2762 5153 2833 5205 ait
2864 5170 2877 5205 :
2906 5150 3235 5205 Tolerabilius
3282 5148 3374 5201 erit
3418 5157 3564 5199 teme
3596 5147 3850 5201 Sodomo-

2276 5262 2389 5299 rum
2431 5254 2478 5298 et
2510 5244 2801 5297 Gomorrlue
2855 5241 3021 5312 (Luc.
3075 5237 3335 5309 £0.12)?
3377 5238 3507 5292 Illud
3561 5239 3709 5290 enim
3760 5250 3849 5289 eos

2280 5337 2570 5407 puniendos
2600 5350 2716 5390 esse
2736 5334 2999 5399 declarat,
3026 5331 3295 5385 remissius
3326 5328 3571 5397 quidem,
3605 5328 3700 5380 sed
3753 5343 3850 5394 pu-

2282 5426 2500 5481 niendos
2530 5434 2723 5477 tamen.
2777 5421 2991 5475 Etiamsi
3035 5421 3119 5474 hic
3165 5428 3429 5472 extremas
3452 5415 3707 5470 dederint
3739 5431 3851 5483 pm‘

2281 5531 2377 5572 nas
2404 5532 2418 5569 ς
2446 5524 2675 5569 attamen
2699 5527 2804 5568 non
2833 5512 2933 5565 hoc
2970 5510 3088 5564 illos
3129 5506 3391 5563 liberabit.
3440 5506 3499 5561 Si
3525 5518 3713 5561 autem
3760 5508 3853 5565 hos

2346 5695 2362 5727 ι
2400 5690 2582 5749 March,
2602 5689 2753 5741 soluta
2773 5700 2988 5749 corpora.
