4042 6218
280 236 376 295 ΗῚ

274 368 378 408 non
408 359 580 416 eruet,
612 351 778 404 multo
805 349 979 402 minus
1007 361 1102 400 eos
1127 347 1217 416 qui
1247 346 1377 400 nihil
1421 346 1506 398 hic
1537 343 1675 405 passi
1706 353 1847 396 sunt.

273 442 406 509 Quid
453 457 616 511 ergo,
660 440 933 510 inquiunt,
991 438 1254 507 iujustene
1297 436 1470 506 agitur
1518 451 1634 489 cum
1680 434 1743 487 iis
1767 434 1854 504 qui

277 545 399 589 ante
427 535 710 588 adventum
735 533 851 600 ejus
872 530 1159 584 vixerunt?
1188 529 1528 596 Nequaquam
1563 544 1576 578 :
1609 535 1879 595 poterant‘

273 624 414 676 enim
448 639 546 677 nec
588 623 858 676 Christum
895 619 1125 674 confessi
1169 617 1394 672 salutem
1424 615 1701 682 consequi.
1741 611 1858 666 Non

273 716 414 768 enim
447 715 547 768 hoc
572 715 639 767 ab
669 713 770 766 illis
811 711 1150 780 exigebatur,
1181 707 1273 762 sed
1303 723 1370 761 ne
1396 705 1533 760 idola
1574 706 1815 759 colerent
1838 742 1854 769 ,

275 815 328 857 et
367 813 426 858 ut
457 819 639 857 vermn
670 803 834 856 Deum
866 808 1103 853 nossent.
1155 797 1399 850 Dominus
1442 796 1574 848 enim
1603 836 1618 860 ,
1650 793 1856 863 inquit,

275 891 415 946 Deus
461 902 574 946 tuus
599 933 615 956 ,
647 891 898 944 Dominus
929 905 1058 942 unus
1085 897 1154 941 est
1186 886 1376 959 (Deut.
1419 886 1470 940 6.
1495 887 1587 955 4).
1631 884 1860 952 Ideoque

273 983 552 1036 Maccabmi
593 979 932 1035 admirationi
964 981 1206 1043 fuerunt,
1241 977 1361 1046 quia
1395 990 1491 1045 pro
1518 974 1649 1044 legis
1675 974 1860 1026 obser-

273 1074 486 1127 vatione
517 1072 656 1142 passi
696 1079 842 1135 sunt,
873 1085 936 1123 ac
965 1079 1072 1123 tres
1117 1069 1296 1138 pueri,
1327 1068 1582 1136 multique
1607 1065 1696 1118 alii
1721 1065 1859 1133 apud

278 1163 490 1220 Judteos
510 1203 524 1224 ,
553 1161 641 1230 qui
665 1163 828 1214 vitam
855 1158 1054 1228 optime
1080 1166 1380 1226 gesserunt,
1409 1165 1461 1209 et
1489 1155 1644 1223 hujus
1670 1155 1859 1222 cogni-

277 1257 436 1309 tionis
469 1253 684 1307 modum
715 1259 1024 1313 servarunt,
1057 1248 1188 1303 nihil
1237 1246 1379 1301 aliud
1422 1247 1713 1311 observare
1767 1245 1862 1299 dc-

275 1345 527 1398 bucrttnt.
551 1342 702 1396 Tunc
740 1341 882 1395 enim
908 1339 973 1392 ad
1007 1339 1234 1392 salutem
1265 1335 1592 1399 suliiciebat,
1624 1344 1679 1389 ut
1704 1334 1818 1387 dixi
1843 1375 1859 1399 ,

276 1436 443 1490 Deum
470 1443 672 1488 tantum
702 1445 1064 1502 cognoscere;
1113 1445 1252 1484 nunc
1289 1443 1418 1482 vero
1467 1427 1515 1481 id
1569 1428 1697 1481 satis
1752 1443 1860 1479 non

277 1535 361 1581 cst
384 1567 398 1588 .
426 1526 520 1580 sed
547 1525 816 1580 Christum
845 1537 1004 1576 nosse
1032 1530 1262 1591 oportet.
1293 1520 1496 1574 Idcirco
1522 1521 1733 1573 dicebat
1759 1535 1772 1570 :
1802 1519 1863 1573 Si

276 1635 378 1670 non
430 1621 675 1671 venissem
724 1624 772 1668 et
819 1615 1055 1680 loquutus
1081 1614 1289 1683 fuissent
1337 1612 1406 1664 eis
1430 1651 1443 1673 ,
1474 1620 1734 1680 peccatum
1764 1625 1865 1662 non

279 1709 554 1772 haberent;
604 1723 737 1759 nunc
792 1715 961 1758 autem
1011 1704 1380 1758 excusationem
1430 1719 1531 1756 non
1584 1701 1764 1754 habent
1803 1700 1866 1756 de

281 1808 484 1869 peccato
525 1814 614 1849 suo
642 1794 828 1864 (Joan.
859 1795 947 1850 15.
978 1793 1101 1864 22).
1148 1792 1236 1848 Sic
1283 1801 1336 1847 et
1378 1791 1444 1846 de
1473 1792 1595 1845 vita:
1625 1792 1866 1845 instituto

282 1889 594 1959 pulundutn.
633 1888 781 1941 Tunc
810 1887 984 1940 cmdes
1037 1884 1356 1938 homicidam
1389 1884 1678 1954 perdebat,
1726 1898 1867 1938 nunc

283 1979 364 2033 vel
387 1979 540 2031 irasci
571 1977 790 2030 vetitum
841 1983 945 2030 est.
975 1974 1123 2028 Tunc
1167 1973 1421 2027 mtechari
1467 1981 1520 2026 et
1548 1989 1667 2026 cum
1692 1974 1866 2026 aliena

283 2068 502 2122 muliere
545 2063 880 2120 commisceri
923 2063 1237 2133 supplicium
1277 2061 1572 2127 afferebat;
1607 2078 1747 2116 nunc
1775 2078 1867 2116 au-

280 2167 386 2210 tetn
417 2156 697 2224 impudicis
739 2154 906 2207 oculis
953 2155 1250 2222 respicere,
1305 2152 1442 2206 idem
1487 2151 1660 2206 affert.
1718 2151 1869 2205 Sicut

279 2249 548 2318 cognitio,
581 2247 659 2301 sic
688 2254 743 2300 et
769 2245 871 2298 vita
919 2260 1059 2298 nunc
1112 2243 1391 2298 sublimior
1429 2243 1736 2312 requiritur.
1767 2241 1870 2309 ita-

279 2353 384 2407 que
411 2338 542 2392 nihil
571 2337 863 2391 Prodromo
885 2351 1020 2406 opus
1047 2345 1181 2389 erat.
1204 2333 1476 2401 Alioquin,
1503 2334 1546 2386 si
1573 2333 1605 2386 ii
1628 2333 1715 2403 qui
1748 2341 1869 2402 post

283 2439 508 2484 mortem
552 2429 804 2493 credent,
837 2427 1062 2481 salutem
1108 2425 1486 2494 consequuturi
1513 2433 1665 2489 sunt,
1695 2424 1871 2478 nullus

281 2536 530 2590 umquam
551 2519 764 2588 peribit.
781 2517 978 2574 Omnes
992 2519 1135 2572 enim
1156 2526 1279 2571 tunc
1299 2516 1666 2585 paenitentiam
1688 2525 1869 2586 agent,

280 2619 334 2665 et
356 2611 626 2664 Christum
653 2609 970 2663 adorabunt.
996 2607 1148 2675 Quod
1178 2617 1352 2661 autem
1382 2607 1508 2661 illud
1534 2608 1603 2662 sit
1635 2623 1821 2660 verum
1851 2647 1869 2670 ,

282 2700 404 2752 audi
431 2701 651 2753 Paulum
680 2699 948 2753 dicentem
983 2717 995 2753 :
1030 2698 1209 2752 Omnis
1237 2700 1409 2767 lingua
1437 2697 1757 2762 conﬁtebitur
1775 2739 1789 2761 ,
1825 2709 1872 2750 et

283 2807 430 2844 omne
475 2807 604 2861 genu
631 2791 857 2859 ﬂectetur
887 2790 1159 2843 ctelestium
1179 2829 1194 2853 ,
1226 2790 1536 2842 terrestrium
1562 2798 1608 2842 et
1649 2789 1874 2856 inferno-

280 2901 393 2936 rum
425 2884 442 2952 (
470 2883 700 2952 Philipp.
741 2882 795 2936 2.
829 2883 888 2936 Η
917 2882 968 2950 );
1017 2889 1091 2945 et,
1128 2880 1318 2935 Ultima
1356 2882 1561 2934 inimica
1589 2883 1872 2935 destruetur

282 2991 416 3026 mors
445 2971 533 3046 (l.
567 2971 686 3026 Cor.
719 2973 806 3027 15.
829 2973 900 3027 ‘26
920 2975 960 3042 ).
989 2971 1094 3026 Sed
1137 2971 1334 3024 nullatn
1374 2973 1650 3026 utilitatem
1679 2987 1742 3025 ex
1775 2974 1873 3025 hac

281 3064 608 3134 subjectione
635 3071 1054 3132 consequentur;
1107 3077 1212 3115 non
1263 3062 1406 3115 enim
1441 3075 1515 3116 ex
1546 3061 1684 3114 bona
1725 3061 1875 3115 volu-

285 3168 428 3226 ptate
460 3155 832 3225 proficiscitur,
868 3154 962 3210 sed
988 3169 1051 3209 ex
1093 3154 1210 3224 ipsa
1260 3169 1460 3217 rerum,
1490 3161 1546 3208 ut
1569 3154 1640 3209 ita
1677 3153 1872 3219 dicam,

286 3248 542 3303 lteceSsila
552 3262 624 3301 te.

351 3339 406 3392 4.
447 3338 524 3392 Ne
554 3339 663 3399 illa.
698 3352 910 3407 quaeso,
943 3335 1258 3390 inducamus
1297 3335 1454 3388 anilia
1483 3334 1731 3404 dogmata
1756 3375 1772 3400 ,
1819 3343 1874 3388 et

281 3429 528 3483 Jutlaicas
568 3428 794 3482 fabulas.
826 3427 962 3481 Audi
992 3427 1135 3481 enim
1163 3426 1288 3495 quid
1317 3426 1384 3480 de
1419 3426 1503 3478 his
1548 3426 1690 3480 dicat
1738 3427 1872 3478 l’au-

284 3520 408 3574 Ius:
454 3517 764 3587 Quicumque
787 3518 920 3570 enim
959 3518 1066 3571 sine
1113 3517 1220 3586 lege
1264 3527 1569 3586 peccarunt,
1616 3517 1724 3569 sine
1766 3517 1874 3586 lege

284 3611 512 3682 peribunt
533 3627 550 3674 ;
576 3611 799 3679 loquens
820 3607 887 3663 de
910 3609 973 3663 iis
996 3608 1084 3678 qui
1115 3619 1239 3663 ante
1265 3609 1430 3678 legem
1449 3617 1600 3661 erant
1622 3624 1636 3669 ;
1670 3607 1732 3659 Et
1755 3609 1868 3676 qui-

283 3715 494 3768 cumque
517 3701 568 3752 in
590 3699 697 3769 lege
717 3708 1006 3766 peccarunt,
1028 3713 1116 3768 per
1133 3698 1289 3768 legem
1306 3698 1674 3768 judicabuntur
1691 3696 1866 3766 (Itoni.

284 3789 338 3843 2.
375 3789 514 3858 12);
562 3789 630 3843 de
675 3789 738 3842 iis
788 3789 1035 3842 omnibus
1089 3788 1312 3857 loquens
1359 3788 1447 3856 qui
1489 3787 1868 3858 postliloysem

283 3883 524 3944 fuerunt;
561 3891 634 3945 et,
668 3881 919 3946 Quoniam
944 3880 1192 3934 reveletur
1215 3881 1295 3932 ira
1323 3879 1417 3933 Dei
1453 3880 1518 3933 de
1539 3880 1662 3934 caelo
1690 3882 1741 3934 in
1763 3898 1869 3934 om-

284 3987 394 4027 nem
419 3974 722 4042 impietatem
741 3983 789 4026 et
813 3973 1113 4041 injustitiam
1140 3972 1397 4024 hominum
1419 3971 1437 4043 (
1462 3971 1611 4025 Rom.
1640 3973 1691 4026 1.
1721 3973 1789 4027 18
1809 3974 1827 4042 )
1851 3989 1867 4037 ;

283 4077 357 4131 et,
391 4067 581 4132 Furor,
609 4067 708 4130 ira,
739 4065 991 4118 tribulatio
1013 4103 1030 4130 ,
1070 4064 1303 4134 angustia
1342 4064 1395 4116 in
1424 4079 1621 4116 onmem
1649 4064 1871 4115 animum

284 4157 498 4210 hominis
551 4147 805 4225 opereulis
847 4154 1037 4207 malum
1061 4193 1076 4218 ,
1130 4153 1302 4206 ,Ιαάωὶ
1349 4153 1568 4221 primum
1618 4163 1664 4206 et
1706 4152 1871 4207 Graeci

285 4246 474 4310 (Rom.
503 4248 559 4300 2.
605 4247 660 4302 8.
692 4247 780 4318 9).
831 4247 892 4300 Et
921 4256 1066 4300 certe
1093 4246 1228 4298 mala
1259 4247 1536 4299 innumera
1563 4245 1702 4314 passi
1747 4255 1871 4302 sunt

285 4338 538 4408 gentiles;
587 4337 729 4406 quod
773 4345 830 4392 et
871 4346 1186 4391 esteroruui
1245 4335 1481 4390 historia:
1526 4337 1866 4406 significant,

286 4443 494 4483 necnon
538 4427 828 4497 Scriptura:
873 4436 1091 4482 nostrae.
1122 4427 1249 4494 Quis
1277 4427 1420 4480 enim
1458 4427 1867 4497 Babyloniorum

284 4532 338 4577 et
365 4521 491 4594 IEg)
505 4526 738 4593 ptiorum
771 4524 1056 4593 tragoedias
1092 4521 1422 4576 enarravcrit
1442 4519 1465 4572 ?
1489 4520 1640 4588 Quod
1671 4521 1810 4575 enim
1834 4522 1869 4575 ii

282 4615 372 4684 qui
398 4614 672 4671 Christum
702 4632 810 4669 non
837 4623 1100 4670 noverunt
1127 4624 1250 4668 ante
1269 4614 1536 4669 carnalem
1559 4614 1864 4678 adventum,

280 4717 333 4763 et
375 4709 464 4777 qui
495 4708 563 4762 ab
610 4707 907 4764 idololatria
939 4707 1240 4762 resilientes
1279 4706 1446 4761 Deum
1488 4722 1648 4759 unum
1679 4707 1869 4760 adora-

279 4811 424 4865 runt,
453 4811 507 4855 et
537 4799 756 4870 probam
801 4799 1004 4855 duxere
1031 4801 1232 4865 vitam,
1272 4801 1453 4853 omnia
1497 4799 1632 4854 bona
1679 4815 1870 4860 cense-

278 4891 497 4963 quuluri
548 4891 694 4954 sint,
744 4890 867 4944 audi
900 4889 1166 4959 quomodo
1217 4889 1357 4944 dicat
1451 4889 1626 4944 Gloria
1653 4902 1863 4958 autem,

278 4985 442 5037 honor
467 4991 513 5036 et
539 4997 643 5051 pax
667 4981 804 5034 omni
841 4979 1070 5048 aperanti
1117 4979 1298 5032 bonum
1321 5019 1337 5043 ,
1361 4977 1548 5033 Jadteo
1575 4980 1795 5050 primum
1820 4991 1867 5035 et

278 5073 452 5146 gentili
482 5073 672 5144 (Rom.
700 5071 754 5125 2.
782 5071 905 5141 l0).
940 5068 1130 5123 Viden’
1155 5069 1416 5122 bonorum
1458 5071 1670 5138 pra'mia
1700 5071 1864 5124 multa

279 5164 387 5218 illis
412 5179 532 5218 esse
551 5204 568 5229 ,
598 5172 651 5218 et
680 5170 864 5217 contra
894 5158 1212 5214 facientibus
1257 5158 1516 5228 supplicia
1551 5167 1604 5214 et
1631 5175 1817 5230 poenas
1843 5160 1867 5211 ἳ

280 5255 382 5312 Ubi
408 5272 548 5310 nunc
578 5264 702 5310 sunt
733 5255 767 5309 ii
798 5253 886 5323 qui
905 5251 1206 5324 gehennam
1237 5266 1340 5304 nou
1370 5250 1637 5304 credunt?
1661 5249 1792 5304 Nam
1819 5267 1864 5306 sn

274 5354 315 5401 ιι
347 5349 435 5416 qui
464 5358 586 5402 ante
615 5347 808 5403 Christi
839 5347 1122 5400 adventum
1172 5343 1390 5397 fuerunt
1411 5382 1429 5409 ,
1459 5343 1547 5412 qui
1576 5358 1644 5396 ne
1669 5359 1864 5398 nomen

282 5438 494 5510 quidem
541 5439 796 5508 gehenna:
844 5439 1160 5504 audierunt,
1189 5450 1363 5505 neque
1416 5435 1861 5502 resurrectionis,

283 5541 562 5604 postquam
590 5533 675 5587 hic
700 5546 881 5603 poenas
907 5531 1204 5597 dederunt,
1239 5529 1343 5584 illic
1370 5543 1583 5600 quoque
1637 5529 1860 5599 punien-

1157 233 1219 288 IN
1260 232 1660 289 MATTil/EUM
1703 229 1926 286 llOMiL.

1962 235 2200 292 XXXVI.
2243 238 2317 292 al.
2350 236 2616 315 ΧΧΧΥΙΙ.
3422 243 3531 300 418

1972 349 2060 394 tur
2076 355 2278 411 quanto
2293 349 2462 416 magis
2480 365 2579 402 nos
2592 350 2682 416 qui
2699 350 2751 402 in
2776 359 2922 404 tanta
2939 351 3294 420 philosophia:
3310 355 3325 384 ¹
3343 357 3540 409 doctri-

1963 451 2028 489 na
2061 436 2268 492 educati
2297 440 2526 495 sumus?
2579 440 2646 494 Et
2672 455 2773 510 qua
2795 441 3007 496 ratione
3030 484 3044 506 ,
3068 441 3280 512 inquies
3299 484 3314 509 ,
3353 444 3430 499 illi
3455 445 3545 514 qui

1963 525 2092 579 nihil
2119 542 2373 596 umquam
2398 529 2463 584 de
2490 530 2732 598 gehenna
2773 531 3093 595 audierunt,
3147 533 3200 586 in
3244 533 3543 601 gehennam

1965 617 2239 672 incident?
2265 620 2450 674 Dicent
2475 622 2636 684 enim,
2665 619 2718 675 Si
2746 622 3042 690 gehennam
3072 625 3423 681 comminatus
3461 640 3548 680 es-

1967 716 2091 767 ses,
2125 717 2234 774 prae
2268 712 2412 758 metu
2443 714 2804 774 temperanter
2830 708 3174 766 vixissemus.
3217 709 3382 766 Plane
3407 712 3534 782 qui-

1967 791 2090 846 dem
2139 794 2702 864 (nonne?)vixissent
2742 806 2800 849 ut
2828 813 2929 853 nos
2981 802 3146 853 vitam
3187 805 3397 868 agimus
3440 800 3535 870 qui

1963 887 2201 956 quotidie
2224 904 2502 943 sermones
2523 889 2590 944 de
2612 889 2852 959 gehenna
2877 891 3142 954 audimus,
3173 907 3343 959 neque
3374 902 3548 946 tamen

1967 977 2031 1032 iis
2050 979 2284 1031 animum
2317 979 2652 1034 adhibemus.
2677 979 2878 1034 Prteter
2903 979 3015 1034 inec
3043 990 3219 1034 autem
3249 981 3377 1034 illud
3417 997 3552 1050 quo-

1965 1083 2068 1137 que
2100 1068 2385 1124 dicendum
2413 1081 2531 1135 est,
2574 1086 2697 1126 eum
2743 1071 2832 1140 qui
2887 1072 3238 1140 praesentibus
3275 1073 3553 1141 suppliciis

1966 1176 2071 1214 non
2104 1163 2381 1225 retinetur,
2412 1164 2578 1217 multo
2602 1165 2776 1217 minus
2811 1164 2912 1217 illis
2950 1165 3299 1218 coercebitur.
3349 1165 3552 1220 Rudio-

1967 1265 2054 1303 res
2079 1250 2220 1304 enim
2273 1253 2672 1321 crassioresque
2702 1253 2946 1307 homines
2991 1254 3340 1322 praesentibus
3387 1256 3555 1325 magis

1967 1353 2020 1395 et
2043 1342 2366 1396 instantibus
2391 1345 2565 1396 solent
2586 1343 2650 1397 ad
2684 1343 3108 1412 resipiscentiam
3143 1343 3342 1407 vocari,
3393 1359 3553 1412 quam

1969 1433 2033 1486 iis
2062 1448 2182 1501 qua:
2213 1433 2382 1486 multo
2408 1445 2526 1502 post
2565 1443 2804 1502 tempore
2851 1442 2974 1487 sunt
3018 1443 3301 1488 eventura.
3338 1434 3554 1497 Verum,

1969 1523 2202 1593 inquies,
2232 1525 2386 1578 nobis
2434 1527 2606 1593 major
2656 1525 2897 1578 imminet
2945 1533 3137 1591 terror,
3168 1525 3392 1595 ideoque
3434 1541 3555 1580 cum

1969 1614 2073 1668 illis
2099 1629 2203 1669 non
2255 1615 2448 1683 injuste
2490 1625 2664 1669 actum
2702 1614 2830 1668 est?
2881 1613 3224 1684 Nequaquam
3267 1631 3325 1668 se
3371 1630 3458 1670 res
3486 1615 3554 1669 ita

1973 1705 2151 1761 habet.
2182 1706 2362 1760 Primo
2413 1708 2556 1760 enim
2599 1721 2706 1759 non
2739 1704 2896 1760 iidem
2935 1706 3146 1759 labores
3182 1705 3336 1758 nobis
3363 1715 3416 1760 et
3455 1707 3555 1760 illis

1971 1798 2227 1866 propositi
2255 1806 2416 1859 sunt;
2447 1797 2539 1851 sed
2571 1797 2740 1850 multo
2769 1797 3002 1866 majores
3028 1797 3201 1852 nobis.
3235 1797 3356 1851 illos
3378 1809 3557 1852 autem

1971 1885 2059 1954 qui
2089 1887 2320 1952 majores
2349 1887 2648 1954 suscipiunt
2672 1886 2914 1950 labores,
2949 1887 3136 1952 majori
3175 1897 3383 1956 oportet
3403 1889 3553 1943 auxi-

1975 1975 2045 2028 lio
2089 1975 2210 2028 lrui.
2260 1977 2529 2029 Auxilium
2578 1986 2756 2030 autem
2807 1992 2912 2029 non
2962 1977 3230 2031 modicum
3281 1979 3410 2033 illud
3436 1989 3556 2047 est,

1971 2079 2092 2119 cum
2121 2065 2278 2119 timor
2302 2074 2543 2135 augetur.
2563 2065 2616 2120 Si
2648 2078 2824 2120 autem
2853 2067 2905 2120 id
2931 2068 3049 2135 plus
3073 2083 3234 2137 quam
3267 2070 3334 2122 illi
3367 2070 3560 2126 habea-

1974 2170 2111 2218 mus,
2143 2156 2280 2224 quod
2307 2155 2476 2209 futura
2506 2171 2810 2221 noscamus,
2840 2156 2913 2210 illi
2942 2173 3153 2226 quoque
3183 2159 3232 2211 id
3257 2161 3374 2227 plus
3400 2175 3560 2229 quam

1975 2260 2074 2300 nos
2117 2245 2332 2311 habent,
2369 2246 2508 2316 quod
2536 2261 2707 2316 pinna:
2753 2247 2994 2316 ingentes
3024 2247 3127 2300 illis
3160 2250 3439 2303 confestim
3473 2249 3558 2304 in-
3641 2239 3644 2241 ’

1976 2336 2234 2392 ferantur.

2044 2427 2256 2482 Iustitia
2280 2426 2392 2492 Dei,
2416 2436 2462 2480 et
2489 2426 2733 2496 puniendi
2762 2427 2988 2480 ratio.—
3017 2426 3211 2482 Verum
3237 2427 3378 2482 aliud
3408 2429 3560 2499 quid-

1979 2521 2116 2590 piam
2148 2521 2333 2574 dicunt
2363 2519 2595 2588 plurimi.
2623 2519 2723 2573 Ubi
2746 2527 2825 2573 est
2845 2561 2860 2584 ,
2887 2519 3167 2588 inquiunt,
3193 2519 3394 2586 justitia
3430 2520 3560 2588 Dei,

1978 2610 2219 2676 quando,
2247 2611 2290 2663 si
2319 2609 2436 2679 quis
2467 2608 2552 2662 hic
2579 2619 2794 2678 peccet,
2822 2620 2876 2663 et
2907 2608 2991 2663 hic
3017 2619 3069 2663 et
3093 2611 3202 2664 illic
3224 2626 3408 2678 pmnas
3432 2613 3561 2667 det?

1979 2701 2152 2754 Vultis
2185 2700 2342 2770 igitur
2380 2708 2436 2752 ut
2461 2699 2599 2752 dicta
2635 2709 2810 2752 vestra
2841 2699 2890 2752 in
2924 2701 3238 2754 memoriam
3281 2702 3430 2756 vobis
3471 2717 3560 2756 re-

1978 2807 2183 2855 vocem,
2217 2807 2283 2844 ne
2314 2791 2448 2844 ultra
2481 2791 2714 2844 laborem
2745 2790 2896 2844 nobis
2922 2789 3177 2856 all‘eratis,
3205 2791 3298 2845 sed
3319 2806 3384 2847 ex
3408 2792 3562 2849 vobis

1978 2885 2107 2952 ipsis
2148 2884 2464 2938 solutionem
2513 2883 2690 2937 detis?
2714 2881 2905 2936 Multos
2935 2898 3000 2936 ex
3029 2882 3226 2936 nostris
3251 2883 3460 2948 audivi,
3490 2884 3562 2940 sic

1978 2973 2189 3044 quando
2216 2973 2518 3028 ediscerent
2543 2963 2862 3027 homicidam
2889 2973 3117 3042 aliquem
3151 2973 3203 3028 in
3223 2973 3424 3043 judicio
3445 2977 3563 3045 ple-

1977 3081 2106 3120 xum
2135 3066 2330 3130 fuisse,
2354 3079 2473 3118 cum
2505 3063 2864 3133 indignatione
2895 3063 3132 3118 dicentes
3164 3083 3177 3117 :
3210 3065 3443 3134 Triginta
3475 3067 3558 3119 vel

1980 3157 2218 3226 pluribus
2242 3155 2478 3208 cwdibus
2499 3193 2513 3217 ,
2543 3157 2835 3208 sceleratus
2864 3154 2952 3208 ille
2972 3193 2987 3218 ,
3017 3155 3235 3222 patratis
3254 3195 3272 3220 ,
3303 3171 3404 3209 una
3443 3165 3562 3209 tan-

1980 3259 2089 3302 tum
2120 3248 2236 3302 vice
2267 3256 2491 3300 mortem
2519 3245 2680 3300 subit.
2714 3246 2779 3299 Et
2819 3245 3031 3300 ubinam
3066 3245 3270 3313 justitia
3302 3247 3426 3300 est?
3457 3246 3593 3317 Vos

1978 3358 2103 3411 ergo
2129 3340 2365 3394 fatemini
2395 3349 2618 3392 mortem
2649 3353 2806 3392 uuam
2835 3353 2941 3391 non
2965 3337 3094 3392 satis
3117 3352 3329 3407 semper
3350 3354 3470 3393 esse
3496 3339 3564 3394 ad

1977 3432 2290 3500 supplicium
2334 3430 2675 3498 condignum.
2706 3428 2813 3482 (Zur
2840 3443 2968 3497 ergo
3003 3443 3140 3482 nunc
3175 3429 3436 3482 contraria
3466 3428 3563 3484 de-

1965 3521 2236 3582 cernitis?
2263 3520 2394 3586 Quia
2424 3534 2532 3574 non
2563 3519 2630 3572 de
2669 3518 2788 3571 aliis
2807 3557 2822 3582 ,
2864 3515 2958 3570 sed
2983 3516 3051 3570 de
3078 3516 3226 3570 vobis
3253 3517 3383 3586 ipsis
3417 3517 3563 3584 judi-

1975 3615 2116 3668 cium
2144 3611 2312 3666 fertis.
2361 3610 2450 3665 Sic
2489 3609 2706 3678 proprio
2744 3621 2928 3660 amore
2955 3605 3271 3674 impedimur
3295 3645 3309 3669 ,
3343 3621 3409 3660 ne
3438 3606 3563 3675 quid

1971 3704 2173 3773 justum
2201 3701 2271 3756 sit
2298 3700 2590 3755 videamus.
2627 3697 2827 3752 Idcirco
2854 3711 2974 3750 cum
3006 3695 3073 3749 de
3098 3695 3216 3750 aliis
3240 3695 3561 3764 judicatnus.

1975 3796 2374 3850 accuratissime
2425 3808 2539 3848 rem
2583 3790 2934 3858 indagamus;
2986 3803 3105 3842 cum
3143 3802 3272 3841 vero
3301 3787 3367 3842 de
3410 3789 3565 3840 nobis

1979 3887 2107 3956 ipsis
2132 3927 2146 3951 ,
2180 3883 2416 3940 tenebris
2443 3882 2762 3936 involvitnur
2790 3897 2803 3933 :
2835 3879 2924 3948 qui
2955 3881 2998 3932 si
3036 3893 3248 3931 causam
3280 3886 3513 3931 nostrain
3541 3917 3560 3942 ,

1977 3989 2033 4030 nt
2055 3979 2282 4030 alienam
2311 3976 2715 4043 exploraremus
2737 4012 2751 4035 ,
2783 3971 2990 4023 sincere
3030 3976 3086 4021 et
3121 3969 3234 4021 sine
3274 3967 3378 4021 ulla
3408 3982 3564 4022 acce-

1976 4067 2157 4137 ptione
2178 4065 2438 4119 calculum
2463 4062 2743 4116 ferremus.
2771 4060 2989 4112 Peccata
3018 4061 3210 4126 quippe
3243 4066 3420 4110 nostra
3456 4073 3563 4111 non

1975 4159 2179 4212 duabus
2203 4156 2284 4209 vel
2304 4154 2491 4215 tribus,
2513 4151 2607 4207 sed
2631 4151 2774 4204 mille
2797 4148 3055 4202 mortibus
3079 4147 3235 4216 digna
3255 4156 3396 4200 sunt.
3421 4147 3484 4199 Et
3505 4156 3564 4201 ut

1976 4251 2078 4303 alia
2106 4248 2368 4308 omittam,
2399 4243 2745 4299 recordemur
2762 4249 2890 4310 quot
2919 4249 2972 4294 et
2997 4238 3178 4308 quanti
3204 4237 3452 4306 mysteria
3482 4237 3565 4290 in-

1974 4342 2134 4411 digne
2155 4338 2534 4409 participamus
2567 4350 2582 4388 :
2615 4334 2690 4387 illi
2722 4349 2848 4387 vero
2878 4333 2966 4402 qui
2995 4331 3071 4384 sic
3103 4330 3453 4401 participant,
3482 4328 3561 4383 rei

1977 4443 2100 4489 sunt
2130 4430 2371 4501 corporis
2398 4439 2453 4483 et
2473 4427 2749 4496 sanguinis
2769 4425 2989 4480 Christi.
3017 4424 3196 4490 itaque
3223 4436 3342 4475 cum
3370 4421 3436 4474 de
3465 4421 3562 4472 bu-

1975 4523 2165 4579 niieida
2184 4521 2419 4592 loqueris
2439 4559 2453 4582 ,
2485 4519 2655 4588 cogita
2683 4517 2907 4585 teipsum
2940 4513 3260 4568 homicidam
3289 4525 3430 4565 esse.
3465 4510 3560 4564 llle

1977 4630 2206 4679 namque
2251 4615 2518 4667 hominem
2550 4609 2789 4676 occidit,
2845 4617 2901 4663 tu
2948 4622 3074 4660 vero
3121 4605 3306 4659 mortis
3350 4604 3559 4659 Domini

1975 4722 2096 4762 reus
2114 4720 2174 4762 es
2199 4723 2212 4760 :
2241 4705 2328 4758 ille
2357 4720 2460 4757 non
2491 4701 2867 4773 mysteriorum
2892 4697 3154 4767 particeps
3178 4695 3287 4757 fuit,
3314 4709 3412 4748 nos
3431 4709 3560 4748 vi-ro

1972 4813 2122 4853 sacra
2150 4809 2332 4851 mensa
2367 4793 2610 4847 fruimur.
2641 4788 2776 4856 Quid
2819 4788 2887 4844 de
2915 4787 2978 4842 iis
3011 4786 3182 4840 dicam
3203 4827 3218 4851 ,
3246 4786 3334 4855 qui
3366 4785 3559 4839 fratres

1971 4903 2100 4944 suos
2137 4886 2415 4947 mordent,
2448 4882 2739 4945 devorant,
2787 4878 3115 4946 multumque
3161 4874 3350 4929 veneni
3390 4873 3560 4928 ollim-

1947 4979 2142 5043 -duut?
2167 4975 2294 5047 quid
2317 4975 2381 5029 de
2401 4973 2491 5027 illo
2519 4974 2607 5041 qui
2633 4971 2808 5024 cibum
2835 4967 3154 5038 pauperibus
3179 4963 3405 5034 abripit?
3429 4963 3556 5018 Nam

1970 5074 2014 5128 si
2043 5073 2087 5126 is
2110 5111 2126 5137 ,
2159 5070 2250 5141 qui
2289 5069 2684 5138 cleemosynam
2713 5078 2822 5118 non
2862 5071 3069 5132 erogat,
3112 5062 3162 5114 id
3193 5060 3315 5114 facit
3341 5101 3356 5124 ,
3387 5061 3556 5113 multo

1971 5163 2140 5232 magis
2171 5162 2260 5215 ille
2287 5159 2377 5230 qui
2407 5158 2577 5212 aliena
2603 5154 2816 5223 abripit.
2849 5153 2988 5220 Quot
3035 5151 3236 5204 furibus
3263 5149 3558 5204 deteriores

1970 5262 2095 5307 sunt
2121 5252 2308 5305 avari?
2337 5257 2468 5319 quot
2498 5245 2780 5302 bomicidis
2806 5239 2864 5300 et
2887 5243 3254 5312 sepulcrorum
3287 5239 3558 5295 el'lossori-

1971 5345 2072 5400 bus
2098 5343 2308 5413 pejores
2352 5351 2477 5396 sunt
2526 5339 2816 5410 raptores?
2861 5346 2990 5407 quot
3034 5336 3376 5406 reperiuntur
3421 5331 3555 5400 qui,

1970 5445 2249 5507 postquam
2274 5433 2590 5504 spoliarunt,
2609 5431 2676 5486 ad
2697 5430 3044 5500 spoliatorem
3066 5428 3222 5481 etiam
3244 5423 3554 5496 sanguinem

1971 5528 2224 5585 inhiant?
2249 5526 2428 5594 Absit,
2462 5525 2690 5596 inquies.
2719 5523 2871 5580 Nunc
2898 5520 3050 5583 dicis,
3082 5517 3233 5573 Absit
3260 5532 3275 5583 ;
3303 5529 3425 5571 cum
3454 5513 3556 5570 ini-

2036 5641 2054 5672 ι
2090 5637 2196 5699 Alii,
2238 5635 2500 5701 wpieutia'.
