4042 6218
525 299 626 355 ιιθ

523 416 720 469 inicum
742 402 966 464 habebis
986 443 1002 468 ,
1030 412 1140 456 tum
1161 397 1266 461 die,
1300 394 1487 454 Absit,
1529 405 1592 444 ac
1623 388 1886 443 dictorum
1918 394 2101 436 recor-

524 508 656 559 dare
680 542 694 565 ,
726 509 781 555 et
800 498 959 552 vitam
987 503 1127 547 tuam
1156 503 1276 543 cum
1317 498 1505 552 magna
1534 480 1751 534 institue
1794 472 2063 541 diligentia
2086 508 2100 533 ,

522 611 593 651 ne
641 592 994 649 Sodomorum
1039 582 1177 636 mala
1226 592 1324 632 nos
1363 574 1666 642 excipiant,
1698 584 1766 623 ne
1793 561 2105 621 Gomorrlne

530 684 669 737 mala
697 681 990 750 patiamur,
1022 688 1090 727 ne
1118 670 1399 741 Tyriorum
1436 673 1491 718 et
1532 660 1870 718 Sidoniorum
1920 666 2106 724 poenas

524 774 754 835 demus;
803 771 910 823 imo
952 765 1128 836 potius
1172 778 1240 815 ne
1264 759 1533 814 Christum
1557 750 1891 807 offendamus
1918 786 1931 808 ,
1964 742 2103 813 quod

528 862 765 919 omnium
795 868 877 913 est
917 855 1285 926 gravissimum
1314 857 1367 902 et
1397 843 1869 900 terribilissimum.
1898 835 2032 889 Nam
2062 832 2105 883 si

529 952 712 1007 multis
731 950 972 1020 gehenna
1010 946 1219 998 videtur
1246 937 1499 993 terribilis
1523 948 1673 997 esse,
1716 945 1823 982 non
1858 928 2016 980 ﬁnem
2048 925 2124 973 Ia—

1262 282 1320 337 S.
1352 275 1630 336 JOANNIS
1664 261 2135 330 CHRYSOSTOMI
2190 260 2507 318 ARCHIEP.
2547 255 3088 316 CONSTANTINOP.

3687 246 3795 302 420

2208 379 2347 437 ciam
2375 376 2636 431 clamandi
2670 374 2770 426 hoc
2805 387 2924 425 esse
2952 369 3195 440 gehenna
3238 366 3453 437 gravius
3489 381 3555 421 ac
3576 367 3803 421 terribi-

2208 471 2331 525 lius.
2363 470 2430 523 Et
2466 482 2561 521 vos
2602 468 2670 519 ita
2702 465 2921 518 allectos
2951 478 3071 517 esse
3095 476 3225 530 rogo
3251 478 3264 513 :
3293 461 3372 516 sic
3397 461 3541 514 enim
3568 471 3625 513 et
3652 479 3681 511 a
3709 476 3805 527 ge-

2210 566 2382 616 henna
2413 557 2755 613 liberabimur
2774 597 2789 621 ,
2826 566 2879 608 et
2902 554 3099 608 Christi
3127 552 3297 621 gloria
3324 551 3567 605 lruemur
3596 570 3612 604 :
3637 568 3803 621 quam

2210 667 2310 705 nos
2335 664 2523 705 omnes
2550 648 2759 714 assequi
2790 647 3095 714 contingat,
3127 645 3295 713 gratia
3344 654 3399 698 et
3430 644 3805 698 misericordia

2212 741 2419 796 Domini
2458 739 2625 793 nostri
2661 736 2785 792 Jesu
2814 736 3050 801 Christi,
3080 736 3163 789 cui
3195 735 3362 805 gloria
3394 742 3450 788 et
3476 735 3768 805 imperium
3788 776 3806 800 ,

2210 835 2262 887 in
2292 832 2484 886 saecula
2512 830 2846 883 schnlorum.
2870 828 3060 879 Amen.

535 1040 2593 1097 ________________________________-

1519 1131 1868 1199 HOMILIA
1934 1119 2264 1187 XXXVII.
2311 1116 2397 1178 al.
2447 1114 2804 1175 XXXVIII.

529 1298 659 1352 Car.
690 1296 778 1351 11.
805 1311 858 1348 v.
886 1293 941 1345 7.
981 1289 1097 1343 Illis
1126 1297 1294 1340 autem
1322 1281 1644 1343 abeuntibus,
1676 1274 1823 1343 caapit
1850 1270 2000 1324 Jesus
2029 1265 2112 1317 di-

605 1404 714 1440 cere
754 1385 819 1437 ad
865 1383 1034 1436 turbas
1073 1381 1134 1432 de
1158 1376 1359 1430 Joanne
1381 1393 1397 1426 :
1431 1371 1567 1439 Quid
1597 1367 1765 1423 existis
1786 1366 1838 1417 in
1864 1363 2115 1415 desertum

602 1473 809 1528 videre?
850 1470 1149 1524 arundinem
1196 1483 1226 1517 a
1263 1473 1407 1517 vento
1446 1456 1731 1529 agitatam?
1777 1454 1828 1507 4.
1863 1450 1967 1505 Sed
1994 1444 2117 1512 quid

606 1566 779 1620 existis
826 1562 1036 1617 videre?
1078 1559 1331 1611 hominem
1379 1553 1614 1606 mollibus
1654 1547 1883 1601 vestitum
1918 1544 1941 1596 ?
1987 1540 2118 1594 Ecce

604 1658 691 1725 qui
744 1654 978 1707 mollibus
1029 1650 1323 1709 vestiuntur,
1378 1646 1429 1699 in
1479 1641 1708 1697 domibus
1754 1652 1927 1705 regum
1979 1641 2115 1685 sunt.

607 1722 665 1803 9.
696 1746 801 1801 Sed
822 1743 944 1815 quid
973 1742 1143 1795 existis
1172 1736 1381 1792 videre?
1410 1730 1754 1804 prophetam?
1780 1725 1974 1790 Etiam,
2007 1722 2120 1776 dico

608 1836 764 1899 vobis,
796 1844 841 1888 et
864 1834 978 1901 plus
1007 1846 1157 1901 quam
1188 1827 1507 1897 prophetam.

612 1931 662 1982 i.
686 1927 914 1980 Christus
930 1922 1179 1992 quomodo
1200 1920 1389 1988 famam
1409 1913 1625 1968 Joannis
1655 1909 1897 1979 Baptista:
1920 1904 2124 1957 adstru-

539 2020 669 2073 xerit
688 2029 733 2071 et
755 2011 1254 2087 defenderit—Qum
1271 2009 1336 2061 ad
1355 2005 1644 2075 discipulos
1668 2001 1888 2056 Joannis
1917 2005 2126 2065 specta-

546 2114 673 2167 bant
700 2118 842 2164 recte
864 2107 1104 2160 ordinata
1127 2111 1248 2156 sunt
1273 2118 1287 2166 ;
1309 2101 1490 2166 illique
1510 2097 1887 2151 discesserunt.
1905 2104 1935 2141 a
1961 2087 2125 2156 signis

542 2219 660 2273 quae
686 2200 863 2255 statim
895 2199 1029 2250 facta
1061 2208 1185 2248 sunt
1224 2189 1519 2246 continuati
1556 2204 1569 2239 :
1600 2182 1834 2239 restabat
1863 2180 2079 2233 demum
2105 2214 2122 2242 ,

546 2302 605 2347 ut
635 2308 753 2362 quae
781 2290 846 2344 ad
879 2287 1055 2357 populi
1082 2285 1386 2354 Opinionem
1419 2278 1754 2349 pertinebant
1781 2277 2120 2326 curarentur.

548 2386 627 2440 Illi
651 2384 844 2453 quippe
869 2381 937 2433 de
965 2377 1221 2447 magistro
1250 2388 1347 2427 suo
1374 2370 1502 2425 nihil
1533 2381 1690 2434 supra
1730 2364 1991 2418 dictorum
2032 2373 2125 2411 su-

546 2447 921 2543 spicabantur;
955 2466 1103 2521 turba
1130 2479 1255 2519 vero
1287 2462 1483 2532 populi,
1513 2473 1578 2513 ex
1611 2453 2022 2521 interrogatione
2050 2447 2129 2501 di-

554 2565 879 2634 scipulorum
924 2558 1180 2621 Joannis,
1211 2554 1438 2610 absurda
1489 2550 1651 2605 multa
1694 2547 1959 2615 suspicata
2010 2550 2126 2605 est,

549 2633 691 2726 quod
744 2652 973 2706 nesciret
1021 2662 1122 2717 qua
1175 2653 1355 2700 mente
1401 2642 1490 2695 ille
1535 2636 1824 2706 discipulos
1855 2633 2127 2688 misisset:

549 2743 944 2811 verisimileque
973 2748 1056 2793 est
1094 2737 1215 2791 illos
1241 2735 1319 2789 sic
1347 2733 1483 2786 intra
1514 2745 1572 2784 se
1598 2726 1940 2782 ratiocinatos
1966 2734 2087 2775 esse
2114 2735 2127 2772 :

550 2839 653 2906 Qui
698 2844 777 2890 tot
825 2842 1075 2900 tantaque
1105 2826 1415 2883 testiﬁcatus
1440 2832 1574 2885 erat,
1602 2833 1745 2873 nunc
1772 2824 2005 2870 mutatus
2030 2812 2132 2865 du-

553 2901 704 2990 bitat,
730 2939 855 2979 num
887 2922 993 2986 hic,
1027 2935 1150 2973 num
1180 2918 1312 2971 alius
1343 2923 1600 2968 venturus
1626 2910 1725 2963 sit?
1749 2906 1882 2960 Num
1910 2904 1997 2974 qni
2020 2901 2133 2955 hate

552 3020 682 3073 dicit
709 3013 925 3070 dissidia
947 3028 1068 3067 cum
1103 3009 1227 3064 Jesu
1256 3003 1471 3061 movet?
1499 3017 1624 3056 num
1655 2997 1887 3053 timidior
1915 3011 1978 3049 ex
2010 3008 2131 3046 car-

553 3122 677 3163 cere
708 3104 911 3159 factus?
942 3116 1068 3156 num
1098 3112 1296 3154 temere
1322 3096 1502 3165 priora
1531 3089 1779 3145 dixerat?
1809 3086 1941 3153 Quia
1972 3084 2132 3153 igitur

557 3198 850 3255 verisimile
871 3203 981 3250 erat
1011 3195 1153 3262 ipsos
1177 3190 1297 3243 talia
1337 3186 1503 3242 multa
1530 3181 1784 3250 suspicari
1811 3220 1825 3243 ,
1855 3177 1974 3231 vide
1998 3189 2132 3243 quo-

556 3290 717 3346 modo
759 3288 970 3341 illorum
1017 3281 1378 3337 inﬁrmitatem
1409 3274 1661 3343 corrigat,
1694 3279 1749 3323 et
1772 3268 1867 3322 has
1892 3272 2136 3320 amoveat

556 3377 911 3447 suspiciones.
956 3370 1202 3425 Euntibus
1249 3368 1380 3421 enim
1425 3364 1558 3427 illis,
1592 3360 1738 3431 cwpit
1764 3358 1927 3411 dicere
1956 3353 2133 3409 turbis.

556 3445 667 3522 Cur
695 3464 942 3520 Euntibus
972 3461 1116 3516 illis?
1142 3460 1218 3514 Ne
1245 3456 1516 3511 videretur
1550 3451 1753 3507 adulari
1778 3448 1971 3501 virum.
2002 3445 2135 3498 Dum

557 3566 734 3613 autem
766 3555 944 3625 populi
974 3553 1280 3623 opinionem
1310 3544 1577 3609 emendat,
1607 3542 1749 3595 illius
1775 3537 2135 3607 suspicionem

558 3665 664 3704 non
692 3647 907 3703 adducit
938 3646 990 3698 in
1019 3642 1273 3701 medium,
1296 3637 1390 3692 sed
1415 3634 1731 3689 solutionem
1756 3638 1957 3683 tantum
1985 3625 2139 3678 aﬂ‘ert

558 3738 981 3797 ratiociniorum,
1007 3748 1125 3802 qua:
1147 3731 1355 3784 illorum
1375 3734 1606 3780 mentem
1630 3720 1932 3781 turbabant,
1961 3725 2142 3770 osten-

561 3832 696 3885 dens
744 3843 802 3882 se
847 3826 1084 3881 omnium
1134 3830 1342 3876 secreta
1391 3829 1737 3883 cognoscere.
1786 3810 1969 3879 Neque
1996 3809 2138 3862 enim

559 3921 687 3974 dicit
704 3919 842 3972 sicut
860 3913 1059 3971 Judteis
1074 3910 1285 3966 dicebat
1311 3926 1324 3962 :
1357 3906 1494 3974 Quid
1514 3903 1741 3973 cogitatis
1765 3900 1900 3953 mala
1925 3898 2137 3965 (Matth.

560 4011 613 4065 9.
644 4009 699 4078 4)
725 4008 747 4061 ?
792 4004 1012 4061 Etiamsi
1048 4003 1190 4056 enim
1236 3998 1558 4069 cogitarent,
1590 4010 1694 4047 non
1723 4008 1786 4046 ex
1815 3989 2142 4058 malignitate

560 4098 893 4170 cogitabant,
928 4094 1021 4149 sed
1053 4091 1192 4161 quod
1224 4106 1285 4145 ea
1316 4103 1434 4158 qum
1473 4084 1786 4140 dicebantur
1814 4082 2140 4151 ignorarent.

565 4190 690 4245 Ideo
711 4204 814 4243 non
848 4187 1042 4240 acriter
1066 4182 1354 4252 alloquitur
1380 4178 1520 4242 illos,
1551 4175 1644 4230 sed
1673 4175 1883 4227 illorum
1909 4179 2141 4226 mentem

565 4290 769 4338 tantum
810 4279 1065 4347 corrigit,
1114 4274 1486 4340 Joannemque
1528 4266 1801 4329 defendit,
1852 4263 2146 4333 probatque

564 4373 711 4427 illum
740 4387 843 4424 non
879 4385 907 4421 a
934 4370 1113 4437 priore
1136 4363 1399 4419 sententia
1425 4358 1731 4420 deﬂexisse,
1764 4370 1861 4408 nec
1888 4361 2145 4407 mutatum

566 4462 749 4515 fuisse.
782 4458 964 4528 Neque
989 4456 1131 4511 enim
1158 4463 1261 4517 est,
1292 4450 1483 4519 inquit,
1512 4448 1672 4501 homo
1696 4445 1828 4499 levis
1870 4444 1953 4497 vel
1996 4443 2145 4496 volu-

570 4551 713 4612 bilis,
759 4550 851 4603 sed
892 4549 1094 4607 lirmus,
1129 4552 1416 4604 constans;
1446 4553 1545 4592 nec
1574 4537 1713 4601 talis,
1741 4537 1829 4604 qui
1864 4532 2055 4604 prodat
2085 4547 2146 4585 ea

566 4656 687 4711 qua!
714 4639 814 4693 sibi
844 4635 1149 4691 concredita
1183 4640 1325 4687 sunt.
1363 4630 1483 4684 ιιως
1510 4635 1685 4682 autem
1718 4627 1787 4679 ita
1828 4625 2147 4687 concinnat,

568 4742 624 4785 ut
674 4747 779 4786 non
825 4730 1001 4784 statim
1051 4743 1116 4782 ex
1168 4723 1379 4795 propria
1410 4721 1696 4781 sententia,
1727 4716 1819 4772 sed
1847 4734 1911 4771 ex
1939 4718 2149 4770 illorum

571 4822 874 4875 testimonio
902 4818 1155 4889 procedat
1182 4834 1194 4869 :
1222 4830 1327 4869 nou
1356 4829 1421 4867 ex
1451 4810 1609 4866 dictis
1636 4818 1838 4863 tantum
1877 4808 2110 4876 ipsorum
2134 4846 2149 4869 ,

571 4910 667 4965 sed
698 4919 751 4965 et
777 4926 843 4964 ex
877 4909 1129 4978 operibus
1157 4903 1446 4959 ostendens
1475 4902 1620 4971 ipsos
1645 4900 1763 4967 ejus
1800 4898 2153 4952 constantiam

574 5002 888 5057 testiﬁcatus
904 5016 1041 5055 esse.
1073 5000 1362 5070 Propterea
1383 4995 1533 5060 dicit,
1561 4993 1696 5060 Quid
1719 4994 1892 5047 existis
1914 4992 1967 5044 in
1995 4991 2156 5044 deser-

578 5105 682 5145 tum
707 5092 916 5145 videre?
945 5106 1006 5144 ac
1036 5090 1081 5144 si
1108 5090 1348 5153 diceret,
1379 5088 1489 5142 Cur
1514 5085 1715 5140 relictis
1744 5083 1995 5146 urbibus,
2027 5081 2156 5136 atdi-

578 5185 806 5253 busque,
835 5183 885 5235 in
913 5182 1183 5236 desertum
1209 5179 1534 5234 convenistis
1562 5175 1787 5229 omnes?
1827 5183 1884 5228 ut
1907 5175 2158 5228 miserum

579 5275 864 5346 quemdam
892 5258 946 5328 et
970 5274 1137 5327 levem
1164 5272 1431 5326 hominem
1458 5270 1709 5324 videretis
1729 5270 1751 5320 ?
1770 5266 1873 5322 Sed
1899 5266 1949 5320 id
1976 5274 2160 5321 contra

581 5373 779 5423 rectam
811 5364 1072 5419 rationem
1115 5373 1277 5417 esset.
1326 5362 1505 5430 Neque
1536 5360 1676 5414 enim
1717 5359 1787 5413 ita
1826 5358 2063 5428 arguitur
2098 5372 2162 5409 ex

581 5462 671 5519 ilio
695 5470 843 5516 tanto
896 5454 1073 5509 studio
1096 5495 1111 5519 ,
1155 5466 1259 5522 quo
1304 5451 1356 5505 in
1384 5451 1656 5506 desertum
1679 5449 1985 5503 accurristis
2023 5464 2034 5498 :
2067 5462 2165 5501 nec

584 5563 763 5608 tantus
788 5547 1016 5621 populus
1037 5587 1051 5610 ,
1082 5552 1159 5598 tot
1186 5542 1428 5597 civitates
1465 5556 1584 5595 cum
1616 5548 1768 5594 tanto
1794 5539 1972 5594 studio
1994 5534 2045 5590 in
2071 5537 2163 5590 de-

583 5652 785 5697 scrtum
811 5648 867 5695 et
897 5638 964 5693 ad
991 5636 1279 5693 Jordancm
1310 5632 1516 5688 diﬁuszc
1537 5638 1718 5686 essent
1737 5669 1754 5697 ,
1793 5630 1893 5685 nisi
1922 5641 2171 5699 magnum

2224 1258 2537 1329 quemdam,
2583 1258 2953 1313 admirandum
2992 1269 3045 1313 et
3090 1261 3578 1313 constantiSslnium
3631 1261 3808 1311 virum

2221 1367 2318 1405 vos
2347 1351 2554 1405 visuros
2584 1350 2920 1427 sperassctis.
2951 1350 3132 1420 Neque
3160 1351 3301 1405 enim
3336 1350 3599 1403 calauumt
3621 1352 3811 1404 existis

2225 1444 2396 1496 visum
2423 1483 2437 1505 ,
2470 1458 2498 1494 a
2527 1452 2684 1495 vento
2721 1443 3005 1509 agitatum;
3046 1457 3165 1495 nam
3216 1442 3361 1495 leves
3389 1440 3636 1494 homines
3657 1480 3671 1503 ,
3718 1440 3811 1507 qui

2225 1533 2328 1586 huc
2355 1534 2477 1586 illuc
2518 1531 2967 1586 circumferuntur
2991 1573 3004 1595 ,
3038 1542 3092 1584 et
3120 1531 3279 1584 modo
3324 1530 3471 1590 hmc,
3517 1531 3678 1582 modo
3720 1531 3810 1582 illa

2226 1622 2431 1687 dicunt,
2483 1624 2533 1676 iu
2583 1622 2831 1691 nullaque
2880 1637 2935 1675 re
2978 1622 3300 1686 consisnmt,
3331 1622 3537 1674 calamo
3566 1630 3691 1673 sunt
3731 1621 3814 1673 si-

2226 1714 2399 1768 miles.
2431 1714 2508 1767 Ac
2536 1711 2801 1781 perpende
2834 1711 3102 1781 quomodo
3131 1712 3277 1765 omni
3320 1710 3537 1765 dimissa
3583 1711 3813 1771 malitia,

2226 1804 2294 1858 de
2325 1802 2425 1857 hac
2451 1802 2561 1857 sola
2592 1816 2733 1855 nunc
2752 1810 2892 1871 agat,
2911 1817 3031 1870 qua:
3082 1803 3229 1872 ipsos
3260 1800 3524 1864 subierat,
3577 1800 3814 1853 levitatis

2228 1893 2532 1961 suspicione
2552 1933 2566 1956 ,
2598 1908 2755 1962 quam
2784 1906 3033 1944 amovere
3061 1901 3303 1944 conatur.
3340 1890 3444 1943 Sed
3483 1890 3607 1957 quid
3644 1891 3817 1941 existis

2229 1986 2434 2038 videre?
2464 1984 2712 2037 hominem
2738 1984 2969 2036 mollibus
2999 1984 3224 2035 vestitum
3245 1984 3272 2035 .9
3302 1982 3430 2035 Ecce
3466 1985 3551 2050 qui
3580 1983 3819 2034 mollibus

2231 2078 2505 2129 vestiuntur
2528 2116 2542 2139 ,
2591 2076 2638 2127 in
2666 2074 2894 2127 domibus
2939 2090 3111 2142 regum
3135 2082 3271 2126 sunt.
3302 2072 3453 2138 Quod
3483 2088 3613 2126 vero
3643 2073 3773 2125 dicit
3799 2114 3815 2137 ,

2231 2176 2314 2221 cst
2343 2165 2644 2233 bujusmodi
2678 2182 2691 2217 :
2722 2168 2761 2217 A
2787 2165 2964 2232 seipse
2987 2165 3072 2218 ille
3101 2179 3205 2217 non
3240 2165 3489 2218 volubilis
3509 2175 3591 2216 est
3616 2182 3629 2215 :
3656 2164 3820 2232 idque

2232 2271 2328 2309 vos
2368 2256 2681 2309 declarastis
2723 2270 2787 2309 ex
2834 2265 3013 2308 vestro
3041 2269 3165 2322 erga
3212 2254 3358 2308 illum
3402 2255 3601 2308 studio.
3633 2253 3822 2323 Neque

2233 2345 2359 2400 illud
2382 2346 2485 2399 dici
2506 2346 2691 2413 possit,
2717 2346 2862 2399 illum
2881 2346 3004 2397 olim
3029 2355 3359 2398 constantem
3380 2348 3607 2413 primum
3632 2345 3820 2408 fuisse,

2232 2434 2329 2490 sed
2375 2451 2437 2488 ex
2486 2435 2691 2488 deliciis
2740 2443 2924 2502 postea
2974 2436 3187 2489 mollem
3234 2434 3479 2487 effectum
3512 2448 3651 2488 esse.
3683 2433 3824 2487 Nam

2233 2526 2375 2596 apud
2405 2524 2649 2578 homines
2673 2524 2885 2594 quidam
2918 2525 2994 2579 sic
3019 2533 3328 2587 nascuntur,
3358 2525 3446 2578 alii
3480 2526 3611 2578 tales
3634 2535 3828 2593 postea

2236 2617 2369 2670 ﬁunt
2393 2633 2407 2669 :
2440 2615 2672 2683 exempli
2700 2628 2880 2679 causa,
2903 2615 3038 2668 alius
3067 2623 3253 2668 natura
3282 2629 3375 2668 sua
3407 2615 3693 2668 iracundus
3715 2626 3827 2679 est,

2235 2708 2372 2761 alius
2416 2722 2481 2761 ex
2534 2706 2688 2775 longa
2733 2706 3047 2775 mgritndiue
3094 2707 3146 2759 in
3192 2707 3331 2760 hunc
3378 2708 3541 2759 animi
3571 2706 3830 2761 morbum

2237 2798 2442 2855 incidit.
2467 2799 2553 2852 Sic
2580 2799 2667 2852 alii
2696 2799 3063 2854 inconstantes
3089 2809 3142 2853 et
3166 2799 3308 2853 leves
3338 2810 3527 2853 natura
3552 2815 3651 2853 sua
3675 2811 3829 2863 sunt,

2236 2890 2324 2942 alii
2364 2889 2505 2956 quod
2544 2888 2748 2942 deliciis
2786 2897 2840 2943 et
2879 2889 3135 2958 voluptati
3163 2889 3504 2951 indulserint,
3539 2890 3675 2943 tales
3700 2897 3834 2943 sunt

2236 2980 2429 3036 etfccti.
2456 2983 2524 3034 At
2548 2980 2801 3043 Joannes,
2833 2981 3023 3049 inquit,
3054 2996 3160 3034 non
3195 2992 3382 3034 natura
3411 2983 3531 3034 talis
3568 2991 3655 3035 est
3678 2968 3698 3035 ⁷;
3736 2998 3835 3036 ue-

2240 3086 2346 3140 que
2387 3071 2529 3124 enim
2571 3070 2832 3123 calamum
2882 3070 3067 3124 existis
3097 3070 3299 3134 videre,
3340 3087 3514 3139 neque
3562 3072 3835 3141 voluptati

2237 3160 2449 3214 deditus
2479 3176 2595 3213 eam
2625 3175 2782 3226 quam
2814 3158 3416 3214 liabebatanimidotem
3439 3162 3643 3215 amisit.
3671 3163 3834 3227 Quod

2239 3251 2381 3304 enim
2407 3249 2661 3318 voluptati
2694 3264 2801 3302 non
2827 3249 3046 3310 serviat,
3080 3249 3131 3302 id
3158 3260 3387 3318 arguunt
3412 3250 3641 3304 vestitus
3666 3251 3791 3320 ejus
3817 3293 3832 3315 ,

2240 3341 2509 3396 desertum
2534 3382 2549 3405 ,
2577 3356 2784 3396 carcer.
2812 3340 2944 3395 Nam
2971 3340 3015 3394 si
3042 3342 3292 3396 mollibus
3319 3344 3503 3396 vestiri
3527 3344 3833 3409 voluisset,

2243 3448 2345 3485 non
2374 3433 2639 3485 desertum
2670 3431 2923 3485 coluisset
2947 3472 2963 3496 ,
2994 3446 3097 3485 non
3135 3446 3402 3486 carcerem
3429 3474 3443 3498 ,
3477 3434 3572 3487 sed
3604 3436 3832 3503 regiam.

2240 3522 2455 3577 Lieebat
2484 3521 2625 3576 enim
2654 3520 2728 3574 illi
2754 3562 2768 3585 ,
2799 3521 2844 3575 si
2877 3522 3166 3585 tacuisset,
3197 3521 3394 3590 ingenti
3444 3523 3542 3575 frui
3600 3523 3835 3582 huncne.

2242 3612 2451 3666 Etenim
2501 3626 2660 3680 quem
2708 3609 2946 3665 Herodes
2976 3610 3060 3665 vel
3091 3614 3495 3680 redargueritetn
3539 3628 3603 3667 se
3632 3625 3690 3667 et
3719 3615 3837 3668 \iu-

2244 3713 2389 3758 ctum
2408 3705 2481 3756 ita
2514 3704 3039 3767 reverebatui-,cei-te
3063 3702 3108 3756 si
3136 3703 3391 3755 tacuisset
3423 3712 3540 3755 erat
3561 3702 3828 3756 adulatuc

2244 3809 2359 3848 rus.
2392 3794 2526 3847 Cum
2567 3810 2697 3863 ergo
2730 3796 2897 3864 gestis
2929 3795 3043 3848 suis
3067 3792 3341 3847 ﬁrmitatis
3384 3794 3830 3862 constantiaque

2244 3902 2354 3939 suae
2382 3884 2803 3953 experimentum
2840 3882 3042 3937 dederit
3062 3924 3077 3950 ,
3109 3882 3375 3952 quomodo
3403 3883 3456 3936 in
3491 3885 3633 3937 tales
3659 3885 3843 3953 suspi-

2244 3978 2426 4032 ciones
2446 3978 2567 4046 jure
2596 3976 2792 4030 cadat?
3676 4028 3683 4035 _

2316 4067 2370 4119 2.
2394 4066 2618 4120 Joannes
2641 4065 2869 4135 Baptista
2893 4064 3005 4135 plus
3024 4080 3173 4134 quam
3197 4064 3440 4134 propheta
3463 4081 3494 4115 a
3510 4062 3729 4119 Christo
3750 4084 3848 4137 ap—

2248 4159 2484 4229 pellatus,
2501 4160 2553 4211 in
2573 4176 2672 4228 quo
2692 4158 2882 4211 ueteris
2905 4166 3102 4225 praestet
3128 4158 3403 4225 prophetis.
3420 4155 3665 4212 Christus
3691 4176 3851 4227 neque

2248 4269 2363 4306 cum
2392 4251 2594 4305 Joanne
2635 4266 2792 4319 neque
2838 4266 2953 4301 cum
2976 4249 3078 4302 alio
3112 4248 3313 4301 homine
3340 4252 3639 4316 comparari
3661 4262 3846 4321 potest.

2247 4373 2321 4384 —
2345 4343 2629 4410 Postquam
2651 4356 2779 4410 ergo
2800 4349 2854 4394 et
2877 4356 2906 4392 a
2940 4340 3057 4393 loco
3076 4380 3090 4402 ,
3120 4351 3169 4395 et
3203 4356 3231 4392 a
3262 4341 3502 4395 vestibus
3524 4382 3539 4406 ,
3570 4352 3628 4395 et
3655 4358 3685 4394 a
3714 4358 3847 4396 eon-

2251 4449 2418 4491 cursu
2460 4435 2643 4505 populi
2689 4449 2867 4487 mores
2906 4434 3024 4501 ejus
3055 4432 3366 4502 descripsit,
3406 4431 3633 4486 induxit
3666 4440 3851 4501 postea

2255 4527 2594 4596 prophetam.
2621 4526 2758 4579 Cum
2789 4525 3020 4578 dixisset
3041 4524 3208 4589 enim,
3235 4524 3378 4590 Quid
3407 4523 3603 4577 existis
3638 4520 3850 4575 ridere?

2258 4612 2783 4684 Prophetam?Etiam
2806 4612 2917 4664 dico
2941 4611 3096 4675 vobis,
3120 4620 3165 4662 et
3192 4612 3306 4679 plus
3330 4626 3481 4678 quam
3506 4613 3847 4679 prophetam:

2255 4707 2402 4761 addit
2432 4724 2443 4758 :
2478 4706 2565 4760 ‘lO.
2612 4704 2710 4757 llic
2739 4713 2808 4757 est
2837 4706 2966 4756 enim
2991 4743 3006 4766 ,
3050 4704 3112 4755 de
3148 4719 3247 4772 quo
3291 4704 3539 4772 scriptam
3567 4714 3645 4758 est
3674 4718 3694 4757 :
3727 4705 3845 4757 Ecce

2257 4800 2397 4853 mitto
2425 4799 2657 4868 angelum
2683 4812 2846 4849 meum
2871 4805 2986 4847 ante
3014 4795 3195 4865 [aciem
3222 4804 3357 4847 tuum
3381 4835 3396 4858 ,
3422 4796 3511 4864 qui
3540 4797 3844 4864 pramercati:

2259 4891 2390 4943 viam
2411 4898 2547 4940 tuam
2563 4897 2680 4939 ante
2704 4894 2750 4937 te
2770 4883 3023 4950 (Malach.
3046 4885 3098 4938 3.
3120 4886 3193 4955 t).
3218 4882 3349 4937 Cum
3370 4886 3517 4953 prius
3536 4884 3842 4939 Judznornm

2263 4978 2624 5036 testiinonium
2647 4977 2980 5041 adduxisset,
3008 4985 3131 5030 tunc
3155 4975 3465 5045 prophetam
3488 4977 3669 5031 affert.
3694 4977 3841 5044 Quin-

2263 5073 2369 5127 imo
2394 5070 2672 5127 Judaicum
2702 5068 2964 5123 calculum
2993 5067 3161 5135 primo
3193 5066 3355 5135 ponit,
3385 5068 3525 5136 quod
3560 5070 3841 5122 maximum

2264 5176 2347 5221 est
2386 5172 2791 5234 argumentum,
2837 5160 3050 5229 quando
3090 5160 3426 5213 inimicorum
3484 5162 3840 5214 testimonium

2267 5258 2483 5313 aﬁ'ertur
2510 5274 2523 5310 :
2570 5254 2803 5309 secundo
2827 5295 2840 5316 ,
2882 5252 3103 5307 Joannis
3135 5254 3330 5318 vitam;
3362 5254 3520 5307 tertio
3540 5296 3554 5317 ,
3600 5256 3842 5324 judicium

2268 5367 2453 5413 suum;
2504 5358 2717 5420 quarto,
2788 5346 3143 5415 prophetam,
3193 5345 3425 5415 undique
3486 5347 3706 5402 illorum
3767 5360 3844 5400 ora

2270 5441 2542 5496 claudens.
2574 5438 2776 5493 Deinde
2800 5452 2865 5491 nc
2885 5436 3123 5491 dicerent
3153 5452 3168 5489 :
3198 5436 3332 5504 Quid
3356 5452 3487 5507 ergo
3517 5439 3565 5492 si
3597 5440 3721 5493 talis
3744 5453 3846 5491 cum

2272 5542 2417 5588 esset
2451 5532 2559 5601 jam
2590 5537 2826 5584 mutatus
2861 5527 2961 5582 sit?
2990 5535 3182 5580 caetera
3232 5525 3471 5596 adjecit,
3498 5531 3811 5583 vestimenta
3834 5567 3853 5585 .

2277 5639 2569 5692 carcerem,
2590 5632 2644 5677 et
2669 5630 2848 5694 postea
2875 5616 3229 5690 prophetiam.
3245 5618 3439 5673 Postea
3472 5633 3606 5675 vero
3631 5634 3751 5676 cum
3778 5616 3854 5670 di-
