4042 6218
287 321 375 377 I2!
1157 315 1225 370 IN
1262 313 1668 372 MATTH/EUM
1710 307 1940 366 IIOMIL.
1974 305 2234 366 XXXVII.
2276 315 2344 367 al.
2389 312 2672 367 XXXVIII.

288 435 441 490 xisset
464 431 608 487 illum
634 430 889 502 prophem
917 430 1171 500 majorem
1197 445 1318 486 esse
1336 473 1351 499 ,
1380 430 1613 485 ostendit
1649 431 1700 484 in
1747 444 1852 499 quo

285 524 347 578 sit
390 522 580 592 major.
632 521 688 575 In
740 535 846 590 quo
882 534 1009 590 ergo
1053 521 1224 590 major
1250 530 1330 576 est
1355 521 1378 573 ?
1405 519 1558 586 Quod
1588 519 1659 574 sit
1689 531 1855 588 prope

283 629 395 668 eum
438 613 525 683 qui
569 611 801 667 advenit.
855 610 987 664 Nam
1033 611 1106 664 ait
1140 627 1152 661 :
1185 609 1387 663 Mittam
1425 611 1661 679 angelum
1691 625 1854 661 meum

284 714 390 758 ante
433 705 630 774 faciem
655 712 834 766 tuam;
863 702 912 756 id
944 711 1063 767 est,
1095 717 1260 772 prope
1297 710 1368 757 te.
1396 701 1854 769 Quemadmodum

283 799 413 853 enim
457 795 595 865 apud
634 809 820 864 reges,
853 795 940 862 qui
972 808 1136 863 prope
1165 808 1380 848 currum
1422 794 1702 858 incedunt,
1736 793 1853 847 aliis
1894 863 1896 865 g

281 892 527 959 dignitate
567 893 798 962 majores
828 901 952 948 sunt
982 910 994 943 :
1027 893 1104 948 sic
1132 892 1365 947 Joannes
1392 906 1558 961 prope
1583 888 1850 943 Christum

280 981 637 1037 advenientem
680 982 928 1037 incedere
973 983 1231 1036 cernitur.
1257 981 1392 1036 Vide
1422 979 1688 1050 quomodo
1731 978 1854 1033 hinc

282 1070 386 1138 ejus
417 1071 790 1126 excellentiam
815 1071 1080 1135 declarat;
1111 1085 1282 1140 neque
1311 1071 1398 1124 hic
1427 1069 1646 1140 gradum
1676 1067 1814 1122 sistit
1833 1107 1849 1128 ,

280 1161 366 1214 sed
396 1177 545 1214 suam
575 1171 759 1230 postea
788 1161 939 1214 cll‘ert
971 1162 1287 1215 sententiam
1325 1160 1508 1214 dicens
1536 1177 1548 1213 :
1579 1160 1664 1212 II.
1695 1157 1854 1212 Amen

281 1253 384 1305 dico
429 1253 565 1306 vobis
591 1294 603 1316 ,
656 1270 756 1307 non
795 1254 1010 1307 surrexit
1050 1254 1180 1307 inter
1222 1261 1366 1306 natos
1392 1252 1659 1306 mulierum
1691 1253 1855 1320 major

277 1345 472 1399 Joanne
499 1345 749 1416 Baptista.
779 1345 835 1400 Id
856 1355 957 1411 est,
987 1359 1091 1399 non
1120 1345 1326 1416 peperit
1353 1344 1542 1398 mulier
1571 1343 1660 1397 illo
1690 1342 1855 1410 majo-

280 1451 408 1490 rem.
441 1435 647 1492 Sullicit
671 1435 786 1490 haec
824 1436 1114 1500 sententia;
1150 1435 1249 1490 sed
1280 1434 1324 1488 si
1347 1435 1425 1488 vis
1454 1448 1518 1488 ex
1546 1433 1703 1487 rebus
1725 1432 1854 1500 ipsis

279 1528 511 1584 ediscere
533 1570 547 1593 ,
592 1527 869 1583 considera
900 1527 1039 1581 illius
1069 1541 1304 1582 mensam
1327 1567 1342 1590 ,
1382 1527 1579 1580 victum
1604 1565 1620 1590 ,
1662 1523 1854 1579 mentis

278 1619 674 1673 sublimitatem.
705 1618 836 1672 Nam
865 1618 944 1672 sic
969 1616 1201 1682 vivebat,
1231 1631 1293 1671 ac
1318 1617 1362 1670 si
1394 1617 1446 1670 in
1475 1615 1606 1671 caelo
1633 1614 1850 1677 fuisset,

278 1719 430 1778 atque
459 1709 788 1762 naturalibus
814 1707 1058 1776 superior
1083 1706 1487 1760 necessitatibus
1507 1747 1522 1770 ,
1553 1703 1851 1758 mirabilem

279 1800 553 1868 quamdam
605 1800 858 1871 carpebat
899 1801 1036 1853 viam
1062 1841 1077 1864 ,
1125 1799 1176 1852 in
1207 1798 1418 1869 hymnis
1446 1806 1500 1852 et
1524 1795 1854 1852 orationibus

280 1900 439 1945 totum
478 1901 686 1962 tempus
729 1890 1025 1960 transigens
1053 1931 1068 1956 ,
1100 1904 1220 1943 cum
1260 1889 1559 1942 mortalium
1601 1889 1848 1953 nemine,

277 1982 366 2036 sed
391 1997 508 2039 cum
540 1983 656 2037 solo
679 1983 788 2038 Deo
807 1980 1066 2049 colloquia
1089 1979 1337 2033 miscens.
1363 1977 1634 2032 Neminem
1658 1977 1853 2046 quippe

277 2089 646 2132 conservorum
666 2081 903 2137 noverat,
922 2085 1025 2125 non
1039 2084 1096 2126 se
1111 2069 1540 2139 conspiciendum
1559 2067 1849 2139 prmbebat,

279 2181 378 2219 non
406 2165 540 2218 lacte
569 2163 843 2229 alebatur,
877 2176 983 2216 non
1013 2161 1151 2216 lecto
1171 2203 1186 2227 ,
1218 2176 1323 2214 non
1355 2168 1495 2214 tecto
1515 2201 1530 2225 ,
1564 2174 1668 2213 non
1705 2158 1848 2220 loro,

278 2271 377 2312 non
423 2255 525 2308 alia
572 2254 818 2324 quapiam
865 2251 1096 2306 humana
1137 2265 1196 2305 re
1232 2249 1536 2312 fruebatur;
1577 2253 1633 2302 et
1673 2255 1848 2300 tamen

276 2359 581 2401 mansuetus
618 2353 733 2400 erat
776 2343 934 2398 simul
973 2351 1131 2412 atque
1169 2341 1477 2396 vehemens.
1517 2337 1657 2393 Audi
1695 2337 1853 2408 igitur

273 2455 390 2494 cum
430 2445 627 2508 quanta
659 2436 1023 2491 moderatione
1065 2433 1352 2502 discipulos
1380 2432 1700 2501 alloquatur,
1729 2443 1849 2483 cum

273 2539 460 2598 quanta
487 2529 535 2582 vi
565 2527 797 2591 Judaios,
829 2541 947 2581 cum
975 2533 1171 2595 quanta
1201 2523 1444 2578 libertate
1470 2535 1672 2590 regem.
1697 2519 1849 2574 Ideo-

271 2635 371 2689 que
395 2619 603 2674 dicebat
632 2618 877 2672 Christus
895 2658 910 2682 ,
941 2616 1062 2669 Non
1089 2615 1306 2671 surrexit
1344 2615 1472 2668 inter
1495 2621 1638 2666 natos
1666 2611 1844 2664 mulie-

272 2717 380 2764 rum
423 2709 587 2779 major
607 2707 808 2762 Joanne
827 2706 1078 2778 Baptista.
1111 2706 1214 2762 Sed
1242 2721 1309 2760 ne
1337 2704 1552 2760 laudum
1586 2703 1846 2772 magnitu-

271 2805 340 2859 do
365 2802 560 2872 aliquid
594 2800 791 2856 erroris
821 2809 1065 2870 pareret,
1096 2813 1230 2854 neve
1258 2797 1425 2852 Judaei
1465 2797 1612 2851 illum
1639 2794 1850 2850 Christo

271 2894 615 2964 przrl‘errent,
665 2893 784 2947 vide
824 2891 1090 2962 quomodo
1135 2891 1238 2945 hoc
1283 2888 1670 2944 accommodet.
1717 2887 1846 2940 Nam

271 2988 407 3043 sicut
433 3001 495 3040 ex
537 2985 728 3055 quibus
755 2983 999 3053 discipuli
1030 2982 1409 3047 ﬁrmabantur,
1461 2980 1630 3036 turba:
1679 2978 1847 3034 detri-

271 3085 506 3131 mentum
534 3073 898 3143 accipiebant,
928 3072 1098 3127 levem
1125 3070 1276 3126 illum
1313 3084 1434 3125 esse
1464 3077 1709 3139 putantes
1735 3085 1747 3120 :
1771 3068 1850 3122 sic

269 3181 334 3221 ex
359 3166 548 3235 quibus
577 3163 744 3220 turbze
765 3162 1202 3229 emendabantur,
1224 3161 1396 3230 majus
1416 3160 1668 3214 damnum
1698 3173 1850 3212 acce-

267 3256 448 3321 debat,
478 3271 598 3311 cum
618 3270 683 3310 ex
710 3254 865 3309 dictis
893 3253 1148 3322 majorem
1170 3253 1236 3308 de
1260 3253 1352 3307 illo
1373 3267 1530 3322 quam
1551 3251 1618 3306 de
1635 3249 1851 3305 Christo

266 3349 550 3408 sumebant
587 3347 912 3418 opinionem.
947 3345 1074 3400 Illud
1106 3360 1234 3414 ergo
1260 3386 1276 3413 ,
1315 3345 1512 3398 nullam
1542 3342 1850 3411 relinquens

266 3440 644 3511 suspicionem,
698 3436 914 3506 corrigit
954 3436 1038 3490 his
1091 3436 1265 3491 verbis
1307 3452 1323 3491 :
1370 3435 1470 3502 Qui
1494 3442 1661 3488 autem
1686 3433 1851 3485 minor

267 3543 340 3586 est
365 3533 418 3586 in
441 3546 598 3601 regno
623 3530 880 3592 caelorum,
906 3530 1070 3599 major
1088 3538 1160 3583 est
1186 3528 1297 3582 illo.
1333 3525 1522 3590 Minor,
1556 3523 1848 3580 secundum

265 3633 517 3690 a-tatem,
563 3631 618 3678 et
659 3621 949 3678 secundum
994 3621 1279 3675 multorum
1327 3619 1631 3688 opinionem
1669 3633 1683 3670 :
1727 3630 1849 3671 nam

265 3717 511 3772 dicebant
568 3716 742 3784 ipsum
796 3712 1014 3768 edacem
1082 3725 1200 3766 esse
1248 3720 1303 3766 et
1375 3710 1484 3764 vini
1552 3719 1848 3778 potatorem

269 3806 485 3878 (Matth.
507 3805 565 3859 11
579 3845 592 3858 .
611 3805 721 3871 19);
736 3814 811 3869 et,
832 3801 1018 3856 Nonne
1037 3803 1116 3854 hic
1141 3801 1271 3872 fabri
1291 3801 1428 3871 ﬁlius
1443 3809 1512 3855 est
1531 3799 1740 3870 (Matth.
1759 3800 1847 3853 15.

263 3897 395 3958 55)?
424 3904 584 3965 atque
625 3894 818 3962 ubique
849 3892 1021 3960 ipsum
1054 3891 1434 3960 despiciebant.
1471 3889 1608 3958 Quid
1652 3889 1848 3959 igitur,

265 3988 509 4056 inquies,
538 3991 877 4053 comparatus
917 3997 1037 4036 cum
1065 3981 1270 4037 Joanne
1301 3982 1469 4050 major
1494 3979 1648 4035 erat?
1674 3979 1847 4034 Absit.

265 4079 453 4147 Neque
501 4077 642 4130 enim
689 4074 923 4129 Joannes
965 4071 1177 4142 quando
1219 4071 1387 4133 dicit,
1439 4069 1646 4123 Fortior
1674 4085 1752 4122 me
1779 4077 1852 4122 est

267 4168 486 4240 (Matth.
517 4168 569 4223 5.
617 4166 743 4236 II),
771 4165 822 4220 id
848 4163 1204 4233 comparando
1230 4163 1396 4227 dicit;
1425 4175 1597 4231 neque
1629 4161 1848 4227 Paulus,

262 4274 390 4314 cum
417 4262 653 4330 Moysem
701 4257 780 4312 sic
809 4264 1107 4318 memorat,
1139 4253 1388 4322 Ampliori
1423 4253 1554 4307 enim
1587 4253 1751 4323 gloria
1771 4252 1852 4306 Iu'c

261 4367 422 4422 quam
443 4349 640 4420 Moyses
661 4348 899 4418 dignatus
914 4355 984 4400 est
1010 4344 1192 4416 (Hebr.
1216 4345 1269 4400 5.
1301 4344 1377 4414 5),
1408 4343 1522 4397 lucc
1547 4351 1852 4412 comparate

262 4443 416 4497 dicit.
453 4441 517 4496 Et
541 4443 653 4510 ipse
681 4454 800 4494 cum
830 4439 931 4505 ait,
964 4437 1094 4491 Ecce
1129 4438 1244 4508 plus
1290 4453 1442 4505 quam
1481 4435 1729 4492 Salomon
1770 4435 1852 4488 hic

261 4535 483 4606 (Matth.
518 4533 606 4588 I2.
637 4533 757 4603 24),
782 4533 896 4588 haec
924 4546 1028 4586 non
1056 4530 1418 4600 comparando
1443 4530 1589 4585 dicit.
1622 4528 1776 4596 Quod
1804 4528 1847 4583 si

258 4627 628 4683 concedamus
679 4625 827 4678 illum
868 4623 982 4679 haec
1007 4639 1106 4693 per
1131 4623 1583 4693 comparationem
1613 4622 1846 4685 dixisse,

257 4731 358 4772 res
409 4718 479 4771 ita
533 4714 598 4770 ad
647 4713 973 4768 audientium
1023 4714 1383 4769 inﬁmitatem
1448 4713 1844 4768 accommodata

256 4807 454 4862 fuerit.
509 4805 564 4858 In
614 4818 802 4872 magna
856 4804 998 4857 enim
1064 4804 1455 4858 existimatione
1518 4803 1846 4866 habebatur,

258 4899 527 4966 illumque
563 4909 747 4949 carcer
777 4894 1116 4965 insigniorem
1165 4895 1510 4960 reddiderat,
1548 4911 1754 4951 necnon
1782 4895 1846 4948 liv

257 4999 454 5046 Dertas
496 4991 548 5043 in
597 4987 869 5056 arguendo
899 5002 1022 5056 rege
1048 5027 1062 5051 ,
1092 4998 1249 5056 atque
1280 4988 1330 5041 id
1358 4987 1585 5042 libenter
1609 5002 1638 5039 a
1669 4987 1851 5040 multis

255 5087 346 5141 sic
397 5083 775 5154 accipiebatur.
825 5081 1036 5136 Etenim
1088 5081 1253 5135 Vetus
1302 5096 1512 5150 quoque
1575 5080 1848 5148 Scriptura

259 5179 408 5234 solet
448 5175 737 5232 errantium
785 5173 993 5227 animos
1040 5173 1332 5226 emendare
1359 5213 1372 5237 ,
1401 5170 1760 5240 comparando
1787 5185 1847 5225 ea

264 5284 390 5338 tua:
420 5266 718 5337 comparari
742 5279 846 5320 non
872 5271 1127 5334 possunt;
1147 5273 1205 5316 ut
1230 5263 1440 5332 quando
1467 5263 1661 5317 dicitur
1686 5281 1698 5316 ε
1730 5261 1850 5314 Νοη

261 5371 337 5415 ρει
370 5360 550 5414 similis
595 5359 666 5412 tui
703 5359 756 5410 in
797 5358 916 5421 diis,
959 5355 1179 5409 Domine
1204 5355 1371 5427 (Psal.
1401 5355 1491 5411 85.
1521 5357 1610 5422 8),
1643 5363 1698 5410 et
1725 5372 1847 5410 rur-

257 5467 386 5508 sum
410 5491 425 5516 ,
473 5449 596 5504 Non
637 5458 708 5503 est
747 5450 868 5503 deus
891 5449 1020 5503 sicut
1057 5447 1192 5502 Deus
1216 5457 1382 5501 noster
1409 5446 1581 5517 (Psal.
1611 5447 1700 5503 76.
1733 5447 1844 5516 II).

261 5543 471 5596 Volunt
512 5548 690 5592 autem
729 5539 940 5608 quidam
971 5538 1024 5593 id
1063 5538 1130 5594 de
1169 5538 1426 5607 apostolis
1451 5537 1652 5593 dixisse
1689 5537 1847 5593 Chri-

254 5645 415 5693 stum
479 5628 569 5684 alii
606 5628 672 5683 de
709 5629 944 5698 angelis;
985 5627 1079 5682 sed
1145 5629 1304 5684 male.
1353 5627 1485 5684 Nam
1533 5643 1652 5683 cum
1679 5627 1846 5684 semel

254 5725 485 5799 quidam
515 5740 547 5781 a
569 5725 789 5780 veritate
817 5724 1130 5791 aberraiint,
1153 5722 1325 5779 solent
1353 5723 1404 5777 in
1435 5721 1629 5777 multos
1651 5720 1840 5778 deduci

3434 314 3540 371 4‘29

1963 437 2194 480 errores.
2227 425 2340 492 Qua
2370 427 2511 480 enim
2540 429 2916 496 consequentia
2950 428 2998 482 id
3027 427 3107 482 vel
3139 429 3205 484 de
3243 430 3498 498 apostolis
3521 472 3537 495 ,

1957 515 2041 569 vel
2071 516 2137 570 de
2161 518 2362 587 angelis
2391 517 2656 572 dixisset?
2680 519 2927 589 Alioquin
2950 537 3096 585 vero,
3125 523 3168 575 si
3192 522 3259 576 de
3282 523 3541 591 apostolis

1958 604 2211 673 dixisset,
2259 609 2385 678 quid
2429 606 2642 664 vetabat
2689 612 2973 680 quominus
3018 615 3357 668 nominaret?
3408 614 3540 669 Cum

1958 705 2135 750 autem
2178 696 2245 751 de
2292 698 2468 766 seipso
2500 699 2664 765 dicit,
2691 699 2811 768 jure
2848 715 3128 769 personam
3158 703 3298 757 celat
3326 703 3394 758 ob
3421 719 3540 758 eam

1958 802 2076 855 quae
2101 787 2372 843 obtinebat
2412 790 2714 858 opinionem
2743 809 2757 856 ;
2799 807 2861 846 ac
2897 808 2962 846 ne
2993 793 3265 848 videretur
3291 809 3542 864 magnum

1959 877 2228 946 quidpiam
2250 878 2318 934 de
2344 895 2401 933 se
2431 880 2608 936 dicere
2641 899 2653 936 :
2684 881 2735 935 id
2766 883 2906 952 quod
2936 897 3079 954 saepe
3105 885 3372 939 observat.
3405 886 3540 952 Quid

1959 977 2136 1022 autem
2169 968 2296 1022 illttd
2326 979 2428 1038 est,
2462 969 2526 1024 In
2557 989 2710 1042 regno
2735 974 2970 1026 cwlorum
2993 974 3018 1026 τι
3049 974 3103 1028 In
3135 975 3532 1044 spiritualibus,

1958 1070 2011 1115 et
2052 1062 2102 1115 in
2147 1061 2448 1118 cazlestibus
2493 1065 2760 1120 omnibus.
2803 1066 2933 1120 Cum
2981 1076 3158 1122 autem
3207 1067 3370 1134 dicit,
3421 1068 3548 1122 Non

1958 1146 2176 1207 surrexit
2207 1151 2345 1205 inter
2380 1165 2525 1210 natos
2555 1150 2829 1210 mulierum
2869 1160 3032 1228 major
3083 1163 3282 1213 Joanne
3303 1202 3318 1228 ,
3349 1160 3543 1214 distin-

1958 1243 2153 1311 guebat
2178 1259 2236 1298 se
2261 1260 2288 1297 a
2315 1245 2540 1311 Joanne,
2565 1257 2617 1302 et
2643 1263 2700 1302 se
2728 1247 3075 1303 subtrahebat
3094 1253 3474 1319 comparationi
3501 1253 3536 1304 '.

2028 1333 2081 1388 5.
2121 1334 2252 1389 Nam
2284 1337 2327 1390 si
2357 1337 2469 1407 ipse
2496 1339 2635 1393 inter
2664 1348 2814 1394 natos
2843 1341 3124 1396 mulierum
3155 1353 3302 1411 erat,
3348 1354 3400 1398 at
3440 1361 3543 1403 non

1957 1425 2095 1481 sicut
2122 1428 2355 1484 Joannes
2386 1449 2398 1484 :
2429 1448 2601 1503 neque
2630 1433 2771 1488 enim
2817 1434 2978 1490 homo
3019 1446 3219 1490 tantum
3257 1448 3400 1503 erat,
3448 1455 3545 1492 nec

1958 1517 2094 1572 sicut
2136 1517 2298 1574 homo
2335 1520 2508 1576 editus
2549 1523 2748 1587 fuerat,
2799 1524 2892 1580 sed
2937 1528 3194 1594 stupenda
3233 1529 3461 1597 quodam
3493 1540 3545 1584 et

1959 1610 2186 1664 mirabili
2215 1623 2387 1681 partu.
2423 1613 2509 1667 12.
2552 1615 2595 1667 Α
2634 1614 2807 1668 diebus
2833 1627 2996 1670 autem
3024 1616 3238 1673 Joannis
3267 1618 3542 1690 Baptistae,

1959 1697 2156 1770 inquit,
2191 1719 2344 1773 usque
2377 1721 2543 1770 nunc,
2588 1723 2798 1777 regnum
2837 1707 3073 1761 cwlorum
3109 1711 3207 1762 vim
3247 1712 3456 1781 patitur,
3499 1721 3546 1765 et

1958 1791 2161 1844 violenti
2186 1795 2390 1862 rapiunt
2410 1795 2558 1853 illud.
2583 1797 2649 1851 Et
2668 1813 2772 1866 quo
2801 1809 2981 1867 pacto,
3013 1800 3218 1869 inquies
3237 1843 3251 1868 ,
3278 1803 3389 1858 haec
3412 1819 3546 1872 prae-

1958 1879 2268 1937 cedentibus
2291 1885 2598 1940 cohaerent?
2627 1887 2836 1956 Optime
2857 1900 3002 1944 certe
3029 1902 3081 1945 et
3107 1892 3389 1947 admodum
3417 1910 3545 1948 con-

1959 1983 2242 2040 sequenter
2267 1992 2280 2027 :
2303 1978 2497 2030 ctenim
2523 1978 2645 2034 hinc
2668 1979 2784 2034 illos
2807 1981 2872 2035 ad
2894 1984 3217 2037 credendum
3239 1986 3287 2038 in
3315 2001 3372 2039 se
3393 2003 3544 2040 com-

1958 2062 2106 2131 pellit
2133 2073 2186 2118 et
2214 2065 2431 2131 incitat,
2464 2068 2728 2139 simulque
2769 2071 2857 2125 illa
2900 2088 3020 2142 qum
3062 2089 3221 2142 supra
3252 2075 3390 2130 dicta
3421 2086 3542 2130 sunt

1956 2165 1986 2204 a
2015 2151 2220 2210 Joanne
2248 2158 2577 2227 comprobat.
2608 2159 2739 2230 Nam
2767 2163 2808 2216 si
2846 2179 3012 2234 usque
3042 2164 3106 2218 ad
3137 2165 3395 2221 Joannem
3423 2154 3510 2222 om
3529 2199 3542 2212 ι

1956 2242 2044 2296 nia
2073 2247 2335 2315 completa
2365 2259 2506 2314 sunt,
2537 2251 2652 2321 Ego
2677 2267 2791 2307 sum
2821 2258 2910 2324 qui
2941 2257 3133 2311 venio:
3165 2274 3285 2312 nam
3315 2261 3425 2313 ait:
3453 2261 3538 2314 I3.

1961 2333 2146 2388 Omnes
2177 2339 2437 2406 propheta:
2465 2350 2511 2393 et
2550 2343 2632 2395 lea:
2660 2359 2814 2413 usque
2841 2346 2908 2398 ad
2935 2345 3184 2400 Joannem
3212 2350 3543 2419 praphetave-

1954 2435 2090 2478 runt.
2111 2425 2225 2480 Non
2245 2429 2384 2482 enim
2403 2442 2701 2487 cessassent
2718 2437 3011 2504 prophctte,
3027 2437 3126 2491 nisi
3143 2453 3241 2507 ego
3257 2440 3540 2496 venissem.

1955 2513 2097 2569 Nihil
2127 2532 2254 2587 ergo
2283 2520 2416 2573 ultra
2447 2525 2787 2592 exSpectetis,
2820 2540 2917 2580 nec
2944 2527 3103 2581 alium
3148 2544 3291 2598 spcrt
3306 2532 3370 2586 tis
3409 2548 3540 2586 ven-

1957 2613 2152 2661 turum.
2178 2607 2329 2675 Quod
2351 2625 2448 2680 ego
2476 2614 2574 2666 sim
2603 2615 2773 2682 palam
2804 2626 2883 2670 est
2910 2633 2976 2674 ex
3009 2633 3072 2672 eo
3102 2621 3238 2688 quod
3269 2623 3541 2690 propheta:

1954 2699 2234 2766 cessarint,
2254 2711 2307 2755 et
2327 2702 2466 2771 quod
2491 2705 2642 2758 multi
2664 2706 2898 2776 quotidie
2923 2706 3080 2764 ﬁdem
3105 2712 3155 2764 in
3180 2727 3264 2766 me
3287 2714 3494 2782 rapiant
3520 2735 3533 2769 :

1955 2789 2027 2844 ita
2056 2791 2250 2861 quippe
2276 2794 2420 2849 clara
2450 2805 2532 2851 est
2560 2807 2611 2852 et
2641 2799 2944 2866 manifesta,
2977 2812 3032 2855 ut
3072 2818 3188 2858 eam
3219 2806 3367 2860 multi
3394 2807 3542 2861 abrio

1956 2883 2120 2951 piant.
2152 2883 2220 2939 Et
2248 2888 2394 2956 quis,
2424 2904 2625 2956 qna:so,
2661 2890 2871 2960 rapuit?
2900 2892 3168 2964 Quotquot
3206 2911 3325 2950 cum
3366 2899 3541 2954 studio

1954 2988 2314 3032 accesserunt.
2370 2981 2524 3035 Aliud
2570 2982 2761 3038 deinde
2809 2985 3057 3040 indicium
3110 2989 3255 3057 ponit
3298 2989 3480 3048 dicens
3523 3012 3536 3047 :

1956 3067 2043 3123 14.
2075 3069 2138 3124 Si
2165 3072 2314 3125 vultis
2340 3071 2587 3143 recipere,
2617 3075 2725 3144 ipse
2750 3086 2822 3130 est
2846 3077 3025 3132 Helias
3042 3119 3057 3143 ,
3084 3081 3168 3146 qui
3189 3092 3424 3138 venturus
3445 3096 3536 3140 est.

1955 3159 2157 3216 Mittam
2205 3165 2365 3226 enim,
2408 3165 2608 3235 inquit,
2661 3167 2796 3220 vobis
2840 3167 3044 3224 Heliam
3091 3171 3408 3239 Thesbitem,
3453 3179 3540 3248 qui

1954 3261 2208 3306 convertat
2235 3251 2386 3326 corda
2418 3257 2574 3322 patris
2609 3257 2661 3309 in
2700 3258 2834 3326 ﬁlios
2874 3261 2894 3331 (
2915 3261 3042 3314 Mal.
3073 3265 3126 3316 4.
3171 3263 3260 3334 5).
3296 3265 3389 3319 llic
3419 3277 3500 3321 est
3523 3309 3538 3332 ,

1954 3341 2060 3406 ait,
2092 3342 2267 3398 Helias
2286 3385 2302 3410 ,
2333 3345 2377 3397 si
2402 3345 2685 3402 attendatis
2714 3349 3008 3420 diligenter.
3046 3351 3185 3406 Nam
3213 3355 3425 3421 mittam,
3461 3358 3541 3410 in-

1954 3434 2068 3502 quit
2091 3426 2116 3497 ,'
2137 3434 2370 3505 angelum
2400 3453 2562 3490 meum
2592 3449 2708 3492 ante
2747 3441 2924 3509 facient
2965 3451 3100 3496 tuam
3134 3443 3312 3514 (Ibid.
3348 3447 3400 3501 5.
3453 3448 3540 3518 1).

1957 3524 2121 3580 Recte
2161 3526 2326 3590 dixit,
2374 3526 2433 3581 Si
2474 3529 2620 3582 vultis
2659 3531 2906 3598 recipere,
2950 3534 3236 3589 ostendens
3271 3536 3538 3592 neminem

1957 3618 2221 3672 violenter
2247 3619 2384 3689 cogi.
2415 3617 2530 3673 Non
2572 3634 2732 3690 cogo,
2771 3622 2959 3692 inquit.
3012 3623 3124 3678 Hoc
3163 3634 3337 3679 autem
3375 3626 3539 3692 dixit,

1954 3716 2157 3778 gratam
2181 3718 2366 3779 petens
2393 3711 2751 3778 voluntatem,
2781 3724 2834 3768 et
2871 3715 3158 3770 ostendens
3192 3716 3330 3772 hunc
3357 3717 3500 3771 illum
3522 3761 3538 3784 ,

1955 3810 2009 3855 et
2038 3801 2182 3855 illum
2213 3801 2354 3857 hunc
2382 3817 2520 3858 esse.
2565 3803 2737 3858 Ambo
2763 3806 2902 3859 enim
2933 3821 3094 3860 unum
3123 3822 3404 3876 suscepere
3436 3811 3540 3863 mi-

1955 3893 2230 3948 nisterium
2253 3935 2266 3957 ,
2299 3901 2355 3948 et
2378 3909 2736 3963 praecursores
2762 3896 2918 3949 ambo
2946 3897 3175 3951 fuerunt.
3210 3898 3543 3968 Quapropter

1955 3999 2060 4038 non
2099 3984 2408 4052 simpliciter
2435 3983 2599 4046 dixit,
2633 3983 2732 4038 Hic
2762 3994 2834 4037 est
2874 3983 3083 4051 llelias,
3125 3987 3250 4051 sed,
3297 3987 3359 4042 Si
3394 3989 3541 4043 vultis

1955 4075 2207 4143 recipere,
2239 4074 2319 4127 hic
2343 4083 2449 4138 est;
2471 4073 2522 4127 id
2546 4081 2660 4139 est,
2692 4074 2747 4129 Si
2779 4075 2943 4143 proba
2970 4085 3148 4130 mente
3176 4079 3338 4146 gestis
3363 4088 3540 4133 atten-

1955 4164 2110 4219 datis.
2156 4164 2337 4235 Neque
2385 4164 2471 4219 hic
2508 4168 2686 4231 stetit,
2729 4165 2823 4220 sed
2869 4166 3156 4222 ostendens
3195 4168 3540 4240 intelligentia

1955 4270 2075 4312 esse
2102 4271 2270 4326 opus,
2317 4255 2440 4310 huic
2468 4255 2642 4324 dicto,
2685 4254 2787 4310 Hic
2823 4268 2896 4312 est
2928 4257 3107 4313 Helias
3127 4301 3140 4325 ,
3177 4263 3266 4331 qui
3309 4273 3542 4320 venturus

1955 4358 2026 4402 est
2042 4389 2054 4412 ,
2085 4347 2311 4417 adjecit,
2342 4347 2429 4402 15.
2462 4346 2562 4415 Qui
2586 4347 2732 4402 habet
2756 4365 2904 4403 aures
2927 4351 3200 4418 audiendi,
3223 4354 3418 4407 audiat.
3439 4352 3544 4410 Tot

1955 4441 2233 4510 aenigmata
2275 4439 2536 4508 ponebat,
2584 4449 2640 4494 ut
2683 4439 2746 4494 ad
2799 4440 3228 4512 interrogandum
3275 4445 3537 4501 incitaret.

1955 4531 2107 4598 Quod
2148 4531 2192 4585 si
2225 4548 2292 4587 ne
2320 4532 2397 4586 sic
2435 4531 2647 4600 quidem
2679 4531 3030 4601 evigilabant,
3074 4534 3241 4588 multo
3279 4535 3453 4590 minus
3495 4537 3542 4591 si

1955 4625 2098 4679 clara
2128 4633 2183 4678 et
2211 4621 2488 4678 manifesta
2516 4621 2761 4677 fuissent.
2796 4622 2978 4691 Neque
3007 4622 3056 4677 id
3086 4623 3188 4678 dici
3217 4624 3402 4694 possit,
3433 4641 3543 4682 non

1955 4731 2116 4771 ausos
2142 4715 2303 4769 fuisse
2333 4713 2658 4782 interrogare
2679 4754 2695 4778 ,
2726 4713 2808 4767 vel
2841 4712 2983 4766 illum
3016 4713 3176 4769 fuisse
3214 4715 3359 4770 aditu
3397 4715 3542 4771 diffi-

1956 4807 2132 4861 cilem.
2165 4805 2293 4858 Nam
2322 4805 2411 4873 qui
2442 4804 2587 4856 illum
2616 4804 2681 4857 de
2713 4804 2906 4856 nullius
2935 4805 3088 4872 pretii
3121 4805 3277 4861 rebus
3308 4807 3541 4862 interro-

1954 4907 2207 4967 gavcrant
2255 4905 2718 4961 tentaverantque,
2769 4895 2872 4948 etsi
2921 4897 3224 4950 sexcenties
3277 4899 3541 4966 repulsam
3603 4907 3626 4952 ἱ

1959 4993 2232 5052 tulissent,
2280 5003 2452 5057 neque
2481 4995 2788 5052 cessarent,
2831 4985 3103 5058 quomodo.
3138 5001 3242 5040 non
3287 4988 3436 5042 illum
3475 4991 3544 5044 de

1957 5081 2271 5139 necessariis
2313 5083 2759 5145 interrogassent,
2794 5077 2838 5129 si
2868 5077 3081 5144 quidem
3112 5059 3358 5134 ediscere
3393 5083 3544 5148 cupi-

1957 5175 2195 5232 vissent?
2231 5173 2285 5228 Si
2321 5172 2388 5225 de
2419 5170 2674 5238 legalibus
2706 5169 3134 5236 interrogabant,
3173 5171 3313 5238 quod
3347 5187 3542 5240 prince.

1957 5279 2100 5339 ptum
2155 5268 2380 5336 primum
2426 5271 2600 5328 esset,
2649 5271 2702 5315 et
2749 5262 2815 5316 de
2859 5262 3151 5325 similibus,
3197 5278 3316 5316 cum
3367 5273 3541 5316 tamen

1955 5361 2098 5415 nulla
2129 5367 2341 5429 urgeret
2367 5357 2687 5423 necessitas,
2717 5355 2985 5425 quomodo
3015 5370 3133 5408 cum
3164 5355 3284 5408 talia
3315 5353 3538 5420 diceret,

1956 5451 2022 5506 de
2067 5449 2258 5519 quibus
2306 5446 2637 5516 respondere
2685 5446 2903 5500 omnino
2946 5444 3213 5507 debebat,
3273 5457 3374 5496 non
3426 5443 3544 5512 ejus

1955 5557 2185 5604 mentem
2227 5541 2628 5615 explorassent?
2672 5554 2792 5595 cum
2841 5537 3068 5591 maxime
3110 5534 3175 5588 ad
3206 5533 3308 5587 hoc
3336 5531 3540 5589 hortari

2018 5665 2031 5695 ¹
2072 5660 2155 5710 Alii
2176 5658 2373 5712 habent,
2395 5660 2439 5703 rt
2478 5666 2526 5701 se
2549 5650 2852 5701 subtrahebat
2874 5643 3231 5707 comparationi,
3259 5655 3470 5704 quamvis
3493 5651 3543 5696 et

1955 5728 2056 5792 ipse
2077 5737 2140 5775 ea:
2160 5718 2360 5772 muliere
2378 5723 2499 5769 esset
2520 5723 2675 5767 natus.
