4042 6218
501 300 613 359 425

504 422 561 468 et
592 412 802 467 trahere
831 406 1138 464 videretur?
1162 404 1293 459 Nam
1320 418 1442 459 cum
1473 403 1715 471 dicebat,
1756 404 1971 458 Violenti
1998 420 2085 458 ra-

509 508 655 575 piunt
682 504 813 558 illud
831 544 847 568 ,
879 500 931 555 id
960 499 1166 555 illorum
1193 495 1455 551 excitabat
1482 496 1749 561 animum;
1777 504 1973 550 etcum
2003 495 2087 551 di-

505 602 687 660 ceret,
719 593 818 658 Qui
844 591 989 645 habet
1026 604 1173 643 aures
1197 586 1470 654 audiendi,
1502 586 1674 643 audiat
1696 627 1712 653 ,
1743 585 1968 656 idipsnm
2008 586 2087 639 ia-

507 685 695 740 ciebat.
741 682 828 737 16.
868 679 963 737 Cui
998 688 1162 733 autem
1198 678 1486 734 assimilabo
1514 677 1881 749 generationem
1917 676 2089 731 hanc?

507 775 693 844 inquit.
726 771 921 827 Similis
950 780 1020 825 est
1050 768 1218 839 pueris
1244 767 1526 823 sedentibus
1566 766 1619 821 in
1658 768 1798 838 foro,
1831 774 1879 819 et
1912 766 2087 820 dicen-

505 864 634 919 tibus
652 904 668 929 ,
698 864 789 918 l7.
820 862 962 916 Tibia
989 861 1253 915 cecinimus
1282 857 1418 912 vobis
1440 898 1456 925 ,
1499 866 1547 910 et
1583 873 1684 911 non
1713 856 1934 911 saltastis
1950 872 1969 921 ;
2003 856 2084 911 la-

503 956 709 1011 metttati
746 971 917 1010 sumus
946 952 1082 1008 vobis
1099 993 1114 1017 ,
1143 961 1189 1005 et
1214 966 1314 1004 non
1340 947 1625 1019 planxistis.

574 1046 761 1101 Christi
799 1054 844 1101 et
884 1043 1102 1099 Joannis
1141 1042 1275 1097 idem
1302 1055 1482 1111 scapus
1511 1047 1712 1092 erat.—
1733 1038 1858 1093 Haec
1902 1051 2087 1095 rursus

502 1137 748 1194 videntur
772 1152 800 1190 a
827 1132 1251 1206 przecedentibus
1280 1146 1384 1186 non
1414 1128 1666 1201 pendere,
1690 1130 1784 1185 sed
1806 1129 1872 1185 ad
1898 1144 2083 1185 eorum

502 1231 724 1286 omnino
769 1229 961 1284 seriem
1006 1225 1272 1297 pertinent
1314 1239 1328 1276 :
1369 1222 1566 1278 etenim
1615 1220 1681 1276 ad
1725 1220 1967 1275 eamdem
2010 1221 2087 1276 rei

500 1335 764 1377 summam
795 1326 1072 1389 spectant,
1103 1322 1161 1369 ut
1185 1312 1496 1369 ostendatur
1518 1312 1778 1368 Joannem
1808 1311 1906 1382 ipsi
1948 1325 2081 1366 con-

501 1426 631 1467 sona
653 1409 858 1474 iecisse,
882 1405 1087 1463 etiamsi
1108 1420 1225 1475 qute
1250 1403 1447 1459 ﬁebant
1465 1402 1729 1457 contraria
1747 1402 2083 1459 viderentur:

499 1500 642 1571 quod
667 1500 825 1556 etiam
850 1497 917 1553 de
942 1496 1353 1565 interrogatione
1376 1493 1573 1548 dictum
1595 1501 1677 1549 est
1704 1509 1719 1547 :
1747 1490 2087 1562 ostenditque

499 1591 633 1647 nihil
654 1589 1070 1661 praetermissum
1092 1587 1253 1641 fuisse
1273 1600 1457 1641 eorum
1474 1600 1591 1655 qua:
1610 1583 1678 1639 ad
1698 1583 1922 1639 salutem
1945 1584 2089 1654 ipso-

498 1699 615 1739 rum
636 1681 880 1738 conl'erre
897 1688 1134 1751 possent;
1154 1677 1294 1749 quod
1310 1676 1378 1733 de
1394 1677 1545 1733 vinea
1559 1675 1769 1733 dicebat
1787 1675 2048 1746 propheta
2068 1692 2083 1732 :

502 1775 640 1841 Quid
666 1774 834 1828 adhuc
852 1773 1038 1845 faciam
1056 1772 1213 1826 vinem
1239 1769 1377 1837 huic,
1408 1768 1542 1839 quod
1570 1784 1671 1823 non
1699 1768 1902 1837 fecerim
1932 1766 2085 1841 (lsai.

498 1865 650 1937 5.4)?
667 1865 758 1919 Cui
774 1864 927 1927 enim,
945 1863 1038 1927 ait,
1054 1860 1342 1917 assimilabo
1357 1860 1722 1931 generationem
1744 1860 1874 1915 hanc
1889 1860 1915 1914 ?
1930 1858 2088 1915 Sinti-

501 1957 564 2011 lis
577 1965 650 2010 est
672 1955 838 2025 pueris
850 1954 1132 2009 sedentibus
1148 1952 1202 2006 in
1218 1953 1352 2019 foro,
1367 1962 1412 2005 et
1428 1951 1723 2017 dicentibus,
1745 1949 1891 2004 Tibia
1912 1950 2088 2006 cecini-

499 2062 610 2100 mus
626 2045 778 2112 vobis,
787 2054 831 2098 et
846 2060 943 2101 non
956 2042 1176 2098 saltastis
1190 2058 1208 2096 :
1223 2041 1478 2095 lamentati
1492 2057 1685 2106 sumus,
1704 2050 1750 2094 et
1768 2056 1866 2094 non
1879 2040 2086 2111 planxi-

497 2136 606 2191 stis.
639 2136 726 2191 l8.
773 2132 920 2188 Venit
961 2134 1091 2187 enim
1136 2131 1361 2186 Joannes
1390 2148 1546 2201 neque
1573 2132 1907 2196 manducans,
1932 2148 2087 2202 neque

498 2226 687 2296 bibens,
711 2235 756 2282 et
777 2226 952 2280 dicunt
967 2224 1314 2280 :Dmmonium
1336 2222 1500 2278 habet.
1530 2223 1616 2280 l9.
1642 2222 1788 2279 Venit
1806 2223 1854 2276 F
1856 2225 1973 2279 ilius
1992 2225 2085 2279 ho-

496 2318 647 2372 minis
692 2317 1006 2371 manducans
1045 2327 1090 2370 et
1130 2316 1337 2380 bibens,
1384 2324 1429 2368 et
1468 2314 1643 2368 dicunt
1689 2330 1709 2368 :
1756 2312 1888 2369 Ecce
1935 2315 2086 2370 homo

496 2424 655 2464 voras:
678 2419 724 2463 et
748 2407 851 2462 vini
880 2417 1101 2477 potator,
1134 2405 1513 2477 publicanorum
1542 2414 1587 2460 et
1616 2414 1933 2475 peccatorum
1956 2406 2084 2459 anti-

496 2518 605 2557 cus.
635 2501 747 2557 Hoc
775 2509 878 2568 est,
901 2499 1177 2556 Contraria
1208 2513 1306 2569 ego
1326 2508 1378 2554 et
1404 2497 1636 2554 Joannes
1658 2497 1741 2552 via
1764 2496 2082 2564 incedimus,

498 2602 554 2648 et
582 2591 810 2662 idipsum
838 2591 1089 2658 facimus,
1117 2604 1179 2644 ac
1205 2590 1249 2643 si
1280 2598 1580 2654 venatores,
1608 2588 1771 2643 feram
1798 2597 1955 2659 captu
1980 2587 2084 2643 dii-

500 2683 693 2739 llcilem
715 2682 957 2738 videntes
976 2724 990 2750 ,
1018 2697 1137 2752 qua:
1163 2696 1258 2751 per
1281 2680 1390 2736 vias
1410 2680 1541 2735 duas
1560 2681 1625 2735 ad
1656 2694 1837 2737 casses
1866 2679 2085 2737 tendere

495 2774 693 2845 possit,
724 2782 1002 2844 utramque
1037 2772 1178 2827 viam
1207 2772 1393 2843 singuli
1423 2778 1717 2841 occupent,
1748 2779 1804 2826 et
1828 2771 1962 2826 alter
1991 2785 2087 2841 per

495 2864 816 2921 contrariam
860 2863 1014 2919 alteri
1058 2863 1195 2917 viam
1246 2861 1513 2932 impellat,
1565 2870 1623 2916 ut
1667 2862 1718 2916 in
1768 2861 2087 2923 alterutrum

496 2957 716 3012 omnino
739 2954 968 3011 decidat.
1001 2953 1227 3023 Respice
1264 2953 1406 3008 enim
1446 2953 1747 3008 universum
1786 2968 1954 3023 genus
1983 2952 2085 3007 hu-

495 3064 712 3106 manum
733 3090 747 3114 ,
777 3047 1048 3119 quomodo
1070 3046 1330 3117 jejunium
1361 3046 1532 3100 soleat
1557 3044 1839 3112 admirari,
1876 3059 2084 3101 necnon

496 3143 660 3197 vitam
702 3154 947 3212 asperam
978 3146 1031 3195 et
1061 3136 1505 3209 pbilosophicam.
1541 3135 1666 3192 ldeo
1694 3136 1772 3191 sic
1801 3136 2086 3193 constituta

497 3249 587 3289 res
631 3234 756 3298 luit,
801 3241 858 3287 ut
892 3232 1125 3288 Joannes
1163 3246 1192 3285 a
1237 3229 1405 3301 prima
1436 3238 1592 3283 aetate
1621 3228 1725 3284 hoc
1760 3229 1882 3284 vitae
1918 3244 2087 3300 genus

495 3326 755 3391 duceret,
798 3334 858 3380 ut
900 3341 1018 3394 quae
1046 3324 1280 3390 diceret,
1312 3321 1435 3378 hinc
1473 3320 1575 3377 lide
1601 3321 1758 3391 digna
1792 3331 1993 3377 essent.
2021 3322 2089 3378 Et

498 3433 597 3489 qua
636 3417 703 3472 de
732 3431 891 3472 causa
913 3457 928 3484 ,
958 3414 1200 3486 inquies,
1227 3412 1470 3470 Christus
1492 3426 1596 3467 non
1621 3403 1861 3468 eamdem
1890 3413 2087 3484 ingres-

498 3529 587 3570 sus
628 3512 768 3569 viam
812 3511 931 3567 est?
976 3509 1087 3566 lmo
1111 3523 1240 3565 vero
1278 3510 1549 3580 ingressus
1576 3515 1693 3573 est,
1733 3507 1945 3581 quando
1991 3522 2087 3579 per

495 3603 839 3675 quadraginta
868 3602 982 3658 dies
1005 3601 1263 3673 jejunavit
1286 3640 1300 3666 ,
1343 3608 1399 3655 et
1422 3598 1620 3655 docens
1644 3598 1936 3664 circuibat,
1974 3613 2082 3655 non

501 3697 707 3753 habens
736 3696 825 3751 ubi
856 3705 1011 3766 caput
1043 3694 1327 3751 reclinaret
1356 3710 1367 3745 :
1398 3682 1650 3747 caeterum
1682 3690 1771 3746 ille
1796 3690 1903 3746 alio
1929 3690 2089 3746 modo

508 3791 608 3841 hnc
640 3786 794 3853 fecit,
824 3794 882 3840 ut
911 3785 1033 3840 inde
1076 3784 1279 3839 lucrum
1321 3781 1436 3836 ﬁeri
1469 3778 1789 3851 provideret.
1829 3778 1961 3834 Nam
2004 3780 2088 3835 id-

503 3881 671 3945 ipsum
699 3884 848 3941 erat,
890 3873 1030 3944 quod
1058 3872 1300 3928 eamdem
1341 3876 1544 3926 teneret
1582 3869 1755 3935 viam;
1788 3869 1897 3925 imo
1935 3870 2090 3942 longe

503 3967 674 4038 majus
699 3975 844 4031 erat,
872 3963 1011 4037 quod
1040 3965 1083 4019 is
1101 4004 1116 4030 ,
1145 3964 1235 4034 qui
1277 3963 1365 4017 illa
1396 3962 1478 4016 via
1508 3960 1813 4027 incederet,
1845 3962 2088 4029 testimo-

503 4063 592 4121 nio
615 4078 713 4119 suo
737 4062 910 4133 ipsum
937 4061 1251 4121 celebraret.
1274 4058 1520 4129 Alioquin
1548 4072 1676 4115 vero
1701 4058 1934 4114 Joannes
1957 4059 2089 4113 nihil

498 4154 641 4210 aliud
669 4170 826 4226 quam
855 4154 976 4209 vitm
999 4153 1341 4223 asperitatem
1366 4149 1672 4207 exhibebat.
1702 4150 1915 4207 Nullum
1943 4150 2089 4207 enim

499 4247 708 4317 signum
738 4244 864 4300 fecit
906 4262 919 4298 :
962 4243 1207 4299 Christus
1235 4255 1362 4297 vero
1386 4249 1441 4297 et
1477 4240 1748 4311 signorum
1777 4248 1831 4295 et
1857 4241 2087 4297 miracu-

499 4338 674 4392 lorum
708 4334 1071 4391 testimonium
1097 4331 1280 4387 habuit
1306 4330 1499 4402 (Joan.
1531 4330 1620 4387 10.
1651 4330 1715 4386 41
1741 4328 1781 4401 ).
1826 4330 2087 4386 Jonnnem

498 4443 627 4498 ergo
656 4426 964 4495 relinquens
990 4439 1019 4478 a
1056 4422 1259 4492 jejunio
1296 4421 1595 4487 celebrari,
1639 4421 1727 4475 ille
1767 4421 2088 4476 contrariam

500 4519 638 4573 viam
683 4517 888 4584 tenuit,
936 4514 1002 4570 ad
1050 4526 1262 4569 mensas
1298 4510 1599 4581 ingrediens
1646 4512 2085 4582 publicanorum,

503 4609 830 4666 manducans
859 4615 914 4663 et
938 4604 1145 4662 bibens.

571 4700 626 4755 4.
669 4698 1062 4768 lnterrogemus
1090 4696 1270 4765 itaque
1298 4692 1511 4748 Judzeos
1559 4709 1572 4745 :
1612 4690 1827 4747 Bonane
1872 4707 1958 4747 res
2005 4702 2087 4748 est

498 4790 757 4860 jejunium
780 4831 796 4856 ,
836 4798 893 4844 et
933 4784 1280 4843 admiranda?
1309 4783 1451 4853 Ergo
1486 4781 1719 4852 oportuit
1749 4781 1937 4837 Joanni
1968 4797 2087 4837 cre-

503 4885 633 4942 dere
651 4925 667 4948 .
694 4893 749 4941 et
773 4885 919 4939 illum
948 4884 1227 4939 admittere
1250 4924 1267 4950 ,
1300 4881 1520 4951 ejusque
1549 4878 1706 4935 dictis
1746 4890 1953 4949 parere.
2000 4877 2089 4932 Sic

502 4976 646 5033 enim
677 4975 762 5033 illa
800 4976 960 5032 verba
1000 4990 1097 5030 vos
1134 4973 1201 5028 ad
1240 4973 1420 5031 Jesum
1461 4970 1755 5027 adductura
1790 4978 1961 5026 erant.
2004 4968 2085 5022 Au

501 5081 730 5124 onerosa
755 5077 805 5125 et
836 5066 968 5122 dura
998 5080 1086 5121 res
1112 5074 1196 5121 est
1232 5062 1533 5135 jejunium?
1564 5062 1703 5135 Ergo
1724 5060 1849 5119 Jesu
1872 5060 2087 5117 Christo

420 5170 437 5216 r;
500 5140 980 5230 obtemperantium
1009 5165 1157 5221 erat,
1188 5157 1391 5227 ipsique
1413 5154 1665 5221 credere,
1706 5153 1798 5227 qui
1822 5156 2085 5210 contraria

505 5247 784 5305 incedebat
813 5247 915 5301 via.
944 5246 1046 5301 Per
1074 5254 1351 5314 utramque
1378 5247 1394 5277 ⁸
1421 5245 1559 5300 viam
1587 5245 1641 5300 in
1670 5259 1891 5315 regnum
1918 5243 2086 5297 intra-

448 5333 469 5415 ξ
503 5338 606 5395 turi
632 5337 817 5395 eratis.
848 5336 919 5391 At
947 5335 1020 5388 illi
1050 5335 1198 5406 quasi
1229 5335 1337 5389 tera
1367 5333 1617 5390 immanis
1641 5342 1924 5403 utrumque
1949 5333 2087 5388 male

500 5428 850 5500 accipiebant.
894 5424 1044 5482 Nulla
1081 5438 1207 5494 ergo
1233 5424 1385 5492 culpa
1412 5434 1495 5479 est
1520 5439 1706 5480 eorum
1747 5422 1942 5493 quibus
1981 5438 2083 5477 non

501 5520 764 5577 creditum
787 5526 900 5585 est,
924 5514 1019 5573 sed
1043 5528 1228 5571 eorum
1255 5521 1454 5568 tantum
1476 5515 1563 5583 qui
1592 5529 1696 5569 non
1723 5512 2079 5568 crediderunt.

501 5611 668 5669 Nemo
688 5611 829 5668 enim
848 5606 1113 5666 contraria
1134 5604 1287 5661 simul
1311 5604 1591 5675 vituperet,
1609 5612 1667 5661 ut
1689 5620 1861 5675 neque
1883 5604 2077 5660 laudet.

562 5724 581 5757 ⁸
615 5722 827 5786 Quidam,
852 5735 938 5785 per
961 5719 1257 5772 alterutram.

1235 295 1291 350 S.
1329 291 1603 350 JOANNIS
1636 291 2106 351 CHRYSOSTOMI
2144 294 2462 353 ARCHIEP.
2501 294 3030 357 CONSTAN'HNOP.

3682 307 3792 362 421

2199 406 2359 463 Verbi
2380 410 2549 479 gratia
2565 450 2582 477 ,
2608 411 2699 481 qui
2724 412 2900 467 virum
2926 411 3153 469 hilarem
3179 424 3245 468 ae
3270 412 3559 470 remissum
3583 428 3797 486 appro-

2194 494 2285 551 bat
2302 536 2319 562 ,
2345 512 2592 555 severum
2617 500 2702 555 vel
2725 500 3013 557 barbarum
3046 515 3155 557 non
3182 502 3498 572 approbabit
3523 522 3538 559 :
3565 507 3661 576 qui
3698 522 3801 562 se-

2196 600 2375 641 verum
2402 587 2613 656 laudat,
2648 589 2827 646 ltetum
2859 605 2967 648 non
2994 590 3248 649 laudabit.
3278 591 3401 649 Non
3430 603 3610 664 potest
3642 599 3799 653 enim

2193 683 2249 730 et
2272 674 2388 732 haec
2414 684 2470 732 et
2498 678 2589 735 illa
2628 678 2785 735 simul
2813 680 3097 750 approbari
3124 683 3413 749 sentemim
3442 683 3682 756 ideoque
3717 688 3804 742 ait

2193 766 2316 834 ille,
2362 767 2507 824 Tibia
2541 772 2811 827 cecinimus
2835 772 2994 840 vobis,
3031 781 3078 828 et
3115 788 3218 829 non
3245 775 3503 841 musae,-
3532 778 3641 833 hoc
3667 788 3760 833 est
3780 819 3797 844 ,

2192 859 2491 918 Remissam
2517 862 2731 920 exhibui
2766 864 2965 932 vitam,
2994 873 3051 921 et
3092 879 3200 921 non
3236 866 3685 937 obtemperastis;
3712 880 3798 937 et,

2192 947 2479 1007 Lamentati
2518 968 2724 1019 sumus,
2761 964 2810 1008 et
2847 970 2950 1009 non
2979 954 3248 1024 planaastis
3266 971 3289 1021 ,'
3325 955 3378 1012 id
3403 967 3521 1024 est,
3550 958 3801 1016 Joannes

2191 1053 2431 1096 severam
2459 1051 2513 1098 et
2528 1058 2748 1113 gravem
2773 1045 2934 1100 vitam
2961 1045 3238 1116 amplexus
3259 1056 3367 1113 est,
3394 1057 3451 1104 et
3474 1063 3580 1105 non
3610 1059 3799 1106 atten-

2191 1131 2364 1189 distis.
2394 1134 2510 1190 Non
2539 1135 2705 1203 dixit,
2731 1136 2847 1208 Ego
2874 1137 3018 1192 illam
3044 1178 3060 1205 ,
3090 1138 3181 1194 ille
3220 1138 3359 1195 hanc
3386 1139 3550 1196 vitam
3576 1142 3737 1198 duxit
3773 1162 3790 1198 :

2190 1226 2286 1283 sed
2310 1227 2432 1297 quia
2459 1229 2736 1299 utriusque
2755 1246 2859 1286 una
2882 1240 2997 1287 erat
3023 1232 3311 1300 sententia,
3333 1234 3434 1289 etsi
3455 1235 3633 1291 studia
3654 1252 3793 1293 con-

2193 1316 2386 1383 traria,
2416 1318 2536 1374 ideo
2586 1320 2888 1377 communia
2936 1331 3083 1392 gesta
3133 1322 3263 1381 dicit
3302 1338 3444 1385 esse.
3469 1325 3605 1383 Nam
3646 1329 3792 1401 quod

2190 1408 2512 1467 contrariam
2541 1409 2698 1465 iniret
2724 1411 2861 1465 viam
2882 1450 2898 1477 ,
2938 1426 3004 1467 ex
3044 1413 3250 1483 majore
3272 1418 3558 1473 concordia
3587 1418 3792 1477 factum

2191 1505 2308 1564 est,
2336 1513 2454 1569 qua:
2478 1499 2725 1555 eumdem
2755 1502 3030 1570 spectabat
3054 1500 3237 1563 tinem.
3276 1503 3448 1571 Quam
3478 1522 3610 1579 ergo
3633 1509 3793 1565 dein-

2192 1604 2319 1661 ceps
2346 1590 2715 1648 defensionem
2745 1592 3016 1649 habeatis?
3047 1594 3170 1651 Ideo
3195 1595 3471 1665 subjunxit
3502 1617 3517 1651 :
3546 1598 3616 1653 Et
3630 1601 3795 1669 justi-

2191 1682 2344 1751 ﬁcata
2367 1690 2441 1736 est
2469 1682 2716 1753 sapientia
2742 1698 2775 1736 a
2801 1683 2923 1751 ﬁliis
2959 1684 3101 1749 suis;
3147 1684 3248 1739 hoc
3275 1693 3360 1741 est
3379 1726 3397 1753 ,
3421 1685 3651 1743 Etiamsi
3690 1706 3794 1746 vos

2190 1789 2297 1829 non
2323 1773 2837 1845 obtemperaveritis,
2854 1783 2911 1830 at.
2928 1790 3015 1831 me
3036 1776 3172 1830 ultra
3198 1778 3472 1834 criminari
3501 1796 3610 1836 non
3633 1792 3791 1852 pote-

2191 1867 2326 1921 ritis.
2354 1866 2507 1933 Quod
2537 1865 2604 1922 de
2634 1866 2793 1923 Patre
2815 1866 2944 1923 dicit
2970 1868 3226 1937 pr0pheta
3261 1887 3275 1924 :
3312 1870 3381 1925 Ut
3407 1873 3707 1943 institueris
3734 1878 3791 1931 iu

2189 1959 2498 2015 sermonibus
2523 1960 2621 2014 tuis
2638 1959 2808 2031 (Psal.
2837 1960 2926 2016 50.
2959 1960 3035 2029 6).
3064 1961 3204 2017 Deus
3223 1962 3368 2018 enim
3393 1966 3628 2035 etiamsi,
3656 1968 3790 2023 dum

2190 2051 2359 2109 nostri
2384 2066 2564 2106 curam
2592 2052 2764 2122 gerit,
2804 2051 2937 2108 nihil
2966 2054 3208 2123 perﬁciat
3226 2094 3245 2120 ,
3274 2070 3369 2110 sua
3403 2065 3579 2113 tamen
3605 2063 3791 2117 omnia

2190 2141 2405 2210 implet,
2435 2144 2507 2197 ita
2534 2151 2591 2197 ut
2614 2157 2683 2199 ne
2710 2142 2925 2213 quidem
2954 2143 3195 2201 umbram
3223 2145 3576 2205 dubitationis
3604 2151 3792 2221 impu-

2189 2232 2437 2291 dentibus
2466 2234 2826 2304 improbisque
2854 2234 3139 2305 relinquat.
3164 2235 3225 2292 Si
3251 2252 3381 2293 vero
3418 2242 3668 2310 exempla
3695 2243 3791 2298 illa

2189 2324 2381 2395 quibus
2396 2326 2563 2385 utitur
2582 2326 2703 2381 vilia
2720 2327 2827 2381 sint
2842 2335 2897 2381 et
2913 2326 3284 2397 incomposita.
3309 2345 3376 2384 ne
3392 2330 3600 2387 mireris
3619 2348 3636 2397 ;
3658 2349 3786 2389 nam

2189 2417 2255 2471 ad
2285 2417 2586 2475 auditorum
2618 2417 2982 2475 inﬁrmitatem
3011 2434 3133 2476 sese
3156 2421 3390 2489 aptabat.
3422 2421 3703 2493 Siquidem
3736 2437 3794 2480 et

2192 2507 2440 2567 Ezechiel
2473 2509 2638 2564 multa
2667 2509 2822 2567 aliert
2848 2511 3093 2581 exempla
3123 2510 3229 2566 illis
3255 2523 3574 2583 opportuna,
3602 2524 3659 2569 et
3693 2515 3793 2570 Dei

2190 2597 2470 2669 majestate
2498 2598 2713 2670 indigna
2742 2599 2969 2671 (Esceh.
3008 2600 3044 2656 4
3082 2611 3128 2656 et
3168 2601 3235 2658 l6
3258 2602 3298 2671 ).
3346 2603 3540 2659 Verum
3584 2614 3645 2660 et
3687 2606 3794 2665 hoc

2188 2691 2350 2748 etiam
2375 2691 2590 2763 dignum
2619 2700 2703 2748 est
2728 2693 2893 2763 ipsius
2920 2693 3271 2763 providentia.
3302 2695 3594 2752 Considera
3628 2713 3795 2766 porro

2190 2782 2309 2839 illos
2333 2783 2493 2839 etiam
2529 2783 2746 2841 aliunde
2786 2783 2839 2839 in
2877 2785 3173 2843 contrarias
3196 2786 3527 2841 circumferri
3556 2797 3793 2842 senten-

2192 2873 2314 2929 tias.
2340 2873 2474 2930 Nam
2492 2890 2612 2931 cum
2632 2874 2891 2934 Joannem
2918 2876 3179 2932 dixissent
3195 2877 3518 2934 daemonium
3558 2879 3790 2947 habere,

2191 2981 2299 3022 non
2328 2966 2417 3022 hic
2442 2975 2706 3025 steterunt
2725 3009 2741 3034 ,
2772 2966 2869 3025 sed
2897 2966 2999 3024 hoc
3025 2969 3198 3038 ipsum
3224 2968 3293 3024 de
3318 2970 3531 3025 Christo
3570 2980 3796 3026 contra-

2190 3058 2273 3115 rio
2302 3058 2463 3114 modo
2485 3058 2696 3115 vivente
2723 3058 2974 3115 dixerunt
3012 3076 3027 3113 :
3068 3061 3147 3117 sic
3169 3075 3384 3131 semper
3408 3063 3460 3115 in
3488 3063 3801 3118 sentuttias

2190 3161 2373 3205 secum
2398 3157 2693 3219 pugnantes
2734 3146 3131 3206 deferebantur.
3180 3150 3352 3205 Lucas
3388 3165 3518 3206 vero
3548 3165 3675 3206 eum
3708 3152 3799 3209 his

2191 3238 2354 3296 aliam
2378 3254 2593 3311 quoque
2631 3239 2891 3310 majorem
2928 3240 3085 3297 aﬂert
3120 3256 3307 3297 eorum
3353 3244 3794 3311 accusationem,

2191 3329 2419 3389 dicens:
2464 3330 2735 3388 Publiceni
2777 3333 2911 3388 enim
2946 3334 3353 3404 justi/Scaurum
3396 3334 3589 3401 Deum,
3623 3341 3797 3393 susei-

2195 3422 2388 3492 pietttes
2413 3421 2668 3493 baptisma
2708 3423 2927 3481 Joannis
2955 3422 3119 3494 (Luc.
3151 3424 3202 3479 7.
3232 3424 3304 3479 29
3322 3425 3363 3496 ).
3391 3423 3543 3481 Tunc
3564 3427 3792 3483 demum

2192 3512 2494 3571 civitatibus
2529 3513 2850 3583 exprobrat,
2893 3527 3014 3569 cum
3038 3514 3326 3583 justiticata
3354 3515 3451 3570 fuit
3477 3518 3746 3585 sapientia
3772 3560 3790 3585 ,

2192 3603 2405 3672 quando
2425 3603 2601 3658 omnia
2622 3603 2841 3674 impleta
2867 3603 3029 3661 luisse
3049 3604 3453 3662 demonstravit.
3481 3606 3619 3674 Quia
3643 3610 3794 3664 enim

2193 3693 2246 3750 id
2276 3709 2382 3750 non
2422 3695 2687 3764 persuasit
2724 3694 2860 3761 illis,
2904 3696 3131 3751 miseros
3162 3697 3281 3752 illos
3320 3698 3609 3767 pradieat;
3649 3700 3794 3769 quid

2194 3785 2347 3856 pejus
2365 3795 2629 3856 estquam
2645 3787 2688 3842 si
2708 3789 3166 3857 perterrefaceret.
3190 3788 3400 3845 Etenim
3417 3800 3471 3844 et
3490 3790 3794 3847 doctrinam

2192 3876 2435 3935 adhibuit
2472 3887 2529 3935 et
2566 3877 2846 3934 miracula.
2876 3878 3011 3948 Quia
3039 3893 3168 3935 vero
3198 3880 3250 3935 in
3277 3880 3462 3935 eadem
3495 3883 3796 3938 increduli-

2195 3976 2302 4027 tate
2327 3977 2670 4034 manserunt,
2699 3969 2915 4025 demum
2940 3970 3247 4039 exprobrat.
3292 3970 3384 4026 20.
3427 3970 3573 4027 Tunc
3619 3976 3793 4039 enirn,

2193 4057 2302 4124 ait,
2328 4056 2479 4115 Jesus
2508 4060 2655 4129 cmpit
2683 4058 2990 4129 exprobrare
3017 4059 3323 4126 civitatibus,
3349 4063 3403 4115 in
3432 4063 3616 4131 quibus
3643 4065 3796 4132 factm

2196 4154 2395 4221 fuerant
2438 4151 2671 4222 plurimm
2706 4151 2914 4206 virtutes
2942 4152 3053 4223 ejus
3072 4193 3088 4217 ,
3131 4152 3252 4212 quia
3299 4153 3649 4220 penitentiam
3690 4172 3795 4209 nou

2191 4251 2396 4312 egerant
2419 4282 2434 4307 ,
2466 4242 2638 4299 dicens
2670 4241 2804 4297 :Ql.
2847 4242 2933 4297 Vm
2960 4243 3050 4298 tibi
3079 4242 3332 4299 Chorasin
3350 4259 3373 4308 ,'
3401 4260 3475 4298 rm
3499 4246 3589 4298 tibi
3631 4246 3791 4301 Beth-

2191 4333 2360 4389 saidu.
2404 4332 2605 4388 Deinde
2652 4340 2710 4386 ut
2752 4332 2929 4389 discas
2969 4348 3064 4389 eos
3094 4348 3201 4389 non
3244 4343 3430 4390 natura
3461 4335 3598 4391 tales
3625 4351 3788 4403 esse,

2193 4440 2387 4483 nomen
2419 4424 2567 4480 urbis
2608 4425 2750 4479 illius
2786 4426 2974 4495 ponit,
3021 4427 3163 4482 unde
3197 4428 3434 4497 quinque
3477 4428 3789 4498 prodierant

2190 4502 2591 4586 apostolimam
2618 4516 2892 4585 Philippus
2917 4525 2973 4574 et
2999 4516 3109 4573 duo
3134 4517 3218 4571 illa
3246 4520 3666 4589 coryphteorttm
3694 4537 3788 4593 pa-

2192 4608 2271 4661 ria
2302 4608 2376 4678 (a)
2408 4607 2530 4665 inde
2553 4608 2892 4693 erattLjQuia
2932 4608 2977 4663 si
3013 4607 3066 4661 in
3112 4606 3247 4678 Tyro
3287 4618 3334 4663 st
3379 4609 3580 4665 Sidone
3607 4653 3623 4675 ,
3675 4616 3787 4679 ait,

2194 4699 2341 4767 factm
2371 4699 2580 4767 fuissent
2608 4699 2835 4760 virtutes,
2867 4714 2978 4764 qum
2997 4699 3049 4753 in
3072 4699 3207 4753 vobis
3234 4698 3384 4768 factm
3410 4711 3551 4768 sunt,
3582 4704 3709 4757 olim
3736 4706 3789 4759 iu

2192 4804 2337 4841 sacco
2372 4798 2417 4842 et
2448 4789 2613 4841 cinere
2641 4790 2985 4857 paenitentiam
3010 4790 3245 4860 egissent.
3292 4790 3385 4846 22.
3426 4789 3791 4851 Verumtamen

2191 4878 2304 4932 dico
2330 4877 2487 4943 vobis,
2516 4876 2653 4947 Tyro
2681 4888 2728 4933 et
2758 4877 2944 4934 Sidoni
2968 4880 3226 4941 remissius
3254 4882 3348 4935 erit
3374 4882 3429 4935 in
3455 4882 3542 4937 die
3576 4886 3787 4954 judicii,

2190 4983 2341 5037 quant
2365 4966 2521 5022 vobis.
2548 4969 2639 5023 23.
2663 4967 2733 5022 Et
2758 4978 2812 5023 tu
2831 4969 3179 5041 Capernaum,
3207 4987 3323 5041 qum
3340 4988 3499 5044 usque
3523 4976 3597 5028 ad
3614 4980 3790 5033 celum

2190 5059 2413 5113 exaltata
2441 5074 2492 5112 es
2510 5098 2526 5125 ,
2569 5075 2725 5130 usque
2759 5059 2829 5113 ad
2865 5060 3122 5129 infernum
3149 5061 3420 5119 descendes
3449 5081 3472 5120 :
3513 5068 3642 5135 quia
3669 5069 3715 5124 si
3738 5070 3791 5123 its

2193 5148 2431 5203 Sodomis
2457 5151 2606 5219 factm
2634 5150 2845 5220 fuissent
2870 5151 3097 5215 virtutes,
3127 5167 3240 5221 qum
3264 5153 3415 5223 factm
3437 5165 3560 5209 sunt
3604 5158 3664 5215 in
3706 5168 3753 5214 te
3773 5199 3789 5225 ,

2190 5240 2490 5294 mansissent
2520 5240 2691 5311 utique
2717 5240 2785 5294 ad
2811 5241 2943 5295 hanc
2972 5242 3125 5295 diem.
3155 5241 3246 5297 ει.
3286 5240 3653 5304 Verumtamen
3681 5250 3793 5306 dies

2191 5330 2328 5384 vobis
2351 5370 2366 5395 ,
2406 5331 2526 5401 quia
2566 5342 2713 5385 terrm
2740 5331 3079 5387 Sodomorum
3114 5334 3370 5390 remissius
3392 5336 3487 5391 erit
3514 5338 3572 5395 in
3602 5341 3688 5395 dis
3705 5343 3791 5412 ju-

2192 5420 2313 5473 dicii
2334 5461 2349 5483 ,
2380 5436 2531 5488 quant
2561 5421 2667 5474 tibi.
2695 5419 2810 5475 Non
2839 5422 2955 5477 sine
2974 5436 3134 5478 causa
3162 5422 3392 5485 Sodoma
3420 5429 3673 5496 apponit,
3701 5430 3793 5485 sed

2194 5522 2249 5566 ut
2273 5521 2461 5583 augeat
2480 5513 2893 5569 accusationem.
2925 5512 3171 5584 Magnum
3196 5516 3392 5586 quippe
3420 5520 3681 5588 nequitiae
3706 5536 3791 5578 διο

2256 5653 2330 5727 _(a)
2364 5653 2473 5727 Duo
2494 5652 2854 5716 coryphaeorum
2876 5656 3007 5718 paria
3027 5663 3159 5715 sunt,
3182 5661 3354 5705 Petrus
3374 5665 3423 5708 et
3449 5660 3695 5727 Andreas,
3717 5671 3793 5715 Jac

2193 5717 2347 5765 eobus
2365 5724 2415 5767 et
2434 5723 2659 5765 Joannes.
