4042 6218
381 347 480 402 825

372 468 682 531 guinentum
715 463 814 521 est,
837 467 956 508 cum
978 466 1082 506 non
1106 450 1266 527 modo
1290 449 1656 518 prtesentibus,
1681 449 1774 531 sed
1795 449 1955 504 etiam

373 519 437 607 iis
457 551 546 620 qui
569 550 694 603 olim
717 547 928 602 fuerunt
945 524 1219 600 sceleratis
1240 542 1533 597 deteriores
1551 556 1670 596 esse
1690 519 1952 596 videntur.

373 643 460 696 Sic
484 651 539 696 et
565 641 688 694 alibi
719 640 860 709 ipsos
894 635 1214 692 condemnat
1251 634 1648 704 comparatione
1674 633 1808 688 facta
1834 648 1955 688 cum

333 781 337 783 .
374 733 622 786 Ninivitis
646 740 697 785 et
731 744 851 784 cum
890 729 1072 797 regina
1101 726 1281 780 Austri
1316 725 1524 798 (Matth.
1562 726 1652 781 12.
1685 726 1774 780 41.
1805 724 1904 796 42)
1938 743 1950 779 :

326 817 343 886 ξ
372 838 553 876 verum
586 822 690 876 illic
729 821 793 876 iis
830 821 917 890 qui
961 828 1106 874 recte
1148 816 1420 881 fecerunt,
1469 818 1558 874 hic
1599 832 1731 872 vero
1762 817 1826 873 iis
1866 818 1954 887 qui

371 912 510 966 male
530 920 752 981 egerunt
777 911 922 980 ipsos
946 919 1240 978 comparat,
1267 907 1408 978 quod
1436 909 1591 978 longe
1616 909 1829 977 gravius
1851 917 1951 963 est.

323 985 345 1029 ’ί
371 1002 524 1057 Ilnnc
543 1016 754 1071 quoque
779 999 1062 1054 damnandi
1090 997 1304 1054 modum
1324 999 1470 1054 novit
1490 997 1764 1064 Ezechiel;
1790 1013 1956 1068 quare

369 1093 504 1147 dixit
525 1091 872 1162 Jerosolymze
901 1106 916 1143 :
956 1088 1262 1156 Justiﬁcasti
1289 1104 1484 1144 sorores
1506 1098 1618 1143 tuas
1645 1089 1698 1142 in
1724 1087 1954 1142 omnibus

370 1184 582 1254 peccatis
606 1185 704 1236 tuis
733 1181 956 1253 (Ezech.
1002 1180 1086 1236 I6.
1133 1181 1194 1236 51
1226 1181 1262 1249 ).
1307 1181 1396 1236 Sic
1437 1181 1636 1251 ubique
1678 1181 1732 1235 in
1773 1179 1953 1236 Veteri

368 1274 712 1330 Testamento
741 1275 792 1328 in
823 1273 906 1328 his
931 1272 1141 1340 versari
1159 1273 1313 1327 solet.
1345 1271 1527 1342 Neque
1556 1272 1643 1327 hic
1678 1271 1836 1328 finem
1873 1271 1953 1326 di-

367 1364 521 1421 cendi
548 1363 697 1431 facit,
726 1362 824 1419 sed
853 1363 1100 1418 timorem
1125 1370 1283 1432 auget
1304 1361 1489 1416 dicens
1510 1399 1528 1426 ,
1554 1361 1796 1432 graviora
1825 1375 1952 1430 pas-

367 1469 522 1510 suros
548 1453 668 1512 illos
691 1468 812 1510 esse
827 1493 848 1520 ,
870 1467 1032 1524 quam
1053 1451 1358 1522 Sodomitas
1383 1460 1437 1508 et
1459 1450 1674 1522 Tyrios.
1702 1451 1778 1506 lta
1806 1452 1952 1523 ipsos

366 1545 601 1619 undique
626 1544 894 1614 concitat,
925 1552 984 1601 et
1003 1557 1126 1601 cum
1166 1543 1396 1602 miseros
1419 1542 1675 1616 pradicat
1692 1585 1710 1610 ,
1737 1553 1793 1601 et
1827 1560 1951 1601 cum

367 1634 759 1707 perterrefacit.

441 1727 494 1782 5.
524 1723 866 1795 Hospitalitas
888 1723 1284 1779 commendatur.
1315 1723 1502 1779 Contra
1525 1726 1807 1781 meretricia
1829 1742 1951 1782 can-

367 1818 487 1871 tica.
527 1845 602 1858 -——
640 1814 767 1872 Haec
791 1830 1008 1887 quoque
1036 1829 1134 1870 nos
1163 1814 1460 1870 audiamus.
1491 1815 1675 1887 Neque
1699 1818 1840 1872 enim
1865 1817 1950 1872 in-

367 1905 601 1961 credulis
643 1913 846 1962 tantum
871 1947 891 1972 ,
925 1903 1019 1960 sed
1058 1905 1216 1960 etiam
1249 1905 1402 1960 nobis
1429 1907 1640 1976 gravius
1677 1909 1950 1963 constituit

365 1995 680 2064 supplicium
700 2035 715 2061 ,
748 2011 906 2066 quam
937 1993 1225 2050 Sodomitis
1248 2035 1263 2060 ,
1294 1995 1396 2050 nisi
1427 1995 1734 2066 peregrinos
1759 1996 1824 2050 ad
1851 2011 1949 2052 nos

365 2089 638 2142 venientes
669 2086 994 2157 excipiamus
1018 2129 1032 2150 ,
1059 2101 1178 2141 cum
1206 2085 1365 2143 etiam
1393 2086 1666 2156 pulverem
1693 2097 1949 2143 excutere

361 2179 613 2250 jusserit;
661 2194 726 2235 ac
759 2180 880 2250 jure
908 2180 1116 2233 merito.
1161 2177 1238 2232 Illi
1280 2193 1544 2248 namque,
1576 2179 1677 2235 etsi
1717 2180 1950 2250 graviter

365 2279 654 2340 peccarunt
675 2312 692 2337 ,
723 2281 777 2324 at
804 2280 928 2325 ante
956 2271 1128 2340 legem
1153 2280 1207 2325 et
1233 2271 1457 2340 gratiam
1483 2270 1615 2339 lapsi
1645 2280 1804 2336 sunt;
1850 2287 1949 2327 nos

365 2377 491 2415 vero
519 2362 605 2432 qui
645 2369 764 2431 post
799 2370 995 2415 tantam
1044 2360 1196 2415 nobis
1225 2360 1512 2416 exhibitam
1543 2375 1725 2416 curam
1763 2376 1950 2431 pecca-

363 2467 482 2505 mus
503 2491 518 2515 ,
546 2466 648 2520 qua
677 2451 877 2506 erimus
918 2449 1074 2505 venia
1103 2449 1247 2519 digni
1273 2491 1289 2518 ,
1318 2451 1409 2521 qui
1445 2459 1648 2505 tantum
1678 2450 1945 2522 hospitum

361 2541 539 2596 odium
572 2540 886 2595 exhibemus
912 2581 928 2608 ,
971 2540 1258 2611 egenisque
1293 2551 1474 2610 portas
1494 2581 1509 2604 ,
1536 2549 1588 2596 et
1612 2550 1736 2596 ante
1767 2553 1948 2611 portas

360 2649 517 2688 aures
559 2632 898 2688 claudimus?
942 2647 1042 2687 nec
1079 2633 1240 2688 modo
1277 2632 1596 2703 pauperibus
1619 2674 1635 2699 ,
1666 2633 1760 2689 sed
1787 2633 1946 2688 etiam

361 2724 489 2793 ipsis
517 2725 806 2794 apostolis?
835 2721 958 2779 Ideo
984 2725 1124 2778 enim
1149 2724 1496 2794 pauperibus,
1523 2725 1646 2793 quia
1671 2726 1943 2793 apostolis.

358 2819 491 2872 Cum
514 2818 656 2872 enim
689 2818 881 2888 legitur
909 2817 1104 2872 Paulus
1124 2858 1136 2880 ,
1165 2831 1263 2870 nec
1295 2825 1348 2870 tu
1375 2816 1636 2882 attendis;
1664 2832 1783 2872 cum
1812 2833 1948 2886 prte-

358 2908 500 2964 dicat
525 2909 793 2976 Joannes,
825 2917 879 2963 et
922 2919 976 2962 tu
1021 2922 1128 2962 non
1161 2906 1312 2962 audis
1342 2925 1355 2961 :
1382 2907 1717 2978 quandonam
1750 2923 1947 2978 paupe-

358 3017 468 3055 rem
499 3002 746 3071 recipies,
774 3001 861 3071 qui
889 3000 1193 3070 apostolum
1221 3015 1326 3054 uon
1354 2999 1581 3069 recipis?
1605 2999 1672 3054 Ut
1697 2999 1873 3069 itaque
1891 3009 1947 3054 et

357 3093 440 3148 his
468 3094 631 3160 aedes,
662 3103 718 3150 et
744 3094 849 3150 illis
875 3107 1033 3148 aures
1061 3101 1317 3162 perpetuo
1345 3101 1543 3160 aperta).
1569 3092 1694 3157 sint,
1728 3091 1943 3147 sordem

356 3201 568 3244 omnem
612 3183 680 3239 ab
720 3185 937 3240 auribus
977 3185 1170 3256 anima:
1209 3197 1584 3256 expurgemus.
1623 3181 1772 3238 Sicut
1799 3183 1941 3238 enim

355 3277 540 3333 sordes
565 3285 618 3331 et
643 3277 801 3330 limus
823 3291 976 3330 aures
1002 3276 1264 3346 corporis,
1289 3276 1366 3330 sic
1390 3274 1688 3334 meretricia
1715 3275 1940 3340 cantica,

355 3371 640 3425 saecularcs
678 3369 1010 3424 narrationes
1029 3408 1042 3430 ,
1071 3367 1269 3434 debita,
1302 3382 1578 3422 sermones
1609 3366 1674 3422 de
1704 3381 1862 3421 usura
1889 3375 1945 3421 et

353 3471 536 3516 mutuo
561 3503 576 3528 ,
617 3461 784 3532 magis
809 3475 966 3528 quam
1001 3459 1199 3527 qumvis
1227 3458 1412 3513 sordes
1441 3473 1599 3513 aures
1626 3459 1817 3513 anima:
1841 3458 1940 3513 ob-

355 3561 567 3616 tut-ant;
602 3553 707 3606 imo
739 3565 841 3605 non
874 3550 1127 3605 obturant
1157 3549 1335 3616 modo,
1367 3548 1460 3603 sed
1492 3549 1792 3603 immundas
1822 3549 1943 3604 red-

352 3643 502 3698 dunt.
536 3642 664 3696 Nam
696 3642 785 3712 qui
835 3641 935 3696 ista
973 3649 1224 3706 narrant,
1258 3639 1440 3692 fimum
1474 3641 1524 3694 in
1555 3654 1710 3694 aures
1738 3647 1943 3694 vestras

354 3734 614 3801 injiciunt.
658 3734 734 3788 Ac
755 3733 894 3802 quod
915 3730 1169 3787 barbarus
1188 3730 1277 3786 ille
1292 3731 1713 3786 comminabatur
1727 3729 1941 3786 dicens:

353 3826 632 3880 Comedetis
656 3835 844 3878 stercus
883 3833 1115 3887 vestrum,
1147 3833 1250 3877 etc.
1285 3823 1304 3892 (
1335 3821 1460 3876 Isai.
1490 3821 1577 3876 56.
1606 3821 1710 3892 I2)
1743 3840 1755 3876 :
1782 3821 1859 3876 sic
1888 3829 1942 3875 et

353 3918 438 3972 isti
469 3933 572 3972 non
601 3917 784 3981 verbo,
816 3915 908 3970 sed
935 3915 1185 3984 operibus
1213 3929 1277 3968 eo
1301 3929 1396 3968 vos
1421 3913 1706 3976 deducunt,
1737 3921 1795 3966 ut
1824 3911 1940 3966 lucc

352 4007 692 4071 Sustineatis;
725 4006 831 4059 imo
857 4014 909 4059 et
942 4005 1095 4074 longe
1121 4004 1350 4074 gravius.
1382 4003 1588 4057 Etenim
1619 4002 1707 4055 illa
1732 4001 1938 4057 cantica

353 4099 436 4153 his
477 4099 633 4167 longe
677 4095 898 4151 foediora
929 4103 1055 4148 sunt
1097 4111 1110 4147 :
1155 4093 1399 4163 quodque
1427 4093 1661 4147 deterius
1685 4099 1796 4155 est,
1833 4106 1938 4146 non

353 4188 511 4244 modo
535 4187 649 4242 haec
678 4186 901 4240 moleste
933 4199 1039 4237 non
1070 4184 1246 4248 fertis,
1278 4182 1372 4237 sed
1399 4183 1557 4236 etiam
1586 4180 1788 4246 ridetis,
1818 4195 1938 4235 cum

351 4288 622 4351 oporteret
648 4277 915 4334 exsecrari
947 4291 1009 4330 ac
1043 4275 1242 4344 fugere.
1273 4274 1424 4342 Quod
1457 4273 1502 4328 si
1525 4273 1638 4328 haec
1666 4272 1940 4327 abomina—

352 4372 477 4431 bilia
504 4387 608 4425 non
637 4377 779 4433 sunt,
808 4366 1071 4423 descende
1102 4367 1152 4419 in
1181 4365 1526 4429 orchestram,
1562 4365 1769 4418 imitare
1797 4362 1939 4431 quod

352 4463 567 4528 laudas;
615 4463 721 4516 imo
746 4461 829 4515 adi
861 4475 980 4514 eum
1003 4459 1092 4528 qui
1121 4458 1260 4512 ltunc
1287 4458 1450 4512 risum
1477 4457 1691 4512 excitat.
1743 4456 1938 4511 Verum

353 4555 405 4610 id
435 4568 717 4623 numquam
746 4552 918 4606 facere
945 4551 1108 4605 ausis.
1140 4550 1245 4605 Cur
1267 4564 1395 4619 ergo
1422 4549 1496 4602 illi
1525 4558 1725 4602 tantum
1754 4548 1940 4603 tribuis

355 4645 656 4698 honorem?
680 4643 838 4710 Atqui
868 4642 1176 4696 Graecorum
1210 4639 1353 4710 leges
1378 4639 1677 4708 descriptae,
1712 4638 1828 4693 illos
1854 4639 1937 4692 in-

350 4736 519 4789 fames
550 4734 730 4788 haberi
763 4732 947 4786 volunt
978 4750 991 4785 :
1021 4740 1076 4785 tu
1115 4747 1244 4786 vero
1285 4731 1404 4786 illos
1434 4746 1554 4785 cum
1586 4739 1696 4785 tota
1724 4730 1938 4786 civitate

351 4827 545 4894 recipis
566 4864 580 4889 ,
626 4824 776 4893 quasi
805 4823 1004 4892 legatos
1031 4823 1046 4852 ί
1077 4832 1129 4876 et
1156 4823 1320 4877 duces
1340 4863 1353 4886 ,
1386 4835 1677 4891 omnesque
1704 4835 1896 4876 evocas
1918 4861 1933 4886 ,

352 4927 410 4971 ut
458 4917 636 4968 limum
681 4914 733 4967 in
773 4913 990 4966 auribus
1031 4912 1311 4981 accipiant.
1375 4913 1451 4966 Ac
1494 4925 1680 4966 servus
1723 4911 1936 4981 quidem

353 5022 492 5074 tuus,
523 5009 565 5063 si
599 5006 722 5077 quid
753 5014 936 5074 turpe,
970 5014 1020 5058 te
1049 5004 1326 5066 audiente,
1359 5003 1620 5072 loquatur,
1651 5004 1794 5058 mille
1820 5003 1936 5073 pla-

349 5117 444 5172 gas
470 5100 698 5169 accipit;
727 5106 780 5151 et
806 5098 847 5151 si
883 5096 1019 5148 filius
1039 5137 1052 5157 ,
1082 5095 1123 5148 si
1156 5109 1306 5159 uxor,
1333 5094 1378 5147 si
1409 5095 1648 5164 quisquis
1671 5095 1808 5149 alius
1835 5094 1937 5149 hoc

353 5195 506 5248 l'aciat
529 5233 544 5259 ,
576 5206 687 5245 rem
728 5189 870 5243 illam
903 5201 1059 5241 vocas
1088 5185 1461 5240 contumeliam
1494 5202 1505 5236 :
1533 5185 1577 5239 si
1609 5201 1736 5240 vero
1764 5184 1938 5238 homi-

352 5301 446 5340 nes
477 5284 798 5338 verberones
831 5289 879 5333 et
920 5277 1108 5347 objecti
1151 5285 1201 5329 te
1225 5284 1455 5340 vocent,
1490 5285 1544 5329 ut
1576 5276 1744 5343 turpia
1776 5275 1934 5329 verba

352 5377 556 5441 audias,
590 5389 694 5428 non
726 5371 886 5427 modo
915 5385 1018 5424 non
1048 5367 1359 5438 indignaris,
1389 5367 1482 5422 sed
1509 5368 1667 5422 etiam
1696 5365 1893 5436 gaudes
1917 5409 1931 5432 ,

354 5467 553 5519 laudas.
583 5464 784 5534 Ecquid
813 5462 937 5517 huic
963 5460 1244 5514 dementize
1267 5474 1362 5526 par
1384 5457 1611 5512 fuerit'?
1634 5457 1738 5510 Sed
1764 5457 1934 5526 turpia

356 5541 719 5626 hujuscemodi
765 5569 869 5608 non
913 5551 1181 5621 loqueris?
1228 5549 1427 5619 Ecquid
1469 5548 1591 5602 hinc
1622 5548 1796 5602 lucri?
1825 5547 1934 5600 Imo

418 5686 681 5752 torridam,
705 5685 840 5752 quasi
863 5684 1176 5752 consiliarios.
1291 5744 1302 5752 ,
1448 5743 1476 5752 _,
1591 5743 1599 5750 ,
1690 5744 1707 5752 ,
1796 5742 1804 5749 .

416 5750 440 5778 "
469 5742 684 5803 Sontutlli
705 5742 888 5797 habent
914 5761 925 5796 :
953 5745 1133 5810 Ecquid
1155 5745 1244 5796 hac
1268 5743 1506 5795 dementia
1519 5743 1655 5805 pejus
1677 5742 1821 5800 fuerit
1846 5742 1870 5792 ἔ)

1192 335 1255 390 IN
1295 335 1698 393 {\IATTIIIEUM
1737 335 1966 393 IIOI‘IIL.
2007 335 2272 391 XXXVII.
2313 339 2384 392 aI.
2427 337 2715 395 XXXVIII.

3542 352 3656 406 ωδ

2064 463 2192 502 vero
2213 449 2352 505 unde
2373 449 2570 520 liqueat
2591 460 2641 506 te
2663 465 2766 506 non
2788 453 2968 522 loqui?
2989 454 3044 510 Si
3066 456 3206 510 enim
3230 457 3343 514 haec
3361 475 3647 532 numquam

2063 536 2368 606 proferres,
2403 554 2506 594 non
2548 541 2754 596 rideres
2795 543 3018 598 audiens
3041 585 3056 610 ,
3089 562 3260 616 neque
3301 557 3449 605 tanto
3473 553 3648 608 studio

2061 641 2307 683 curreres
2333 629 2398 683 ad
2429 645 2614 685 vocem
2642 647 2760 702 quae
2789 641 2840 686 te
2865 633 3128 691 dedecore
3152 637 3332 692 afﬁcit.
3384 642 3474 697 Dic
3504 645 3645 699 enim

2063 717 2190 771 mihi
2219 759 2232 782 ,
2259 719 2530 788 gaudesne
2559 722 2780 777 audiens
2819 723 3216 794 blasphemiae?
3245 743 3420 784 annon
3446 732 3642 786 exhor-

2060 808 2245 881 reseis,
2270 816 2325 864 et
2347 825 2504 865 aures
2527 811 2805 866 obstruis?
2835 815 2946 884 Ego
2970 825 3116 871 certe
3136 817 3187 871 id
3210 828 3356 887 puto.
3379 819 3488 875 Cur
3510 822 3647 878 hoc?

2058 897 2189 964 Quia
2229 906 2285 954 tu
2325 916 2610 971 numquam
2649 902 3004 972 blasphemas.
3051 905 3280 976 ldipsum
3312 909 3470 966 facito
3502 914 3644 968 circa

2058 991 2230 1060 turpia
2259 991 2353 1046 illa
2383 993 2566 1048 verba.
2614 995 2682 1048 Et
2709 995 2754 1049 si
2778 995 2856 1050 vis
2886 996 3040 1052 nobis
3066 997 3208 1054 clare
3237 999 3639 1068 demonstrare,

2058 1090 2112 1136 te
2132 1097 2236 1136 non
2259 1085 2495 1154 gaudere
2515 1085 2640 1140 dum
2664 1087 2834 1158 turpia
2854 1088 3120 1154 dicuntur,
3143 1107 3212 1146 ne
3229 1093 3411 1149 auditu
3430 1095 3642 1164 quidem

2059 1171 2147 1226 illa
2171 1175 2330 1230 feras.
2364 1176 2710 1241 Quandonam
2737 1180 2934 1248 probus
2961 1181 3041 1234 vir
3063 1196 3184 1237 esse
3211 1185 3429 1252 poteris,
3461 1187 3525 1241 in
3544 1187 3643 1243 hu-

2052 1263 2291 1332 jusmodi
2313 1269 2554 1337 turpibus
2580 1270 2857 1325 audiendis
2877 1272 3174 1329 enutritus?
3197 1277 3532 1345 quandonam
3554 1296 3644 1334 ca-

2056 1356 2254 1413 stitatis
2282 1359 2507 1414 sudores
2544 1360 2685 1415 ferre
2726 1362 2926 1430 poteris
2947 1403 2963 1427 ,
2992 1363 3071 1418 sic
3108 1365 3357 1434 paulatim
3393 1368 3641 1426 dililuens

2054 1461 2120 1502 ex
2163 1448 2274 1504 risu
2297 1491 2312 1518 ,
2344 1451 2586 1507 cantibus
2607 1492 2624 1518 ,
2655 1461 2710 1506 et
2757 1453 2933 1508 verbis
2959 1453 3266 1512 obscmnis?
3305 1458 3438 1514 Nam
3481 1463 3525 1515 si
3552 1463 3638 1516 vix

2055 1539 2231 1594 anima
2256 1579 2270 1604 ,
2302 1555 2420 1609 quae
2444 1540 2512 1595 ab
2540 1541 2625 1596 bis
2651 1543 2899 1598 omnibus
2920 1558 2982 1598 se
3011 1559 3195 1614 puram
3220 1560 3398 1604 servat
3419 1589 3434 1614 ,
3465 1559 3641 1619 potest

2056 1643 2176 1684 esse
2203 1629 2422 1686 honesta
2452 1641 2503 1686 et
2534 1641 2697 1699 casta,
2725 1641 2924 1703 quanto
2945 1635 3120 1689 minus
3145 1637 3340 1705 poterit
3365 1653 3487 1708 qua:
3525 1639 3640 1696 haec
3683 1664 3686 1666 ν

2053 1719 2239 1776 audire
2262 1721 2436 1777 solet?
2463 1726 2544 1776 An
2571 1722 2805 1788 nescitis,
2837 1738 2934 1779 nos
2953 1725 3021 1778 ad
3051 1726 3339 1795 nequitiam
3361 1729 3664 1798 proniores-

2053 1814 2212 1870 esse?
2234 1813 2369 1869 Cum
2394 1823 2570 1869 autem
2599 1815 2713 1870 haec
2739 1815 2794 1870 in
2821 1825 2990 1871 artem
3012 1826 3065 1872 et
3088 1831 3222 1888 opus
3241 1831 3634 1886 convertamus,

2053 1905 2322 1972 quomodo
2364 1905 2632 1960 fornacem
2680 1905 2824 1959 illam
2869 1905 3101 1976 etl‘ugere
3146 1910 3478 1977 poterimus?
3521 1911 3635 1966 Non

2052 1994 2244 2048 audisti
2264 1995 2390 2063 quid
2414 1995 2543 2050 dicit
2563 1995 2776 2063 Paulus,
2809 1995 3038 2052 Gaudete
3059 1998 3110 2051 in
3133 1997 3350 2054 Domino
3377 2000 3634 2072 (Philipp.

2051 2084 2106 2138 4.
2132 2084 2246 2155 4)?
2268 2084 2383 2140 Non
2411 2084 2564 2154 dixit,
2597 2085 2654 2140 In
2683 2086 2913 2142 diabolo.

2125 2175 2174 2231 6.
2214 2175 2549 2232 Theatrorum
2574 2179 2865 2248 spectacula
2896 2195 3049 2251 quam
3075 2180 3320 2236 damnosa
3355 2193 3406 2238 et
3445 2186 3632 2256 turpia.

2051 2265 2365 2332 —Quando
2392 2268 2550 2337 igitur
2571 2267 2757 2323 audire
2787 2269 3004 2323 Paulum
3044 2271 3278 2340 poteris?
3321 2271 3545 2338 Quando
3583 2276 3635 2330 in

2051 2369 2265 2410 sensum
2306 2357 2491 2411 venire
2541 2365 2878 2427 peccatorum
2905 2397 2920 2423 ,
2961 2360 3049 2428 qui
3099 2375 3164 2414 ex
3205 2364 3508 2430 spectaculo
3546 2365 3637 2420 illo

2051 2445 2230 2500 ebrius
2256 2461 2470 2516 semper
2493 2447 2596 2502 es?
2642 2447 2792 2514 Quod
2822 2448 2961 2503 enim
2992 2449 3097 2504 huc
3123 2453 3367 2521 veneris,
3405 2469 3513 2509 non
3539 2458 3638 2510 mi-

2051 2553 2170 2590 rum
2212 2553 2311 2594 nec
2355 2555 2602 2608 magnum
2640 2550 2756 2605 est;
2805 2541 2912 2595 imo
2949 2543 3126 2611 potius
3154 2543 3350 2599 mirum
3376 2554 3476 2600 est.
3521 2547 3636 2602 Iluc

2050 2629 2192 2682 enim
2227 2637 2281 2684 et
2321 2629 2557 2698 segniter
2593 2638 2647 2684 et
2685 2631 3046 2700 perfunctorie
3079 2635 3262 2701 venis;
3302 2635 3430 2692 illuc
3455 2647 3638 2694 autem

2049 2734 2245 2790 magno
2282 2720 2460 2776 studio
2488 2731 2543 2776 et
2578 2722 2758 2777 animo
2787 2725 3040 2779 accurris.
3071 2725 3233 2796 quue
3259 2729 3430 2797 palam
3459 2739 3543 2785 est
3568 2747 3632 2787 ex

2049 2809 2115 2864 iis
2141 2825 2261 2880 qua:
2290 2811 2507 2866 domum
2527 2812 2698 2868 refers
2718 2854 2733 2877 .
2760 2829 2881 2868 cum
2910 2815 3034 2870 inde
3058 2817 3285 2872 recedis.
3313 2819 3521 2875 Etenim
3549 2821 3632 2877 lu-

2049 2908 2160 2954 tum
2190 2900 2342 2956 vobis
2379 2901 2489 2957 illic
2528 2901 2760 2958 infusum
2791 2918 2888 2973 per
2916 2905 3078 2960 verba
3105 2947 3120 2971 ,
3148 2907 3352 2963 cantica
3377 2951 3393 2975 ,
3422 2910 3585 2965 risum
3615 2954 3630 2975 .

2048 2991 2240 3062 singuli
2259 2993 2477 3048 domum
2498 2995 2810 3064 reportatis;
2835 2995 2940 3050 imo
2964 3011 3067 3052 non
3095 2998 3146 3052 in
3168 2998 3384 3054 domum
3407 3010 3629 3068 tantum,

2048 3082 2142 3138 sed
2169 3083 2222 3137 in
2252 3093 2485 3140 mentem
2515 3094 2748 3141 vestram
2774 3086 3022 3142 inducitis
3051 3107 3065 3143 :
3093 3099 3148 3144 et
3171 3090 3242 3145 ab
3267 3092 3332 3146 iis
3358 3107 3478 3162 qua:
3501 3093 3632 3149 abo~

2047 3175 2340 3230 minatione
2382 3175 2542 3246 digna
2585 3191 2690 3232 non
2732 3186 2894 3245 sunt,
2938 3180 3232 3246 averteris;
3279 3182 3630 3238 abominanda

2047 3280 2176 3320 vero
2201 3279 2308 3319 non
2339 3265 2463 3320 odio
2489 3267 2670 3333 habes,
2705 3269 2813 3322 imo
2832 3267 3029 3340 diligis.
3061 3270 3204 3325 Multi
3227 3281 3373 3328 certe
3399 3288 3430 3328 a
3459 3275 3634 3343 sepul-

2046 3357 2150 3409 cris
2189 3354 2471 3410 redeuntes
2509 3370 2630 3412 sese
2665 3356 2924 3425 abluunt;
2953 3373 2984 3412 a
3016 3359 3236 3417 theatris
3270 3376 3396 3418 vero
3433 3365 3632 3420 reversi

2048 3462 2153 3500 non
2176 3455 2414 3517 gemunt,
2435 3462 2540 3504 non
2562 3449 2912 3520 lacrymarum
2935 3449 3110 3508 fontes
3130 3452 3436 3522 effundunt;
3457 3471 3633 3527 quam-

2046 3554 2206 3609 quam
2251 3547 2496 3594 mortuus
2541 3555 2647 3594 non
2692 3541 2762 3594 sit
2802 3540 3150 3598 immundus:
3189 3556 3464 3614 peccatum
3505 3563 3634 3604 vero

2050 3641 2248 3692 tantam
2279 3632 2543 3687 maculam
2571 3642 2847 3703 aspergat,
2875 3643 2934 3697 ut
2961 3649 3028 3690 ne
3056 3635 3206 3692 mille
3232 3638 3446 3708 quidem
3475 3639 3633 3695 fonti-

2045 3720 2145 3776 bus
2173 3724 2342 3793 possit
2363 3723 2528 3789 ablui,
2557 3724 2652 3779 sed
2679 3724 2807 3778 solis
2836 3724 3086 3795 lacrymis
3107 3734 3162 3781 et
3185 3727 3630 3785 confessionibus.

2044 3813 2148 3870 Sed
2179 3830 2336 3869 nemo
2363 3816 2624 3870 maculam
2652 3814 3017 3885 hujuscemodi
3043 3819 3221 3872 sentit.
3249 3819 3381 3886 Quia
3408 3821 3548 3875 enim
3570 3836 3633 3876 ea

2044 3919 2163 3974 quae
2195 3906 2426 3962 timenda
2455 3915 2635 3960 essent
2661 3923 2764 3961 non
2800 3907 3049 3961 timemus
3073 3948 3088 3971 ,
3116 3923 3220 3976 ea,
3252 3925 3369 3979 quae
3401 3911 3630 3965 timenda

2045 4014 2150 4053 non
2177 4006 2339 4065 sunt,
2369 3999 2674 4053 metuimus.
2709 3999 2840 4065 Quis
2863 4007 3043 4053 autem
3074 3999 3163 4053 ille
3192 4002 3483 4070 strepitus?
3512 4003 3632 4071 quis

2045 4090 2324 4156 tumultus,
2352 4089 2440 4158 qui
2466 4089 2687 4143 satanici
2718 4089 2985 4144 clamores
3032 4097 3087 4144 et
3114 4089 3359 4145 diabolici
3387 4091 3633 4148 habitus?

2044 4181 2192 4236 Alius
2213 4180 2424 4249 juvenis
2444 4195 2567 4235 eum
2594 4180 2698 4246 sit,
2732 4194 2938 4234 comam
2968 4188 3111 4235 retro
3133 4179 3405 4236 reductam
3430 4181 3592 4239 habet
3613 4226 3630 4250 ,

2044 4279 2099 4325 ct
2141 4280 2383 4325 naturam
2423 4270 2591 4340 ipsam
2629 4270 2914 4324 effeminat
2937 4281 3151 4340 aspectu
3175 4311 3191 4338 ,
3224 4271 3404 4327 habitu
3428 4313 3442 4338 ,
3474 4275 3635 4329 vesti-

2045 4361 2272 4428 mentis,
2303 4361 2518 4416 demum
2545 4361 2791 4416 omnibus
2810 4402 2824 4426 ,
2857 4360 3190 4432 formamque
3214 4370 3415 4418 tenerae
3443 4364 3632 4433 puellm

2045 4454 2277 4511 allectat.
2323 4455 2473 4509 Alius
2507 4469 2634 4510 vero
2661 4454 2922 4523 quispiam
2959 4469 3122 4509 senex
3148 4496 3162 4518 ,
3189 4469 3222 4510 e
3249 4455 3517 4510 contrario
3546 4470 3634 4511 ca-

2045 4547 2184 4617 pillis
2213 4547 2465 4602 novacula
2486 4546 2721 4612 ,abrasis,
2751 4545 2968 4600 renibus
2999 4545 3318 4610 succinctus,
3349 4555 3628 4615 postquam

2045 4639 2299 4709 pudorem
2343 4650 2466 4694 ante
2509 4639 2730 4709 capillos
2769 4637 3014 4702 succidit,
3047 4646 3152 4692 stat
3181 4637 3245 4692 ad
3285 4637 3464 4707 alapas
3492 4640 3637 4716 acei-I

2046 4732 2266 4802 piendas
2304 4741 2359 4787 et
2407 4731 2473 4786 ad
2515 4731 2693 4786 omnia
2731 4729 2950 4785 dicenda
3003 4729 3348 4800 faciendaque
3392 4722 3634 4814 paratus

2045 4823 2290 4879 Mulieres
2331 4831 2506 4877 autem
2552 4821 2696 4876 nudo
2735 4821 2946 4889 capite,
2988 4820 3134 4874 omni
3181 4820 3356 4874 misso
3386 4819 3586 4875 rubore
3625 4856 3644 4890 λ

2043 4923 2185 4969 stant
2207 4915 2456 4984 pepulum
2478 4912 2828 4982 alloquentes,
2855 4919 3058 4966 tantum
3079 4911 3325 4967 videlicet
3347 4911 3628 4982 impuden-

2048 5007 2133 5060 tiae
2162 5005 2397 5061 studium
2428 5004 2683 5058 habentes
2702 5042 2719 5069 ,
2747 5017 3066 5072 omnemque
3097 5003 3438 5072 petulantiam
3466 5012 3519 5058 et
3548 5004 3626 5058 la-

2045 5096 2266 5151 sciviam
2291 5096 2341 5148 iu
2368 5094 2666 5148 auditorum
2694 5092 2900 5147 animos
2924 5092 3276 5148 infundentes.
3307 5092 3439 5148 Illud
3463 5109 3621 5148 unum

2045 5187 2275 5242 studium
2306 5185 2522 5248 habent,
2553 5193 2609 5238 ut
2637 5184 2932 5238 castitatem
2960 5199 3173 5239 omnem
3205 5184 3455 5240 radicitus
3483 5185 3626 5239 evel—

2044 5279 2176 5345 lant,
2208 5290 2449 5333 naturam
2478 5277 2780 5346 deturpent,
2813 5276 2936 5330 mali
2962 5275 3220 5331 dtemonis
3247 5277 3628 5344 concupiscen~

2045 5372 2169 5425 tiam
2219 5367 2492 5439 expleant.
2548 5367 2678 5422 Nam
2730 5367 2816 5422 hic
2857 5369 3017 5422 verba
3066 5369 3315 5422 obscaena
3344 5407 3358 5426 ,
3417 5366 3624 5420 habitus

2043 5462 2288 5528 ridiculi,
2331 5470 2544 5515 tonsura
2586 5461 2812 5526 similis,
2856 5461 3132 5521 inces~us,
3175 5466 3432 5523 vestitus,
3479 5473 3579 5512 vox
3605 5499 3622 5522 .

2043 5552 2404 5606 membrorum
2432 5552 2700 5614 mollities,
2731 5552 3004 5606 oculorum
3037 5550 3381 5614 inversioncs,
3411 5549 3620 5614 ﬁstulze,

2043 5644 2200 5708 tibire,
2229 5643 2466 5698 dramata
2487 5686 2502 5709 ,
2535 5653 2866 5713 argumenta,
2899 5640 3181 5708 omniaque
3207 5639 3420 5694 demum
3447 5650 3624 5696 extre-

2041 5750 2142 5788 ntze
2174 5734 2398 5790 lasciviae
2425 5737 2574 5807 plena
2607 5745 2747 5790 sunt.
2778 5729 3122 5800 Quandonam
3142 5772 3158 5793 ,
3191 5746 3399 5800 qumso,
3436 5734 3624 5801 resipi.
