4042 6218
476 257 587 312 δεῖ

473 387 627 440 sees,
653 387 776 429 cum
806 382 1008 429 tantum
1042 372 1131 427 tibi
1158 371 1519 428 fornicationis
1543 372 1788 442 poculum
1819 369 2062 425 infundat

472 463 718 520 diabolus
736 504 751 529 ,
775 471 959 533 totque
984 463 1405 530 intemperantia:
1429 463 1624 518 calices
1649 462 1902 517 misceat?
1927 460 2057 515 Nam

472 556 585 610 illic
628 554 1044 619 fornicationes,
1088 552 1384 617 adulteria,
1428 554 1681 609 mulieres
1724 554 2054 623 prostitutae,

474 646 575 701 viri
607 645 882 705 muliebria
912 644 1176 713 patientes
1197 684 1211 709 ,
1240 644 1467 714 juvenes
1495 644 1687 699 molles
1710 683 1724 708 ,
1756 643 1931 697 omnia
1960 642 2059 697 iuiv

470 740 672 808 quitate
720 737 876 806 plena
901 776 919 802 ,
957 735 1282 805 portentosis
1325 735 1484 790 rebus
1522 749 1587 790 ac
1625 733 1895 805 prodigiis.
1939 732 2055 789 Non

470 844 600 899 ergo
623 828 693 884 de
723 827 1026 896 hujusmodi
1066 826 1225 883 rebus
1259 826 1437 882 ridere
1474 826 1720 891 sedentes
1745 834 2014 895 Oporteret
2035 865 2051 890 ,

469 921 565 976 sed
593 920 877 991 lacrymari
900 930 955 974 et
984 919 1353 988 ingemiscere.
1382 919 1517 987 Quid
1546 919 1739 989 igitur?
1766 933 1833 974 an
1860 918 2054 975 orche-

466 1023 634 1069 stram
659 1013 989 1079 claudemus,
1016 1012 1241 1081 inquies.
1267 1019 1321 1068 et
1342 1011 1493 1079 jussu
1517 1018 1610 1065 tuo
1634 1010 1811 1066 omnia
1836 1008 2057 1064 subver—

467 1104 687 1160 tantur?
731 1102 883 1161 Nunc
907 1110 1056 1158 certe
1082 1102 1261 1158 omnia
1290 1101 1544 1157 subversa
1583 1109 1726 1155 sunt.
1772 1099 2051 1157 Undenam

466 1196 507 1252 ii
548 1196 638 1265 qui
679 1195 877 1264 nuptiis
906 1194 1126 1251 insidias
1166 1193 1393 1262 parant?
1424 1207 1600 1248 nonne
1628 1192 1695 1247 ab
1722 1191 1822 1249 hac
1850 1191 2053 1247 scena?

467 1287 624 1343 Unde
662 1287 700 1343 ii
728 1286 821 1356 qui
856 1286 1117 1343 thalamos
1157 1283 1455 1343 effodiunt?
1481 1297 1661 1339 nonne
1685 1282 1754 1338 ab
1777 1281 2050 1338 orchestra

464 1380 597 1435 illa?
632 1393 810 1435 nonne
852 1378 978 1433 hinc
1012 1376 1110 1432 viri
1150 1375 1403 1432 uxoribus
1438 1384 1562 1429 sunt
1591 1373 1843 1429 molesti?
1875 1387 2052 1427 nonne

466 1471 593 1533 hinc
616 1485 647 1522 a
675 1468 805 1524 viris
830 1481 1025 1523 uxores
1054 1464 1464 1535 despiciuntur?
1492 1478 1667 1520 nonne
1696 1463 1820 1518 hinc
1856 1462 2048 1519 ηιωεὶιὶ

464 1560 725 1631 plurimi?
755 1558 939 1627 Itaque
978 1556 1073 1627 qui
1111 1555 1289 1612 omnia
1331 1554 1624 1617 subvertit,
1667 1554 1713 1608 is
1755 1553 1951 1621 estqui
1982 1551 2050 1606 ad

464 1651 733 1706 theatrum
762 1648 969 1719 pergit,
999 1648 1194 1717 quique
1218 1660 1431 1715 gravem
1462 1643 1794 1716 tyrannidem
1827 1642 2045 1697 inducit.

464 1743 829 1813 Nequaquam,
861 1739 1087 1812 inquies,
1115 1737 1209 1795 sed
1237 1738 1286 1793 id
1315 1739 1455 1795 bono
1484 1738 1659 1807 legum
1686 1736 1874 1791 ordine
1897 1735 2047 1790 insti-

464 1814 635 1897 tutum
659 1843 761 1892 est.
787 1832 922 1905 Nam
942 1831 1192 1886 mulieres
1212 1828 1477 1899 abripere,
1503 1842 1694 1898 pueros
1711 1823 2049 1882 contumeliis

463 1928 719 1985 adhibere
736 1967 752 1992 ,
784 1925 973 1981 domos
1000 1931 1242 1980 evertere
1262 1962 1277 1986 ,
1311 1921 1427 1977 haec
1454 1924 1520 1977 ad
1548 1921 1667 1976 illos
1692 1928 1934 1991 spectant
1957 1918 2048 1989 qui

462 2032 615 2073 arces
655 2024 936 2084 occupant.
986 2012 1054 2066 Et
1096 2012 1215 2081 quis
1254 2011 1495 2067 mtechus
1519 2051 1534 2076 ,
1565 2010 1771 2080 inquies
1795 2051 1811 2076 ,
1849 2025 1913 2065 ex
1964 2009 2049 2063 his

462 2106 782 2178 spectaculis
826 2104 993 2160 factus
1033 2102 1157 2160 est?
1204 2101 1317 2157 imo
1354 2101 1472 2170 quis
1515 2115 1621 2156 non
1662 2100 1944 2156 minchus?
1990 2099 2046 2155 Si

462 2200 650 2253 liceret
688 2194 1001 2250 nominatim
1034 2191 1226 2248 efferre
1248 2231 1263 2255 ,
1292 2190 1474 2248 dicere
1519 2191 1717 2261 possim
1748 2200 1878 2260 quot
1905 2189 2047 2245 viros

462 2266 579 2355 hinc
610 2287 679 2341 ab
704 2284 955 2340 uxoribus
987 2282 1370 2353 sequestrarint
1392 2322 1409 2349 ,
1436 2290 1490 2338 et
1512 2290 1643 2352 quot
1668 2282 1907 2351 captivos
1933 2294 2048 2337 me-

460 2378 684 2433 retrices
714 2376 818 2431 illa:
847 2373 1118 2444 ceperint,
1147 2387 1373 2442 quorum
1402 2372 1533 2428 alios
1560 2388 1590 2427 a
1620 2373 1882 2445 conjugali
1907 2373 2045 2429 lecto

459 2469 814 2532 abduxerunt,
836 2465 970 2525 alit»
992 2478 1059 2519 ne
1083 2477 1277 2519 uxores
1296 2462 1554 2520 ducerent
1574 2461 1883 2518 effecerunt.
1906 2463 2041 2533 Quid

458 2562 661 2634 igitur?
703 2574 887 2631 quaeso
913 2576 927 2612 :
958 2546 1171 2629 legesne
1197 2572 1383 2614 omnes
1408 2557 1751 2614 evertemus?
1793 2557 2043 2624 Quinimo

460 2653 683 2713 theatris
696 2652 899 2707 eversis
918 2651 1093 2719 legum
1110 2649 1559 2720 transgressiones
1575 2649 1886 2705 evertimus.
1908 2649 2040 2705 Nam

458 2744 547 2816 qui
583 2743 829 2797 civitates
866 2741 1247 2810 pessumdant,
1283 2755 1351 2796 ex
1391 2740 1582 2798 borum
1613 2757 1839 2799 numero
1867 2752 1991 2799 sunt
2023 2760 2036 2797 :

457 2837 586 2909 hinc
610 2837 899 2893 seditiones
926 2844 980 2891 et
1004 2834 1452 2905 perturbationes.
1492 2836 1624 2892 Nam
1651 2838 1740 2907 qui
1771 2837 1824 2891 in
1849 2837 1935 2893 his
1959 2838 2039 2893 lu-

455 2927 539 2984 dis
580 2927 824 2994 aluntur,
856 2927 1053 2996 quique
1094 2941 1280 2981 vocem
1324 2929 1526 2983 ventris
1560 2942 1717 2984 causa
1762 2930 2035 2995 vendunt,

454 3033 681 3089 quorum
698 3032 832 3087 opus
849 3017 1187 3087 ofﬁciumque
1202 3025 1284 3072 est
1301 3018 1551 3083 clamare,
1569 3028 1621 3073 et
1637 3019 1844 3088 quidvis
1859 3020 2039 3075 absur-

452 3110 581 3171 dum
610 3109 818 3175 facere;
851 3108 904 3163 hi
934 3109 1162 3163 maxime
1199 3117 1323 3163 sunt
1355 3110 1444 3178 qui
1475 3110 1695 3179 pepulos
1722 3112 1991 3167 concitant
2016 3153 2033 3179 ,

450 3201 544 3269 qui
569 3200 824 3254 tumultus
844 3198 897 3252 in
921 3199 1136 3253 urbibus
1161 3198 1378 3255 faciunt.
1400 3199 1660 3255 Juventus
1680 3201 1821 3255 enim
1841 3202 2031 3270 otiosa,

449 3292 505 3349 in
534 3290 681 3347 hisce
707 3289 862 3343 malis
889 3289 1134 3355 educata,
1163 3289 1273 3343 fera
1298 3290 1482 3358 quavis
1507 3292 1681 3345 acrior
1709 3290 1959 3346 efﬁcitur.

520 3382 576 3435 ’1.
619 3380 894 3436 Undenam
920 3421 933 3443 ,
965 3394 1147 3448 quaeso
1170 3421 1185 3444 ,
1212 3381 1665 3450 praestigiator-es?
1700 3374 1878 3439 nonne
1908 3384 2033 3439 inde

449 3471 887 3544 proﬁciscuntur,
916 3478 975 3525 ut
1002 3470 1252 3540 populum
1282 3481 1558 3527 vacantem
1586 3482 1786 3530 temere
1816 3473 2029 3529 inflam-

445 3571 616 3629 ment,
650 3561 807 3632 idque
833 3561 1026 3616 faciant
1056 3569 1205 3633 ut_ex
1238 3562 1547 3617 tumultibus
1573 3564 1853 3620 saltatores
1876 3566 2029 3621 bonis

444 3655 709 3718 fruantur,
740 3663 796 3707 et
834 3651 1147 3707 meretrices
1179 3651 1419 3706 honestis
1457 3654 1769 3709 mulieribus
1798 3656 2025 3725 impedi-

444 3752 629 3801 mento
656 3744 802 3798 sint?
830 3743 886 3799 In
931 3751 1137 3798 tantum
1162 3743 1305 3799 enim
1344 3744 1589 3800 maleﬁcii
1627 3760 1797 3815 genus
1838 3763 2027 3818 perve-

440 3838 613 3903 niunt,
635 3846 692 3890 ut
712 3842 1041 3890 mortuorum
1062 3850 1181 3891 ossa
1201 3851 1416 3892 movere
1437 3852 1543 3891 non
1557 3837 1818 3894 dubitent.
1838 3840 2025 3897 Nonne

442 3944 557 3989 meo
583 3928 705 3983 inde
737 3928 855 3982 ideo
876 3928 1140 3995 oriuntur,
1163 3928 1303 3998 quod
1329 3929 1395 3984 ad
1420 3929 1565 3985 illum
1585 3930 1781 3986 diaboli
1800 3933 2021 3989 chorum

438 4028 681 4089 sumptus
699 4021 1005 4075 innumeros
1025 4034 1338 4076 consumere
1357 4022 1652 4091 cogantur?
1670 4023 1907 4079 Lascivia
1928 4042 2021 4080 au-

438 4119 546 4166 tem
578 4108 737 4175 unde,
765 4123 974 4164 necnon
1005 4109 1141 4165 mala
1167 4110 1482 4165 innumera?
1508 4111 1694 4167 Viden’
1718 4123 1769 4169 te
1790 4130 1911 4171 csse
1929 4117 2018 4186 qui

433 4202 596 4256 vitam
622 4201 906 4255 humanam
935 4200 1132 4256 evertis
1150 4240 1167 4267 ,
1193 4201 1319 4257 dum
1344 4202 1409 4257 ad
1436 4202 1551 4263 haec
1578 4197 1878 4274 pértrahis?
1908 4208 2019 4279 Ego

433 4306 563 4355 vero
588 4306 703 4355 rem
731 4290 1108 4346 destruendam
1140 4306 1362 4348 censeo.
1382 4293 1652 4350 Tollamus
1676 4312 1804 4368 ergo
1826 4300 2018 4355 orche-

432 4390 617 4448 Stram,
647 4381 871 4451 inquies.
897 4381 1109 4457 Utinam
1131 4382 1245 4437 tolli
1268 4393 1481 4453 posset;
1506 4386 1613 4442 imo
1641 4404 1791 4457 vero,
1823 4391 1869 4445 si
1896 4392 2013 4447 vul-

431 4475 500 4529 tis
522 4516 538 4541 ,
571 4474 712 4544 quod
741 4473 808 4528 ad
838 4482 1072 4528 nostram
1103 4483 1305 4545 partem
1335 4478 1558 4545 attinet,
1592 4480 1701 4549 jam
1728 4483 1933 4539 sublata
1958 4495 2013 4541 et

428 4565 685 4621 subversa
710 4574 812 4619 est.
844 4566 1091 4621 Attamen
1122 4580 1228 4620 non
1255 4566 1355 4621 hoc
1380 4567 1562 4636 jubco.
1594 4570 1833 4628 Stantem
1865 4574 2009 4631 illam

428 4668 533 4708 non
577 4655 961 4724 frcquentatam
1006 4654 1251 4722 reddite,
1294 4672 1413 4727 qua:
1458 4658 1629 4729 major
1667 4661 1784 4719 laus
1824 4675 2005 4733 esset,

427 4759 583 4815 quam
600 4743 833 4801 diruere.
856 4746 909 4802 Si
933 4761 1036 4803 non
1053 4746 1207 4814 alios,
1228 4747 1483 4811 barbaros
1498 4751 1683 4806 Saltem
1703 4754 2004 4824 imitamini,

1257 258 1313 313 S.
1352 256 1629 312 JOANNIS
1664 251 2139 311 CHRYSOSTOMI
2180 254 2498 316 ARCIIIEP.
2540 258 3077 318 CONSTANTINOP.

3642 271 3723 324 iis

2167 371 2256 441 qui
2286 370 2587 441 hujusmodi
2614 372 2900 445 spectaculi
2924 369 3249 441 turpitudine
3274 386 3477 430 carent.
3501 378 3628 446 Quae
3644 396 3723 437 no-

2164 460 2247 516 bis
2276 460 2433 531 igitur
2455 460 2706 530 deinceps
2734 463 3006 517 excusatio
3037 463 3137 519 erit
3160 505 3176 527 ,
3204 478 3323 519 cum
3362 481 3461 521 nos
3498 470 3725 527 celerum

2163 551 2341 616 cives,
2389 550 2811 610 Cherubinorum
2850 552 3017 606 choro
3056 551 3344 625 adscripti,
3388 560 3684 628 angelorum
3708 570 3727 595 ³

2163 652 2441 699 consortes
2460 684 2475 707 ,
2498 643 2741 702 barbaris
2770 644 2868 700 hac
2899 646 2951 699 in
2980 662 3037 701 re
3067 647 3274 717 pejores
3297 651 3470 706 simus
3489 693 3503 717 ,
3532 668 3647 707 cum
3672 656 3726 709 li-

2161 742 2282 787 ceat
2310 743 2591 789 sexcentas
2616 734 2748 789 alias
2778 734 2859 789 his
2886 736 3117 805 majores
3141 738 3438 807 voluptates
3469 744 3728 810 reperire?

2161 824 2216 881 Si
2243 824 2323 879 vis
2347 825 2487 880 enim
2518 827 2752 880 animum
2784 841 3029 882 recreare
3055 869 3069 890 ,
3098 828 3231 884 vade
3266 830 3332 885 ad
3368 834 3606 901 pomaria
3628 877 3642 901 ,
3671 836 3728 890 ad

2160 917 2400 982 ﬂuvium,
2424 916 2494 974 ad
2518 929 2736 987 stagna:
2764 918 2947 973 hortos
2973 922 3358 990 contemplare,
3389 924 3601 980 cicadas
3625 926 3730 982 audi

2157 1017 2445 1076 uiuentes;
2485 1021 2778 1082 martyrum
2809 1012 3049 1082 sepulcra
3080 1013 3355 1084 frequenta
3384 1057 3398 1079 ,
3433 1016 3520 1069 ubi
3551 1033 3727 1088 corpo-

2158 1101 2232 1155 ris
2257 1100 2506 1156 valetudo
2526 1140 2541 1168 ,
2587 1101 2779 1157 anima:
2817 1102 3051 1171 utilitas,
3096 1104 3333 1174 nihilque
3360 1106 3577 1176 damni,
3606 1110 3730 1166 nulla

2158 1201 2277 1263 post
2307 1193 2500 1249 factum
2530 1194 2863 1263 paenitentia,
2893 1204 2950 1250 ut
2980 1206 3099 1265 post
3128 1197 3217 1251 illa
3247 1200 3571 1266 spectacula.
3599 1200 3725 1256 Uxo-

2156 1298 2270 1338 rem
2298 1283 2463 1341 habes
2482 1292 2535 1338 et
2555 1282 2692 1339 ﬁlios
2713 1301 2726 1337 ε
2751 1300 2869 1355 qua:
2895 1286 3138 1357 voluptas
3163 1287 3281 1343 huic
3314 1303 3409 1357 par
3429 1290 3555 1343 est?
3575 1290 3729 1346 Habes

2156 1374 2371 1429 domum
2399 1384 2455 1430 et
2481 1375 2681 1430 amicos
2711 1392 2723 1429 :
2759 1376 2871 1431 haec
2894 1375 3148 1446 jucunda,
3176 1387 3368 1433 etcum
3393 1385 3727 1450 temperantia

2154 1480 2403 1536 magnum
2443 1465 2648 1519 lucrum
2692 1466 2918 1534 pariunt.
2972 1466 3108 1539 Quid
3149 1470 3323 1534 enim,
3354 1486 3537 1540 qureso
3565 1514 3580 1536 ,
3622 1472 3730 1528 ﬁliis

2150 1556 2473 1625 jucundius?
2499 1556 2624 1625 quid
2661 1572 2825 1611 uxore
2854 1557 3059 1611 dulcius
3096 1558 3159 1612 iis
3179 1599 3193 1622 ,
3223 1560 3313 1628 qui
3344 1562 3619 1617 continere
3645 1576 3729 1619 vo-

2156 1646 2307 1700 lunt?
2329 1646 2522 1701 Fertur
2548 1647 2895 1702 barharorum
2918 1648 3114 1704 dictum
3144 1650 3472 1721 philosophia
3502 1654 3727 1723 plentun.

2154 1736 2284 1791 Nam
2310 1737 2379 1793 de
2410 1736 2628 1792 theatris
2656 1738 2760 1791 illis
2786 1738 3001 1810 iniquis,
3026 1749 3078 1794 et
3104 1739 3170 1795 de
3200 1742 3500 1810 importuna
3536 1745 3623 1800 illa
3647 1763 3732 1802 voc

2153 1828 2353 1894 luptate
2390 1828 2669 1883 audientes
2708 1828 2957 1884 dicebant
2990 1848 3005 1884 :
3041 1830 3267 1885 Romani
3310 1847 3373 1887 ac
3416 1834 3459 1888 si
3506 1834 3644 1890 ﬁlios
3681 1849 3731 1893 et

2154 1933 2347 1974 uxores
2376 1934 2481 1973 non
2526 1919 2815 1986 haberent,
2859 1919 2953 1974 has
2993 1924 3364 1991 excogitavere
3392 1924 3727 1994 voluptates:

2151 2008 2343 2079 quibus
2370 2008 2674 2075 ostendunt,
2706 2009 2834 2064 nihil
2863 2009 3070 2065 dulcius
3094 2026 3215 2067 esse
3247 2012 3368 2067 ﬁliis
3398 2022 3450 2068 et
3473 2030 3659 2082 uxore,
3687 2019 3729 2073 si

2150 2102 2268 2171 quis
2296 2101 2517 2157 honeste
2542 2102 2718 2156 vivere
2745 2101 2887 2156 velit.
2916 2102 3053 2168 Quid
3084 2118 3212 2173 ergo
3237 2104 3281 2158 si
3310 2106 3587 2161 ostendam
3609 2150 3623 2170 ,
3650 2110 3728 2163 in-

2150 2194 2320 2262 quies,
2346 2192 2478 2247 nihil
2498 2193 2675 2247 damni
2697 2208 2765 2247 ex
2796 2191 2897 2247 hac
2922 2192 3217 2263 frequentia
3245 2200 3559 2267 emergere?
3578 2200 3732 2256 Certe

2150 2283 2235 2339 vel
2262 2281 2363 2337 hoc
2389 2282 2561 2353 ipsum
2588 2283 2839 2339 damnum
2858 2294 2961 2351 est,
2985 2285 3099 2341 sine
3124 2302 3284 2342 causa
3304 2302 3367 2342 ac
3384 2298 3583 2344 temere
3606 2298 3732 2345 tem-

2148 2390 2248 2444 pus
2287 2374 2595 2439 insumere,
2640 2383 2695 2430 et
2732 2376 2850 2431 aliis
2888 2375 3207 2432 ofi‘endiculo
3236 2394 3376 2434 esse.
3420 2378 3553 2433 Nam
3596 2381 3641 2435 si
3680 2391 3732 2435 tu

2147 2468 2398 2523 damnum
2429 2484 2535 2523 non
2564 2466 2805 2538 patiaris,
2837 2468 2998 2523 alium
3028 2469 3186 2538 hujus
3214 2472 3504 2541 spectaculi
3531 2472 3731 2527 studio-

2146 2559 2341 2614 siorem
2366 2557 2565 2613 reddis.
2587 2557 2865 2627 Quomodo
2886 2568 3062 2614 autem
3084 2560 3334 2614 damnum
3355 2577 3458 2615 non
3490 2564 3729 2631 patiaris,

2145 2649 2233 2718 qui
2262 2647 2465 2719 praebes
2496 2646 2579 2701 his
2604 2647 2923 2717 spectaculis
2952 2649 3331 2705 occasionem?
3360 2650 3495 2705 Nam
3524 2654 3730 2721 praesti-

2144 2740 2335 2808 giator,
2369 2747 2651 2808 corruptus
2681 2753 2846 2807 puer,
2877 2737 3162 2793 fornicaria
3193 2739 3403 2805 mulier,
3434 2756 3732 2811 omnesque

2146 2828 2223 2883 illi
2249 2828 2494 2883 diabolici
2525 2827 2673 2883 chori
2703 2829 2757 2883 in
2783 2837 2943 2899 caput
2969 2837 3115 2883 tuum
3146 2844 3361 2885 causam
3399 2834 3733 2902 Spectaculo-

2144 2935 2259 2974 rum
2284 2930 2551 2991 regerunt.
2571 2920 3029 2988 Quemadmodum
3046 2922 3185 2976 enim
3210 2922 3255 2978 si
3276 2933 3607 2993 spectatores
3626 2944 3731 2983 non

2142 3022 2322 3067 essent
2344 3052 2359 3078 ,
2391 3027 2489 3067 nec
2517 3022 2699 3067 essent
2739 3014 2827 3083 qui
2858 3013 3013 3069 ludos
3036 3014 3340 3085 hujusmodi
3369 3017 3689 3074 exhibcrcnt
3713 3040 3729 3075 :

2140 3106 2219 3162 sic
2256 3106 2381 3175 quia
2421 3114 2749 3174 spectatores
2789 3113 2913 3160 sunt
2938 3146 2954 3173 ,
2998 3115 3053 3162 et
3096 3108 3197 3177 ipsi
3239 3118 3512 3179 gestorum
3552 3112 3732 3183 ignem

2138 3199 2457 3268 partiuntur.
2478 3198 2657 3268 Itaque
2675 3198 2797 3253 licet
2820 3199 2935 3254 sine
2953 3200 3210 3255 castitatis
3232 3201 3513 3271 dispendio
3531 3204 3584 3259 id
3603 3220 3731 3276 age-

2139 3303 2246 3353 res,
2276 3288 2327 3343 id
2352 3287 2493 3359 quod
2518 3296 2663 3343 certe
2693 3288 2808 3343 fieri
2839 3290 3056 3359 nequit,
3089 3291 3310 3346 aliorum
3340 3304 3515 3348 tamen
3545 3296 3732 3364 perni.

2136 3380 2235 3433 ciei
2264 3392 2454 3449 graves
2481 3378 2632 3433 dabis
2662 3394 2845 3449 pinnas
2866 3421 2880 3445 ,
2908 3382 3024 3436 sive
3052 3385 3403 3451 Spectantium
3425 3426 3441 3449 ,
3466 3386 3583 3441 sive
3606 3402 3733 3456 spe-

2135 3470 2340 3525 ctacula
2391 3468 2684 3524 edentium.
2728 3471 2903 3540 Atque
2945 3472 3013 3526 ad
3057 3474 3357 3529 castitatem
3405 3477 3731 3531 servandam

2133 3563 2304 3633 majus
2332 3563 2537 3618 lucrum
2573 3562 2791 3619 fecisses
2811 3605 2827 3632 ,
2863 3560 2931 3621 si'
2950 3566 3043 3620 illo
3072 3582 3175 3622 non
3208 3569 3468 3624 venisses.
3497 3570 3554 3626 Si
3581 3574 3729 3627 enim

2132 3665 2311 3711 castus
2341 3670 2483 3711 nunc
2512 3670 2572 3711 es
2597 3696 2611 3720 ,
2642 3656 2809 3711 multo
2833 3659 3031 3714 castior
3055 3674 3202 3715 esses
3228 3661 3271 3714 si
3298 3664 3607 3730 spectacula
3634 3665 3729 3719 illa

2134 3749 2374 3805 vitasses.
2399 3749 2475 3804 Ne
2495 3749 2671 3819 itaque
2693 3750 2947 3807 inutiliter
2967 3755 3374 3823 contendamus,
3400 3774 3578 3829 neque
3602 3761 3729 3816 inu-

2129 3843 2253 3898 tiles
2274 3842 2613 3898 defensioncs
2638 3845 3022 3915 excogitemus.
3051 3846 3165 3902 Una
3198 3848 3437 3905 defensio
3469 3862 3523 3906 et
3552 3868 3729 3909 excu-

2127 3936 2262 3990 satio
2289 3944 2391 4001 est,
2419 3935 2463 3990 si
2495 3935 2756 4005 fugiamus
2786 3936 3055 3992 fornacem
3088 3938 3487 4010 Bahylonicam,
3517 3945 3565 3997 si
3603 3961 3731 4013 pro-

2125 4026 2212 4081 cul
2248 4027 2316 4081 ab
2352 4026 2599 4098 Egyptia
2636 4029 2920 4084 meretrice
2964 4029 3219 4100 degamus
3242 4074 3257 4097 ,
3287 4034 3499 4089 etiamsi
3546 4036 3733 4092 nudos

2125 4124 2371 4187 oporteat
2402 4117 2470 4171 ab
2500 4117 2591 4172 illa
2619 4117 2875 4189 elfugere.
2919 4119 2991 4174 Ita
3022 4122 3163 4175 enim
3194 4133 3249 4177 et
3278 4125 3444 4178 multa
3474 4128 3730 4182 fruemur

2123 4210 2416 4279 voluptate,
2443 4210 2765 4266 conscientia
2798 4227 2896 4268 nos
2923 4227 3027 4268 non
3057 4225 3360 4282 accusante,
3388 4229 3728 4287 praesentem

2122 4302 2282 4356 vitam
2321 4311 2466 4357 caste
2504 4317 2720 4373 agemus
2744 4344 2760 4370 ,
2801 4303 3080 4374 futuraque
3118 4305 3255 4360 bona
3295 4322 3722 4380 consequemur,

2120 4393 2291 4461 gratia
2317 4402 2372 4448 et
2400 4393 2725 4464 benignitate
2754 4393 2962 4449 Domini
3001 4397 3165 4451 nostri
3203 4396 3329 4453 Jesu
3353 4398 3598 4470 Christi,
3630 4406 3724 4457 cui

2117 4484 2285 4553 gloria
2314 4492 2368 4539 et
2393 4484 2698 4553 imperium,
2727 4500 2868 4540 nunc
2892 4496 2947 4541 et
2967 4502 3199 4557 semper,
3222 4501 3275 4545 ct
3299 4490 3352 4545 in
3383 4494 3589 4549 saecula
3615 4509 3723 4550 sx-

2116 4575 2376 4630 culorum.
2408 4576 2595 4631 Amen.

2114 4708 3582 4835 .ωὶὲῗῖἓὶ¹ὶ2ι-ῗέδιιίἳ⁸ελ⁰ἷὲῗ›”ἐῖἕξέἓᾞά⁷“εά’τί⁹ὲι.⁰ηωωλ
3606 4726 3720 4769 ⁸⁰³

429 4898 3673 4933 _—_____________._____________________________

1454 4981 1795 5046 HOMILIA
1834 4987 2190 5050 XXXVIII.
2234 4989 2321 5051 al.
2362 4989 2669 5061 XXXIX.

418 5115 547 5169 Car.
579 5115 665 5169 Il.
688 5130 740 5171 v.
767 5114 860 5170 ‘25.
890 5114 955 5169 In
979 5118 1068 5172 illo
1093 5128 1313 5189 tempore
1335 5125 1642 5193 respondens
1660 5125 1811 5183 Iesus
1833 5131 1995 5185 dixit:

488 5205 745 5274 Conﬁteor
771 5206 878 5270 tibi,
906 5206 1077 5273 Pater,
1102 5208 1314 5266 Domine
1333 5215 1445 5268 σα·ιί
1464 5223 1510 5268 et
1531 5224 1703 5283 terras,
1732 5220 1854 5287 quia
1876 5221 1996 5277 abs-

486 5298 701 5353 condisti
726 5301 834 5353 haec
852 5315 885 5352 a
909 5299 1214 5369 sapientibus
1240 5313 1287 5357 et
1318 5307 1664 5376 prudentibus,
1695 5320 1742 5365 et
1767 5314 1996 5369 ret-claui

482 5405 541 5442 ea
575 5389 819 5459 parvulis.
860 5389 952 5446 36.
996 5390 1083 5444 Ita
1106 5434 1120 5457 ,
1161 5391 1335 5459 Pater,
1370 5398 1489 5465 quia
1523 5400 1716 5471 sicfuit
1752 5404 1993 5473 placitum

479 5489 597 5535 ante
619 5490 687 5535 te.

481 5572 531 5623 l.
551 5570 685 5627 Vide
712 5581 843 5642 quot
870 5574 1185 5644 quantisque
1211 5576 1384 5631 modis
1412 5578 1529 5633 illos
1556 5582 1621 5636 ad
1644 5583 1797 5639 ﬁdem
1822 5586 1988 5643 dedu-

406 5666 512 5730 cat.
541 5660 719 5727 Primo
743 5702 757 5730 ,
791 5678 882 5733 per
907 5664 1124 5722 Joannis
1156 5666 1355 5725 laudes.
1382 5667 1515 5725 Nam
1545 5685 1663 5729 cum
1695 5678 1986 5735 ostenderit

2101 5148 2226 5189 eum
2264 5147 2512 5203 magnum
2548 5133 2955 5207 mirabilemque
2980 5152 3100 5194 esse
3122 5180 3136 5205 ,
3160 5140 3278 5209 ejus
3303 5142 3451 5201 dicta
3474 5155 3535 5202 et
3561 5146 3715 5203 facta

2105 5222 2211 5278 ﬁde
2239 5223 2398 5293 digna
2428 5238 2547 5279 esse
2574 5226 2817 5294 probavit
2836 5268 2852 5295 ,
2882 5242 2980 5297 per
3008 5245 3126 5299 quae
3156 5231 3274 5287 illos
3298 5233 3363 5288 ad
3394 5235 3479 5290 sui
3505 5239 3715 5309 cogni-

2103 5314 2297 5369 tionem
2316 5316 2552 5371 attraxit.
2576 5316 2842 5386 Secundo,
2868 5320 3009 5390 quod
3034 5321 3247 5389 dixerit,
3278 5323 3510 5395 Regnum
3540 5332 3712 5384 celo-

2099 5422 2213 5461 rttm
2237 5406 2337 5463 vim
2372 5409 2585 5477 patitur,
2616 5419 2663 5464 et
2690 5411 2894 5466 violasti
2926 5414 3132 5482 rapiunt
3169 5416 3301 5469 illud
3326 5417 3345 5489 (
3370 5417 3558 5474 Matth.
3604 5424 3711 5477 tt.

2101 5496 2221 5566 12).
2256 5497 2368 5553 [loc
2410 5500 2550 5553 enim
2591 5502 2859 5558 incitantis
2886 5513 2939 5558 ct
2974 5504 3295 5573 impellentis
3334 5518 3438 5563 est.
3471 5509 3712 5578 Tertio,

2097 5590 2236 5659 quod
2263 5590 2709 5648 demonstraverit
2741 5595 3113 5664 prophetarum
3148 5597 3287 5653 dicta
3324 5602 3507 5655 omnia
3539 5617 3711 5657 como

2096 5682 2233 5755 picta
2259 5699 2397 5741 esse.
2427 5683 2559 5740 Nam
2591 5684 2713 5757 hinc
2753 5687 3055 5754 declaratur
3082 5691 3253 5761 ipsum
3283 5691 3351 5746 ab
3376 5691 3482 5765 illis
3522 5693 3715 5751 fuisse
