4042 6218
401 381 502 434 129

401 491 827 559 prantuntiatum.
849 490 1066 553 Quarto,
1083 484 1224 554 quod
1242 483 1534 538 ostenderit
1552 482 1727 536 omnia
1741 478 1807 531 ab
1824 492 1881 532 se
1898 475 1976 529 fa-

398 595 477 636 cta
502 597 619 636 esse
635 596 752 651 qua:
775 581 884 634 lieri
902 577 1197 646 Oportebat,
1217 575 1429 645 quando
1447 580 1502 628 et
1522 586 1802 641 puerorum
1828 583 1978 638 para-

400 672 571 725 bolam
595 671 926 724 memoravit.
943 668 1158 735 Quinto,
1177 681 1294 717 cum
1315 661 1598 718 incredulis
1617 659 1974 728 exprobravit,

400 763 688 815 terroribus
700 771 856 830 alque
873 760 1030 812 minis
1045 757 1163 810 addi
1174 757 1256 810 tis.
1275 755 1455 815 Sexto,
1474 768 1591 807 cum
1613 767 1706 822 pro
1719 749 1978 805 credentiv

399 850 496 903 ltus
516 850 710 919 gratias
730 851 855 919 agit.
880 848 1007 902 Nam
1028 847 1176 909 illud,
1194 843 1567 912 Conﬁteortibi,
1596 841 1678 895 ltic
1691 840 1970 907 signiﬁcat,

396 941 604 995 Gratias
629 955 728 1009 ago
758 940 847 992 tibi
870 955 883 994 ε
909 938 1118 992 Gratias
1146 951 1266 1005 ago,
1291 935 1478 1002 inquit,
1512 933 1643 1000 Quia
1673 927 1977 982 abscondisti

396 1033 544 1086 [iteca
559 1032 865 1100 sapientibus
887 1041 930 1084 et
948 1029 1291 1099 prudentibus.
1311 1024 1444 1091 Quid
1471 1023 1666 1092 igitur?
1682 1037 1746 1074 att
1770 1020 1835 1073 de
1855 1035 1973 1086 per-

395 1123 534 1176 nicie
560 1121 786 1191 gaudet,
817 1128 868 1174 et
894 1119 1032 1190 quod
1063 1119 1137 1172 illi
1165 1117 1279 1172 b;rc
1307 1113 1588 1170 noverint?
1614 1113 1856 1166 Minime:
1880 1109 1974 1166 sed

396 1214 512 1268 Itatc
531 1222 614 1268 est
635 1212 821 1267 salutis
847 1214 930 1265 via
957 1211 1177 1278 optima,
1206 1219 1261 1263 ut
1288 1209 1374 1277 qui
1404 1215 1680 1276 respuunt,
1708 1214 1764 1258 et
1793 1204 1976 1256 ttolttnt

395 1320 458 1360 ea
473 1319 591 1375 quae
605 1304 848 1358 dicuntur
863 1304 1150 1371 suscipere,
1169 1301 1312 1354 nullo
1327 1309 1478 1368 pacto
1490 1309 1766 1368 cogantur,
1782 1304 1837 1351 ttt
1850 1298 1972 1369 quia

394 1395 566 1448 vocati
590 1410 695 1448 non
721 1393 972 1447 meliores
994 1392 1114 1445 lacti
1153 1400 1295 1452 sunt,
1319 1391 1412 1445 sed
1435 1391 1732 1446 reciderunt
1762 1401 1815 1445 et
1842 1405 1974 1444 con-

396 1491 745 1554 tempserunt,
762 1483 902 1551 quod
920 1498 977 1536 se
993 1483 1218 1551 rejectos
1234 1483 1470 1546 videant,
1490 1482 1540 1534 itt
1560 1482 1746 1534 boruut
1767 1480 1974 1536 deside-

394 1575 530 1628 rium
549 1571 899 1628 adducantur.
921 1572 994 1626 lta
1012 1573 1152 1626 enim
1180 1573 1237 1638 ii,
1259 1573 1349 1642 qui
1375 1572 1608 1626 animum
1635 1571 1971 1636 adhiberent,

395 1663 742 1717 studiosiores
772 1663 929 1717 l'uturi
960 1672 1131 1717 erant.
1162 1662 1292 1716 Nam
1321 1664 1461 1732 quod
1485 1678 1545 1716 ea
1572 1663 1701 1731 ipsis
1723 1664 1970 1716 revelen-

395 1762 501 1818 tur,
525 1753 575 1808 id
601 1754 722 1823 jure
745 1754 992 1824 gaudium
1026 1754 1194 1823 pariat
1220 1771 1233 1808 :
1260 1753 1401 1823 quod
1431 1768 1558 1808 vero
1583 1752 1974 1807 abscondantur

397 1843 518 1909 illis,
549 1860 652 1896 non
675 1844 889 1913 gaudio,
919 1845 1010 1898 sed
1041 1844 1289 1914 lacrymis
1319 1843 1534 1912 dignum
1562 1849 1661 1896 est.
1689 1841 1820 1895 Illud
1846 1856 1973 1895 vero

395 1934 538 1998 facit,
563 1934 687 1988 dum
716 1935 1040 2004 Iacrymatur
1068 1935 1327 1986 miserans
1351 1933 1643 1988 civitatem.
1678 1931 1790 1986 Non
1816 1932 1972 2002 igitur

395 2022 512 2076 ideo
542 2023 771 2093 gaudet,
801 2021 892 2077 sed
930 2021 1069 2092 quod
1112 2037 1172 2075 ea
1203 2037 1320 2089 qua:
1350 2021 1616 2090 sapientes
1661 2037 1764 2074 non
1802 2035 1968 2074 nove-

392 2122 535 2177 runt,
565 2113 660 2182 ipsi
691 2112 959 2176 noverint,
988 2121 1046 2164 ttt
1071 2126 1191 2165 eum
1222 2111 1350 2164 dicit
1379 2111 1570 2166 Paulus
1598 2127 1611 2162 :
1643 2109 1846 2163 Gratias
1875 2127 1970 2180 ago

394 2201 542 2268 Deo,
571 2202 806 2270 quoniam
837 2201 1002 2269 fuistis
1030 2202 1155 2254 servi
1189 2201 1379 2269 peccati
1404 2241 1418 2265 ,
1452 2200 1685 2253 obedistis
1715 2209 1881 2252 autent
1911 2215 1972 2252 ea:

393 2292 543 2345 corde
570 2293 621 2344 in
651 2308 802 2360 quant
830 2291 1004 2344 traditi
1028 2291 1144 2344 estis
1175 2293 1392 2359 formam
1419 2289 1660 2342 doctrina:
1687 2287 1706 2359 (
1728 2287 1879 2340 Rom.
1912 2289 1964 2341 6.

394 2380 519 2449 17).
545 2379 661 2434 Non
689 2396 815 2450 ergo
845 2381 1038 2434 Paulus
1065 2389 1344 2449 propterea
1375 2379 1590 2449 gaudet,
1622 2378 1761 2448 quod
1791 2387 1971 2433 essent

392 2471 530 2524 servi
559 2471 799 2541 peccati,
837 2471 930 2525 sed
969 2470 1109 2540 quod
1147 2470 1279 2524 tales
1308 2485 1427 2524 cum
1459 2477 1676 2535 essent,
1715 2477 1793 2522 tot
1831 2468 1970 2522 bona

393 2559 604 2614 tandem
640 2561 746 2614 sint
783 2561 1117 2630 consequuti.
1163 2560 1444 2629 Sapientes
1480 2570 1655 2614 autem
1701 2559 1785 2613 Itic
1816 2573 1964 2614 voc:tt

392 2650 592 2702 scribas
619 2658 672 2702 et
702 2648 1016 2703 Pbarisacos.
1049 2649 1174 2703 Ilaec
1207 2665 1364 2718 porro
1391 2649 1550 2714 dicit,
1586 2659 1642 2702 ut
1677 2649 1969 2718 discipulos

391 2739 679 2793 alacriores
699 2738 904 2802 reddat,
938 2748 991 2792 et
1011 2740 1283 2806 ostendat,
1305 2747 1499 2808 quanta
1523 2739 1836 2807 consequuti
1864 2739 1969 2792 sint

392 2830 705 2898 piscatores,
733 2842 761 2881 a
789 2828 979 2897 quibus
1009 2829 1080 2881 illi
1107 2843 1295 2882 omnes
1319 2829 1650 2884 exciderunt.
1680 2828 1812 2882 Cum
1838 2843 1968 2880 vero

390 2918 658 2984 sapientes
687 2926 835 2971 vocat
868 2917 1005 2981 illos,
1037 2933 1140 2970 non
1168 2916 1235 2972 de
1261 2932 1383 2971 vera
1407 2925 1459 2970 et
1485 2917 1727 2971 laudabili
1760 2918 1970 2984 sapien-

392 3007 459 3059 tia
488 3006 741 3074 loquitur,
764 3006 858 3060 scd
886 3005 954 3060 de
980 3007 1066 3059 illa
1093 3022 1248 3075 quam
1281 3007 1597 3059 videbantur
1621 3021 1686 3060 ex
1708 3006 1967 3075 gravitate

389 3097 721 3166 consequuti.
756 3097 956 3152 Idcirco
984 3114 1090 3151 non
1120 3097 1281 3159 dixit,
1319 3097 1583 3151 Revelasti
1612 3098 1814 3160 stultis,
1849 3095 1963 3161 sed,

395 3189 628 3242 Porculis
647 3204 666 3241 ς
689 3190 911 3242 sinceris
942 3189 1142 3243 scilicet
1165 3203 1225 3241 ac
1243 3188 1572 3256 simplicibus
1596 3207 1607 3240 :
1633 3188 1967 3256 ostenditque

390 3280 510 3333 illos
530 3295 633 3332 ttott
663 3280 832 3331 solum
855 3278 993 3346 quod
1021 3278 1164 3347 digni
1194 3295 1296 3333 non
1325 3288 1522 3341 essent,
1553 3279 1643 3330 sed
1664 3280 1781 3344 jure
1807 3279 1963 3331 etiam

387 3370 502 3424 haec
529 3385 633 3422 non
663 3384 780 3422 esse
807 3369 1026 3437 adeptos
1055 3387 1066 3421 :
1096 3383 1299 3437 nosque,
1327 3384 1418 3436 per
1447 3369 1620 3420 omnia
1649 3368 1821 3431 docet,
1855 3376 1908 3420 ttt
1937 3383 1964 3420 a

387 3459 634 3527 superbia
666 3458 925 3527 fugiamus
944 3499 958 3522 ,
988 3458 1080 3512 sed
1111 3458 1502 3526 simplicitatem
1528 3467 1811 3511 sectentur.
1845 3458 1966 3511 Ideo

388 3548 581 3602 Paulus
609 3549 721 3602 haec
749 3549 985 3618 pluribus
1010 3547 1327 3617 ampliﬁcat,
1363 3550 1431 3600 ita
1459 3549 1700 3602 scribens
1726 3563 1739 3597 :
1767 3548 1824 3600 Si
1854 3549 1966 3616 quis

387 3641 439 3692 in
465 3639 598 3694 vobis
623 3639 816 3693 videtur
831 3641 880 3692 itt
898 3639 990 3693 hoc
1010 3639 1194 3693 saeculo
1216 3641 1414 3709 sapiens
1435 3657 1559 3704 esse,
1583 3641 1626 3692 is
1651 3640 1741 3706 [iat
1759 3641 1961 3703 stultus,

387 3744 439 3784 ut
479 3733 679 3800 sapiens
714 3732 954 3801 efﬁciatur
987 3731 1076 3804 (1.
1105 3729 1221 3785 Cor.
1259 3733 1310 3784 5.
1345 3732 1468 3801 18).
1511 3731 1597 3786 Sic
1627 3732 1766 3786 enim
1796 3732 1962 3800 gratia

391 3823 478 3874 hei
511 3823 924 3875 demonstratur.
958 3821 1065 3875 Cur
1091 3830 1264 3873 autent
1297 3821 1438 3874 Patri
1467 3822 1662 3890 gratias
1690 3821 1818 3890 agit,
1843 3836 1962 3874 cunt

391 3913 495 3966 ltoc
523 3913 636 3981 ipse
670 3911 897 3965 iecerit?
928 3911 991 3965 Ut
1024 3910 1188 3963 Deum
1223 3920 1489 3978 precatur,
1525 3925 1773 3979 magnam
1800 3925 1953 3963 suam

393 4021 520 4075 erga
571 4021 668 4061 nos
707 4006 983 4060 caritatem
1018 4006 1320 4069 declarans,
1370 4005 1444 4057 sic
1468 4014 1520 4057 et
1559 4005 1759 4074 gratias
1802 4003 1951 4073 agit:

394 4113 516 4150 nam
551 4096 683 4149 illud
721 4112 929 4164 magna:
958 4096 1201 4150 caritatis
1230 4105 1312 4148 est
1352 4094 1646 4159 indicium;
1687 4103 1740 4147 et
1773 4103 1956 4146 osten-

389 4190 505 4254 tlit,
556 4192 674 4243 illos
721 4207 826 4242 non
873 4205 902 4242 a
938 4190 1117 4255 st-ipso
1156 4187 1352 4247 solunt,
1391 4186 1480 4240 sed
1527 4186 1688 4238 etiam
1721 4201 1750 4238 a
1801 4186 1957 4239 Patre

388 4280 666 4334 excidisse.
701 4278 830 4333 Nam
870 4277 1008 4348 quod
1039 4278 1173 4333 dixit
1197 4276 1469 4346 discipulis
1491 4317 1509 4344 ,
1539 4275 1711 4329 Nolite
1735 4287 1964 4329 sanctum

388 4370 509 4422 dare
538 4369 741 4421 canibus
770 4367 992 4437 (Matth.
1022 4369 1072 4419 '7.
1105 4367 1172 4439 6)
1194 4406 1208 4431 ,
1242 4367 1291 4419 id
1314 4368 1422 4435 jam
1457 4367 1600 4435 prius
1632 4365 1718 4418 ille
1744 4364 1962 4418 fecerat.

390 4464 588 4518 Deinde
607 4477 700 4532 per
715 4463 830 4517 hac
849 4461 1079 4517 ostendit
1095 4438 1148 4516 Ξῖ
1169 4475 1318 4514 suam
1341 4469 1393 4513 et
1416 4460 1584 4513 Patris
1601 4460 1924 4512 voluntatem
1947 4473 1960 4511 :

387 4572 558 4624 suam,
581 4556 720 4626 quod
744 4557 938 4627 gratias
959 4564 1078 4626 agat
1101 4563 1154 4609 et
1176 4553 1403 4624 gaudeat
1421 4551 1488 4608 de
1513 4568 1570 4606 re
1589 4560 1733 4621 gesta
1756 4568 1770 4616 ;
1795 4551 1964 4604 Patris

387 4664 534 4713 vero,
564 4656 621 4701 ttt
647 4647 910 4710 ostendat,
937 4647 1080 4700 illum
1109 4661 1213 4700 non
1243 4653 1482 4715 rogatum
1510 4643 1611 4697 boc
1634 4642 1844 4704 fecisse,
1870 4641 1963 4696 sed

385 4748 574 4808 sponte
611 4753 704 4790 sua
741 4753 807 4791 eo
843 4737 1076 4791 anintuut
1111 4737 1417 4807 appulisse;
1461 4751 1580 4789 nam
1612 4736 1721 4799 ait,
1755 4735 1843 4788 Sic
1870 4735 1964 4801 fuit

386 4830 626 4897 placitum
644 4839 758 4880 ante
780 4837 859 4890 te;
886 4828 1054 4892 idest,
1083 4829 1152 4882 Ita
1178 4829 1268 4881 tibi
1295 4827 1506 4896 placuit.
1532 4826 1638 4880 Cur
1658 4836 1834 4879 autem
1863 4826 1964 4877 illis

386 4919 693 4975 abscondita
728 4919 940 4981 fut-rint,
971 4919 1092 4972 audi
1124 4920 1344 4972 Paulum
1371 4918 1634 4972 (licentem
1666 4933 1679 4970 :
1711 4918 1963 4983 Quoniam

384 5023 657 5085 qua’rentcs
677 5014 934 5084 propriam
955 5013 1206 5081 justitiam
1230 5021 1461 5073 statuere,
1485 5011 1700 5080 justitiaz
1731 5009 1820 5063 Dei
1845 5010 1964 5063 sub-

386 5106 503 5167 iecti
541 5121 639 5161 non
680 5107 882 5175 fuerunt
910 5101 1095 5173 (Ront.
1133 5100 1216 5154 10.
1248 5101 1281 5154 5
1302 5103 1340 5170 ).
1377 5100 1651 5169 Perpende
1681 5100 1836 5168 igitur
1861 5114 1966 5168 quo

386 5196 576 5249 all'ecttt
609 5193 770 5248 fuisse
809 5192 1096 5259 discipulos
1134 5191 1419 5245 verisimile
1450 5199 1532 5246 est
1555 5232 1570 5255 ,
1606 5191 1720 5242 bare
1745 5191 1964 5243 audien-

390 5297 506 5350 tes;
539 5285 679 5354 qttod
724 5299 915 5354 nempe
951 5282 1036 5335 illa
1067 5275 1186 5350 «(ure
1223 5282 1494 5350 sapientes
1533 5296 1634 5334 non
1669 5290 1960 5344 noverant,

389 5379 485 5447 ipsi
515 5378 778 5442 noverint,
813 5376 1162 5444 noverintquc
1193 5375 1393 5443 parvuli
1427 5382 1721 5438 manentes,
1752 5373 1966 5440 Deoque

390 5469 681 5523 revelanle.
725 5468 896 5522 Lucas
949 5465 1096 5537 (Cap.
1125 5467 1211 5520 10.
1244 5483 1291 5518 υ.
1318 5466 1401 5518 17.
1435 5464 1527 5533 2|)
1555 5480 1680 5518 vero
1710 5465 1867 5529 dicit,
1915 5466 1965 5519 itt

393 5558 479 5612 illa
510 5555 656 5617 ltora,
687 5573 786 5626 qua
815 5568 1077 5612 venerunt
1102 5557 1430 5624 septuaginta
1460 5557 1763 5610 nuntiantes
1787 5558 1873 5612 illa
1901 5558 1968 5612 de

390 5649 721 5713 ducutonibus
743 5689 755 5710 ,
787 5657 910 5703 tunc
936 5648 1284 5702 exsultat-isse
1310 5657 1362 5699 et
1389 5647 1477 5700 illa
1505 5645 1703 5700 dixisse
1724 5686 1739 5708 ,
1771 5663 1887 5715 qua:
1913 5658 1970 5701 ut

393 5738 737 5794 studiosiores
787 5739 904 5794 illos
953 5739 1284 5804 reddebant,
1327 5737 1393 5791 ita
1437 5737 1502 5791 ad
1547 5735 1965 5794 moderationem

1307 373 1370 430 IN
1411 367 1814 428 MATTHIEUM
1855 363 2083 421 HOMIL.
2122 364 2407 423 XXXVIII.
2449 370 2518 424 al.
2561 371 2800 426 XXXIX.

3554 375 3654 429 130

2085 477 2454 548 disponebant.
2480 483 2609 548 Quia
2637 484 2777 538 enim
2795 486 3076 540 verisimile
3097 495 3209 540 erat
3233 488 3351 540 illos
3376 488 3535 540 altum
3562 504 3645 540 sa.

2085 584 2210 637 pere
2233 611 2247 632 ,
2279 572 2417 640 quod
2443 573 2714 629 diemonas
2754 575 3046 644 pellerent,
3091 577 3211 631 Itinc
3241 578 3361 631 illos
3391 578 3645 646 reprimit.

2085 659 2353 714 [levelatio
2375 663 2514 717 enim
2535 673 2649 718 erat
2674 664 2798 719 illud
2817 666 2956 737 quod
2982 665 3175 720 factum
3199 667 3388 733 fuerat,
3409 683 3512 721 non
3541 675 3646 719 stn-

2081 749 2153 804 dii
2179 751 2396 808 fructus.

2149 839 2202 891 2.
2234 840 2461 910 Ideoque
2487 845 2674 900 scribae
2703 856 2756 900 ct
2783 848 3076 916 sapientes,
3105 849 3194 918 qui
3224 864 3282 903 se
3310 848 3560 918 putabant
3585 863 3646 901 ex

2079 930 2268 998 seipsis
2294 933 2736 1000 prudentesessc,
2765 938 2832 992 ob
2858 949 3114 993 tumorem
3142 941 3408 1010 proprium
3436 939 3646 992 excide-

2079 1030 2220 1073 runt.
2251 1020 2303 1076 Si
2334 1023 2508 1092 itaque
2536 1026 2585 1078 id
2617 1027 2720 1082 illis
2746 1028 2864 1082 ideo
2893 1029 3256 1083 absconditum
3287 1037 3401 1094 est,
3434 1030 3646 1090 timete.

2080 1110 2280 1178 inquit,
2314 1123 2362 1167 et
2406 1116 2609 1182 parvuli
2640 1126 2866 1172 manete.
2897 1117 2951 1172 Id
2980 1119 3118 1172 enim
3151 1119 3322 1174 cll'ecit
3353 1129 3401 1171 ιιι
3441 1119 3646 1173 revela-

2080 1200 2223 1255 tione
2250 1201 2552 1258 lrueremini
2573 1247 2586 1269 ,
2618 1216 2673 1259 ιιι
2701 1223 2762 1261 ex
2785 1209 3054 1263 contrario
3077 1209 3202 1262 vitio
3228 1209 3326 1261 hac
3357 1209 3429 1262 illi
3462 1209 3648 1277 privati

2078 1297 2220 1342 sunt.
2241 1289 2372 1344 Nam
2401 1307 2518 1347 cum
2545 1295 2691 1359 dicit,
2715 1297 2982 1360 Revelasti,
3002 1314 3104 1350 non
3129 1308 3291 1351 totum
3314 1314 3378 1352 ex
3399 1299 3505 1351 Deo
3533 1312 3654 1351 esse

2077 1382 2287 1445 asserit,
2321 1383 2414 1436 sed
2443 1385 2580 1437 sicut
2604 1399 2723 1438 cum
2752 1386 2942 1440 Paulus
2967 1385 3112 1451 dicit,
3133 1386 3365 1440 Tradidit
3387 1401 3470 1440 eos
3496 1387 3545 1438 in
3573 1403 3652 1438 τε-

2078 1472 2288 1539 probum
2305 1489 2523 1539 sensum,
2544 1484 2589 1528 et
2606 1477 2866 1530 cxcwcavit
2884 1476 3261 1546 intelligentiam
3277 1493 3448 1530 eorum
3470 1475 3646 1544 (Rom.

2079 1564 2130 1617 1.
2161 1562 2266 1632 28)
2290 1602 2303 1627 ,
2334 1578 2441 1617 non
2469 1564 2617 1618 illum
2651 1565 2764 1619 bace
2790 1566 2967 1618 omnia
3009 1566 3194 1620 iecisse
3228 1565 3488 1633 signiﬁcat
3509 1605 3522 1628 ,
3557 1563 3650 1617 scd

2078 1653 2197 1707 illos
2225 1653 2313 1722 qui
2338 1667 2551 1708 causam
2579 1654 2914 1721 przebucrunt
2940 1672 2952 1707 :
2985 1654 3052 1707 ita
3078 1662 3131 1708 et
3161 1648 3646 1712 bicilludait,Abs-

2063 1740 2594 1808 condisti.Qttiacnim
2622 1744 2772 1809 dixit,
2802 1742 3055 1812 Conﬁteor
3075 1742 3181 1803 tibi.
3204 1745 3324 1813 quia
3345 1743 3652 1796 abscondisti

2076 1835 2198 1900 illis,
2221 1846 2263 1889 et
2286 1836 2513 1888 revelasti
2533 1851 2591 1888 ea
2612 1836 2850 1905 parvulis,
2879 1850 2945 1889 ne
2971 1844 3121 1903 putes
3146 1833 3315 1903 ipsum
3345 1826 3444 1886 lia’é
3462 1834 3653 1885 virtute

2077 1927 2339 1996 privatum
2363 1967 2378 1991 ,
2410 1941 2529 1980 cum
2561 1926 2689 1980 illud
2718 1925 2929 1979 cflicere
2965 1940 3070 1978 non
3107 1933 3322 1993 posset,
3351 1924 3428 1976 sic
3453 1922 3650 1991 gratias

2075 2029 2252 2084 agerc,
2276 2015 2454 2084 adjicit
2476 2033 2488 2068 :
2511 2015 2599 2067 27.
2624 2014 2803 2067 Omnia
2819 2015 2940 2066 nti/ti
2960 2014 3144 2066 tradita
3164 2022 3278 2065 sunt
3298 2028 3328 2064 a
3356 2011 3504 2062 Patre
3521 2025 3649 2060 meo.

2074 2105 2155 2160 Ad
2193 2120 2285 2159 eos
2312 2119 2437 2160 vero
2463 2107 2550 2174 qui
2584 2105 2914 2166 lmtabantur,
2942 2103 3082 2172 quod
3119 2102 3390 2156 daemones
3428 2100 3529 2153 sibi
3563 2103 3653 2168 ptr—

2075 2205 2254 2250 rerent
2273 2237 2286 2260 ,
2313 2196 2449 2262 Quid
2482 2195 2766 2260 miramini,
2797 2195 2995 2262 inquit,
3020 2194 3061 2246 si
3087 2192 3357 2246 daemones
3385 2190 3531 2245 vobis
3559 2205 3650 2243 ce-

2075 2288 2239 2342 dant?
2261 2286 2446 2341 Omnia
2477 2301 2592 2340 mea
2621 2295 2762 2347 sunt,
2795 2285 2977 2338 Omnia
3008 2285 3130 2336 mihi
3150 2284 3332 2336 tradita
3355 2292 3488 2335 sunt.
3516 2280 3649 2334 Cum

2074 2388 2252 2433 autem
2282 2379 2554 2441 audieris,
2598 2378 2730 2430 illi/ti
2769 2377 2952 2430 tradita
2994 2385 3143 2439 sunt,
3189 2375 3317 2427 ttiltil
3361 2373 3645 2426 Immanuttt

2074 2470 2378 2538 suspiceris.
2411 2469 2486 2522 Ne
2513 2468 2653 2521 enim
2679 2467 2812 2521 duos
2842 2481 2947 2520 non
2975 2466 3183 2535 genitos
3203 2463 3332 2519 deos
3354 2464 3645 2521 existimes,

2076 2561 2212 2614 hanc
2253 2561 2393 2629 ponit
2442 2561 2747 2613 dictionem.
2792 2559 2922 2612 Nam
2965 2558 3108 2627 quod
3146 2557 3304 2610 simul
3344 2555 3555 2624 genitus
3596 2563 3650 2607 et

2073 2654 2309 2706 omnium
2343 2653 2593 2704 Dominus
2620 2651 2707 2712 sit,
2737 2664 2878 2718 Stepe
2905 2650 3026 2701 alibi
3059 2646 3338 2716 signiﬁcat.

2149 2745 2194 2797 Ρ
2195 2747 2309 2798 ilius
2340 2744 2561 2814 ejusdem
2586 2759 2697 2795 cum
2729 2741 2879 2794 Patre
2903 2739 3209 2794 substantiw.
3238 2735 3466 2791 Marcion
3491 2735 3650 2788 obiter

2071 2837 2334 2904 refellitur.
2365 2833 2634 2886 ﬂumilitas
2670 2841 2827 2884 mater
2868 2839 2939 2884 est
2991 2830 3152 2883 omttis
3207 2827 3553 2897 pltilosOpltitc.
3579 2855 3648 2865 ——~

2073 2926 2240 2992 Majus
2267 2925 2532 2994 quidpiam
2579 2923 2770 2976 deinde
2809 2923 2954 2986 dicit,
2989 2930 3324 2988 mentemque
3355 2916 3645 2971 tuantdiri-

2068 3017 2141 3085 git
2172 3017 2186 3046 ¹
2214 3033 2225 3065 :
2259 3015 2322 3068 Et
2341 3032 2483 3068 nemo
2505 3016 2637 3067 novit
2669 3013 2877 3078 Filium,
2914 3012 3010 3065 nisi
3041 3010 3233 3074 Pater;
3259 3026 3412 3076 neque
3441 3008 3648 3061 Patrem

2070 3109 2182 3175 quis
2209 3109 2362 3171 novit,
2385 3107 2482 3159 nisi
2502 3105 2681 3158 Filius.
2707 3105 2925 3158 Videtur
2949 3113 3124 3158 autem
3152 3104 3232 3166 iis,
3253 3104 3338 3172 qui
3369 3117 3478 3155 rem
3503 3101 3650 3170 igno-

2074 3210 2212 3266 rant,
2239 3200 2352 3254 haec
2392 3215 2496 3252 non
2528 3198 2732 3252 Itmrere
2762 3196 3160 3266 superioribus:
3191 3205 3243 3248 at
3269 3195 3430 3248 multa
3458 3203 3538 3247 est
3571 3191 3650 3243 itt-

2073 3302 2151 3344 tcr
2173 3291 2285 3344 luce
2308 3289 2671 3344 eonsonantia.
2697 3289 2831 3355 Quia
2876 3289 3016 3341 enim
3045 3286 3265 3348 dixerat,
3298 3284 3480 3336 Omnia
3526 3281 3649 3334 nti/ti

2070 3383 2254 3434 tradita
2294 3391 2408 3434 sunt
2447 3399 2476 3434 a
2517 3380 2818 3444 Patremco,
2844 3377 3111 3446 subjungit
3143 3394 3154 3428 :
3191 3373 3388 3444 Ecquid
3431 3373 3645 3436 mirum,

2070 3472 2112 3525 si
2156 3473 2391 3524 omnium
2434 3471 2532 3523 sint
2563 3470 2835 3534 Dominus,
2877 3484 2994 3520 cum
3025 3465 3165 3519 aliud
3197 3465 3364 3533 majus
3400 3461 3644 3525 babeant,

2070 3561 2208 3631 quod
2237 3561 2447 3614 Patrem
2478 3573 2811 3628 cognoscam,
2839 3569 2886 3612 et
2913 3557 3150 3625 ejusdem
3173 3570 3291 3609 cum
3320 3567 3382 3606 eo
3404 3553 3647 3607 substan-

2073 3655 2156 3706 tia.-
2186 3654 2282 3705 sint
2307 3653 2329 3705 ?
2369 3651 2574 3705 Etenim
2609 3649 2706 3702 ltoc
2735 3649 2992 3702 occultius
3022 3647 3282 3716 significat
3318 3659 3384 3697 ex
3414 3658 3478 3696 co
3506 3643 3643 3711 quod

2071 3745 2220 3797 solus
2251 3743 2424 3811 ipsuttt
2473 3749 2774 3809 cognoscat.
2806 3739 2938 3793 Cum
2967 3739 3109 3792 enim
3140 3736 3286 3801 dicit,
3320 3733 3482 3787 Nemo
3512 3734 3645 3786 norit

2071 3835 2281 3889 Patrem
2299 3835 2395 3887 nisi
2416 3832 2600 3897 Filius,
2629 3831 2730 3885 boc
2755 3831 3033 3900 signiﬁcat.
3068 3828 3135 3882 Et
3165 3827 3287 3880 vide
3312 3826 3643 3896 quandonant

2070 3926 2184 3979 bace
2209 3926 2370 3978 dicat.
2395 3924 2525 3977 Cum
2557 3937 2748 3989 nempe
2778 3936 2873 3989 per
2895 3934 3052 3988 opera
3082 3919 3195 3986 ejus
3224 3916 3509 3984 potentiam
3536 3915 3643 3967 cla-

2069 4034 2125 4070 re
2152 4016 2563 4070 demonstratam
2593 4013 2867 4074 baberent,
2891 4026 3009 4063 cum
3039 4023 3140 4060 non
3165 4007 3321 4060 modo
3351 4006 3519 4073 ipsum
3549 4003 3645 4055 mi-

2068 4107 2242 4160 racula
2275 4113 2566 4174 patrantetn
2589 4101 2974 4165 vidisscttt,sed
3001 4100 3095 4167 ipsi
3117 4112 3326 4166 quoque
3353 4096 3401 4149 itt
3430 4094 3644 4147 nomine

2071 4199 2235 4266 ipsius
2271 4205 2413 4249 tanta
2457 4194 2616 4248 edere
2653 4193 2963 4262 potuissent.
2997 4189 3225 4251 Deinde,
3259 4188 3378 4256 quia
3415 4186 3640 4248 dixerat,

2069 4287 2322 4343 Revelasti
2347 4303 2405 4340 ea
2437 4283 2679 4354 parvulis,
2710 4283 2941 4337 ostendit
2983 4282 3080 4335 Itoc
3106 4280 3262 4333 etiam
3293 4277 3359 4331 ad
3391 4293 3448 4332 se
3480 4277 3644 4344 perti-

2071 4397 2197 4435 nere
2226 4399 2238 4432 :
2273 4394 2392 4433 nam
2423 4378 2516 4440 ait,
2547 4375 2711 4429 Nemo
2738 4376 2872 4429 novit
2904 4374 3122 4438 Patrem,
3164 4372 3260 4424 nisi
3291 4369 3472 4432 Filius,
3501 4377 3545 4420 et
3564 4369 3644 4420 cui

2069 4472 2277 4526 voluerit
2318 4469 2364 4522 F
2366 4471 2483 4523 ilius
2521 4470 2774 4521 revelare:
2804 4481 2908 4519 non
2941 4464 3022 4518 cui
3055 4461 3388 4533 praeceperit,
3417 4474 3514 4512 nec
3557 4460 3640 4511 cui

2069 4561 2417 4616 mandaverit.
2449 4559 2598 4625 Quod
2625 4561 2667 4612 si
2701 4559 2908 4612 Patrem
2942 4555 3158 4617 revelat,
3181 4563 3234 4605 et
3262 4552 3492 4620 scipsunt
3514 4565 3641 4617 quo-

2068 4671 2188 4724 que.
2221 4653 2414 4708 Verum
2448 4652 2573 4705 illud
2605 4650 2815 4720 quidem
2843 4647 2990 4715 quasi
3022 4647 3070 4698 itt
3097 4645 3340 4698 coaiesso
3383 4641 3451 4694 sit
3481 4641 3642 4693 relin-

2069 4746 2199 4813 quit,
2231 4745 2330 4798 ltoc
2360 4758 2488 4797 vero
2510 4743 2703 4811 posuit,
2731 4749 2891 4808 atque
2917 4737 3110 4804 ubique
3135 4733 3280 4798 dicit,
3305 4743 3360 4786 ttt
3388 4747 3505 4785 cum
3533 4731 3602 4783 ait
3630 4748 3642 4782 :

2072 4835 2237 4888 Nemo
2269 4843 2424 4902 potest
2449 4833 2613 4885 venire
2635 4831 2701 4882 ad
2735 4828 2975 4889 Patrem,
3013 4827 3107 4878 nisi
3145 4842 3233 4894 per
3265 4841 3359 4876 me.
3392 4823 3492 4876 Per
3529 4821 3646 4875 hinc

2069 4936 2245 4978 autem
2278 4924 2416 4977 aliud
2441 4937 2650 4991 quoque
2679 4919 2969 4981 constituit,
3000 4917 3138 4986 quod
3165 4914 3538 4983 ejusdcmcum
3557 4912 3648 4967 illo

2071 5019 2136 5072 sit
2173 5015 2456 5069 voluntatis
2493 5029 2552 5066 ac
2582 5010 2876 5066 setttcntia‘.
2909 5009 3131 5063 Tantum
3162 5006 3309 5060 abest
3334 5047 3346 5069 ,
3377 5003 3562 5072 inquit,
3596 5011 3649 5055 ttt

2071 5126 2191 5164 cum
2220 5109 2307 5161 illo
2339 5121 2561 5175 pugnent
2583 5145 2598 5169 ,
2625 5112 2679 5154 ttt
2706 5117 2808 5154 ttott
2838 5101 3001 5170 possit
3029 5099 3145 5169 quis
3169 5097 3232 5151 ad
3261 5097 3405 5150 illum
3429 5094 3646 5154 venire,

2074 5203 2171 5256 nisi
2219 5217 2312 5270 per
2337 5215 2443 5252 me.
2475 5197 2604 5264 Quia
2638 5194 2778 5249 enim
2828 5193 2880 5246 id
2923 5192 3149 5245 maxime
3197 5191 3296 5243 illis
3329 5185 3646 5243 offendicula

2073 5304 2206 5356 erat,
2256 5289 2395 5361 quod
2441 5288 2707 5342 videretur
2752 5285 2860 5339 Deo
2905 5282 3238 5337 adversarius
3286 5293 3421 5341 esse,
3455 5275 3504 5328 id
3557 5289 3649 5340 per

2073 5384 2249 5438 omnia
2287 5379 2550 5443 conl't'ttaI,
2583 5393 2680 5432 nec
2717 5377 2888 5429 minus
2930 5375 3028 5427 ltoc
3056 5371 3270 5426 curabat
3314 5380 3468 5434 quam
3498 5365 3645 5430 signa

2073 5474 2252 5539 cdere,
2284 5473 2390 5525 into
2419 5471 2589 5539 majus
2618 5484 2676 5523 ea
2707 5468 2758 5522 itt
2792 5483 2849 5521 re
2874 5465 3104 5519 studium
3125 5455 3480 5528 impendebat.
3514 5453 3644 5505 (Tum

2077 5578 2234 5633 porro
2270 5562 2417 5627 dicit,
2445 5560 2619 5630 Neque
2647 5560 2847 5613 Patrem
2882 5556 2990 5626 quis
3024 5552 3176 5617 novit,
3200 5549 3294 5602 nisi
3324 5545 3510 5612 Filius,
3544 5558 3646 5597 non

2143 5748 2155 5778 ι
2195 5744 2299 5806 ,ιιίξ,
2321 5749 2521 5794 mentem
2543 5746 2673 5790 luant
2702 5735 2940 5800 aperiens.
