4042 6218
432 328 532 384 451

425 438 647 503 indicat,
693 437 844 493 illum
883 453 1071 495 omnes
1113 438 1375 509 ignorare,
1403 435 1497 491 sed
1541 433 1806 488 neminem
1858 431 1999 485 illam

428 530 648 595 habere,
676 545 834 599 quam
865 529 976 599 ipse
1004 529 1239 593 haberet,
1273 527 1509 582 notitiam
1540 522 1717 593 :quod
1746 522 1903 575 etiam
1933 518 2002 573 de

428 619 565 674 Filio
598 619 899 674 dicendum.
934 618 1115 688 Neque
1160 618 1301 673 enim
1332 618 1397 672 de
1442 617 1621 685 ignoto
1644 621 1699 669 et
1725 627 1754 665 a
1787 610 2002 665 nemine

423 708 636 777 cognito
663 708 764 762 deo
792 708 904 763 haec
936 707 1162 774 dicebat,
1194 717 1250 761 ut
1286 707 1513 761 Marcion
1552 703 1759 764 asserit,
1788 699 1880 754 sed
1907 714 1999 753 ac-

424 807 662 853 curatam
688 798 774 853 hic
806 799 1104 855 subindicat
1130 800 1486 869 cognitionem
1513 813 1527 849 :
1553 810 1674 849 nam
1705 808 1772 847 ne
1806 791 1998 845 Filium

421 885 637 955 quidem
661 887 1031 957 cognoscimus
1070 896 1127 942 ut
1153 901 1310 942 nosse
1338 894 1547 955 oportet
1572 901 1585 938 :
1618 892 1672 938 et
1702 882 1801 935 hoc
1826 880 1999 950 ipsum

423 977 619 1031 Paulus
660 977 738 1033 sic
777 978 1125 1034 declarabat:
1155 978 1239 1031 Ea:
1276 986 1418 1046 parte
1458 966 1821 1044 cognoscimus,
1850 979 1895 1025 et
1937 985 2001 1023 ea:

423 1076 566 1135 parte
607 1068 963 1139 praphetantus
988 1067 1066 1136 (l.
1098 1066 1214 1121 Cor.
1249 1067 1335 1121 15.
1375 1063 1487 1132 12).
1519 1062 1717 1118 Deinde
1744 1075 1865 1115 cum
1904 1073 2001 1128 per

422 1171 485 1209 ea
514 1172 631 1225 qua:
670 1157 880 1211 dixerat
912 1158 1041 1227 ipsis
1077 1157 1396 1212 desiderium
1423 1154 1719 1218 indidisset,
1746 1163 2000 1219 suamque

421 1246 743 1301 ineffabilem
771 1249 1059 1315 potentiam
1091 1248 1526 1311 demonstrasset,
1559 1253 1684 1296 tunc
1707 1240 1913 1296 vocavit
1938 1240 2000 1293 ile

419 1336 502 1391 los
543 1338 767 1393 dicens:
800 1338 889 1393 28.
930 1338 1102 1392 Venite
1144 1338 1212 1390 ad
1245 1354 1322 1390 me
1345 1352 1515 1390 omnes
1546 1334 1630 1404 qui
1672 1332 1910 1386 laboratis
1953 1339 1999 1383 et

419 1432 613 1485 onerati
636 1432 775 1493 estis,
797 1441 846 1485 et
885 1447 975 1502 ego
1014 1431 1236 1497 reﬁciam
1273 1444 1379 1481 vos.
1410 1426 1525 1480 Non
1551 1425 1637 1479 hic
1666 1433 1720 1478 et
1766 1422 1876 1488 ille,
1904 1420 2000 1476 sed

419 1535 605 1574 omnes
625 1520 712 1589 qui
730 1520 781 1574 in
800 1519 1173 1584 sollicitudine,
1199 1519 1249 1571 in
1272 1517 1499 1579 tristitia,
1522 1515 1575 1569 in
1603 1513 1830 1583 peccatis
1848 1512 1999 1566 estis.

422 1608 628 1675 Venite,
657 1624 761 1663 non
788 1618 847 1663 ut
873 1623 1057 1678 pinnas
1098 1616 1364 1677 expetam,
1393 1605 1488 1660 sed
1532 1614 1588 1659 ut
1628 1612 1842 1674 peccata
1886 1601 1999 1656 sol-

417 1713 541 1753 vam
565 1715 580 1764 ;
612 1700 807 1763 venite,
835 1715 937 1753 non
965 1699 1104 1769 quod
1127 1700 1293 1769 gloria
1316 1708 1489 1753 vestra
1517 1712 1722 1767 egeam,
1743 1695 1836 1749 sed
1857 1692 2000 1764 quod

414 1788 640 1842 salutem
668 1798 897 1843 vestram
922 1790 1115 1843 sitiam.
1134 1787 1269 1859 Ego,
1296 1788 1482 1857 inquit,
1506 1786 1729 1854 reﬁciant
1754 1801 1857 1838 vos.
1881 1782 1999 1837 Non

416 1878 513 1944 ait,
560 1878 745 1933 Salvos
787 1878 1013 1945 faciam;
1044 1878 1137 1934 sed
1182 1878 1323 1947 quod
1363 1879 1533 1932 multo
1578 1877 1747 1946 magis
1792 1884 1908 1938 est,
1943 1874 1997 1928 In

415 1970 562 2024 omni
588 1970 767 2039 quiete
796 1971 1136 2025 constituam.
1162 1970 1253 2024 29.
1282 1969 1465 2024 Tollite
1495 1970 1678 2039 jugum
1716 1983 1879 2020 meum
1906 1982 1997 2020 su—

415 2074 506 2129 per
530 2075 635 2124 vos,
658 2068 705 2112 et
731 2059 902 2112 discite
924 2075 956 2112 a
976 2076 1071 2125 nte,
1091 2061 1211 2123 quia
1232 2060 1364 2112 mitis
1386 2075 1498 2112 sum
1518 2066 1565 2111 et
1591 2057 1793 2110 humilis
1813 2055 1998 2121 corde;

413 2156 463 2199 et
488 2146 742 2199 invenietis
770 2147 990 2214 requiem
1024 2146 1287 2201 animabus
1309 2147 1498 2200 vestris.
1528 2146 1617 2201 30.
1646 2144 1840 2215 Jugum
1867 2145 1999 2198 enim

414 2251 578 2289 meum
602 2251 751 2289 suave
776 2246 869 2303 est,
891 2246 936 2290 et
961 2253 1086 2290 onus
1125 2253 1287 2289 meum
1304 2235 1425 2290 leve.
1444 2233 1522 2291 Ne
1540 2236 1789 2299 linteatis,
1808 2234 1996 2303 inquit,

412 2338 533 2378 cum
567 2325 750 2395 jugum
790 2326 981 2379 auditis
1010 2343 1023 2379 :
1053 2340 1214 2381 suave
1239 2326 1433 2396 quippe
1461 2335 1579 2388 est;
1612 2340 1680 2380 ne
1703 2324 1998 2381 formidetis

411 2418 534 2486 quia
565 2417 696 2483 dixi,
724 2433 898 2473 onus:
931 2419 1046 2474 leve
1088 2420 1281 2490 quippe
1311 2428 1412 2474 est.
1443 2420 1511 2474 Et
1541 2420 1808 2489 quomoda
1837 2434 1996 2488 supra

412 2505 580 2560 dixit:
609 2507 837 2578 Angusta
877 2519 948 2563 est
978 2518 1156 2579 porta,
1188 2518 1233 2562 et
1261 2522 1403 2563 arcta
1440 2511 1520 2563 via
1542 2509 1752 2579 (Matth.
1776 2511 1829 2563 7.
1861 2508 1998 2578 14)?

408 2595 612 2666 Nempe
654 2599 697 2653 si
725 2600 901 2670 segnis
936 2600 1012 2655 sis
1034 2641 1051 2667 ,
1082 2601 1126 2654 si
1158 2600 1447 2656 remissus:
1494 2608 1550 2655 ut
1574 2601 1619 2655 si
1660 2615 1818 2669 supra
1858 2600 1997 2655 dicta

411 2688 701 2759 perfeceris
719 2731 736 2757 ,
765 2691 878 2745 leve
902 2691 1006 2746 erit
1032 2705 1209 2757 onus;
1253 2691 1453 2747 idcirco
1480 2707 1622 2747 nunc
1661 2691 1786 2746 illud
1815 2691 1997 2761 hujus-

410 2780 557 2835 modi
578 2796 696 2837 esse
723 2782 877 2837 dixit.
902 2784 1180 2851 Quomodo
1205 2793 1381 2840 autem
1408 2784 1458 2839 id
1482 2785 1795 2855 perﬁcitur?
1824 2784 1881 2840 Si
1907 2784 1998 2838 hu.

407 2873 551 2927 milis
571 2873 753 2940 fueris,
780 2886 1090 2930 mansuetus
1115 2884 1168 2930 et
1195 2876 1489 2931 modestus.
1521 2876 1646 2931 llaec
1669 2876 1864 2947 quippe
1889 2876 1996 2929 vir-

409 2974 494 3019 tus
525 2964 693 3020 mater
732 2973 815 3020 est
855 2966 1032 3020 omnis
1074 2965 1445 3036 philosophiae.
1474 2967 1807 3036 Quapropter
1850 2965 1995 3036 leges

408 3054 616 3109 divinas
655 3055 923 3125 efferens,
958 3056 1080 3110 hinc
1130 3057 1336 3125 incipit.
1379 3057 1476 3112 llic
1522 3072 1734 3127 quoque
1781 3071 1991 3112 rursum

407 3145 639 3213 idipsum
685 3146 848 3212 facit,
900 3163 1253 3218 magnamque
1301 3149 1450 3218 ponit
1500 3149 1824 3214 mercedem.
1876 3148 1991 3203 Non

406 3246 611 3291 tantum
635 3237 799 3306 enim,
826 3238 1015 3307 inquit,
1040 3238 1195 3293 alteri
1218 3239 1361 3294 utilis
1383 3239 1511 3303 eris,
1536 3238 1629 3293 sed
1654 3250 1778 3293 ante
1806 3254 1993 3294 omnes

407 3327 502 3381 tibi
535 3330 774 3397 requiem
803 3344 979 3397 paras.
1023 3328 1294 3385 Invenietis
1319 3331 1459 3385 enim
1485 3332 1705 3401 requiem
1728 3332 1993 3387 animabus

405 3420 600 3472 vestris.
628 3420 765 3473 Ante
790 3419 965 3475 futura
989 3420 1099 3491 jam
1122 3421 1209 3477 hic
1236 3422 1325 3479 tibi
1348 3423 1777 3490 datmerecdem,
1799 3432 1853 3477 et
1872 3424 1993 3478 bra-

406 3509 549 3564 vium
582 3526 721 3566 nunc
746 3512 949 3579 praebet
978 3530 990 3566 :
1020 3521 1179 3583 atque
1222 3514 1344 3568 hinc
1378 3523 1433 3569 et
1458 3515 1599 3584 quod
1638 3515 1870 3584 seipsum
1900 3514 1992 3570 det

407 3599 461 3653 iit
490 3601 813 3669 exemplum,
839 3616 1141 3658 sermonem
1170 3604 1342 3659 reddit
1364 3606 1740 3674 acceptiorem.

376 3751 386 3761 .
479 3688 533 3743 3.
561 3690 698 3755 Quid
738 3691 879 3745 enim
912 3692 1106 3746 times?
1129 3693 1332 3762 inquit;
1362 3709 1429 3748 ne
1458 3695 1632 3749 minor
1671 3694 1915 3749 habearis
1943 3694 1986 3748 si

402 3780 477 3833 sis
504 3780 756 3835 humilis?
802 3780 886 3836 Me
918 3783 1121 3851 respice
1148 3791 1202 3837 et
1229 3798 1345 3838 mea
1377 3784 1553 3837 omnia
1582 3799 1613 3840 a
1653 3800 1738 3838 me
1776 3784 1986 3849 discito,

403 3880 456 3922 et
493 3876 619 3923 tunc
647 3870 789 3924 clare
816 3870 955 3925 scies
986 3879 1242 3941 quantum
1278 3873 1350 3927 sit
1387 3873 1607 3929 bonum.
1635 3872 1825 3927 Viden’
1850 3888 1987 3941 quo-

342 3996 351 4009 ,
402 3957 565 4011 modo
589 3959 733 4013 omni
756 3974 821 4013 ex
852 3968 1000 4028 parte
1025 3960 1168 4030 ipsos
1194 3961 1407 4016 inducat
1435 3960 1501 4016 ad
1526 3962 1917 4017 humilitatem?
1942 3964 1987 4017 A

400 4050 593 4118 quibus
636 4051 750 4120 ipse
797 4051 962 4107 fecit:
1000 4052 1211 4120 Discite,
1257 4053 1447 4124 inquit,
1480 4072 1511 4108 a
1552 4071 1651 4120 me,
1692 4056 1811 4125 quia
1855 4056 1989 4109 mitis

400 4159 513 4195 sum
536 4160 554 4206 ,-
581 4144 648 4197 ab
682 4144 749 4198 iis
775 4160 893 4214 qua:
925 4145 1025 4214 ipsi
1051 4145 1301 4200 lucraturi
1330 4156 1451 4200 sunt
1478 4165 1492 4201 :
1520 4162 1664 4212 nam,
1695 4145 1986 4213 Invenietis,

402 4234 594 4303 inquit,
619 4236 838 4302 requiem
869 4236 1130 4289 animabus
1163 4238 1374 4303 vestris;
1397 4237 1464 4292 ab
1491 4239 1555 4293 iis
1580 4255 1698 4309 qua:
1731 4239 1857 4307 ipsis
1886 4238 1990 4293 lar-

400 4326 544 4393 gitur
571 4343 584 4375 :
619 4326 863 4395 Reﬁciam
892 4344 1001 4393 vos,
1032 4328 1201 4397 inquit
1224 4345 1238 4394 ;
1266 4328 1332 4384 ab
1358 4344 1421 4384 eo
1445 4330 1585 4399 quod
1614 4344 1750 4384 unus
1776 4331 1891 4385 leve
1910 4329 1988 4385 ef-

400 4415 585 4471 fecerit
614 4434 628 4471 :
656 4416 851 4487 Jugum
890 4418 1019 4471 enim
1049 4435 1213 4471 meum
1253 4435 1408 4474 suave
1431 4429 1540 4484 est,
1580 4430 1624 4474 et
1654 4436 1779 4473 onus
1824 4436 1990 4474 meum

402 4505 528 4559 leve.
561 4506 632 4559 lta
678 4517 731 4561 et
762 4507 958 4561 Paulus
986 4507 1175 4562 suadet
1214 4510 1398 4562 dicens
1440 4526 1453 4561 :
1498 4508 1905 4563 Montentaneum
1944 4520 1989 4562 et

400 4596 507 4649 leve
530 4596 888 4665 tribulationis,
918 4598 1043 4651 mire
1067 4607 1113 4652 et
1137 4614 1292 4669 supra
1316 4598 1523 4651 modum
1541 4608 1783 4652 wternum
1810 4599 1989 4669 gloria:

402 4688 599 4754 pondus
624 4697 864 4757 operatur
886 4690 903 4756 (
926 4688 979 4742 2.
1004 4689 1123 4744 Cor.
1155 4690 1209 4744 4.
1244 4688 1309 4743 l7
1328 4689 1367 4759 ).
1393 4689 1458 4743 Et
1476 4686 1747 4759 quomodo
1771 4689 1887 4744 leve
1908 4698 1990 4744 est

401 4789 560 4841 onus,
591 4777 817 4846 inquies,
840 4794 961 4832 cum
990 4779 1134 4833 dicat
1159 4798 1173 4833 :
1209 4778 1328 4833 Nisi
1356 4780 1467 4847 quis
1498 4778 1615 4833 odio
1644 4779 1872 4833 habuerit
1897 4796 1988 4849 pa-

402 4876 528 4919 trem
564 4876 609 4919 et
650 4878 882 4933 matrem;
904 4880 977 4931 et.
1006 4870 1106 4937 Qui
1133 4888 1231 4925 non
1257 4872 1389 4925 tollit
1422 4888 1619 4925 crucem
1645 4888 1811 4937 suam,
1840 4881 1885 4925 et
1910 4888 1988 4926 se-

397 4958 570 5027 quitur
605 4973 704 5022 me,
735 4974 834 5013 non
878 4970 946 5013 est
976 4978 1054 5015 me
1078 4962 1301 5033 dignus;
1331 4971 1403 5027 et,
1437 4962 1539 5029 Qui
1584 4978 1684 5016 non
1732 4964 1987 5016 renuntiat

396 5045 629 5101 omnibus
657 5062 772 5115 quia
808 5050 1048 5116 possidet,
1081 5068 1181 5106 non
1220 5061 1381 5121 potest
1409 5068 1547 5106 meus
1575 5068 1681 5107 esse
1710 5052 1987 5122 discipulus

392 5138 570 5209 (Luc.
601 5140 689 5194 14.
737 5140 828 5194 26.
859 5139 951 5197 27.
978 5141 1124 5215 55);
1167 5159 1289 5199 cum
1333 5144 1520 5215 jubeat
1566 5146 1733 5216 ipsam
1775 5160 1987 5216 quoque

392 5230 629 5299 animam
657 5229 782 5285 odio
808 5230 1047 5287 habere?
1068 5234 1143 5290 Te
1170 5236 1366 5292 Paulus
1391 5236 1581 5293 doceat
1607 5236 1828 5291 dicens:
1861 5236 1985 5298 Quis

398 5337 491 5383 nos
520 5323 772 5393 separabit
815 5340 848 5376 a
877 5325 1087 5380 caritate
1130 5326 1314 5381 Christi
1338 5329 1363 5383 Ζ)
1401 5330 1655 5383 tribulatio
1676 5331 1703 5384 ?
1726 5346 1793 5384 an
1819 5346 1983 5402 angu-

393 5411 492 5465 stia
511 5411 538 5466 2
562 5430 628 5468 an
649 5415 926 5485 persecutio
945 5416 972 5469 1’
999 5432 1067 5471 an
1097 5420 1256 5489 fames
1274 5418 1300 5471 ?
1328 5435 1395 5472 an
1422 5420 1671 5475 auditas?
1698 5438 1763 5474 an
1784 5421 1985 5491 pericu-

399 5500 503 5555 lum
525 5502 552 5556 7
579 5520 645 5558 an
671 5506 873 5575 gladius
906 5505 1079 5576 (Rom.
1104 5508 1158 5563 8.
1188 5506 1322 5578 55)?
1351 5518 1424 5573 et,
1455 5508 1575 5563 Non
1592 5521 1705 5564 sunt
1724 5512 1986 5583 condignae

399 5592 852 5664 passioncs'hujus
889 5598 1129 5666 temporis
1171 5596 1240 5649 ad
1298 5602 1526 5668 futuram
1583 5600 1828 5670 gloriam,
1873 5619 1985 5672 qua:

392 5682 685 5749 ret-elabitur
707 5677 757 5733 in
772 5679 919 5737 nobis
939 5681 1403 5755 (lb.l8).Doceant
1420 5694 1469 5744 te
1484 5691 1620 5762 quia
1637 5698 1985 5755 conscssulu-

1211 327 1267 381 S.
1306 321 1582 380 JOANNIS
1617 319 2089 378 CHRYSOSTOMI
2126 320 2439 377 ARClllEP.
2479 319 3005 377 CONSTANTINOP.

3578 328 3691 382 452

2109 428 2344 483 datorum
2375 437 2494 497 post
2541 429 2684 483 mille
2710 430 2927 484 verbera
2956 430 3199 486 redibant
3225 431 3528 500 Gaudentes,
3567 437 3691 503 quia

2106 520 2246 589 digni
2290 520 2446 573 habiti
2498 520 2698 589 fuerant
2744 537 2834 589 pro
2868 523 3066 575 nomine
3110 522 3295 576 Christi
3335 526 3691 579 contumeliam

2106 610 2212 678 pati
2238 607 2384 680 (Act.
2413 611 2466 666 5.
2496 611 2619 679 41).
2645 610 2796 677 Quod
2828 611 2873 665 si
2914 611 3087 667 adhuc
3118 613 3271 668 times
3312 624 3367 669 et
3394 614 3652 669 formidas
3672 656 3691 682 ,

2100 695 2283 766 jugum
2314 706 2367 750 et
2386 712 2520 751 onus
2547 698 2787 765 audiens,
2811 715 2915 754 non
2943 715 2974 754 a
3004 710 3189 755 natura
3216 703 3290 760 rei
3315 704 3474 758 timor
3496 705 3690 768 oritur,

2106 788 2199 843 sed
2225 803 2255 841 a
2287 798 2370 842 tua
2418 790 2683 859 segnitie;
2716 790 2786 844 ita
2813 801 2869 845 ut
2895 791 2941 845 si
2984 793 3060 847 sis
3097 803 3312 862 paratus
3340 803 3395 849 et
3421 794 3693 865 diligens,

2103 893 2282 932 omma
2308 878 2402 933 tibi
2431 877 2602 933 facilia
2630 888 2685 933 et
2726 880 2857 935 levia
2884 880 3061 936 futura
3106 884 3231 937 sint.
3262 883 3597 955 Quapropter
3631 894 3693 940 et

2103 963 2343 1021 Christus
2367 967 2657 1023 ostendens
2683 969 2836 1025 nobis
2864 984 2986 1026 esse
3011 971 3381 1039 laborandum,
3410 990 3516 1029 non
3562 990 3695 1029 sua-

2104 1057 2191 1110 via
2221 1066 2420 1110 tantum
2454 1058 2646 1126 posuit,
2670 1074 2841 1129 neque
2861 1076 3085 1116 onerosa
3105 1062 3297 1127 solum,
3320 1062 3413 1118 sed
3440 1075 3689 1135 utraque.

2102 1147 2235 1202 Nam
2267 1157 2321 1203 et
2345 1149 2530 1219 jugum
2561 1152 2757 1220 posuit,
2786 1160 2841 1206 et
2861 1167 3023 1207 suave
3053 1152 3181 1208 illud
3213 1157 3450 1223 vocavit,
3472 1164 3527 1213 et
3549 1172 3692 1215 onus

2104 1240 2429 1307 nominavit,
2466 1241 2773 1312 addiditque
2806 1244 2956 1308 leve;
2989 1260 3056 1299 ne
3093 1245 3179 1298 illa
3206 1254 3265 1300 ut
3301 1245 3563 1303 laboriosa
3603 1247 3693 1303 fu-

2103 1331 2236 1399 gias,
2261 1346 2393 1386 neve
2422 1340 2478 1385 ut
2501 1332 2783 1386 admodum
2815 1333 2983 1387 facilia
3002 1334 3286 1404 despicias.
3315 1335 3467 1404 Quod
3495 1338 3540 1393 si
3568 1349 3692 1408 post

2104 1422 2218 1475 haec
2258 1422 2434 1475 omnia
2473 1421 2702 1476 difficilis
2740 1424 2907 1478 virtus
2946 1439 3068 1480 esse
3114 1426 3205 1480 tibi
3243 1425 3470 1494 videtur,
3510 1429 3690 1499 cogita

2102 1508 2453 1565 difficiliorem
2481 1525 2599 1566 esse
2629 1512 2938 1579 nequitiam,
2960 1514 3101 1582 quod
3131 1514 3299 1584 ipsum
3321 1515 3686 1581 subindicans,

2102 1613 2208 1652 non
2237 1600 2407 1668 primo
2435 1600 2587 1667 dixit,
2616 1599 2803 1655 Tollite
2830 1603 3017 1672 jugum
3061 1620 3246 1670 meum,
3274 1604 3365 1660 sed
3396 1607 3688 1675 praemisit,

2113 1688 2288 1743 Venite
2302 1692 2387 1761 qui
2407 1691 2647 1745 laboratis
2672 1702 2719 1745 et
2739 1694 2932 1747 onerati
2958 1695 3094 1758 estis,
3114 1695 3391 1750 declarans
3410 1709 3689 1766 peccatum

2104 1778 2271 1833 labori
2315 1794 2433 1835 esse
2473 1780 2787 1846 obnoxium,
2817 1790 2871 1837 et
2894 1798 3030 1838 onus
3053 1798 3175 1839 esse
3201 1800 3364 1856 grave
3389 1802 3451 1840 ac
3474 1797 3688 1857 gestatu

2102 1867 2342 1925 difficile.
2391 1869 2574 1941 Neque
2619 1873 2763 1927 enim
2818 1872 3127 1929 laborantes
3178 1876 3350 1931 solum
3404 1877 3557 1944 dixit,
3586 1879 3690 1933 sed

2103 1949 2263 2014 etiam
2291 1970 2559 2015 oneratos.
2582 1960 2695 2015 Hoc
2724 1961 2882 2016 etiam
2912 1962 3172 2032 pr0pheta
3197 1963 3426 2029 dicebat,
3456 1964 3571 2035 ejus
3590 1982 3691 2021 na-

2104 2058 2274 2104 turam
2305 2050 2613 2107 describens
2642 2069 2657 2107 :
2687 2052 2833 2109 Sicut
2860 2071 2987 2109 onus
3011 2071 3162 2126 grave
3180 2067 3403 2127 gravata:
3435 2068 3552 2111 sunt
3597 2075 3688 2112 su—

2103 2159 2194 2210 per
2221 2160 2299 2197 nte
2328 2142 2500 2213 (Psal.
2529 2145 2618 2200 57.
2643 2145 2721 2216 5).
2756 2145 2887 2201 lllud
2916 2162 3129 2217 quoque
3153 2146 3458 2204 describens
3483 2149 3689 2204 Zacha-

2101 2232 2247 2297 rias,
2278 2233 2352 2286 ait
2395 2234 2565 2302 ipsum
2613 2234 2814 2305 plumbi
2860 2236 3114 2291 talentum
3157 2252 3278 2293 esse
3321 2237 3501 2309 (Zach.
3528 2238 3685 2309 5.7).

2102 2319 2441 2391 ldipsumqne
2462 2324 2788 2392 experientia
2809 2324 3065 2380 declarat.
3084 2326 3226 2385 Nihil
3243 2328 3385 2382 enim
3408 2328 3477 2382 ita
3496 2344 3684 2399 aggra-

2101 2420 2189 2466 vat
2236 2413 2490 2480 animam,
2536 2414 2608 2466 ita
2655 2424 2889 2471 mentem
2941 2427 3175 2472 excmcat
3216 2432 3277 2472 ac
3324 2417 3593 2488 deprimit.
3627 2430 3689 2475 ut

2101 2504 2428 2558 conscientia
2459 2504 2662 2573 peccati
2686 2520 2700 2569 ;
2724 2505 2858 2565 nihil
2886 2506 3028 2561 illam
3058 2509 3384 2565 voluntatem
3418 2511 3484 2564 ita
3514 2511 3684 2564 subli-

2101 2608 2239 2646 mem
2270 2593 2455 2658 eflieit,
2474 2603 2532 2648 ut
2547 2594 2767 2663 justitiat
2788 2610 2851 2651 ac
2871 2597 3083 2651 virtutis
3101 2600 3389 2667 possessio.
3409 2599 3686 2666 Animum,

2099 2698 2302 2754 qumso,
2329 2684 2541 2740 adhibe.
2560 2683 2698 2753 Quid
2727 2686 3027 2753 onerosius,
3049 2704 3208 2758 quam
3231 2688 3358 2744 nihil
3384 2690 3687 2760 possidere,

2100 2783 2309 2830 vertere
2337 2776 2496 2830 aliam
2534 2777 2837 2843 maxillam,
2872 2779 3190 2847 percutienti
3226 2795 3331 2835 non
3367 2781 3536 2836 vicem
3562 2782 3687 2836 red-

2099 2865 2229 2921 dere
2250 2908 2265 2932 ,
2294 2868 2429 2921 mori
2468 2867 2699 2923 violenta
2728 2870 2938 2925 morte?
2959 2875 3208 2928 Attamen
3251 2871 3297 2927 si
3337 2873 3686 2944 philosophe-

2098 2973 2241 3023 mur,
2275 2958 2387 3015 lucc
2411 2960 2589 3015 omnia
2629 2961 2764 3017 levia
2794 2973 2850 3018 et
2874 2964 3049 3018 facilia
3080 2974 3222 3031 sunt,
3251 2966 3688 3037 voluptatemque

2100 3050 2329 3118 pariunt.
2344 3049 2449 3105 Sed
2477 3067 2543 3107 ne
2571 3053 2874 3119 turbemini,
2899 3069 3085 3109 eorum
3110 3055 3316 3125 singula
3343 3056 3687 3126 exploremus

2097 3148 2152 3193 et
2180 3149 2488 3208 tractemus,
2518 3150 2591 3208 et,
2618 3143 2663 3197 si
2687 3144 2867 3209 vultis,
2889 3145 3064 3214 primo
3088 3145 3141 3200 id
3167 3146 3307 3216 quod
3336 3147 3576 3217 plurimis
3608 3149 3689 3203 la-

2097 3228 2367 3285 boriosum
2397 3245 2517 3285 esse
2548 3232 2781 3288 videtur.
2812 3233 3025 3301 Utrum,
3055 3251 3236 3306 quceso
3263 3246 3336 3301 te,
3353 3253 3516 3308 grave
3541 3247 3598 3293 et
3617 3239 3688 3293 la-

2096 3318 2369 3376 boriosum
2423 3322 2665 3391 videtur,
2701 3340 2863 3379 unum
2902 3336 3145 3382 ventrem
3194 3343 3413 3390 curare.
3441 3344 3508 3383 an
3539 3331 3693 3389 mille

2100 3411 2546 3468 sollicitudinibus
2591 3415 2829 3469 involvi?
2860 3432 2967 3471 uno
2992 3418 3312 3474 vestimento
3340 3419 3485 3475 indui
3509 3422 3685 3475 homi-

2095 3517 2240 3565 nem,
2269 3512 2322 3558 et
2342 3503 2471 3557 nihil
2500 3504 2634 3559 ultra
2662 3521 2922 3575 quaerere,
2948 3523 3015 3563 an
3043 3508 3207 3563 multa
3230 3508 3369 3565 intus
3398 3511 3687 3567 habentem

2094 3592 2180 3648 die
2222 3603 2481 3664 nocteque
2518 3597 2771 3663 cruciari,
2802 3597 2856 3652 in
2884 3613 3069 3654 eorum
3113 3601 3352 3656 custodia
3385 3604 3683 3671 timentem,

2094 3694 2444 3755 trementem,
2472 3689 2687 3744 anxium
2713 3730 2729 3755 ,
2772 3706 2841 3746 ne
2887 3707 2919 3746 a
2958 3693 3117 3749 tineis
3164 3695 3549 3762 corrodantur,
3581 3712 3687 3751 neu

2095 3790 2283 3831 servus
2310 3792 2430 3831 cum
2460 3778 2564 3832 illis
2600 3780 2871 3854 aufugiat?
2904 3782 3099 3842 Verum
3122 3787 3450 3856 quantalibet
3474 3788 3686 3854 dixero,

2094 3864 2199 3919 tale
2221 3864 2372 3930 nihil,
2400 3868 2555 3935 quale
2575 3884 2752 3925 rerum
2781 3873 3129 3942 experientia,
3153 3876 3441 3949 depingere
3456 3879 3687 3935 valeam.

2094 3955 2271 4023 Quare
2296 3956 2489 4012 vellem
2519 3959 2708 4017 adesse
2731 3965 3017 4032 quemdam
3045 3981 3229 4021 eorum
3248 4008 3264 4033 ,
3295 3970 3382 4039 qui
3415 3985 3687 4027 summum

2095 4046 2451 4117 philosoth
2479 4049 2688 4119 apicem
2731 4054 3041 4123 attigerunt,
3070 4066 3126 4111 et
3164 4066 3285 4112 tunc
3312 4058 3454 4114 clare
3482 4061 3559 4115 rei
3588 4077 3688 4115 vo-

2094 4136 2347 4206 luptatem
2368 4139 2691 4209 perciperes.
2719 4140 2787 4197 Et
2814 4158 2972 4199 nemo
2992 4160 3176 4201 eorum
3206 4147 3292 4217 qui
3319 4159 3687 4219 paupertatem

2094 4238 2295 4297 amant,
2315 4229 2525 4287 divitias
2548 4232 2707 4287 etiam
2725 4233 2933 4290 oblatas
2960 4237 3247 4307 acciperet.
3263 4239 3329 4293 Et
3352 4240 3427 4307 hi,
3454 4242 3685 4312 inquies,

2093 4333 2161 4373 an
2195 4334 2458 4389 pauperes
2501 4337 2750 4392 umquam
2796 4324 2911 4380 fieri
2959 4327 3178 4395 vellent,
3206 4337 3261 4383 et
3285 4334 3685 4399 possessionum

2092 4425 2273 4465 curam
2304 4410 2570 4481 abjicere?
2598 4412 2668 4467 Et
2692 4413 2818 4485 quid
2852 4414 2955 4472 hoc
2980 4420 3102 4473 est?
3127 4421 3511 4491 Argumentum
3540 4437 3703 4481 certe

2094 4501 2332 4555 stultitia:
2380 4510 2433 4557 et
2472 4503 2777 4572 gravissimi
2816 4508 3146 4578 morbi,nec
3179 4513 3256 4568 rei
3297 4513 3687 4584 iucunditatem

2093 4598 2391 4655 declarans.

2164 4689 2216 4743 4.
2245 4688 2409 4759 Cujus
2434 4689 2511 4745 rei
2542 4689 2696 4746 nobis
2727 4699 2889 4748 testes
2929 4693 3127 4751 fuerint
3156 4697 3213 4764 ii,
3245 4699 3334 4769 qui
3355 4700 3595 4770 quotidie
3620 4703 3687 4759 de

2094 4778 2180 4833 his
2207 4778 2649 4836 sollicitudinibus
2680 4781 3073 4854 lamentantur,
3102 4798 3161 4843 et
3186 4791 3346 4845 vitam
3379 4792 3685 4863 llttjtlSIt.0dl

2092 4884 2197 4924 non
2233 4869 2445 4924 vitalem
2486 4885 2607 4926 esse
2634 4881 2843 4942 putant.
2870 4877 2938 4930 At
2968 4876 3043 4931 illi
3088 4894 3192 4934 non
3230 4881 3364 4937 tales
3398 4895 3519 4939 sunt
3542 4925 3557 4950 ,
3589 4886 3697 4950 sed.

2092 4961 2290 5028 rident,
2318 4962 2610 5028 exsultant,
2640 4980 2739 5019 nec
2762 4968 2941 5023 minus
2966 4969 3035 5024 de
3055 4982 3388 5042 paupertate,
3411 4990 3572 5046 quam
3601 4994 3685 5033 rc-.

2089 5067 2183 5123 ges
2207 5052 2277 5108 de
2302 5053 2604 5111 diademate
2631 5056 2949 5126 gloriantur.
2979 5060 3212 5117 Rursum
3259 5066 3527 5122 maxillam
3556 5084 3680 5138 per-

2090 5144 2309 5199 cutienti
2339 5144 2552 5209 oll'erre,
2591 5159 2748 5216 quam
2781 5160 3079 5218 percutere,
3110 5152 3277 5208 levius
3302 5163 3357 5211 et
3394 5156 3683 5225 jucundius

2090 5246 2191 5302 est,
2220 5237 2264 5291 si
2307 5236 2590 5292 attendas:
2620 5253 2744 5292 nam
2787 5240 2932 5296 illinc
2975 5242 3183 5297 initium
3223 5245 3369 5312 belli,
3400 5247 3523 5303 hinc
3564 5249 3683 5318 ejus

2089 5326 2287 5382 solutio
2312 5329 2582 5397 provenit;
2614 5338 2668 5385 et
2690 5330 2780 5385 illo
2807 5332 3020 5402 quidem
3049 5334 3208 5390 modo
3234 5336 3457 5392 alterius
3493 5355 3683 5411 rogum

2088 5417 2412 5483 accendisti,
2468 5419 2570 5474 hoc
2616 5430 2792 5476 autem
2849 5422 3116 5479 flammam
3171 5434 3313 5481 tuam
3354 5431 3682 5485 cxstinxisti.

2088 5508 2238 5576 Quod
2280 5519 2456 5565 autem
2507 5526 2609 5566 non
2657 5513 2736 5566 ttri
2774 5513 2978 5570 dulcius
3027 5517 3117 5584 sit,
3146 5533 3303 5588 quam
3344 5521 3446 5587 uri,
3482 5524 3682 5578 nemini

2090 5618 2194 5657 non
2226 5611 2407 5656 notum
2430 5612 2531 5658 est.
2554 5603 2705 5671 Quod
2733 5606 2777 5660 si
2804 5607 2964 5662 resin
2995 5612 3267 5679 corporeis
3288 5612 3354 5664 ita
3378 5626 3439 5667 se
3466 5612 3681 5685 habeat,

2090 5694 2255 5750 utulto
2299 5695 2467 5765 magis
2518 5697 2568 5750 in
2611 5697 2672 5751 iis
2714 5714 2829 5767 qum
2861 5699 3202 5779 adanimam
3247 5716 3511 5774 spectant.
3542 5707 3681 5776 Quid
