4042 6218
332 285 437 342 455

328 401 508 470 πολλῷ
557 401 758 472 μᾶλλον
801 402 894 455 ἐπί
935 403 1132 474 ψυχῆς.
1166 405 1231 456 Τί
1257 405 1314 458 δὲ
1348 407 1700 478 κουφότερον,
1740 409 2002 476 ἀγωνίζε-

331 488 476 550 σθαι,
511 488 542 559 ἦ
575 489 1005 558 στεφανοῦσθαι;
1037 491 1349 557 πυκτεύειν,
1381 493 1414 561 ἢ
1449 494 1511 546 τὺ
1542 495 1795 566 βραϐεῖον
1825 496 2001 566 ἑχεινς

329 577 490 629 καί²⁶
529 580 790 646 κυμάτων
835 576 1167 645 ἀνέχεσθαι,
1202 579 1234 648 ἢ
1281 581 1360 642 είς
1403 581 1597 651 λιμένα
1626 585 2004 655 καταίρεινπς

329 663 540 715 ()ὐκοῦν
560 664 654 716 καὶ
677 663 736 714 τὸ
762 663 1050 717 ἀποθανεῖν
1074 664 1168 716 τοῦ
1189 665 1287 737 ζῇν
1316 667 1543 737 βέλτιον.
1578 671 1752 724 Τοῦτο
1774 672 1874 742 μὲν
1894 673 2004 745 γὰρ

328 747 514 816 ἐξάγει
560 750 667 800 τῶν
715 747 1020 802 κλυδωνίων
1034 751 1078 782 ³⁸
1129 752 1358 805 καὶτῶν
1398 755 1663 811 κινδύνων
1685 773 1699 788 °
1733 760 1911 812 ἐκεῖνο
1947 759 2004 810 δὲ

327 836 672 905 προστίθησι,
700 840 792 889 καῖ⁵
821 836 1122 890 ὑπεύθυνον
1149 842 1294 892 ποιεί
1322 841 1543 911 μυρίαις
1569 843 1881 907 ἐπιϐουλαῖς
1909 844 2005 897 καὶ

328 911 618 988 ἀνάγκαις,
651 922 717 975 δι’
738 923 805 986 ἃς
838 924 1072 977 ἀϐίωτον
1102 921 1241 979 εἶναι
1273 927 1364 980 τὸν
1404 928 1516 998 βίον
1545 931 1824 999 ἐνόμισας.
1859 931 1922 984 Εἰ
1949 931 2004 984 δὲ

327 1011 575 1072 ἀπιστεῖς
619 1014 732 1073 τοῖς
771 1010 1105 1081 λεγομένοις,
1156 1013 1385 1068 ἄκουσον
1416 1015 1526 1069 τῶν
1575 1017 1899 1088 ἑωρακότων
1935 1020 2004 1073 τά

327 1096 592 1164 πρόσωπα
615 1097 720 1149 τῶν
763 1100 1057 1170 μαρτύρων
1084 1103 1140 1154 ἐν
1162 1101 1240 1172 τῷ
1271 1101 1446 1173 καιρῷ
1476 1104 1584 1156 τῶν
1611 1104 1859 1172 ἀγώνων,
1889 1101 2006 1170 πῶς

330 1182 716 1253 μαστιζόμενοι
753 1186 848 1238 καὶ
899 1185 1165 1256 ξεόμενοι,
1213 1193 1534 1260 περιχαρεῖς
1566 1188 1707 1262 ἦσαν
1746 1194 1840 1246 καὶ
1875 1211 2001 1261 φαι-

323 1267 460 1338 δροὶ.
488 1271 582 1323 καὶ
607 1271 713 1324 τῶν
737 1273 828 1324 ἐπὶ
849 1273 1106 1340 ῥοδωνιᾶς
1133 1277 1618 1347 κατακεκλιμένων
1638 1279 1728 1331 ἐπὶ
1753 1279 2002 1348 τηγάνων

327 1358 741 1429 προκείμενοιτθ
775 1360 974 1430 μᾶλλον
1002 1360 1220 1431 ἔχαιρον
1264 1362 1354 1415 καὶ
1379 1364 1754 1434 εὐφραίνοντο.
1786 1367 1877 1420 Διὸ
1909 1369 2004 1421 καὶ

326 1443 542 1506 Παῦλος
585 1445 760 1513 ἔλεγε,
796 1446 1006 1516 μέλλων
1037 1448 1285 1502 ἐντεῦθεν
1327 1450 1552 1505 ἀπιέναι
1580 1454 1672 1506 καὶ
1714 1454 2002 1508 καταλύειν

327 1530 487 1600 βιαίῳ
531 1531 748 1602 Θανάτῳ
773 1533 872 1604 τὴν
902 1533 1050 1604 ζωήν
1071 1547 1086 1563 ⁸
1128 1536 1319 1603 Χαίρω
1350 1537 1446 1590 καὶ
1472 1541 1784 1608 συγχαίρω
1813 1540 2004 1595 πᾶσιν

326 1618 468 1685 ὑμῖν
495 1636 508 1650 ο
541 1619 606 1672 τὸ
630 1619 699 1672 δὲ
725 1621 874 1674 αὐτὸ
908 1623 1007 1675 καὶ
1050 1623 1214 1691 ὑμεῖς
1248 1626 1483 1692 χαίρετε
1519 1627 1618 1679 καί
1645 1628 2004 1696 συγχαίρετέ

317 1723 439 1772 μοι.
469 1703 626 1776 Εἶδες,
648 1708 766 1777 μεθ’
796 1710 928 1779 ὅσης
964 1712 1270 1782 ὑπερϐολῆς
1301 1713 1396 1782 τὴν
1421 1715 1745 1785 οἰκουμένην
1786 1717 2002 1773 ἃπασαν

323 1795 418 1845 ἐπὶ
448 1794 544 1864 τὴν
585 1797 871 1851 κοινωνίαν
915 1799 1016 1868 τῆς
1065 1801 1404 1871 εὐφροσύνης
1454 1804 1638 1871 καλεῖ;
1673 1803 1828 1858 Οὕτω
1857 1806 2002 1875 μέγα

324 1881 529 1946 ἀγαθὸν
556 1882 670 1952 ᾔδει
700 1885 798 1954 τὴν
821 1886 1070 1939 ἐντεῦθεν
1094 1887 1406 1958 ἀποδημίαν
1423 1885 1586 1943 οὖσαν
1608 1909 1621 1922 ·
1655 1891 1797 1944 οῦτω
1814 1895 1999 1946 ποθει-

322 1967 411 2019 νὸν
440 1971 531 2021 τὸν
563 1970 707 2024 οὕτω
730 1972 860 2040 φοϐε
872 1972 960 2043 ρδν
981 1975 1024 2006 ³⁰
1055 1975 1304 2038 θάνατον,
1331 1979 1423 2030 καὶ
1448 1979 1750 2049 ἐπέραστον
1781 1981 1876 2034 καὶ
1906 1982 1999 2034 εὐ-

321 2057 424 2124 χῆς
454 2057 618 2120 ἄξιον.
661 2060 801 2112 Ἀλλ’
833 2063 916 2113 ὅτι
955 2061 1052 2130 μὲν
1085 2063 1215 2132 ἡδὺς
1249 2065 1342 2116 καί
1373 2065 1575 2132 κοῦφος
1609 2069 1636 2119 ό
1661 2067 1760 2136 τῆς
1791 2068 1996 2138 ἀρετῆς

320 2143 487 2212 ζυγὸς
510 2187 522 2205 ,
567 2147 660 2198 καὶ
695 2147 961 2217 ἑτέρωθεν
1007 2149 1333 2219 πολλαχόθεν
1384 2151 1540 2221 δῆλον
1561 2169 1572 2182 ·
1605 2153 1790 2206 λοιπὸν
1822 2155 1908 2220 δὲ,
1949 2159 1997 2210 εί

318 2231 483 2289 δοκεῖ,
520 2233 613 2286 καὶ
645 2234 746 2303 τῆς
773 2236 1048 2306 ἁμαρτίας
1078 2236 1276 2306 ἴδωμεν
1310 2239 1377 2291 τὰ
1399 2239 1610 2308 φορτία.
1644 2240 1854 2294 Οὐκοῦν
1873 2245 1999 2306 τοὺς

321 2314 650 2379 πλεονέκτας
694 2318 771 2380 εἰς
817 2319 981 2387 μέσον
1033 2319 1352 2390 ἀγάγωμεν,
1400 2323 1528 2383 τοὺς
1583 2322 1860 2394 καπήλους
1906 2327 2001 2379 καὶ

321 2400 774 2471 παλιγκαπήλους
799 2395 924 2455 ’τῶν
975 2404 1348 2474 ἀναισχύντων
1381 2406 1750 2476 συμϐολαίων.
1800 2410 1865 2462 Τί
1905 2407 1999 2465 οὖν

319 2487 721 2559 φορτικώτερον
760 2489 861 2558 τῆς
905 2490 1159 2560 τοιαύτης
1202 2493 1590 2563 πραγματείας
1645 2495 1840 2563 γένοιτ’
1894 2498 1996 2563 άν;

319 2575 483 2627 πόσαι
513 2575 711 2639 λύπαι,
739 2578 901 2630 πόσαι
934 2579 1239 2648 φροντίδες,
1272 2581 1413 2633 πόσα
1442 2582 1907 2654 προσκρούσματα
1926 2585 1994 2650 ³¹,

320 2662 475 2714 πόσοι
520 2661 778 2727 κίνδυνοι,
812 2665 974 2718 πόσαι
1008 2665 1290 2719 ἐπιϐουλαί
1323 2668 1416 2720 καὶ
1447 2670 1674 2740 πόλεμοι
1705 2670 1828 2723 καθ’
1870 2672 1998 2726 ἑκά-

320 2767 452 2818 στην
477 2751 690 2820 ἡμέραν
721 2751 930 2815 τούτοις
961 2751 1186 2822 φύονται
1217 2757 1330 2818 τοῖς
1354 2754 1605 2825 κέρδεσι;
1645 2756 1800 2810 πόσοι
1835 2757 1996 2828 θόρυ-

317 2835 404 2887 ϐοι
449 2838 541 2890 καὶ
586 2839 854 2909 ταραχαί;
890 2839 1098 2913 Ὥσπερ
1129 2841 1238 2912 γὰρ
1263 2843 1364 2912 τὴν
1410 2842 1682 2897 θάλατταν
1711 2845 1811 2898 οὐκ
1850 2845 1998 2898 ἔστιν

319 2923 448 2976 ίδεῖν
495 2943 622 2979 ποτε
672 2929 934 2998 κυμάτων
976 2929 1178 3000 χωρὶς,
1224 2928 1397 2994 οὕτως
1445 2931 1566 2983 οὐδὲ
1604 2931 1704 3002 τὴν
1743 2932 1997 3002 τοιαύτην

315 3009 494 3082 ψυχὴν
541 3015 820 3084 φροντίδος
865 3017 958 3069 καὶ
1005 3016 1246 3088 ἀθυμίας
1275 3018 1368 3070 καὶ
1402 3017 1569 3086 φόϐου
1613 3019 1706 3071 καὶ
1749 3022 1994 3090 ταραχῆς

1116 287 1173 345 S.
1205 290 1491 348 JOANNIS
1525 290 2020 350 CHRYSOSTOMI
2058 297 2377 357 ARCHIEP.
2407 299 2961 359 CONSTANTINOP.

3690 298 3811 356 431

2106 414 2287 480 ἐκτὸς,
2334 416 2471 471 ἀλλὰ
2498 418 2566 472 τά
2591 418 2835 488 πρότερα
2874 418 3284 490 καταλαμϐάνει
3319 419 3391 474 τά
3416 419 3674 490 δεύτερα,
3703 417 3817 469 καὶ

2088 505 2272 562 ,πάλιν
2289 506 2379 585 Ege
2389 523 2456 577 ρα
2473 506 2672 572 ἔπεισι,
2690 507 2784 559 καὶ
2809 509 3016 562 τούτων
3045 510 3259 564 οὐδέπω
3283 511 3614 580 παυομένων
3631 508 3727 560 ἑτε
3737 524 3816 578 ρα

2111 591 2468 646 κορυφουται.

2190 662 2352 716 Ἀλλά
2419 663 2530 717 τῶν
2572 664 2827 735 λοιδόρων
2896 665 3074 734 βούλει
3147 667 3240 719 καὶ
3298 668 3408 719 τῶν
3470 666 3804 738 ἀκροχόλων

2106 749 2207 812 τὰς
2256 750 2436 822 ψυχὰς
2487 752 2650 818 ίδεῖν;
2693 753 2802 808 Καὶ
2849 753 2903 804 τί
2938 753 3040 822 τῆς
3088 753 3322 822 βασάνου
3362 753 3808 824 ταύτηςχεῖρονς

2108 837 2160 889 τί
2203 837 2312 890 τῶν
2352 839 2685 908 τραυμάτων
2717 833 2793 892 ὧν
2849 839 3068 909 ἔχουσιν
3102 839 3278 906 ἑνδον;
3331 841 3382 893 τί
3432 841 3534 911 τῆς
3560 841 3808 912 καμίνου

2122 921 2222 992 τῆς
2268 924 2530 993 διηνεκῶς
2577 927 2876 995 καιομένης
2903 965 2917 987 ,
2963 925 3060 978 καὶ
3111 925 3211 995 τῆς
3259 926 3456 994 φλογὸς
3497 927 3596 996 τῆς
3629 927 3807 997 μηδέ·-

2109 1027 2238 1062 ποτε
2287 1011 2688 1080 σϐεννυμένης;
2762 1012 2922 1064 Ἀλλά
2978 1011 3086 1064 τῶν
3131 1013 3175 1044 ³³
3233 1013 3634 1082 φιλοσωμάτων
3701 1014 3806 1066 καὶ

2105 1100 2172 1167 τῇ
2207 1097 2457 1170 παρούσῃ
2490 1099 2937 1176 προστετηκότων
2983 1098 3133 1168 ζωῇ;
3185 1099 3294 1152 Καὶ
3340 1099 3393 1152 τί
3434 1099 3643 1168 ταύτης
3689 1100 3803 1169 τῆς

2105 1184 2349 1248 δουλείας
2381 1183 2792 1254 χαλεπώτερον;
2823 1185 2927 1238 Τὸν
2959 1183 3052 1237 τοῦ
3084 1185 3224 1238 Κάῖν
3261 1185 3374 1254 βίον
3405 1185 3563 1249 ζῶσι,
3598 1186 3799 1256 τρόμῳ

2103 1273 2344 1341 διηνεκεῖ
2376 1273 2623 1335 συνόντες
2637 1273 2682 1304 ³⁸
2713 1275 2808 1325 καὶ
2842 1273 3015 1342 φόϐῳ,
3051 1274 3174 1325 καθ’
3200 1274 3434 1326 ’ἑκαστον
3464 1273 3574 1325 τῶν
3601 1274 3797 1326 τελευο

2103 1358 2355 1421 τώντων,
2393 1360 2591 1429 μᾶλλον
2636 1359 2746 1412 τῶν
2789 1360 3018 1424 ἐκείνοις
3059 1362 3471 1431 προσηκόντων,
3505 1360 3659 1432 [431]
3693 1363 3798 1430 τὴν

2104 1447 2310 1500 οἰκείαν
2345 1446 2670 1518 θρηνοῦντες
2699 1447 2975 1518 τελευτήν.
3022 1448 3087 1500 Τί
3124 1447 3180 1500 δὲ
3209 1448 3317 1499 τῶν
3352 1447 3794 1517 πεφυσιωμένων

2103 1534 2586 1606 ταραχωδέστερόν
2615 1550 2671 1586 τε
2709 1535 2802 1586 καὶ
2831 1533 3232 1605 μανικώτερονς
3270 1534 3499 1588 Μάθετε
3526 1535 3660 1602 γάρ,
3686 1551 3795 1602 φη-

2107 1620 2210 1681 σὶν,
2235 1622 2335 1674 ἀπ’
2363 1620 2530 1689 ἐμοῦ,
2551 1619 2639 1673 ὅτι
2672 1619 2859 1689 πρᾶός
2879 1623 2992 1688 εἰμι
3018 1622 3115 1673 καί
3144 1620 3428 1685 ταπεινὸς
3451 1619 3526 1688 τῇ
3549 1621 3789 1688 καρδίᾳ,

2105 1708 2201 1760 καί
2221 1707 2511 1776 εὑρήσετε
2543 1707 2891 1762 ἀνάπαυσιν
2925 1707 3054 1774 ταῖς
3082 1707 3311 1777 ψυχαῖς
3345 1705 3532 1777 ὑμῶν.
3576 1709 3791 1760 Ἀπάν-

2102 1813 2212 1848 των
2241 1795 2350 1865 γὰρ
2387 1797 2420 1864 ή
2465 1794 2785 1860 ἀνεξικακία
2821 1796 3004 1866 μήτηρ
3044 1795 3154 1848 τῶν
3184 1793 3429 1863 ἀγαθῶν.
3477 1794 3571 1866 Μὴ
3601 1797 3791 1848 τοίνυν

2106 1882 2372 1953 φοϐηθῇς,
2404 1881 2538 1952 μηδέ
2569 1881 2928 1952 ἀποπηδήσῃς
2955 1881 3048 1934 τὸν
3077 1881 3296 1934 πάντων
3329 1899 3387 1934 σε
3419 1880 3628 1934 τούτων
3655 1900 3790 1935 κου-

2105 1970 2329 2040 φίζοντα
2377 1969 2561 2037 ζυγὸν,
2610 1969 2722 2022 ἀλλ’
2771 1968 2971 2022 ῦπελθε
3014 1968 3154 2038 μετά
3204 1968 3517 2038 προθυμίας
3563 1969 3791 2038 ἁπάσης

2105 2059 2287 2122 αὐτὸν,
2319 2058 2412 2111 καὶ
2441 2058 2566 2110 τότε
2595 2055 2760 2109 αὐτοῦ
2782 2056 2902 2127 εῐσῃ
2934 2057 3122 2124 σαφῶς
3147 2057 3248 2126 τὴν
3270 2057 3484 2126 ἡδονήν.
3515 2058 3652 2110 Οὐδὲ
3676 2057 3791 2128 γάρ

2103 2147 2280 2216 τρίϐει
2313 2162 2405 2198 σου
2442 2145 2536 2198 τὸν
2569 2144 2794 2214 αὐχένα,
2847 2143 2965 2198 ἀλλ’
2995 2144 3249 2207 εὐταξίας
3291 2144 3481 2197 ἕνεκεν
3510 2145 3791 2197 ἐπίκειται

2108 2235 2296 2304 μόνης,
2343 2235 2436 2286 καὶ
2470 2233 2564 2285 τοῦ
2592 2235 2774 2285 πεῖσαι
2809 2231 3043 2301 βαδίζειν
3072 2230 3340 2302 εὔρυθμα,
3375 2231 3471 2284 καὶ
3521 2231 3662 2301 πρὸς
3689 2233 3791 2300 τὴν

2102 2319 2388 2390 βασιλικὴν
2436 2337 2494 2371 σε
2534 2320 2648 2372 ὁδὸν
2688 2319 2934 2386 ἀγαγεῖν,
2973 2317 3068 2371 καὶ
3107 2317 3215 2369 τῶν
3243 2317 3585 2387 ἑκατέρωθεν
3617 2319 3786 2370 ἀπαλ-

2097 2407 2256 2470 λάξαι
2301 2406 2582 2476 κρημνῶν,
2615 2406 2709 2457 καὶ
2762 2406 2984 2476 ποιῆσαι
3033 2403 3152 2475 μετ’
3203 2404 3456 2467 εὐκολίας
3509 2405 3612 2472 τὴν
3667 2422 3790 2456 στε-

2101 2495 2195 2564 νὴν
2225 2493 2436 2564 βαδίσαι
2464 2493 2600 2546 ὀδόν.
2643 2492 2795 2546 Ἐπεὶ
2839 2490 2934 2546 οὖν
2982 2495 3219 2546 τοσαῦτα
3264 2489 3429 2545 αὐτοῦ
3459 2493 3528 2546 τὰ
3576 2494 3789 2560 ἀγαθά,

2102 2581 2338 2652 τοσαύτη
2367 2583 2398 2650 ή
2429 2581 2716 2650 ἀσφάλεια,
2738 2578 2974 2651 τοσαύτη
3007 2583 3040 2651 ὴ
3073 2580 3404 2650 εὐφροσύνη,
3436 2581 3588 2650 πάσῃ
3613 2580 3785 2649 ψυχῇ,

2098 2671 2248 2741 πάσῃ
2274 2669 2479 2740 σπουδῇ
2504 2668 2690 2722 τοῦτον
2712 2669 2962 2738 ἕλκωμεν
2987 2670 3079 2721 τὸν
3103 2668 3285 2736 ζυγόν⁹
3308 2669 3396 2720 ἵνα
3427 2669 3523 2722 καὶ
3545 2670 3788 2722 ἐνταῦθα

2095 2758 2400 2811 ἀνάπαυσιν
2430 2755 2678 2826 εὕρωμεν
2709 2758 2825 2818 ταῖς
2847 2755 3047 2825 ψυχαῖς
3074 2756 3256 2825 ήμῶν,
3291 2756 3384 2808 καὶ
3412 2756 3522 2807 τῶν
3560 2756 3786 2825 μελλόν-

2092 2863 2202 2899 των
2235 2843 2584 2914 ἑπιτύχωμεν
2617 2843 2858 2912 ἀγαθῶν,
2903 2833 3088 2915 χάριτι
3121 2844 3216 2896 καὶ
3260 2843 3654 2913 φιλανθρωπία
3691 2844 3786 2896 τοῦ

2095 2933 2301 3003 Κυρίου
2331 2932 2488 3002 ήμῶν
2531 2932 2705 3000 Ἰησοῦ
2739 2931 2998 3001 Χριστοῦ,
3028 2924 3073 2999 ᾧ
3101 2934 3134 3001 ἡ
3167 2931 3295 2995 δόξα
3341 2931 3438 2984 καὶ
3465 2930 3527 2982 τὸ
3555 2933 3786 3000 κράτλς,

2094 3021 2189 3075 νῦν
2217 3023 2310 3075 καί
2341 3021 2428 3074 ἀεὶ⁸
2457 3021 2550 3073 καὶ
2580 3022 2658 3083 εἰς
2681 3021 2806 3083 τοὺς
2834 3019 3040 3083 αἰῶνας
3064 3021 3172 3072 τῶν
3198 3019 3434 3074 αἰώνων.
3476 3021 3680 3090 ’Δμήν.

470 3109 808 3196 κριίοιῐιιαΑἰῖ
826 3110 900 3196 E_..
965 3113 1009 3145 ’⁷
1036 3115 1325 3196 καρτερεῖν
1345 3113 1426 3196 Αἰ,
1440 3113 1512 3196 D.‘
1531 3113 1590 3166 Ε.
1617 3112 1997 3196 ίξκνιιίεξιίιιηλ

2138 3117 2526 3196 iam-interpp.
2604 3117 2648 3196 ξ’
2691 3115 2974 3196 κλυδώνων
3023 3111 3786 3196 ΕριΙτ-προστίθῃσιλτίβηξι

321 3175 454 3230 Ilor.
769 3182 1000 3258 CQdiges
1040 3175 1304 3258 κείμενοι.
1335 3183 1426 3258 __‘°
1465 3184 1555 3258 τον
1583 3185 1760 3258 αὐτὸν
1773 3175 1866 3258 κξιί
1895 3187 1997 3254 φοϐ

2138 3188 2188 3240 d.
2246 3175 2782 3258 A‘fﬁpéé'xpoﬁgzm
2819 3187 2882 3240 A.
2917 3185 2978 3240 F.
3055 3186 3100 3216 "
3140 3175 3276 3238 ἀλλά
3316 3201 3365 3237 τι
3399 3175 3508 3237 τῶν
3543 3175 3604 3239 Ε.
3637 3175 3785 3239 [).Ῥ.

316 3258 371 3298 el
397 3264 479 3318 pr.
510 3249 575 3301 A.
612 3249 746 3302 ἀλλά
773 3254 838 3321 τῇ
871 3253 980 3303 τῶν
1015 3249 1160 3307 οοΓιί.
1193 3254 1256 3304 Α.
1333 3251 1380 3283 ⁸³
1420 3254 1690 3317 συζῶντες
1721 3253 1856 3309 Edd.
1882 3249 1932 3325 ιὶ.
1966 3273 1997 3324 p

2163 3255 2286 3310 καθ’
2309 3249 2549 3310 ἕκαστον
2572 3249 2706 3311 Edd.

451 3405 498 3412 .—
511 3406 722 3414 -—.-—..-_

923 3409 1138 3416 Ἢ..

1199 3410 1600 3420 ———————————~—

1850 3491 2094 3543 ΟΜΙΛΙΑ
2123 3491 2247 3544 Λθ.

333 3648 429 3700 ἐν
459 3647 671 3714 ἐκείνῳ
693 3645 773 3713 τῷ
827 3646 1011 3716 καιρῷ
1049 3649 1342 3716 ἐπορεύθη
1377 3652 1410 3702 ό
1450 3650 1681 3718 Ἰησοῦς
1707 3651 1830 3716 τοῖς
1858 3652 1997 3706 σάϐ-

389 3731 531 3784 ϐασι
557 3728 656 3781 διὰ
672 3727 792 3780 τῶν
812 3728 1125 3796 σπορίμων
1145 3745 1159 3760 ο
1185 3731 1237 3781 οί
1267 3727 1336 3780 δὲ
1355 3730 1613 3796 μαθηταὶ
1635 3731 1823 3784 αὑτοῦ
1844 3732 1998 3784 ἐπεί-

388 3823 620 3871 νασαν,
690 3806 791 3860 καὶ
865 3806 1132 3874 ἤρξαντο
1189 3806 1421 3860 τίλλειν
1481 3807 1754 3878 στάχυας
1787 3810 1831 3841 ³⁸
1895 3810 1996 3866 καὶ

389 3888 644 3944 ἐσθίειν.

388 4015 456 4069 α’.
499 4016 557 4068 '0
573 4013 630 4067 δὲ
659 4014 874 4074 Λουκᾶς
899 4031 1083 4084 φησιν,
1102 4015 1204 4068 Ἑν
1228 4013 1503 4079 σαϐϐάτῳ
1521 4012 1993 4082 δευτεροπρώτῳ.

317 4101 384 4153 Τί
411 4102 467 4154 δέ
496 4102 641 4154 ἐστιν
673 4103 729 4154 ἐν
754 4099 798 4131 ³⁵
854 4097 1318 4172 δευτεροπρώτῳ;
1353 4102 1520 4155 Ὅταν
1542 4100 1707 4171 διπλῆ
1757 4103 1790 4171 ὴ
1830 4101 1996 4171 ἀργία

315 4187 373 4262 ᾖ,
423 4191 519 4244 καὶ
566 4189 660 4242 τοῦ
727 4187 1000 4241 σαϐϐάτου
1032 4184 1126 4240 τοῦ
1190 4188 1402 4258 κυρίου,
1441 4187 1534 4241 καὶ
1578 4188 1773 4259 ἑτέρας
1803 4189 1996 4260 ἑορτῆς

315 4277 724 4348 διαδεχομένης.
773 4273 1049 4329 Σάϐϐατον
1082 4275 1192 4346 γάρ
1229 4276 1468 4344 ἑκάστην
1500 4274 1698 4344 ἀργίαν
1744 4274 1993 4330 καλοῦσι.

316 4366 428 4420 Καί
460 4382 512 4418 τι
537 4364 733 4434 δήποτε
761 4362 971 4416 ἐκεῖθεν
990 4363 1187 4426 αὐτοὺς
1213 4363 1420 4433 ἤγαγεν
1442 4365 1470 4416 ὁ
1492 4363 1670 4416 πάντα
1705 4360 1993 4434 προειδὼς,

318 4453 366 4505 εἰ
419 4453 494 4524 μὴ
542 4451 793 4506 ἐϐούλετο
840 4449 1067 4518 λυθῆναι
1115 4449 1177 4502 τὸ
1217 4449 1518 4513 σάϐϐατον;
1559 4448 1841 4502 Ἐϐούλετο
1875 4450 1993 4519 μὲν,

318 4540 432 4593 ἀλλ’
477 4541 572 4608 οὐχ
631 4537 853 4601 ἁπλῶς·
905 4536 1094 4607 διόπερ
1139 4535 1392 4588 οὐδέποτε
1440 4537 1608 4607 χωρὶς
1648 4537 1826 4599 αἰτίας
1864 4538 1998 4591 αὐτὸ

316 4628 455 4688 λύει,
482 4627 615 4680 ἀλλά
644 4627 819 4688 διδοὺς
849 4624 1152 4696 προφάσεις
1179 4622 1457 4691 εὐλόγους,
1477 4623 1564 4676 ἴνα
1586 4625 1681 4677 καὶ
1713 4624 1802 4678 τδν
1832 4626 1996 4696 νόμον

314 4712 626 4783 ἀναπαύσῃ,
659 4713 751 4765 καὶ
798 4712 1040 4774 ἐκείνους
1073 4711 1147 4782 μὴ
1195 4709 1393 4781 πλήξῃ.
1435 4711 1590 4765 Ἔστι
1631 4712 1687 4766 δὲ
1730 4713 1866 4765 ὅπου
1902 4714 1996 4766 καὶ

321 4803 747 4872 προηγουμένως
779 4799 908 4854 αὐτὸ
927 4799 1064 4862 λύει,
1086 4800 1147 4852 οὐ
1174 4798 1311 4870 μετά
1341 4801 1712 4870 περιστάσεως
1731 4817 1743 4831 ·
1771 4801 1846 4864 ώς
1866 4800 1993 4854 ὅταν

315 4890 408 4944 τὸν
443 4888 612 4958 πηλὸν
648 4889 692 4919 ³⁸
727 4890 851 4961 χρίῃ
877 4890 1002 4952 τοὺς
1026 4888 1336 4958 ὀφθαλμοὺς
1367 4889 1461 4941 τοῦ
1488 4889 1690 4959 τυφλοῦ
1717 4903 1730 4918 ⁶
1755 4889 1830 4952 ὼς
1864 4889 1993 4942 ὅταν

316 4975 452 5045 λέγῃ
474 4990 486 5002 ο
535 4973 596 5024 '0
628 4971 828 5037 Πατήρ
849 4990 966 5040 μου
995 4972 1108 5038 ἕως
1136 4972 1264 5040 ἄρτι
1280 4972 1599 5041 ἐργάζεται,
1641 4972 1804 5041 κάγὼ
1824 4973 1989 5043 ἐργά-

318 5062 501 5130 ζομαι.
530 5061 680 5112 Ποιεῖ
699 5058 756 5110 δὲ
785 5059 973 5121 ταῦτα,
999 5059 1147 5131 [452]
1177 5060 1351 5127 τούτῳ
1383 5061 1481 5130 μὲν
1500 5059 1740 5124 δοξάζων
1761 5061 1854 5114 τὸν
1874 5061 1995 5114 ἐαυ-

316 5147 411 5200 τοῦ
459 5146 702 5217 Πατέρα,
735 5144 928 5211 ἐκείνῳ
973 5146 1029 5196 δὲ
1071 5146 1168 5216 τὴν
1225 5146 1510 5200 ἀσθένειαν
1555 5146 1670 5198 τῶν
1727 5147 1993 5200 Ἰουδαίων

317 5234 828 5308 παραμυθούμενος.
872 5233 937 5285 Ὃ
965 5231 1028 5302 δὴ
1059 5233 1152 5285 καὶ
1188 5232 1422 5286 ἐνταῦθα
1445 5234 1865 5298 κατασκευάζει,
1896 5236 1992 5304 τὴν

315 5325 414 5394 τῆς
470 5324 686 5391 φύσεως
741 5321 986 5390 ἀνάγκην
1032 5319 1502 5389 προϐαλλόμενος·
1551 5321 1794 5390 καίτοιγε
1830 5323 1923 5376 ἐπὶ
1949 5325 1993 5356 ³⁷

315 5411 424 5467 τῶν
447 5409 859 5483 ἁμαρτημάτων
901 5408 1010 5462 τῶν
1057 5407 1496 5478 ὡμολογημένων
1529 5409 1630 5462 οὐκ
1676 5409 1740 5462 ἂν
1783 5409 1995 5478 γένοιτό

318 5516 449 5552 ποτε
479 5498 764 5567 ἀπολογία.
795 5495 936 5550 Οὐτε
966 5495 1075 5566 γὰρ
1097 5495 1126 5547 ὁ
1153 5492 1392 5562 φονεύων
1424 5493 1516 5546 τὸν
1545 5493 1715 5564 θυμὸν
1742 5495 1809 5550 ἂν
1838 5498 1992 5569 σχοίη

319 5585 706 5656 προϐαλέσθαι,
734 5584 858 5638 οὐτε
891 5584 936 5616 ⁸⁸
961 5585 989 5637 ὁ
1019 5579 1288 5654 μοιχεύων
1314 5580 1413 5650 τὴν
1443 5581 1758 5652 ἐπιθυμίαν,
1791 5586 1994 5655 μᾶλλον

388 5697 432 5728 ³⁸
499 5697 624 5757 τοὺς
676 5696 914 5764 στάχυας
967 5694 1032 5746 Α.
1083 5694 1106 5746 1
1153 5690 1338 5764 Magi].

323 5767 456 5819 Mur.
488 5766 572 5822 (li.
609 5761 843 5835 l-lebr."i.
879 5766 933 5820 9.
969 5763 1047 5835 τῷ
1073 5762 1228 5835 πηλῷ
1256 5761 1381 5835 Sav.
1406 5761 1537 5835 Ben,
1560 5833 1588 5835 η
1636 5763 1678 5835 ‘_"
1711 5763 1833 5835 ἐπὶ]

1416 5691 1460 5766 i5
1501 5691 1560 5744 ἐν
1587 5706 1695 5766 01η.
1723 5691 1796 5766 _F._
1817 5697 1892 5766 -ὲν
1942 5695 2117 5766 δευτ.]

1873 5769 1966 5819 καί
2003 5765 2264 5818 ἐπίΕόό.

321 5846 373 5887 ιιι
412 5838 568 5890 codd.
615 5834 949 5905 ἀγχομένους
977 5830 1106 5889 Εὲίιί.
1138 5830 1431 5905 Vérsiones
1459 5833 1593 5888 nihil
1631 5830 1916 5905 delinilim.
1991 5836 1997 5905 ἦ

2142 5851 2172 5890 c
2196 5836 2289 5903 Ep.
2310 5834 2547 5905 elicodd.
2571 5831 2790 5901 σφοδροί
2844 5830 2976 5886 ΕεΙιί.

2101 3651 2306 3704 δὲούδέ
2344 3651 2511 3722 ἄλλην
2566 3652 2821 3724 οὐδεμίαν
2859 3653 3039 3708 αἰτίαν
3066 3656 3275 3708 εἰπεῖν’
3318 3653 3558 3706 ἐνταῦθα
3593 3653 3652 3707 δὲ
3691 3654 3787 3725 τὴν

2103 3741 2294 3793 πεῖναν
2336 3741 2524 3805 εἰπὼν,
2567 3741 2766 3804 παντὸς
2810 3742 3114 3812 ἀπήλλαξεν
3161 3740 3358 3804 αὐτοὺς
3411 3741 3788 3812 ἐγκλήματος.

2102 3827 2176 3882 Σὺ
2205 3827 2262 3880 δέ
2299 3844 2386 3898 μοι
2411 3827 2690 3896 θαύμασον
2718 3830 2843 3891 τοὺς
2881 3827 3152 3898 μαθητὰς,
3183 3829 3310 3891 τοῦς
3333 3827 3477 3881 οῦτω
3501 3830 3789 3882 συνεσταλ-

2107 3914 2300 3985 μένους
2337 3915 2430 3968 καί
2462 3915 2665 3986 μηδένα
2701 3916 2811 3969 τῶν
2857 3916 3185 3986 σωματικῶν
3217 3916 3575 3987 ποιουμένους
3609 3917 3788 3985 λόγον,

2101 4002 2238 4056 ἀλλά
2271 4003 2548 4074 πάρεργον
2583 4002 2902 4074 τιθεμένους
2949 4003 3048 4074 τὴν
3083 4004 3183 4073 τῆς
3228 4003 3432 4074 σαρκὸς
3481 4005 3787 4075 τράπεζαν,

2102 4089 2196 4143 καὶ
2219 4089 2362 4160 λιμῷ
2388 4089 2725 4160 μαχομένους
2743 4091 2786 4122 ³⁹
2807 4090 3061 4160 διηνεκεῖ,
3094 4091 3190 4144 καὶ
3215 4090 3334 4143 οὐδὲ
3355 4089 3535 4153 οὔτως
3555 4093 3788 4160 άιξὶιστηιι⁸

2106 4175 2318 4246 μένους.
2347 4176 2410 4228 Εἰ
2431 4176 2540 4246 γάρ
2567 4175 2642 4247 μὴ
2673 4176 2985 4246 ἠνάγκαζεν
3009 4178 3206 4242 αὐτοὺς
3237 4177 3443 4248 σφόδρα
3473 4177 3536 4230 τὸ
3568 4181 3782 4248 muniit,

2100 4262 2200 4315 οὐκ
2225 4262 2290 4316 ἂν
2311 4263 2431 4316 οὐδέ
2457 4263 2615 4316 τοῦτο
2645 4264 2928 4332 ἐποίησαν.
2959 4263 3025 4317 Τί
3059 4259 3152 4317 οὖν
3179 4265 3231 4316 οἰ
3251 4265 3570 4335 Φαρισαῖοι;
3606 4265 3794 4319 Ἰδόν-

2100 4367 2219 4416 τες,
2256 4352 2439 4420 φησὶν,
2493 4347 2666 4404 εῖπον
2696 4348 2892 4416 αὐτῷ·
2945 4350 3090 4405 Ἰδοὺ
3127 4354 3180 4405 οι
3196 4353 3459 4419 μαθηταί
3492 4367 3617 4405 σου
3665 4367 3790 4406 ποι-

2099 4437 2280 4492 οῦσιν
2313 4424 2344 4492 δ
2374 4440 2484 4491 οὐκ
2515 4437 2717 4502 ἔξεστι
2735 4440 2930 4491 ποιεῖν
2951 4439 3023 4492 ἐν
3040 4439 3334 4506 σαϐϐάτῳ.
3381 4439 3658 4494 Ἐνταῦθα
3693 4441 3788 4510 μὲν

2097 4526 2159 4579 οὐ
2190 4525 2328 4578 πάνυ
2357 4525 2602 4594 σφοδρῶς
2623 4527 2670 4557 ⁸⁰
2697 4524 2962 4594 (καίτοιγε
3009 4527 3302 4580 ἀκόλουθον
3326 4522 3395 4597 ἦν
3417 4528 3602 4596 τοῦτο)
3625 4545 3641 4560 ’
3675 4529 3786 4582 ἀλλ’

2099 4613 2249 4683 ὅμως
2276 4615 2338 4667 οὐ
2377 4605 2583 4686 σφόδρα
2615 4614 3033 4685 παροξύνονται,
3069 4615 3184 4669 ἀλλ’
3213 4615 3539 4684 ἐγκαλοῦσιν
3578 4617 3787 4681 ἁπλῶς.

2099 4699 2230 4754 Ὅτε
2289 4700 2474 4772 δὲτὴν
2522 4705 2680 4773 χεῖρα
2720 4701 2820 4773 τὴν
2869 4703 3042 4773 ξηρὰν
3090 4700 3322 4767 ἐξέτεινε
3356 4703 3451 4756 καὶ
3481 4703 3787 4776 διώρθωσε,

2095 4789 2219 4842 τότε
2246 4788 2418 4851 οὔτως
2465 4788 2930 4860 ἐξεθηριώθησαν,
2958 4789 3033 4853 ὠς
3065 4791 3160 4843 καὶ
3200 4792 3330 4861 περὶ
3365 4792 3584 4860 σφαγῆς
3621 4793 3788 4846 αὐτοῦ

2099 4875 2445 4946 βουλεύεσθαι
2473 4876 2566 4929 καὶ
2599 4877 2948 4945 ἀναιρέσεως.
2979 4878 3149 4931 Ἔνθα
3191 4878 3290 4948 μὲν
3321 4879 3428 4949 γάρ
3452 4880 3616 4932 οὐδὲν
3645 4882 3789 4948 γίνε-

2095 4981 2186 5016 ται
2223 4964 2364 5034 μέγα
2387 4964 2478 5016 καὶ
2497 4965 2764 5030 γενναῖον,
2787 4964 3150 5032 ἡσυχάζουσιν
3170 4981 3184 4995 ⁸
3209 4965 3339 5018 ἔνθα
3363 4965 3420 5018 δὲ
3447 4965 3621 5036 όρῶσί
3639 4985 3789 5029 τινας

2099 5054 2458 5124 σωζομένους.
2489 5053 2830 5122 ἁγριαίνουσι
2877 5053 2966 5106 καὶ
3013 5055 3394 5122 ταράττονται,
3436 5057 3530 5108 καὶ
3566 5057 3788 5110 πάντων

2097 5142 2204 5196 είσί
2254 5141 2688 5211 φορτικώτεροι·
2746 5139 2920 5203 οὕτως
2955 5142 3143 5212 ἐχθροὶ
3186 5142 3288 5212 τῆς
3311 5142 3421 5195 τῶν
3477 5143 3787 5212 ἀνθρώπων

2097 5229 2370 5300 σωτηρίας
2396 5227 2521 5280 είσί.
2549 5227 2674 5292 Πῶς
2701 5223 2792 5280 οὖν
2834 5228 3185 5298 ἀπολογεῖται
3221 5231 3352 5301 περὶ
3384 5230 3566 5284 αὐτῶν
3603 5235 3634 5284 ὁ
3681 5233 3784 5303 ’1η-

2099 5317 2260 5383 σοῦς;
2317 5319 2438 5370 Οὐκ
2491 5314 2810 5384 ἀνέγνωτε,
2843 5316 2998 5386 φησὶ,
3026 5318 3082 5370 τί
3105 5319 3358 5386 ἐποίησε
3391 5316 3579 5371 Δαυῒδ
3612 5319 3684 5371 ἐν
3710 5318 3787 5384 τῷ

2093 5403 2248 5473 ἱερῷ,
2294 5404 2392 5458 ὅτε
2419 5404 2763 5465 ἐπείνασεν,
2802 5405 2985 5468 αὐτὸς
3030 5405 3127 5457 καὶ
3163 5407 3218 5458 οι
3251 5407 3380 5474 μετ’
3414 5405 3610 5459 αὑτοῦ
3645 5406 3784 5460 πάν-

2095 5512 2194 5560 τες
2242 5494 2282 5525 “
2311 5510 2324 5556 ;
2370 5492 2498 5559 πῶς
2521 5490 2807 5559 εἰσῆλθεν
2853 5495 2941 5557 εἰς
2967 5493 3073 5545 τὸν
3123 5489 3294 5547 οἷκον
3336 5495 3445 5549 τοῦ
3477 5495 3660 5557 Θεοῦ,
3687 5497 3781 5549 καὶ

2098 5583 2239 5648 τοὺς
2260 5582 2477 5651 ἄρτους
2507 5579 2614 5648 τῆς
2657 5579 2995 5649 προθέσεως
3046 5580 3289 5651 ἔφαγεν,
3345 5583 3456 5650 οὓς
3493 5585 3610 5638 οὐκ
3643 5583 3784 5647 ἐξὸν

2165 5691 2790 5764 δευτερόπρωτον-Εέά.
2863 5692 2912 5764 ῗθ
2969 5692 3060 5745 τὸν
3113 5693 3308 5764 πηλὸν]
3355 5693 3447 5749 Sic
3504 5695 3666 5750 codd.
3731 5703 3780 5747 et

2364 5764 2408 5794 ³⁸
2433 5760 2566 5816 οὐδὲ
2604 5760 2776 5834 ΑἎΡ,
2845 5761 2916 5834 ξ’,
2946 5760 3309 5834 μαχομένους]
3353 5764 3444 5819 Sic
3477 5765 3574 5834 Ep.
3618 5765 3774 5834 Emit.

3057 5832 3103 5864 “7
3157 5832 3355 5899 πάντες
3396 5832 3612 5889 υιιιξλ.
3643 5832 3701 5887 Ι·“.
3749 5834 3768 5886 1

324 5905 494 5972 Μιιειι.
523 5907 648 5963 Post
687 5903 736 5961 ν.
761 5905 1046 5962 ἐπείνασεν
1077 5904 1322 5971 distinxi,
1357 5914 1631 5972 praeeunte
1655 5907 1716 5962 C.
1748 5903 1814 5963 F.
1849 5907 1915 5962 Α.
1958 5904 1997 5958 F

2141 5907 2255 5959 chio
2282 5904 2343 5959 ad
2375 5904 2480 5958 loc.
