4042 6218
329 285 430 340 435

326 408 502 451 autem
545 398 716 455 levius
742 409 854 466 est,
899 414 1158 471 pugnare,
1190 417 1258 457 an
1293 408 1579 464 coronari?
1619 411 1908 480 pugilatum

323 500 598 553 exercere,
629 503 697 542 an
743 488 983 542 bravium
1017 492 1238 546 tenere?
1265 492 1510 550 fluctibus
1539 497 1817 568 obsistere,
1839 517 1908 556 an

322 575 372 628 in
401 587 551 644 portu
579 579 818 634 solvere?
842 578 999 635 Certe
1028 583 1188 636 etiam
1217 585 1353 638 mori
1390 587 1578 642 melius
1603 598 1719 658 est,
1748 607 1904 661 quam

317 668 517 722 vivere.
552 668 692 724 Mors
714 671 854 724 enim
883 685 946 725 ex
977 671 1222 728 ﬂuctibus
1248 684 1302 730 et
1327 691 1389 730 ex
1422 679 1667 745 periculis
1693 681 1901 750 educit;

317 757 421 809 vita
463 773 586 812 vero
616 759 666 812 in
705 760 954 828 periculis
992 764 1295 829 constituit,
1327 775 1381 822 et
1409 768 1697 824 obnoxium
1725 773 1902 828 reddit

317 848 462 900 nullo
519 850 722 904 insidiis
766 859 821 905 et
864 854 1308 923 necessitatibus,
1353 857 1420 913 ob
1462 874 1595 929 quas
1640 863 1900 933 ingratam

315 940 472 991 vitam
506 941 803 997 existimes.
833 942 984 1009 Quod
1017 945 1060 1000 si
1087 946 1243 1002 dictis
1269 963 1375 1003 non
1402 952 1592 1008 credas
1612 996 1626 1020 ,
1655 956 1776 1010 audi
1806 973 1898 1012 eos

308 1029 393 1094 qui
424 1033 773 1087 certaminum
807 1043 1047 1104 tempore
1089 1039 1338 1096 viderunt
1367 1043 1548 1099 vultus
1578 1056 1894 1120 martyrum,

307 1121 598 1188 quomodo,
626 1123 752 1178 dum
795 1124 1190 1195 flagellarentur
1214 1139 1268 1185 et
1300 1133 1634 1189 cmdcrentur
1657 1178 1672 1202 ,
1703 1138 1808 1192 laeti
1845 1149 1897 1194 et

304 1206 502 1264 hilares
529 1222 684 1267 erant
714 1233 727 1266 :
760 1217 1034 1287 magisque
1069 1221 1365 1287 gaudebant
1409 1232 1462 1277 et
1501 1225 1811 1282 laetabantur
1841 1230 1892 1283 in

301 1299 620 1368 sartaginem
641 1303 882 1370 immissi,
898 1323 1056 1376 quam
1086 1306 1118 1363 ii
1139 1311 1227 1379 qui
1251 1311 1302 1365 in
1324 1313 1531 1368 rosario
1548 1315 1887 1373 reclinantur.

300 1386 530 1459 ldeoqne
550 1392 743 1448 Paulus
770 1397 999 1452 violenta
1023 1410 1193 1456 morte
1215 1401 1374 1457 vitam
1396 1405 1674 1462 clausurus
1694 1419 1748 1464 et
1768 1409 1890 1465 abs-

298 1491 564 1546 cessurus,
596 1482 842 1538 dicebat:
877 1485 1082 1544 Gaudeo
1124 1499 1170 1543 et
1213 1498 1504 1564 congaudeo
1545 1500 1679 1551 vobis
1719 1501 1886 1554 omni-

295 1565 421 1622 bus:
449 1579 495 1621 et
521 1586 606 1624 vos
655 1577 845 1641 pariter
873 1580 1088 1646 gaudete
1126 1591 1173 1634 et
1210 1585 1520 1653 congaudete
1556 1589 1680 1640 mihi
1718 1589 1887 1658 (Phi-

295 1658 422 1726 lipp.
447 1662 500 1714 2.
537 1664 623 1717 l7.
655 1666 781 1736 18).
820 1669 975 1724 Vides
1001 1681 1194 1740 quanta
1221 1689 1340 1728 cum
1371 1679 1532 1730 animi
1571 1681 1885 1737 celsitudine

295 1757 462 1804 tntum
492 1753 675 1809 orbem
700 1757 765 1811 ad
788 1760 961 1828 gaudii
993 1763 1072 1815 sui
1091 1766 1414 1820 consortium
1439 1772 1626 1823 vocet?
1655 1771 1882 1829 Tantum

291 1853 411 1894 esse
453 1843 648 1899 bonum
700 1848 822 1902 hinc
860 1851 1134 1909 discedere
1175 1857 1429 1924 putabat;
1477 1860 1546 1914 ita
1595 1864 1880 1931 optabilem

290 1940 516 1987 mortem
565 1936 704 1991 illam
734 1941 1021 1998 terribilem
1041 1986 1054 2008 ,
1087 1946 1156 1999 ita
1183 1948 1463 2004 amabilem
1495 1961 1548 2006 et
1576 1952 1882 2010 desideran-

286 2019 428 2074 dam.
447 2023 551 2077 Sed
577 2027 717 2095 quod
751 2031 959 2086 virtutis
981 2034 1164 2104 jugum
1196 2037 1265 2091 sit
1288 2039 1440 2096 dulce
1466 2056 1526 2096 ac
1555 2043 1690 2108 leve,
1715 2047 1877 2101 multa

285 2112 386 2165 alia
420 2113 714 2173 declarant.
745 2121 966 2178 Domum
992 2168 1005 2190 ,
1039 2127 1081 2180 si
1129 2129 1335 2197 placet,
1367 2135 1564 2200 peccati
1592 2150 1755 2191 onera
1795 2139 1877 2193 vi-

284 2201 524 2260 deamus.
558 2210 762 2264 Avaros
791 2213 966 2282 itaque
998 2217 1049 2269 in
1096 2219 1329 2273 medium
1358 2223 1684 2279 adducamus
1705 2269 1720 2294 ,
1755 2230 1874 2285 illos

283 2307 474 2362 nempe
500 2298 589 2366 qui
619 2299 956 2369 impudentes
983 2305 1185 2363 fmnora
1219 2319 1447 2366 tractant
1481 2323 1534 2369 et
1561 2327 1868 2376 retractant.

281 2383 415 2447 Quid
461 2401 588 2457 ergo
626 2394 907 2450 onerosius
960 2399 1049 2452 tali
1089 2403 1480 2470 negotiatione‘
1512 2405 1708 2462 fuerit?
1745 2421 1874 2480 quot

281 2473 513 2542 dolores,
548 2490 679 2550 quot
707 2485 1110 2557 sollicitudines,
1143 2503 1274 2562 quot
1297 2497 1523 2565 scopuli,
1554 2509 1683 2568 quot
1725 2473 1870 2572 peri-

279 2565 394 2620 cuia
421 2608 434 2631 ,
477 2581 606 2638 quot
647 2573 853 2630 insidize
896 2589 950 2632 et
995 2582 1134 2637 bella
1180 2587 1418 2654 quotidie
1462 2605 1526 2644 ex
1572 2565 1675 2647 hoc
1720 2565 1870 2650 lucro

277 2655 562 2711 oriuntur?
603 2672 733 2730 quot
773 2665 939 2721 turba:
988 2678 1042 2723 ct
1081 2674 1372 2730 tumultus?
1413 2677 1867 2743 Quemadmodum

277 2746 418 2799 enim
455 2764 602 2804 mare
641 2767 930 2824 numquam
959 2759 1074 2815 sine
1117 2761 1362 2821 fluctibus
1399 2769 1612 2836 videas,
1656 2775 1733 2829 sic
1769 2791 1868 2832 nec

277 2834 583 2904 hujusmodi
616 2844 850 2900 animum
895 2849 1010 2906 sine
1049 2867 1175 2907 cura
1201 2897 1215 2922 ,
1256 2873 1525 2926 mmrore,
1571 2863 1761 2920 timore
1803 2883 1867 2922 ac

275 2931 676 2996 perturbatione
695 2977 710 3000 ,
738 2937 833 2992 sed
869 2941 1042 3008 priora
1072 2959 1101 2997 a
1131 2951 1476 3016 sequentibus
1505 2955 1859 3026 excipiuntur,

1288 292 1352 347 IN
1391 293 1797 353 MATTIUEUM
1837 297 2068 356 llOMlL.
2111 302 2351 363 XXXIX.
2392 312 2462 367 al.
2504 313 2615 369 XL.

3487 347 3596 406 434

2017 411 2132 470 haec
2170 418 2238 473 ab
2286 423 2425 490 aliis,
2457 428 2647 497 quibus
2676 436 2908 494 nondum
2938 444 3134 503 sedatis
3161 450 3261 506 alia
3289 452 3589 528 insurgunt.

2098 505 2219 528 ,μυ
2302 514 2313 528 ,
2708 525 2716 528 -

2085 505 2372 569 Iracundus
2399 533 2551 587 quam
2579 525 2843 582 crucietur.
2882 531 3118 589 Omnium
3155 539 3394 600 bonorum
3433 505 3594 605 Stater

2011 597 2294 658 clementia.
2323 638 2394 647 —
2422 608 2586 667 Visne
2611 621 2978 677 contumeliosi
3006 635 3060 680 et
3086 628 3320 687 iracundi
3351 638 3587 695 animum

2009 686 2272 758 dispicere
2289 694 2312 746 ?
2329 695 2467 763 Quid
2489 700 2788 770 hujusmodi
2807 713 3040 768 cruciatu
3063 718 3243 785 pejus?

2007 777 2273 838 intestinis
2293 788 2633 847 vulneribus?
2654 798 2777 864 quid
2802 801 3090 860 ferventius
3113 808 3324 868 fornace
3344 816 3430 870 illa
3453 834 3586 874 sem-

2004 887 2101 941 per
2123 876 2368 943 ardente,
2399 891 2453 935 et
2478 882 2689 942 flamma
2718 890 2803 944 illa
2833 909 2952 962 qua:
2977 912 3262 967 numquam
3293 909 3582 978 exstingui-

2005 966 2129 1016 tur?
2155 964 2209 1019 Si
2238 967 2301 1022 ad
2325 970 2444 1025 illos
2471 981 2522 1027 te
2544 990 2821 1035 convertas
2842 987 2930 1053 qui
2958 964 3241 1057 corporum
3269 964 3581 1055 formasude-

2002 1065 2226 1120 pereunt
2257 1067 2309 1112 et
2340 1068 2583 1146 praesenti
2618 1071 2738 1124 vita:
2769 1073 2961 1129 addicti
2991 1091 3150 1144 sunt,
3183 1085 3308 1152 quid
3336 1086 3435 1142 hac
3461 1104 3578 1146 ser-

1997 1141 2167 1199 vitute
2189 1140 2439 1214 gravius?
2468 1153 2612 1208 Caini
2643 1160 2800 1215 vitam
2823 1163 2898 1216 illi
2921 1165 3150 1234 ducunt,
3183 1140 3233 1226 in
3263 1175 3454 1232 timore
3483 1190 3578 1235 tre.

1997 1245 2252 1304 moreque
2293 1251 2550 1308 perpetuo
2586 1246 2785 1316 degunt
2810 1291 2824 1315 ,
2856 1262 2908 1306 et
2936 1256 2980 1308 si
3012 1259 3099 1325 qui
3131 1275 3197 1314 ex
3223 1266 3412 1321 amatis
3457 1285 3576 1323 mo-

1995 1324 2232 1395 riantur,
2283 1334 2451 1401 magis
2494 1350 2649 1403 quam
2699 1344 2977 1413 μωρίη(ιυί
3023 1324 3076 1402 et
3113 1355 3322 1421 cognati
3364 1356 3576 1414 illorum

1993 1419 2192 1472 obitum
2226 1422 2424 1491 lugent.
2457 1427 2590 1494 Quid
2637 1448 2795 1501 porro
2841 1419 3199 1500 turbulentius
3239 1446 3574 1521 ferociusque

1991 1510 2274 1575 superbis?
2304 1513 2521 1582 Discite,
2553 1520 2752 1588 inquit,
2775 1541 2806 1576 a
2832 1542 2938 1591 me,
2965 1535 3083 1598 quia
3111 1535 3244 1589 mitis
3267 1554 3379 1591 sum
3405 1550 3450 1594 et
3471 1543 3569 1595 Im-

1989 1597 2124 1651 milis
2148 1602 2317 1667 corde,
2349 1615 2394 1656 et
2415 1607 2669 1662 invenietis
2695 1617 2914 1682 requiem
2939 1621 3201 1676 animabus
3220 1630 3411 1683 vestris.
3445 1633 3572 1686 0m-

1988 1687 2132 1740 nium
2161 1692 2355 1762 quippe
2381 1694 2637 1754 bonorum
2667 1715 2838 1759 mater
2858 1718 2938 1762 est
2959 1711 3260 1770 clementia.
3289 1717 3368 1774 Ne
3393 1721 3569 1792 itaque

1988 1781 2176 1834 timeas
2197 1825 2211 1847 ,
2245 1799 2416 1854 neque
2457 1791 2662 1846 resilias
2686 1809 2714 1847 a
2736 1795 2864 1866 jugo
2891 1799 2983 1854 illo
3003 1841 3018 1866 ,
3050 1818 3155 1871 quo
3184 1807 3252 1862 ab
3282 1807 3365 1864 his
3389 1781 3566 1867 omni-

1987 1868 2084 1924 bus
2113 1872 2354 1940 cripieris
2378 1892 2393 1942 ;
2426 1879 2519 1932 sed
2550 1881 2678 1936 illud
2708 1886 2955 1943 alacriter
2982 1893 3175 1949 subeas
3194 1935 3208 1960 ,
3241 1906 3296 1952 et
3325 1900 3441 1970 ejus
3468 1919 3566 1956 vo-

1983 1961 2234 2030 luptatem
2267 1975 2393 2022 tunc
2419 1973 2729 2040 experieris.
2753 1976 2937 2048 Neque
2959 1983 3099 2037 enim
3130 1989 3392 2044 cervicem
3422 2001 3562 2048 tuam

1981 2062 2199 2121 atteret,
2244 2057 2338 2112 sed
2378 2059 2499 2115 ideo
2535 2063 2839 2133 impositum
2880 2081 2996 2136 est,
3027 2085 3081 2128 ut
3110 2075 3282 2133 bonus
3321 2096 3565 2140 servetur

1980 2147 2131 2209 ordo,
2159 2159 2216 2203 ut
2256 2159 2306 2206 te
2335 2155 2596 2211 concinne
2627 2158 2873 2216 incedere
2927 2164 3138 2234 doceat,
3186 2181 3241 2225 et
3269 2173 3334 2228 ad
3362 2178 3560 2245 regiam

1979 2237 2115 2291 viam
2145 2239 2338 2305 ducat,
2371 2253 2530 2313 atque
2553 2262 2584 2298 a
2623 2251 2928 2318 praecipitiis
2965 2253 3092 2311 hinc
3119 2266 3173 2312 et
3211 2259 3334 2316 inde
3373 2237 3560 2332 pdsitis

1977 2328 2186 2395 liberet,
2215 2341 2272 2385 ut
2297 2346 2576 2402 angustam
2625 2340 2762 2393 viam
2795 2341 2949 2398 facile
2977 2349 3266 2404 emetiaris.
3299 2352 3556 2419 Quoniam

1979 2420 2135 2490 igitur
2162 2431 2237 2476 tot
2270 2433 2520 2494 tantaque
2543 2428 2680 2483 bona
2709 2433 3092 2500 subministrat,
3127 2448 3326 2497 tantam
3350 2448 3557 2501 securi-

1975 2521 2159 2578 tatem,
2179 2522 2376 2569 tantam
2402 2518 2657 2586 laetitiam,
2676 2532 2786 2576 toto
2808 2525 3008 2594 animo,
3031 2537 3246 2600 totoque
3263 2535 3437 2590 studio
3455 2535 3556 2591 hoc

1972 2605 2153 2675 iugum
2185 2607 2496 2674 trahamus;
2530 2619 2586 2664 ut
2612 2621 2667 2666 et
2693 2612 2780 2668 hic
2807 2616 3139 2674 inveniamus
3167 2623 3405 2692 requiem
3435 2627 3553 2680 ani-

1970 2699 2158 2752 mabus
2191 2701 2386 2754 nostris
2411 2742 2424 2765 ,
2476 2711 2529 2756 et
2560 2701 2735 2760 futura
2767 2722 3156 2780 consequamur
3185 2714 3320 2768 bona
3341 2755 3356 2781 ,
3387 2719 3553 2786 gratia

1969 2797 2023 2843 et
2053 2789 2377 2860 benignitate
2406 2791 2615 2848 Domini
2645 2799 2813 2852 nostri
2855 2799 2981 2855 Jesu
3004 2802 3200 2858 Christi
3227 2845 3243 2870 ,
3271 2807 3355 2860 cui
3385 2807 3551 2876 gloria

1968 2889 2021 2934 et
2066 2881 2346 2950 imperium
2370 2925 2385 2949 ,
2417 2897 2558 2938 nunc
2583 2893 2639 2940 et
2665 2901 2912 2958 semper,
2941 2900 2997 2944 et
3024 2891 3076 2946 in
3103 2895 3294 2950 saecula
3325 2897 3551 2953 saculo-

1967 2985 2107 3025 rum.
2147 2972 2341 3028 Amen.

1423 3172 1758 3237 HOMILIA
1801 3181 2110 3246 XXXIX.
2156 3184 2241 3245 al.
2287 3185 2422 3245 XL.

269 3292 396 3350 CAP.
430 3298 515 3352 1'2.
548 3315 598 3352 v.
630 3301 682 3356 l.
727 3301 796 3356 In
836 3304 926 3358 illo
955 3315 1177 3377 tempore
1204 3311 1325 3365 abiit
1352 3311 1504 3369 Iesus
1530 3317 1735 3372 sabbato
1764 3338 1854 3390 per

338 3400 448 3442 sata
479 3407 497 3443 :
546 3393 784 3464 discipuli
822 3407 988 3451 autem
1019 3398 1128 3470 ejus
1157 3404 1426 3458 esurientes
1469 3419 1724 3477 coeperunt
1753 3412 1851 3464 vel-

338 3482 439 3534 lere
467 3485 634 3552 spicas
655 3497 702 3539 et
725 3490 1047 3544 manducare.
1077 3493 1132 3546 2.
1169 3490 1424 3563 ΡΙιανὶεανί
1444 3509 1610 3554 autem
1634 3503 1855 3558 videntes

338 3571 575 3628 dixerunt
603 3578 647 3630 ei
670 3593 689 3631 :
723 3579 852 3633 Ecce
879 3582 1114 3652 discipuli
1141 3587 1213 3638 tui
1233 3589 1424 3658 faciunt
1451 3593 1586 3660 quod
1614 3611 1716 3647 non
1741 3597 1854 3650 licet

334 3665 500 3732 facere
544 3667 595 3720 in
629 3669 854 3724 sabbato.
879 3673 932 3726 3.
973 3670 1120 3728 Dixit
1155 3687 1322 3730 autem
1347 3680 1417 3732 eis
1440 3698 1458 3732 :
1488 3678 1609 3736 Non
1664 3684 1852 3755 legistis

332 3755 456 3823 quid
480 3758 652 3826 fecerit
683 3761 849 3816 David
887 3782 999 3819 cum
1024 3769 1224 3822 csurivit
1262 3771 1370 3840 ipse
1395 3782 1441 3825 et
1478 3776 1564 3843 qui
1603 3793 1717 3830 cum
1755 3779 1846 3834 illo

329 3847 515 3900 erant?
537 3850 591 3904 4.
618 3854 868 3920 quomodo
917 3857 1170 3926 ingressus
1212 3870 1284 3914 est
1313 3862 1363 3914 in
1394 3862 1598 3919 domum
1654 3864 1772 3935 Dei,
1802 3879 1850 3924 et

329 3953 482 4006 panes
507 3943 864 4009 propositionis
889 3947 1122 4010 comedit,
1145 3965 1270 4018 quos
1297 3967 1398 4004 non
1428 3953 1608 4009 licebat
1634 3959 1680 4010 ei
1707 3975 1846 4012 com-

326 4027 491 4095 edere,
532 4046 689 4101 neque
711 4031 774 4086 iis
797 4033 885 4100 qui
919 4050 1032 4088 cum
1058 4037 1147 4091 illo
1170 4049 1347 4108 erant,
1388 4042 1478 4096 sed
1509 4045 1632 4100 solis
1672 4063 1844 4102 sacer-

327 4116 528 4172 dotibus
548 4118 574 4171 ?

326 4207 352 4261 1
365 4247 378 4259 .
396 4207 628 4264 Christus
638 4213 887 4281 quomodo
900 4215 1159 4271 sabbatum
1179 4220 1594 4280 solvit.—Lucas
1606 4241 1735 4282 vero
1745 4228 1840 4284 ait:

254 4294 321 4350 In
337 4298 542 4353 sabbato
557 4302 776 4356 secundo
794 4305 956 4373 primo
971 4305 1048 4376 (a)
1067 4306 1216 4376 (Luc.
1237 4310 1370 4382 6.1).
1403 4311 1540 4380 Quid
1561 4325 1738 4372 autem
1760 4327 1843 4374 est

254 4389 547 4444 secundum
574 4392 840 4461 primum?
879 4396 1101 4464 Quando
1126 4398 1368 4471 duplices
1393 4403 1542 4461 feria:
1566 4417 1753 4474 erant,
1781 4420 1837 4466 et

251 4476 457 4532 sabbati
501 4480 738 4549 proprii.
772 4494 826 4539 et
851 4485 1070 4543 alterius
1095 4487 1217 4545 festi
1247 4493 1604 4551 succedentis.
1636 4497 1839 4556 Sabba-

249 4573 362 4620 tum
393 4569 535 4623 enim
563 4573 824 4640 quaslibet
879 4576 1034 4632 ferias
1074 4589 1126 4634 et
1181 4582 1412 4652 quietem
1469 4588 1829 4656 appellabant.

249 4657 320 4712 Et
344 4674 440 4713 cur
461 4659 584 4717 illuc
611 4678 706 4718 eos
727 4665 898 4733 duxit,
923 4671 1013 4739 qui
1039 4673 1214 4726 omnia
1246 4676 1581 4746 pmsciebat,
1610 4681 1710 4736 nisi
1741 4699 1833 4738 vo-

249 4747 438 4803 luisset
462 4751 595 4805 solvi
621 4753 933 4811 sabbatum?
961 4759 1436 4834 Volebatsquidem,
1460 4768 1554 4823 sed
1581 4785 1685 4826 non
1713 4771 1830 4830 sine

246 4850 445 4903 causa;
488 4839 711 4909 ideoque
750 4860 1037 4917 numquam
1076 4853 1192 4907 sine
1226 4869 1386 4910 causa
1427 4858 1589 4915 solvit
1629 4862 1828 4932 ipsum,

247 4927 341 4981 sed
380 4943 449 4982 ex
494 4933 774 4990 occasione
815 4937 1041 5006 quadam
1090 4946 1437 5013 congruenti;
1471 4957 1526 5002 ut
1571 4958 1626 5004 et
1655 4951 1826 5022 legem

245 5019 523 5091 abrogaret
537 5033 618 5090 ,et
638 5026 710 5080 illi
729 5041 835 5082 non
852 5028 1263 5089 oll'enderentur.
1283 5036 1376 5092 Est
1392 5040 1551 5095 etiam
1569 5057 1686 5098 cum
1704 5019 1828 5101 illud

244 5110 432 5176 solvit,
469 5113 615 5168 nulla
663 5116 838 5171 oblata
869 5122 1186 5188 occasione;
1221 5135 1278 5180 ut
1305 5142 1425 5182 cum
1471 5131 1655 5188 oculos
1700 5138 1826 5190 czeci

245 5199 357 5254 luto
404 5201 643 5271 inunxit;
676 5215 730 5262 et
770 5223 890 5264 cum
920 5210 1091 5267 dicit:
1126 5213 1281 5270 Pater
1325 5235 1465 5272 meus
1495 5238 1651 5292 usque
1677 5227 1826 5281 modo

241 5302 510 5358 operatur,
542 5306 587 5349 et
613 5314 703 5369 ego
729 5315 910 5370 aperor
940 5300 1130 5372 (Joan.
1161 5306 1214 5361 5.
1247 5307 1334 5376 7).
1371 5309 1500 5365 illud
1530 5328 1658 5368 vero
1702 5315 1827 5373 facit

241 5389 352 5435 tum
378 5393 434 5438 ut
457 5383 560 5441 hoc
587 5391 745 5447 modo
769 5393 1030 5464 gloriﬁcet
1056 5396 1266 5452 Patrem
1296 5415 1449 5457 suum
1470 5444 1485 5470 ,
1520 5415 1627 5460 tum
1654 5418 1714 5463 ut
1734 5411 1822 5467 illa

219 5493 279 5627 in.
293 5529 940 5627 fﬂnyfmsabbatojejcundo
958 5554 1113 5614 primo
1123 5567 1296 5627 magna
1316 5558 1582 5627 etdifgcilis
1595 5568 1673 5627 est
1691 5578 1822 5627 qua:-

235 5603 518 5713 stitgquam
540 5607 649 5677 vide
670 5609 795 5670 apud
823 5603 1117 5686 Scalig'erum
1159 5603 1816 5713 ticalidaffs'igsg

239 5674 291 5713 Ξ).
407 5697 422 5713 .
444 5663 475 5713 2
494 5665 612 5713 edit.
638 5671 758 5713 etin
778 5679 968 5713 simam:
990 5675 1271 5713 Γι-ίιὶρηιιιιηι
1294 5679 1351 5713 ,Α
1375 5680 1500 5713 ιιιιηη
1539 5697 1665 5713 nm...

237 5674 291 5726 ε).
313 5663 422 5726 225,
444 5663 475 5715 2
494 5665 612 5718 edit.
638 5676 689 5720 et
701 5663 758 5720 'in
778 5663 971 5737 Synopsi
990 5663 1359 5730 ὑέηῇἑὶιηῖᾟᾶ
1371 5663 1697 5736 Enimn;

1960 3325 2168 3382 ratione
2211 3328 2559 3386 imbecillitati
2611 3332 2855 3388 consulat
2908 3333 3238 3393 Iudaeorum.
3297 3341 3354 3396 ld
3406 3345 3546 3413 quod

1960 3415 2118 3470 etiam
2143 3416 2243 3474 hoc
2264 3418 2383 3474 loco
2403 3419 2549 3486 facit,
2573 3431 2780 3478 naturae
2805 3427 3180 3484 necessitatem
3207 3432 3502 3491 obtendens
3528 3454 3542 3490 :

1957 3521 2278 3579 quamquam
2300 3526 2508 3579 eorum,
2531 3529 2648 3582 qua:
2669 3525 2885 3584 peccata
2916 3533 3036 3574 esse
3065 3520 3119 3574 in
3147 3523 3396 3593 confesso
3437 3537 3541 3594 est,

1959 3599 2097 3654 nulla
2130 3603 2294 3670 possit
2315 3618 2435 3658 esse
2460 3603 2722 3660 defensio.
2747 3606 2930 3677 Neque
2952 3610 3096 3664 enim
3119 3612 3382 3669 homicida
3406 3617 3538 3672 iram

1955 3688 2008 3743 in
2055 3693 2451 3748 excusationem
2497 3695 2790 3751 obtendere
2834 3701 3034 3767 possit,
3083 3718 3255 3772 neque
3297 3709 3548 3768 mtecbus

1953 3782 2435 3849 concupiscentiam
2459 3825 2473 3849 ,
2507 3799 2680 3855 neque
2709 3779 2868 3841 aliam
2900 3791 3143 3859 quamvis
3169 3808 3422 3852 causam:
3454 3798 3541 3857 hic

1952 3887 2079 3926 vero
2101 3889 2220 3927 cum
2246 3873 2437 3930 famem
2461 3877 2676 3946 objecit,
2699 3880 2844 3934 omni
2869 3881 2986 3935 illos
3016 3883 3243 3941 crimine
3269 3887 3537 3946 liberavit.

1952 3963 2032 4017 Tu
2065 3980 2191 4018 vero
2237 3966 2364 4020 mihi
2397 3968 2482 4022 hic
2527 3968 2818 4038 discipulos
2868 3975 3086 4040 mirare,
3120 3977 3198 4032 sic
3236 3991 3456 4049 egentes
3483 3991 3540 4040 et

1951 4055 2149 4109 nullam
2173 4072 2550 4126 corporearum
2590 4075 2767 4114 rerum
2798 4077 2980 4118 curam
3013 4064 3306 4138 habentes;
3336 4075 3428 4128 sed
3461 4076 3534 4132 ita

1950 4144 2308 4212 perfunctorie
2334 4163 2571 4204 mensam
2594 4161 2934 4221 apparantes,
2962 4164 3020 4210 ut
3043 4156 3185 4214 fame
3211 4161 3525 4235 plerumque

1948 4244 2357 4305 premerentur,
2399 4254 2500 4294 nec
2526 4247 2701 4297 tamen
2732 4243 2812 4298 sic
2848 4245 3208 4304 discederent.
3237 4252 3351 4309 Nisi
3377 4258 3524 4316 enim

1945 4323 2116 4380 fames
2153 4326 2272 4382 illos
2301 4328 2588 4386 admodum
2634 4332 2949 4402 invasisset,
2983 4353 3087 4393 non
3125 4341 3176 4396 id
3220 4344 3404 4416 utique
3431 4348 3516 4401 fa-

1944 4415 2079 4469 cturi
2106 4425 2278 4472 erant.
2310 4417 2444 4486 Quid
2475 4419 2634 4490 igitur
2667 4422 2967 4481 Pharisrei?
2996 4427 3055 4483 ld
3093 4415 3328 4487 Videntes
3371 4435 3523 4490 dixe-

1943 4515 2060 4560 runt
2088 4509 2135 4562 ei
2171 4523 2190 4564 :
2239 4509 2371 4565 Ecce
2410 4513 2650 4584 discipuli
2677 4515 2748 4570 tui
2775 4518 2974 4589 faciunt
3013 4523 3148 4592 quod
3177 4540 3277 4578 non
3304 4526 3418 4581 licet
3442 4531 3528 4598 [a-

1941 4614 2053 4653 cere
2071 4600 2122 4652 in
2161 4601 2388 4656 sabbato.
2417 4602 2515 4659 llic
2539 4619 2698 4675 porro
2727 4623 2831 4663 non
2861 4610 3148 4666 admodum
3175 4614 3530 4676 vehementes

1940 4692 2084 4749 sunt,
2115 4686 2216 4740 etsi
2243 4685 2293 4740 id
2322 4701 2408 4743 res
2434 4689 2654 4760 exigere
2680 4692 2990 4759 videretur;
3020 4704 3256 4751 attamen
3301 4715 3406 4754 non
3429 4705 3524 4757 ad-

1939 4774 2156 4829 modum
2187 4777 2387 4832 incensi
2414 4789 2559 4846 sunt,
2589 4780 2686 4836 sed
2721 4782 3040 4851 simpliciter
3073 4798 3349 4849 accusant.
3379 4791 3510 4850 Cum

1938 4874 2114 4922 autem
2164 4883 2380 4924 manum
2407 4871 2611 4926 aridam
2657 4873 2900 4928 extendit
2937 4884 2992 4930 et
3015 4878 3222 4934 sanavit
3246 4920 3263 4948 ,
3292 4889 3417 4937 tunc
3447 4885 3518 4940 ita

1936 4957 2141 5014 efferati
2177 4969 2321 5024 sunt,
2351 4971 2409 5016 ut
2438 4963 2599 5016 etiam
2627 4963 2695 5018 de
2721 4978 2854 5020 nece
2878 4965 2983 5036 ipsi
3012 4969 3286 5028 inferenda
3313 4974 3519 5034 delibe-

1933 5060 2133 5104 rarent.
2165 5050 2264 5106 Ubi
2287 5053 2430 5106 enim
2455 5053 2586 5107 nihil
2611 5055 2803 5110 mirum
2831 5057 3022 5128 agitur,
3051 5064 3341 5130 quietiores
3360 5080 3514 5134 sunt:

1933 5142 2020 5198 ubi
2041 5158 2166 5198 vero
2187 5145 2444 5214 quosdam
2466 5147 2648 5203 vident
2677 5151 2864 5206 morbo
2889 5153 3112 5222 levatos,
3138 5157 3406 5217 ferociunt
3430 5175 3511 5220 at.

1931 5246 2034 5300 que
2064 5233 2365 5302 turbantur,
2382 5236 2729 5307 omniumque
2745 5245 3284 5304 suntmolestissimi:
3315 5252 3384 5305 ita
3412 5252 3509 5307 hoc

1928 5322 2127 5376 minum
2157 5324 2311 5378 saluti
2335 5325 2591 5381 invident.
2613 5327 2730 5396 Quo
2751 5341 2906 5400 pacto
2923 5343 3098 5391 autem
3120 5337 3274 5394 Jesus
3297 5339 3507 5394 illorum

1926 5410 2292 5469 defensionem
2343 5417 2598 5488 suscipit?
2628 5417 2751 5474 Non
2791 5423 3017 5494 legistis,
3047 5429 3153 5493 ait,
3182 5429 3305 5498 quid
3332 5431 3519 5498 fecerit

1924 5499 2095 5555 David
2121 5503 2175 5558 in
2202 5506 2387 5575 templo
2407 5548 2422 5574 ,
2468 5509 2672 5578 quando
2711 5515 2913 5569 esurivit
2957 5517 3065 5586 ipse
3092 5527 3140 5572 et
3183 5519 3267 5587 qui
3291 5535 3404 5573 cum
3440 5537 3500 5576 eo

1921 5592 2105 5647 erant?
2128 5596 2378 5666 quomodo
2397 5597 2656 5655 intraverit
2676 5603 2727 5657 in
2753 5604 2958 5659 domum
2979 5605 3093 5673 Dei,
3117 5617 3165 5660 et
3193 5624 3347 5678 panes
3374 5626 3498 5680 pro-

1921 5685 2179 5753 positionis
2200 5687 2488 5761 comederit,
2517 5707 2641 5763 quos
2653 5710 2751 5750 non
2777 5694 2957 5778 licebat
2979 5698 3022 5752 ri
3042 5699 3318 5769 comedere,
3338 5718 3495 5774 neque
