4042 6218
522 318 627 382 4δῦ

521 442 587 494 iis
609 439 832 509 quicum
855 453 915 493 eo
938 445 1103 501 erant,
1125 434 1226 489 nisi
1247 434 1368 488 sctis
1392 430 1736 487 sacerdotibus
1755 427 1964 500 (l.Reg.
1979 426 2044 480 21
2055 423 2103 495 )?

528 532 662 586 Nam
710 545 834 586 cum
878 545 976 598 pro
1015 527 1292 597 discipulis
1343 540 1559 580 causam
1584 522 1733 589 dicit,
1767 519 2023 576 Davidem
2054 519 2110 572 in

524 623 763 680 medium
802 620 1057 687 adducit;
1096 617 1334 690 quando
1379 624 1560 672 autem
1604 629 1703 684 pro
1752 612 1964 681 seipse,
2018 607 2110 664 Pa-

530 725 668 770 trem
716 721 999 767 memorat.
1049 711 1127 765 Ac
1152 708 1274 765 vide
1302 723 1461 779 quam
1503 707 1719 771 acriter,
1748 702 1869 758 Non
1899 701 2107 773 legistis,

529 804 720 874 inquit,
742 804 865 873 quid
890 802 1063 871 fecerit
1087 787 1250 855 David
1265 800 1292 853 .9
1316 799 1502 870 Magna
1523 798 1721 869 quippe
1743 804 1859 851 erat
1881 792 2111 865 prephe-

530 904 598 948 tas
628 892 787 961 hujus
826 891 1185 953 existimatio;
1213 890 1286 944 ita
1316 898 1376 944 ut
1404 897 1590 959 postea
1612 887 1802 941 Petrus
1826 892 1949 939 eum
1970 881 2110 951 apud

526 981 743 1036 indutos
768 995 889 1037 sese
915 979 1262 1044 defenderet,
1302 978 1374 1032 ita
1401 977 1641 1033 diceret:
1674 974 1815 1029 Licet
1839 973 1908 1026 ad
1934 988 2020 1026 vos
2049 970 2115 1025 li-

527 1072 644 1126 bere
669 1071 732 1124 de
762 1070 1051 1140 patriarcha
1080 1068 1246 1122 Dauid
1286 1069 1453 1121 dicere
1470 1107 1484 1131 ,
1530 1065 1770 1137 quoniam
1813 1064 1937 1118 obiit
1960 1070 2005 1116 et
2030 1077 2111 1116 se-

532 1165 707 1232 pultus
732 1174 802 1217 est
824 1164 843 1233 (
865 1164 977 1216 Act.
998 1163 1054 1215 2.
1084 1160 1154 1215 29
1175 1161 1214 1231 ).
1248 1161 1355 1215 Cur
1380 1168 1555 1214 autem
1580 1168 1704 1213 cum
1736 1156 1852 1226 ejus
1881 1154 2114 1210 mentio-

534 1271 657 1311 nem
687 1266 797 1310 tum
840 1256 927 1310 hic
956 1263 1064 1308 tum
1097 1261 1280 1325 postea
1322 1252 1487 1317 facit,
1519 1249 1829 1320 dignitatem
1860 1247 1976 1316 ejus
2004 1259 2113 1300 non

528 1349 958 1404 commemorat?
989 1347 1148 1401 Forte
1173 1346 1294 1414 quia
1338 1359 1406 1399 ex
1449 1343 1541 1397 illo
1579 1355 1748 1412 genus
1777 1337 2023 1411 ducebat.
2057 1334 2115 1391 Si

534 1440 634 1493 viri
665 1438 814 1507 probi
845 1436 1290 1507 indulgentesque
1317 1433 1574 1497 fuissent,
1606 1430 1759 1485 famis
1784 1442 1999 1483 causam
2029 1426 2113 1481 in-

538 1532 798 1586 ducturus
827 1538 975 1592 erat;
999 1529 1119 1597 quia
1148 1540 1276 1581 vero
1305 1523 1519 1579 scelesti
1539 1520 1921 1589 inhumanique
1942 1525 2113 1582 erant,

537 1620 810 1675 historiam
853 1619 959 1673 illis
1006 1618 1189 1672 refert.
1230 1615 1438 1669 Marcus
1483 1621 1659 1668 autem
1700 1611 1801 1666 sub
1832 1609 2119 1663 Abiathare

534 1710 813 1766 sacerdote
852 1708 903 1762 id
932 1708 1125 1762 factum
1156 1706 1284 1761 dicit
1307 1747 1322 1771 ,
1355 1719 1460 1759 non
1492 1700 1836 1772 repugnantia
1881 1697 2119 1754 historiae

536 1801 756 1865 dicens,
787 1798 882 1855 sed
926 1797 1214 1853 ostendens
1242 1797 1390 1851 illum
1435 1792 1760 1848 binominem
1794 1790 1956 1845 fuisse
1977 1830 1991 1853 ,
2021 1787 2120 1842 ad-

535 1893 719 1961 ditque
740 1892 915 1960 ipsum
937 1890 984 1944 ei
1006 1903 1171 1959 panes
1197 1887 1409 1943 dedisse
1441 1886 1460 1957 (
1488 1886 1653 1938 Marc.
1679 1884 1734 1937 2.
1764 1882 1833 1937 ἓϐ
1855 1883 1872 1953 )
1894 1924 1907 1946 ,
1937 1881 2120 1936 simul-

539 1997 646 2051 que
694 1995 940 2051 magnam
984 1978 1215 2034 aﬂerens
1258 1976 1630 2046 purgationem
1654 2014 1668 2039 ,
1698 1972 1838 2042 quod
1869 1969 2121 2026 sacerdos

537 2072 592 2126 id
622 2072 985 2141 permisisset;
1018 2083 1117 2124 nec
1142 2067 1303 2122 modo
1329 2066 1677 2135 permisisset,
1706 2062 1801 2118 sed
1827 2063 1985 2117 etiam
2017 2062 2120 2115 mi-

536 2162 840 2217 nistrasset.
869 2159 983 2215 Nec
1032 2158 1163 2213 mihi
1192 2157 1338 2212 dicas
1359 2197 1374 2223 ,
1409 2154 1663 2210 Davidem
1694 2152 1858 2207 fuisse
1888 2150 2121 2221 prophe-

538 2263 649 2307 tam
671 2241 691 2307 τ’
712 2267 833 2306 nam
857 2264 1029 2320 neque
1048 2250 1126 2303 sic
1147 2248 1358 2310 licebat,
1381 2245 1473 2300 sed
1497 2258 1662 2315 penes
1683 2241 1988 2297 sacerdotes
2011 2241 2124 2295 haec

536 2341 892 2413 praerogativa
916 2348 1031 2395 erat
1060 2357 1074 2395 :
1101 2338 1302 2393 idcirco
1331 2335 1571 2399 addidit,
1606 2332 1725 2388 Nisi
1752 2332 1874 2386 satis
1893 2330 2126 2386 sacerdo-

536 2433 691 2487 tibus.
710 2431 932 2485 Etiamsi
953 2430 1094 2485 enim
1118 2427 1375 2498 propheta
1395 2432 1561 2493 esset,
1582 2438 1686 2479 non
1706 2422 1957 2479 sacerdos
1976 2430 2122 2488 erat;

538 2524 651 2578 imo
667 2522 874 2577 etiamsi
893 2521 1151 2591 propheta
1170 2527 1331 2584 esset,
1352 2526 1406 2571 at
1423 2532 1526 2571 non
1544 2516 1581 2570 ii
1596 2514 1686 2585 qui
1704 2529 1825 2569 cum
1844 2514 1936 2568 illo
1950 2521 2123 2579 erant;

544 2628 665 2667 nam
686 2620 745 2668 et
768 2613 869 2666 illis
889 2616 1103 2682 queque
1125 2623 1316 2680 panem
1336 2607 1503 2663 dedit.
1531 2605 1667 2672 Quid
1690 2605 1869 2675 igitur,
1895 2604 2123 2673 inquies,

542 2717 767 2775 paresne
796 2712 947 2757 erant
975 2704 1048 2757 illi
1082 2701 1309 2756 Davidif
1336 2698 1472 2767 Quid
1502 2698 1634 2753 mihi
1666 2696 1977 2767 dignitatem
2010 2709 2125 2750 me-

542 2809 740 2859 moras,
768 2794 857 2849 ubi
888 2794 1019 2865 legis
1044 2791 1399 2863 transgressio
1423 2805 1543 2846 esse
1572 2798 1810 2859 putatur,
1838 2796 1893 2843 et
1916 2795 2128 2842 natura-

540 2885 610 2939 lis
632 2886 799 2939 instat
818 2884 1109 2939 necessitas
1138 2884 1153 2914 ⁸
1177 2883 1200 2935 ?
1228 2882 1438 2936 Etenim
1463 2881 1562 2935 hac
1586 2880 1792 2934 ratione
1817 2878 1986 2948 magis
2008 2878 2129 2932 illos

541 2995 570 3032 a
598 2978 820 3033 crimine
843 2984 1066 3048 purgat,
1094 2990 1217 3031 cum
1241 2975 1285 3029 is
1304 2973 1395 3045 qui
1418 2973 1589 3042 maior
1617 2979 1702 3028 est
1721 2970 1951 3040 idipsum
1982 2968 2126 3024 fecit.

610 3072 666 3125 Ω.
698 3070 767 3125 Ει
784 3068 913 3139 quid
936 3069 1061 3133 hoc,
1090 3060 1324 3137 inquies,
1352 3065 1421 3119 ad
1446 3062 1837 3134 quaastionem?
1859 3077 1964 3116 non
1988 3061 2131 3116 enim

544 3162 636 3217 ille
659 3161 937 3216 sabbatum
965 3168 1329 3228 transgressus
1356 3164 1460 3211 est.
1493 3153 1661 3223 Majus
1685 3161 1832 3209 certe
1860 3152 2131 3223 quidpiam

540 3250 679 3305 dicis
701 3290 716 3314 ,
742 3248 892 3321 quod
918 3247 1118 3302 Christi
1143 3246 1457 3314 sapientiam
1487 3242 1840 3309 demonstrat,
1869 3242 1992 3312 quia
2020 3242 2130 3307 ille,

545 3340 713 3394 misse
738 3338 983 3402 sabbato,
1011 3335 1154 3391 aliud
1176 3336 1480 3405 exemplum
1509 3332 1664 3388 affert
1688 3332 1910 3389 sabbato
1937 3331 2131 3402 majus.

500 3440 503 3443 '
548 3430 664 3485 Non
692 3429 836 3484 enim
860 3428 1064 3499 aquale
1088 3435 1223 3492 erat,
1248 3425 1392 3482 diem
1420 3425 1562 3480 illam
1590 3425 1810 3491 violare,
1843 3432 1897 3480 et
1923 3439 2131 3479 sacram

554 3521 698 3576 illam
730 3535 969 3575 mensam
994 3519 1279 3589 attingere,
1298 3529 1459 3589 quam
1487 3515 1635 3573 adire
1664 3515 1863 3571 nemini
1892 3516 1969 3570 fas
1995 3523 2128 3569 erat.

553 3613 686 3667 Nam
715 3612 992 3668 sabbatum
1023 3625 1167 3680 saepe
1195 3609 1426 3665 solutum
1458 3608 1575 3675 fuit,
1599 3608 1707 3662 imo
1738 3621 1949 3677 semper
1978 3606 2137 3661 solvi-

550 3713 659 3767 tur,
686 3711 746 3757 et
775 3703 825 3756 in
853 3702 1283 3766 circumcisione,
1313 3708 1367 3754 et
1392 3700 1445 3753 in
1472 3700 1589 3754 aliis
1616 3697 1859 3769 plurimis
1887 3697 2137 3767 operibus

550 3794 753 3862 (Nam.
783 3794 873 3848 28.
905 3793 977 3863 9)
1010 3812 1023 3848 :
1063 3801 1119 3848 et
1142 3791 1199 3847 in
1224 3790 1438 3846 Jericho
1466 3790 1695 3860 idipsnm
1728 3788 1923 3843 factum
1956 3788 2137 3843 videre

549 3897 634 3942 est
657 3887 679 3952 ί
693 3886 852 3941 Iosue
900 3884 955 3940 6.
984 3883 1055 3956 4)
1082 3901 1096 3937 :
1128 3882 1230 3938 hoc
1254 3893 1431 3938 autem
1459 3892 1584 3937 tunc
1610 3883 1780 3937 solum
1811 3879 2007 3936 factum
2032 3888 2135 3935 est.

549 3979 730 4045 Quare
754 3992 784 4031 a
817 3976 1004 4046 majori
1033 3975 1281 4044 exemplo
1308 3988 1396 4029 res
1427 3973 1709 4029 evincitur.
1740 3972 1852 4028 Cur
1881 3986 2010 4041 ergo
2040 3985 2135 4026 ne-

554 4088 645 4126 mo
675 4071 929 4151 Davitlem
956 4070 1262 4135 accusavit,
1290 4068 1499 4123 etiamsi
1529 4068 1632 4122 alia
1660 4067 1833 4136 major
1856 4063 2142 4122 accusandi

551 4163 776 4219 materia
819 4162 1064 4229 adesset,
1097 4161 1166 4217 ob
1212 4159 1549 4215 sacerdotum
1581 4158 1783 4214 caedem
1808 4199 1822 4223 ,
1874 4171 1994 4227 qua:
2018 4155 2143 4211 inde

551 4255 833 4310 exordium
864 4252 1132 4307 duxerat?
1174 4251 1374 4307 Verum
1402 4250 1533 4306 illud
1575 4265 1681 4305 non
1722 4257 1987 4305 memorat
2012 4248 2140 4314 ille,

552 4346 654 4403 sed
676 4346 727 4401 in
752 4360 811 4400 re
831 4345 1101 4413 proposita
1126 4344 1389 4399 consistit.
1419 4341 1624 4397 Deinde
1645 4349 1822 4396 autem
1848 4341 1956 4394 alio
1983 4338 2145 4394 modo

553 4436 984 4493 criminationem
1033 4435 1209 4489 solvit.
1243 4433 1399 4487 initio
1438 4432 1635 4502 quippe
1665 4429 1916 4485 Davidem
1948 4429 2002 4483 in
2032 4443 2146 4483 me-

554 4529 706 4585 dium
730 4528 968 4592 adduxit,
999 4526 1113 4598 ejus
1138 4539 1382 4597 personae
1408 4523 1665 4593 dignitate
1693 4521 2050 4593 arrogantiam
2081 4520 2147 4574 il-

554 4621 736 4675 iorum
763 4619 1100 4690 reprimens;
1127 4628 1405 4687 postquam
1433 4624 1609 4669 autem
1640 4614 1760 4668 illos
1789 4621 2142 4683 represserat,

554 4713 976 4782 superbiamque
1021 4711 1233 4765 illorum
1276 4714 1619 4772 coercuerat,
1665 4714 1789 4761 tunc
1818 4703 1984 4773 magis
2026 4702 2144 4758 ido-

560 4818 719 4857 neam
761 4804 915 4858 affert
961 4802 1303 4858 solutionem.
1330 4800 1586 4867 Qumnam
1620 4796 1707 4853 illa
1749 4797 1901 4852 erat?
1930 4797 1983 4852 5.
2033 4793 2146 4849 Ne-

560 4896 704 4949 scitis
721 4896 959 4965 quoniam
980 4874 1032 4948 in
1059 4893 1244 4963 templo
1272 4890 1557 4946 sacerdotes
1581 4888 1843 4943 sabbatum
1869 4887 2078 4951 uiolant,
2101 4895 2149 4940 et

568 4985 674 5038 sine
715 4984 923 5038 crimine
947 4985 1104 5039 sunt?
1144 4984 1257 5039 Illic
1279 5025 1294 5050 ,
1326 4981 1536 5051 inquit,
1568 4979 1780 5035 occasio
1806 4993 1919 5034 rem
1948 4977 2104 5032 solvit
2131 4993 2146 5043 ;

566 5075 657 5131 hic
679 5091 808 5130 vero
832 5074 982 5130 adest
1000 5076 1117 5131 sine
1145 5075 1426 5130 occasione
1452 5072 1670 5128 solutio.
1699 5071 1803 5126 Sed
1832 5085 1935 5123 non
1968 5069 2148 5123 statim

568 5176 638 5223 tta
668 5152 865 5231 solvit;
894 5181 1079 5221 verum
1106 5167 1279 5236 primo
1307 5165 1456 5235 quasi
1486 5179 1601 5220 rem
1628 5163 1780 5217 venia
1810 5161 2022 5232 dignam
2056 5177 2151 5228 po-

568 5264 684 5331 nit,
726 5268 909 5333 postea
956 5275 1088 5315 vero
1133 5260 1321 5315 fortius
1366 5260 1547 5314 instat.
1593 5257 1726 5313 Nam
1753 5256 1895 5327 quod
1927 5254 2151 5309 validius

566 5367 701 5422 erat,
733 5362 1005 5425 postremo
1033 5352 1361 5407 afferendum
1392 5352 1507 5418 fuit,
1540 5350 1748 5406 etiamsi
1781 5349 1831 5403 id
1860 5347 1998 5418 quod
2042 5347 2151 5416 pri-

570 5464 717 5504 mum
744 5446 963 5502 allatum
995 5452 1108 5511 est,
1142 5444 1246 5497 vim
1277 5457 1426 5496 suam
1471 5440 1711 5496 haberet.
1741 5438 1819 5495 Ne
1849 5438 1976 5492 mihi
2008 5438 2149 5493 enim

566 5538 753 5603 dicas,
800 5536 851 5592 id
901 5554 1007 5593 non
1050 5548 1170 5593 esse
1210 5548 1240 5588 a
1266 5532 1488 5588 crimine
1517 5531 1733 5587 liberari
1764 5574 1777 5597 ,
1806 5545 1903 5600 par
1933 5528 2152 5585 alterius

637 5712 1033 5779 'Lege,quanuis
1058 5712 1291 5766 naturalis
1312 5710 1449 5763 instet
1474 5708 1743 5762 necessitas.

1239 315 1298 377 Β.
1336 312 1614 375 JOANNIS
1660 306 2139 373 CHRYSOSTOMI
2189 300 2507 368 ARCHIEP.
2547 304 3083 371 CONSTANTINOP.

3701 320 3815 374 456

2216 426 2419 481 crimen
2451 426 2503 481 in
2532 426 2768 482 medium
2811 427 3023 483 afferre.
3065 427 3199 483 Nam
3227 426 3441 500 quando
3468 431 3515 486 is
3541 432 3632 503 qui
3684 434 3817 491 fecit

2216 530 2321 571 non
2351 525 2661 582 accusatur,
2694 526 2818 573 tunc
2846 519 2896 572 id
2930 519 2980 572 in
3024 519 3393 577 defensionem
3422 524 3675 592 usurpari
3704 539 3815 595 po-

2215 615 2339 662 test.
2371 607 2565 662 Verum
2598 608 2688 662 illo
2718 624 2822 663 non
2854 617 3136 664 contentus
3167 609 3265 665 fuit
3287 651 3304 673 ,
3336 611 3432 666 sed
3463 612 3607 682 quod
3637 616 3819 687 magis

2215 707 2630 753 consentaneum
2673 706 2757 753 est
2798 697 2953 752 affert
2975 739 2992 765 ,
3024 696 3208 753 dicens
3240 698 3292 753 id
3320 699 3466 770 quod
3496 700 3696 757 factum
3730 713 3820 757 est

2216 796 2323 842 neu
2345 792 2462 843 esse
2480 796 2758 859 peceatum
2783 805 2796 840 :
2826 787 2968 857 quod
2996 788 3299 857 conspicuae
3327 790 3569 846 victoria:
3594 790 3817 861 signum

2216 886 2331 933 erat
2353 918 2369 944 ,
2398 891 2520 932 cum
2564 876 2866 933 ostenderet
2898 892 2957 932 se
3001 877 3172 949 legem
3203 879 3426 935 solvisse
3448 922 3462 946 ,
3497 881 3608 935 imo
3640 881 3695 936 id
3730 882 3819 937 bis

2218 970 2408 1027 fecisse
2432 1012 2446 1035 ,
2480 979 2590 1026 tum
2629 986 2658 1025 a
2704 971 2822 1025 loco
2845 1013 2861 1036 ,
2895 980 3007 1027 tum
3036 987 3066 1025 a
3094 972 3359 1037 sabbato;
3403 974 3531 1043 quin
3562 975 3732 1029 etiam
3760 984 3818 1029 et

2220 1071 2303 1119 ter
2328 1063 2514 1119 fecisse
2534 1104 2550 1131 ,
2582 1062 2726 1133 quod
2754 1063 2952 1135 duplex
2979 1078 3113 1133 opus
3138 1066 3335 1119 factum
3364 1074 3544 1131 esset,
3578 1075 3637 1121 et
3663 1068 3816 1121 aliud

2218 1160 2287 1212 ex
2309 1156 2680 1212 sacerdotibus
2701 1157 3066 1227 subjunxisset
3089 1175 3103 1211 :
3128 1156 3377 1227 quodque
3399 1157 3572 1228 majus
3592 1169 3696 1225 est,
3722 1168 3817 1215 ne-

2218 1263 2323 1318 que
2361 1249 2562 1304 crimen
2593 1249 2720 1304 illud
2758 1263 2898 1305 esse.
2944 1249 3077 1304 Nam
3116 1250 3223 1314 ait,
3257 1249 3383 1305 Sine
3424 1253 3633 1307 crimine
3668 1266 3807 1308 sunt.

2222 1338 2409 1394 Viden’
2438 1348 2635 1408 quanta
2666 1340 2882 1409 posuit?
2912 1340 3110 1395 Locum
3147 1352 3340 1406 :nam,
3374 1339 3441 1395 In
3473 1344 3661 1408 templo
3685 1386 3700 1407 ,
3730 1344 3813 1399 in-

2220 1431 2371 1501 quit,
2413 1429 2611 1486 factum
2657 1439 2779 1497 est;
2826 1446 3149 1499 personam:
3192 1446 3419 1501 nempe,
3453 1431 3809 1500 Sacerdotes;

2223 1531 2465 1593 tempus:
2489 1536 2635 1587 nam,
2660 1522 2937 1578 Sabbatum
2958 1532 3108 1588 erat;
3136 1539 3248 1579 rem
3276 1525 3473 1593 ipsam:
3498 1541 3623 1580 nam
3646 1567 3661 1589 ,
3692 1512 3814 1580 Vio—

2224 1608 2366 1677 lant,
2399 1614 2607 1683 inquit:
2641 1630 2816 1684 neque
2859 1615 3001 1669 enim
3050 1615 3217 1683 dixit,
3243 1616 3502 1683 Solvunt;
3533 1618 3630 1672 sed
3670 1620 3812 1688 quod

2224 1707 2436 1776 gravius
2479 1715 2593 1771 est,
2652 1704 2902 1760 l’iolant:
2948 1706 3088 1776 quod
3138 1723 3242 1760 non
3290 1708 3448 1762 modo
3487 1722 3677 1777 pcenas
3707 1726 3816 1764 non

2226 1798 2383 1862 dent,
2429 1798 2521 1853 sed
2558 1797 2702 1869 quod
2743 1798 2964 1853 crimine
3011 1797 3345 1865 liberentur;
3376 1813 3497 1852 nam
3527 1799 3643 1864 ait,
3692 1799 3818 1855 Sine

2227 1890 2436 1943 crimine
2473 1899 2609 1944 sunt.
2650 1889 2707 1944 Id
2748 1904 2874 1943 vero
2913 1902 2981 1945 ne
3022 1891 3219 1959 putetis
3254 1890 3428 1947 simile
3465 1893 3632 1961 priori
3672 1906 3812 1947 esse.

2226 1979 2358 2035 Nam
2385 1980 2514 2034 illud
2543 1980 2706 2034 semel
2737 1979 2933 2035 factum
2960 1988 3042 2035 est
3066 2022 3082 2048 ,
3114 1995 3216 2036 nec
3241 1996 3271 2035 a
3299 1981 3670 2037 sacerdotibus
3689 2023 3706 2047 ,
3737 1992 3817 2036 at-

2228 2084 2331 2139 que
2358 2085 2421 2125 ex
2452 2072 2769 2125 necessitate
2794 2087 2808 2135 ;
2853 2068 2973 2125 ideo
3002 2070 3156 2125 venia
3183 2070 3326 2141 digni
3350 2079 3507 2126 erant
3535 2089 3549 2126 :
3586 2071 3691 2127 hoc
3714 2086 3814 2127 au-

2229 2172 2335 2216 tem
2367 2162 2587 2232 singulis
2618 2161 2853 2217 sabbatis
2879 2202 2892 2225 ,
2920 2177 2950 2215 a
2977 2160 3377 2225 sacerdotibus,
3408 2162 3462 2216 in
3494 2163 3697 2232 templo
3720 2204 3735 2225 ,
3762 2168 3819 2218 et

2230 2252 2519 2308 secundum
2550 2253 2741 2323 legem.
2770 2252 3106 2322 Quapropter
3135 2267 3237 2306 non
3289 2252 3451 2307 modo
3476 2255 3633 2308 venia
3672 2254 3819 2323 digni

2231 2352 2389 2409 sunt,
2418 2344 2512 2399 sed
2538 2345 2696 2398 etiam
2728 2343 3020 2399 secundum
3049 2344 3216 2414 legem
3244 2345 3399 2415 culpa
3428 2346 3600 2400 vacui.
3631 2346 3815 2417 Neque

2231 2435 2374 2489 enim
2412 2433 2746 2488 criminando
2776 2433 2892 2488 hzec
2920 2433 3028 2489 dixi
3054 2475 3070 2500 ,
3112 2434 3320 2504 inquit,
3360 2450 3535 2504 neque
3559 2451 3628 2490 ex
3668 2440 3821 2491 venia

2232 2529 2403 2582 solum
2433 2527 2585 2596 culpa
2618 2526 2816 2581 liberos
2846 2536 3021 2581 statuo
3040 2567 3056 2591 ,
3082 2525 3180 2581 sed
3213 2543 3277 2581 ex
3310 2526 3532 2597 justitizc
3562 2529 3701 2596 lege.
3732 2528 3823 2582 Vi-

2232 2620 2496 2690 deturque
2523 2619 2644 2673 illos
2674 2617 2990 2683 defendere,
3021 2618 3121 2673 hos
3147 2627 3325 2674 autem
3354 2621 3578 2675 crimine
3607 2621 3817 2675 liberat.

2232 2713 2365 2769 Cum
2394 2711 2536 2767 enim
2564 2712 2653 2776 ait,
2685 2711 2810 2765 Sine
2838 2711 3046 2765 crimine
3072 2712 3230 2766 aunt:
3260 2720 3316 2766 at
3343 2711 3395 2765 hi
3425 2712 3597 2766 multo
3620 2713 3810 2783 magis,

2234 2802 2426 2871 inquit.
2458 2799 2562 2856 Sed
2587 2817 2692 2855 non
2714 2811 2838 2855 sunt
2859 2800 3191 2856 sacerdotes.
3220 2804 3287 2855 At
3312 2801 3687 2857 sacerdotibus
3713 2818 3822 2857 ma.

2231 2890 2380 2961 jores
2409 2908 2422 2943 :
2452 2891 2566 2961 ipse
2594 2906 2821 2961 namque
2849 2887 3030 2959 templi
3064 2890 3315 2945 Dominus
3344 2891 3431 2948 hic
3451 2891 3649 2957 adest;
3678 2893 3819 2947 veri-

2237 2990 2319 3036 tas
2341 3022 2357 3047 ,
2389 2996 2494 3036 non
2524 2982 2691 3051 figura
2717 2997 2730 3036 :
2774 2980 2893 3035 ideo
2930 2980 3143 3037 dicebat
3164 3023 3179 3047 ,
3213 2981 3264 3037 6.
3298 2981 3423 3036 Dico
3453 2991 3625 3037 autem
3650 2986 3821 3048 vobis,

2236 3073 2355 3140 quia
2373 3072 2557 3142 templo
2579 3076 2744 3141 major
2764 3081 2835 3126 est
2858 3072 2957 3125 hic.
2983 3071 3231 3126 Attamen
3253 3086 3374 3126 cum
3399 3072 3525 3126 talia
3550 3074 3819 3139 audirent,

2238 3164 2372 3219 nihil
2398 3163 2685 3218 dixerunt:
2719 3162 2842 3232 quia
2866 3176 2971 3216 non
2992 3161 3060 3217 de
3087 3163 3259 3217 salute
3285 3162 3518 3217 hominis
3544 3164 3823 3233 agebatur.

2240 3254 2443 3309 Deinde
2462 3254 2583 3323 quia
2609 3252 2660 3307 id
2682 3252 3023 3308 audientibus
3048 3268 3209 3323 grave
3234 3253 3514 3309 videbatur
3543 3269 3690 3321 esse,
3722 3256 3824 3308 cito

2240 3343 2366 3399 illud
2396 3343 2712 3408 occultavit,
2744 3358 2928 3397 rursus
2965 3341 3033 3397 ad
3064 3342 3272 3398 veniam
3302 3357 3611 3398 sermonem
3641 3358 3817 3413 agens,

2243 3450 2341 3491 nec
2366 3436 2481 3489 sine
2508 3434 2870 3505 increpatione
2896 3434 2976 3489 sic
3003 3433 3188 3489 dicens
3217 3451 3230 3488 :
3263 3435 3317 3488 '7.
3349 3434 3412 3489 Si
3440 3445 3615 3489 autem
3639 3436 3823 3490 sciretis

2242 3526 2367 3597 quid
2404 3536 2498 3590 est,
2536 3525 2937 3578 Misericordiam
2964 3526 3078 3579 volo
3096 3565 3112 3591 ,
3142 3535 3190 3579 et
3217 3541 3317 3578 non
3347 3526 3694 3594 sacrificium,
3726 3543 3822 3579 non

2242 3616 2663 3672 condemnassetis
2685 3616 2973 3671 innocentes
2997 3615 3017 3686 (
3041 3614 3169 3670 Osee
3192 3615 3245 3671 6.
3270 3614 3362 3687 6).
3392 3614 3581 3671 Videu’
3606 3631 3822 3687 quomo-

2242 3708 2311 3764 do
2341 3724 2525 3764 rursus
2554 3722 2856 3763 sermonem
2886 3707 2953 3761 ad
2984 3706 3191 3762 veniam
3219 3718 3341 3778 agat
3365 3750 3382 3775 ,
3412 3716 3466 3763 et
3494 3722 3710 3763 rursum
3737 3724 3825 3763 vc-

2244 3799 2329 3853 nia
2371 3797 2673 3868 superiores
2711 3802 2729 3831 ι
2864 3797 3161 3858 ostendat?
3198 3798 3321 3853 Non
3361 3798 3825 3867 condemnassetis,

2245 3890 2452 3962 inquit,
2490 3891 2798 3944 innocentes.
2840 3889 2992 3944 Prius
3030 3890 3368 3946 sacerdotum
3407 3893 3716 3963 exemplum
3746 3904 3826 3948 at-

2248 3982 2405 4050 tulit,
2436 3982 2624 4038 dicens
2652 3982 2962 4036 innocentes
2993 3981 3113 4035 illos
3141 3995 3260 4037 esse
3288 3998 3303 4034 :
3346 3981 3450 4037 hoc
3477 3990 3659 4037 autem
3688 3999 3720 4037 a
3751 3998 3830 4037 se-

2247 4073 2475 4143 metipso
2501 4072 2682 4142 ponit;
2712 4072 2821 4125 imo
2845 4085 2973 4126 vero
2998 4080 3053 4125 et
3078 4070 3179 4126 hoc
3205 4085 3234 4125 a
3265 4071 3383 4143 lege
3407 4089 3421 4125 :
3455 4070 3828 4144 propheticum

2247 4165 2390 4219 enim
2414 4163 2615 4217 dictum
2654 4161 2916 4216 recitavit.

2319 4255 2371 4310 ὅ.
2398 4253 2607 4309 Sabbali
2621 4252 2671 4306 in
2697 4252 2846 4308 veteri
2867 4251 2974 4323 tege
2994 4250 3206 4318 utilitas,
3223 4250 3474 4305 inutilitas
3491 4252 3544 4306 in
3566 4268 3699 4307 noua
3721 4270 3834 4325 pro-

2252 4345 2715 4400 batur.—Demum
2763 4343 2920 4398 aliam
2960 4342 3114 4398 affert
3138 4359 3352 4399 causam
3380 4344 3566 4401 dicens
3603 4364 3618 4400 :
3653 4346 3708 4402 8.
3726 4346 3833 4400 Do—

2249 4440 2416 4492 minus
2440 4438 2570 4491 enim
2597 4446 2669 4490 est
2717 4435 2929 4491 Sabbati
2966 4435 3134 4491 Filius
3164 4437 3416 4503 hominis,
3444 4436 3515 4492 de
3550 4439 3734 4507 seipse
3760 4439 3835 4492 lo-

2247 4542 2439 4599 quens.
2489 4526 2695 4580 Marcus
2754 4540 2883 4580 vero
2928 4524 3077 4580 illum
3124 4525 3192 4580 de
3217 4527 3490 4581 communi
3541 4537 3737 4581 natura
3787 4528 3833 4581 id

2246 4619 2451 4674 dixisse
2476 4618 2679 4671 refert:
2715 4616 2993 4671 Sabbatum
3018 4658 3033 4685 ,
3079 4616 3281 4686 inquit,
3319 4629 3526 4687 propter
3586 4618 3837 4675 hominem

2250 4710 2443 4780 factum
2464 4716 2575 4774 est,
2607 4723 2709 4760 non
2735 4714 2903 4760 autem
2930 4706 3078 4760 homo
3105 4716 3312 4776 propter
3335 4706 3607 4761 sabbatum
3638 4707 3830 4777 (ﬂare.

2254 4801 2309 4854 2.
2340 4799 2454 4870 27).
2490 4799 2603 4853 Cur
2623 4812 2751 4870 ergo
2777 4781 3097 4868 supplicium
3128 4798 3227 4851 luit
3268 4797 3358 4852 ille
3384 4799 3475 4867 qui
3506 4798 3655 4868 ligna
3690 4800 3839 4854 colli-

2258 4893 2418 4967 gebat
2445 4890 2634 4965 (Num.
2660 4891 2746 4946 {5.
2780 4891 2869 4946 '53.
2900 4891 3057 4964 sqq.)?
3072 4889 3205 4958 Quia
3253 4889 3300 4943 si
3329 4889 3479 4943 initio
3524 4888 3677 4959 leges
3721 4905 3839 4944 con-

2261 4994 2474 5057 tempta:
2503 4984 2746 5049 fuissent,
2772 4982 2860 5037 vix
2886 4991 3068 5053 postea
3091 4980 3365 5057 servanda:
3382 4988 3555 5036 erant.
3576 4981 3715 5037 Nam
3749 4983 3837 5036 iniu

2257 5079 2331 5132 tio
2357 5053 2634 5131 sabbatum
2666 5076 2716 5128 in
2743 5073 2924 5128 multis
2950 5053 3307 5144 gravibusque
3336 5072 3499 5127 rebus
3523 5073 3656 5128 utile
3695 5082 3808 5128 erat
3826 5071 3849 5144 ,ξ

2254 5164 2483 5236 exempli
2516 5180 2672 5219 causa
2692 5206 2708 5229 ,
2736 5163 2788 5218 id
2815 5138 3081 5219 efficiebat
3106 5172 3163 5217 ut
3194 5138 3351 5217 n-tites
3395 5161 3733 5233 humanique
3761 5138 3849 5217 es-|

2256 5266 2377 5313 sent
2407 5271 2528 5311 cum
2556 5254 2903 5325 propinquis;
2937 5252 3163 5307 docebat
3198 5267 3295 5308 eos
3321 5253 3415 5307 Dei
3452 5252 3839 5322 providentiam

2256 5359 2311 5405 et
2338 5349 2658 5405 creationem
2689 5366 2701 5401 :
2734 5347 2874 5418 quod
2903 5347 2979 5401 ait
3004 5346 3251 5402 Ezechiel
3282 5363 3295 5399 :
3324 5346 3573 5402 Erudivit
3593 5363 3692 5404 eos
3722 5364 3841 5419 pau-

2258 5442 2403 5497 latim
2425 5482 2440 5505 ,
2471 5449 2530 5496 ut
2568 5441 2895 5496 abstinerent
2915 5454 2942 5492 a
2986 5439 3221 5509 nequitia
3246 5480 3258 5503 ,
3289 5448 3344 5493 et
3389 5447 3447 5494 ut
3477 5440 3841 5509 spiritualibus

2260 5534 2625 5591 incumberent
2655 5532 2865 5587 (Ezeeh.
2892 5530 3005 5604 20).
3037 5532 3170 5588 Nam
3213 5532 3257 5588 si
3280 5545 3404 5587 cum
3433 5531 3615 5604 legem
3646 5531 3841 5591 sabbati

2289 5704 2361 5769 (α)
2384 5706 2433 5758 ld
2456 5714 2547 5768 est,
2573 5711 2725 5769 potius
2746 5702 2888 5755 laude
2911 5714 3053 5768 quam
3074 5703 3211 5755 venia
3234 5702 3419 5765 dignos.
