4042 6218
331 320 436 376 457

333 431 507 496 dedit,
531 428 786 485 dixisset:
814 426 961 483 Bona
991 425 1143 480 facite
1171 423 1222 479 in
1245 426 1485 491 sabbato,
1517 426 1611 482 sed
1641 427 1776 480 mala
1802 441 1906 480 non

332 523 667 594 operemini,
717 521 885 592 legem
940 534 1045 574 non
1093 529 1358 574 servasset
1422 519 1684 588 populus;
1727 533 1908 573 verum

333 616 511 670 omnia
541 613 695 668 simul
723 610 887 666 vetuit
915 629 927 664 :
952 609 1102 663 Nihil
1132 610 1324 679 facietis
1345 650 1360 673 ,
1388 609 1581 678 inquit.
1618 609 1801 678 Neque
1830 621 1898 662 ta-

324 723 455 762 men
485 706 565 761 sic
592 720 651 759 se
675 704 1001 759 continuere.
1053 702 1169 770 lpsc
1195 717 1320 756 vero
1351 716 1471 755 cum
1507 701 1675 771 legem
1706 702 1909 756 sabbati

324 802 498 864 dedit,
527 801 750 855 obscure
773 798 1084 868 signiﬁcavit
1107 839 1122 863 ,
1153 798 1290 854 velle
1317 814 1374 853 sc
1403 808 1459 852 ut
1487 813 1516 852 a
1562 799 1715 851 malis
1740 799 1908 851 solum

332 896 679 950 abstinerent.
733 891 882 958 Nihil
905 891 1045 946 enim
1077 892 1270 958 facietis
1290 934 1303 957 ,
1336 891 1539 962 inquit,
1585 892 1680 944 nisi
1712 907 1769 944 ea
1796 904 1911 958 qua:

325 987 481 1055 ‘faciet
509 982 898 1056 anima‘(Exod.
934 983 1020 1038 12.
1055 981 1166 1054 16).
1211 982 1264 1036 1η
1297 983 1493 1052 templo
1529 993 1706 1038 autem
1731 983 1908 1036 omnia

333 1076 551 1141 ﬁebant,
583 1086 638 1130 et
665 1091 786 1130 cum
807 1075 999 1144 majori
1037 1074 1213 1129 studio
1237 1115 1251 1136 ,
1283 1073 1584 1144 duplicique
1611 1089 1791 1143 opera.
1823 1073 1910 1130 Sic

325 1180 426 1236 per
455 1168 626 1237 ipsam
655 1167 896 1222 umbram
926 1167 1204 1221 veritatem
1231 1165 1334 1220 illis
1360 1165 1650 1234 aperiebat.
1679 1164 1906 1218 Tantum

327 1272 460 1326 ergo
487 1259 692 1313 lucrum
714 1299 729 1324 ,
761 1258 969 1328 inquies
988 1299 1003 1324 ,
1031 1258 1252 1314 abstulit
1275 1257 1552 1312 Christus?
1579 1257 1762 1322 Absit;
1795 1257 1904 1311 imo

324 1349 461 1403 illud
492 1349 775 1403 admodum
801 1349 965 1402 auxit.
1000 1348 1232 1417 Tempus
1261 1349 1400 1403 enim
1428 1357 1544 1403 erat
1572 1358 1629 1402 ut
1656 1364 1752 1417 per
1780 1348 1907 1402 sub-

328 1441 538 1494 limiora
585 1440 961 1495 erudiremur:
1021 1455 1200 1510 neque
1245 1441 1524 1508 oportebat
1568 1440 1908 1508 manus-ejus

319 1531 494 1600 ligare
514 1573 528 1598 ,
558 1531 645 1601 qui
675 1546 704 1585 a
742 1531 974 1601 nequitia
1004 1539 1218 1595 erutus,
1265 1529 1331 1583 ad
1377 1531 1514 1584 bona
1541 1530 1718 1584 omnia
1753 1530 1905 1583 vola-

326 1623 449 1689 bat;
491 1637 664 1692 neque
703 1621 834 1677 inde
859 1621 1097 1676 ediscere
1143 1621 1305 1675 Deum
1334 1622 1510 1675 omnia
1551 1620 1780 1686 fecisse;
1811 1634 1910 1675 nec

318 1712 451 1767 inde
483 1713 681 1766 institui
708 1711 773 1766 ad
820 1711 1278 1767 mansuetudinem
1308 1725 1434 1775 eos,
1461 1713 1547 1781 qui
1575 1711 1641 1766 ad
1688 1712 1780 1766 Dei
1807 1710 1906 1766 he-

325 1800 634 1872 nignitatem
678 1801 987 1856 imitandam
1017 1803 1189 1856 vocati
1236 1811 1388 1856 erant
1425 1818 1439 1854 :
1468 1801 1638 1856 Estote
1661 1843 1675 1867 ,
1707 1802 1903 1871 inquit,

324 1894 672 1947 misericordes
719 1894 847 1946 sicut
887 1890 1044 1946 Pater
1086 1902 1244 1946 vester
1273 1893 1482 1947 caelestis
1509 1891 1661 1962 (Luc.
1683 1893 1740 1946 ‘6.
1773 1891 1901 1963 56);

327 1983 532 2036 nullum
562 1983 702 2038 diem
750 1983 942 2037 festum
989 1997 1145 2052 agere
1175 1998 1287 2048 eos,
1313 1983 1402 2052 qui
1433 1998 1525 2052 per
1551 1992 1713 2036 totam
1742 1982 1903 2036 vitam

324 2074 520 2130 festum
548 2090 706 2145 agere
717 2075 1069 2144 jubebantur:
1097 2089 1218 2128 nam
1237 2075 1329 2140 ait,
1355 2073 1556 2128 Festum
1575 2075 1898 2140 celebremus,

320 2182 421 2220 non
439 2167 490 2219 in
509 2167 748 2235 fermento
782 2165 951 2231 veteri,
970 2181 1124 2233 neque
1140 2166 1190 2217 in
1208 2167 1449 2235 fermento
1463 2166 1666 2218 malitia:
1682 2166 1904 2235 e‘tnequ'i-

323 2259 428 2324 rite,
459 2258 549 2312 sed
575 2259 626 2311 in
656 2257 849 2327 azymis
872 2257 1170 2310 sinceritatis
1191 2265 1236 2309 et
1256 2257 1474 2308 veritatis
1496 2256 1570 2324 (1.
1595 2254 1713 2310 Cor.
1742 2257 1796 2310 ὅ.
1822 2257 1898 2325 8).

310 2350 435 2405 Non
485 2358 696 2420 oportet
742 2349 884 2404 enim
914 2363 1096 2418 prope
1142 2363 1320 2402 arcam
1365 2357 1420 2402 et
1473 2347 1637 2402 altare
1681 2362 1900 2403 aureum

317 2451 460 2497 stare
489 2456 600 2507 eos,
635 2441 722 2511 qui
750 2441 986 2496 omnium
1030 2441 1310 2494 Dominum
1338 2439 1544 2494 habent
1585 2453 1766 2494 secum
1799 2441 1895 2492 ha-

316 2532 571 2588 bitantem
602 2572 617 2598 ,
646 2533 843 2603 quique
885 2546 983 2602 per
1009 2532 1188 2586 omnia
1234 2531 1405 2600 ipsum
1453 2530 1810 2601 alloquuntur,
1845 2539 1898 2583 et

317 2640 414 2694 per
437 2624 752 2688 orationem,
770 2633 834 2678 et
863 2638 959 2693 per
983 2622 1328 2688 oblationem,
1359 2631 1414 2676 et
1444 2637 1537 2691 per
1571 2621 1890 2690 Scripturas,

316 2723 371 2770 ct
413 2729 508 2784 per
537 2715 930 2784 eleemosynam
951 2754 966 2776 ,
999 2722 1052 2767 et
1089 2712 1231 2782 quod
1276 2713 1416 2767 intus
1448 2713 1595 2766 illum
1644 2712 1892 2766 habeant.

315 2805 445 2871 Qua:
486 2819 613 2874 ergo
656 2803 859 2858 sabbati
900 2804 1190 2858 necessitas
1237 2804 1286 2857 ei
1315 2805 1405 2873 qui
1445 2819 1656 2872 semper
1701 2803 1893 2858 festum

313 2897 587 2962 celebrat,
619 2896 706 2965 qui
739 2896 790 2949 in
819 2896 950 2949 cmlo
992 2896 1268 2950 versatur?
1293 2894 1506 2950 Festum
1538 2909 1665 2964 ergo
1705 2909 1896 2965 perpe-

313 3000 407 3044 tuo
434 3004 671 3059 agamus,
695 2987 930 3058 nihilque
950 2988 1076 3042 mali
1100 3001 1415 3058 operemur;
1445 2987 1571 3042 illud
1597 2989 1735 3042 enim
1764 3001 1893 3042 vere

314 3081 506 3136 festum
551 3089 634 3135 est
671 3097 683 3131 :
720 3079 822 3134 sed
870 3079 1163 3149 spiritualia
1204 3078 1574 3145 intendamus,
1605 3078 1894 3132 abscedant

307 3182 560 3235 terrena,
591 3173 852 3242 Spiritua‘li
896 3173 1004 3226 otio
1033 3172 1297 3238 Otiemur,
1327 3184 1516 3223 manus
1558 3169 1624 3223 ab
1671 3170 1891 3224 avaritia

313 3267 620 3321 cohibentes
640 3306 654 3329 ,
704 3280 898 3334 corpus
929 3279 958 3317 a
1001 3263 1288 3332 superﬁuis
1317 3272 1371 3317 et
1415 3261 1690 3315 inutilibus
1716 3261 1886 3316 abdu-

303 3365 496 3411 centes
525 3355 795 3410 laboribus
815 3396 828 3419 ,
852 3355 1040 3423 quibus
1065 3353 1290 3408 afﬂictus
1316 3362 1398 3408 est
1423 3353 1548 3406 olim
1577 3354 1630 3405 in
1657 3351 1892 3423 [Egyplo

301 3445 658 3500 :llebrtnorum
710 3444 976 3514 populus:
1009 3444 1150 3497 nihil
1193 3444 1334 3498 enim
1384 3441 1680 3496 differimus
1730 3450 1889 3511 quot-

309 3545 440 3605 quot
466 3549 653 3589 aurum
679 3533 998 3604 colligimus,
1027 3532 1095 3588 ab
1119 3533 1184 3586 iis
1209 3533 1298 3602 qui
1323 3533 1469 3587 luteo
1495 3533 1644 3601 Operi
1672 3531 1890 3585 addice-

306 3626 534 3691 bantur,
565 3626 866 3695 lateresque
895 3634 1179 3695 operantes
1202 3665 1218 3691 ,
1267 3632 1322 3678 et
1351 3625 1530 3693 paleas
1578 3623 1890 3692 colligentes

303 3717 728 3786 ﬂagellabantur.
782 3714 913 3769 Nam
965 3729 1104 3769 nunc
1142 3729 1353 3785 quoque
1409 3714 1650 3768 diabolus
1699 3714 1890 3769 lateres

303 3809 454 3880 jubet
478 3823 733 3878 apparare
753 3850 768 3873 ,
796 3817 856 3861 ut
880 3808 1006 3862 olim
1037 3808 1265 3862 l‘harao.
1295 3806 1430 3874 Quid
1453 3808 1592 3860 enim
1639 3807 1780 3861 aliud
1808 3815 1890 3861 est

307 3915 494 3954 aurum
517 3941 531 3962 ,
563 3914 720 3968 quam
768 3899 982 3952 lutum?
1029 3899 1154 3967 quid
1199 3898 1348 3952 aliud
1386 3907 1660 3967 argentum
1685 3940 1698 3962 ,
1728 3913 1886 3967 quam

309 3990 502 4061 palea?
527 3989 656 4044 Nam
684 3996 962 4058 argentum
991 3990 1131 4042 velut
1153 3990 1302 4058 palea
1329 3990 1670 4056 cupiditatem
1699 4004 1890 4042 accen-

303 4083 417 4145 dit,
448 4091 504 4136 et
533 4096 716 4135 aurum
748 4079 841 4134 luti
873 4080 1040 4132 instar
1071 4079 1219 4132 illum
1250 4079 1487 4147 inquinat
1511 4080 1601 4148 qni
1631 4079 1886 4146 possidet.

313 4174 438 4229 Ideo
470 4173 616 4226 misit
662 4171 814 4226 nobis
857 4186 961 4224 nou
1006 4169 1188 4223 Mosen
1217 4185 1284 4222 ex
1335 4167 1549 4224 deserto
1574 4168 1785 4238 AEgypti
1818 4170 1834 4199 ¹
1869 4209 1886 4234 ,

315 4264 408 4319 sed
435 4265 628 4318 Filium
656 4279 809 4318 suum
838 4261 904 4316 de
931 4261 1081 4315 callo.
1110 4261 1162 4315 Si
1208 4261 1380 4330 itaque
1408 4271 1526 4328 post
1551 4260 1665 4328 ejus
1691 4259 1890 4314 adven-

311 4367 419 4409 tum
448 4357 498 4409 in
521 4355 751 4424 [Egypto
780 4353 1038 4407 manseris
1059 4393 1072 4418 ,
1103 4351 1286 4406 eadem
1329 4353 1544 4422 patieris
1571 4367 1688 4420 qua:
1719 4352 1888 4422 [Egy-

309 4449 402 4518 ptii
425 4465 439 4502 :
469 4449 548 4502 sin
577 4446 809 4517 A‘Sgypto
830 4445 1012 4500 relicta
1035 4444 1229 4499 abieris
1249 4459 1368 4498 cum
1394 4443 1651 4512 spirituali
1673 4443 1884 4507 lsraele,

304 4544 686 4599 miraculorum
717 4542 952 4595 omnium
983 4547 1250 4609 spectator
1277 4540 1406 4593 eris.

379 4635 430 4687 4.
465 4633 571 4686 Nec
613 4642 788 4685 tamen
834 4631 886 4684 id
937 4632 1105 4684 solum
1156 4629 1224 4683 ad
1262 4630 1486 4683 salutem
1515 4627 1728 4682 sufﬁcit.
1769 4626 1884 4681 Non

302 4727 448 4782 enim
479 4725 544 4777 ab
565 4722 795 4793 Egypto
815 4731 1017 4775 tantum
1047 4721 1402 4776 recedendum
1429 4730 1544 4782 est;
1577 4720 1669 4773 sed
1702 4719 1750 4771 in
1778 4726 1885 4772 ter-

304 4836 416 4872 rain
452 4816 821 4887 promissionis
853 4815 1177 4867 intrandum.
1206 4813 1643 4883 Quandoquidem
1685 4811 1882 4875 Jutltri,

306 4921 363 4965 ut
411 4911 484 4962 ait
529 4908 720 4962 Paulus
769 4905 967 4977 (Hebr.
1011 4906 1098 4959 11.
1138 4906 1290 4974 29),
1317 4921 1409 4973 per
1456 4919 1602 4958 mare
1646 4903 1883 4956 Rubrum

304 4999 649 5062 transierunt,
679 5012 868 5049 manna
899 4995 1275 5059 comederunt,
1307 5005 1360 5048 et
1404 5004 1584 5063 potum
1635 4993 1912 5062 spiritua-‘

308 5095 411 5148 lcut
443 5092 724 5155 biberunt,
760 5096 990 5142 attamen
1023 5102 1208 5140 omnes
1249 5085 1473 5154 periere.
1501 5084 1578 5139 Ne
1604 5085 1759 5153 igitur
1789 5097 1885 5136 nos
1905 5091 1912 5156 ς

307 5201 515 5256 quoque
540 5185 661 5238 talia
692 5183 957 5254 patiamur
976 5221 992 5246 ,
1024 5195 1090 5235 ne
1118 5193 1310 5249 segnes
1341 5180 1507 5233 simus
1531 5220 1544 5244 ,
1570 5178 1662 5231 sed
1691 5177 1754 5230 ad
1783 5193 1881 5245 pu-

305 5292 464 5346 gnam
493 5277 658 5345 parati
692 5289 705 5326 :
736 5282 788 5327 at
818 5273 862 5326 si
888 5286 1027 5325 nunc
1067 5270 1251 5323 audias
1280 5269 1450 5322 malos
1478 5268 1846 5336 exploratores
1865 5307 1882 5333 ,

307 5367 396 5436 qui
427 5376 700 5435 angustam
744 5373 798 5419 ct
840 5371 1040 5417 arctam
1071 5361 1211 5415 viam
1243 5360 1639 5414 calumnicntur
1659 5400 1674 5424 ,
1721 5369 1881 5428 atque

365 5499 381 5527 ι
411 5493 492 5542 Sic
505 5495 665 5555 Savtl.
691 5500 739 5541 et
761 5493 936 5555 Morel.
957 5507 971 5553 ;
994 5492 1077 5540 alii
1101 5505 1164 5541 ea:
1191 5491 1402 5552 deserto,
1421 5499 1630 5555 tantum,
1657 5501 1711 5545 ut
1737 5496 1871 5546 Crte-

301 5569 362 5605 ce
387 5553 658 5609 edidimus;
686 5554 903 5615 quidam,
930 5568 992 5604 ea:
1016 5556 1243 5619 .«Egypto,
1268 5561 1478 5603 tantum.

1277 313 1347 370 IN
1385 314 1793 375 MATTHEUM
1833 318 2063 376 liOMlL.
2105 316 2350 378 XXXIX.
2391 322 2462 378 al.
2509 322 2617 376 XL.

3500 325 3602 380 458

2029 427 2114 484 illa
2140 429 2339 494 dicant,
2371 449 2489 503 qtae
2519 433 2646 486 olim
2674 433 2744 488 illi
2774 433 3025 490 dicebant
3052 435 3417 505 exploratores
3443 477 3458 500 ,
3492 453 3595 490 non

2022 522 2198 589 populi
2227 522 2454 586 turbam,
2486 523 2580 578 sed
2600 524 2780 578 .lcsum
2811 525 3100 590 imitamur,
3127 536 3179 579 et
3205 525 3404 581 Chalcb
3434 527 3598 580 ﬁlium

2024 610 2300 679 Jephone;
2334 628 2505 683 neque
2535 615 2680 682 prius
2708 615 2983 681 abscedas,
3014 632 3170 686 quam
3198 617 3252 670 in
3279 617 3594 686 promissum

2021 703 2206 756 cadum
2250 705 2562 773 ingrediaris
2597 707 2616 775 (
2645 705 2804 760 Num.
2854 709 2939 763 15.
2966 709 3124 762 Josue
3163 711 3229 764 14
3253 721 3300 763 et
3333 712 3398 766 15
3425 711 3461 778 ).
3491 711 3598 766 Ne-

2022 811 2125 864 que
2153 796 2425 851 difﬁcilem
2470 808 2624 866 putes
2651 813 2769 853 esse
2797 799 2956 854 viam.
2986 800 3118 854 Nam
3150 801 3195 855 si
3241 802 3439 856 inimici
3477 819 3596 856 cum

2021 902 2281 953 essemus,
2310 903 2406 942 nos
2428 903 2547 942 cum
2578 890 2685 944 Deo
2706 892 3167 947 reconciliavimus
3191 935 3204 956 ,
3236 895 3404 949 multo
3429 896 3599 964 magis

2027 979 2353 1033 reconciliati
2383 979 2605 1034 salutem
2636 996 3043 1050 consequemur.
3075 983 3269 1038 Verum
3296 994 3516 1054 angusta
3542 995 3595 1039 ct

2021 1077 2188 1133 arcta,
2212 1068 2435 1138 inquies,
2455 1070 2547 1124 illa
2568 1070 2652 1123 via
2673 1080 2773 1125 est.
2798 1070 2903 1126 Sed
2942 1072 3106 1140 prior,
3129 1088 3226 1142 per
3241 1089 3398 1143 quam
3426 1083 3599 1130 trans-

2018 1161 2176 1225 ivisti,
2211 1175 2315 1214 non
2341 1170 2558 1230 augusta
2585 1169 2639 1216 et
2665 1170 2806 1216 arcta
2835 1162 2994 1216 modo
3013 1171 3115 1228 est,
3141 1164 3232 1218 sed
3255 1166 3412 1218 etiam
3434 1166 3592 1230 invia,

2016 1265 2079 1305 ac
2111 1248 2242 1305 feris
2285 1252 2584 1321 agrestibus
2633 1251 2790 1320 plena
2837 1267 2944 1307 :ac
2989 1253 3434 1321 quemadmodum
3485 1271 3592 1309 non

2019 1351 2264 1410 poterant
2309 1358 2404 1411 per
2430 1359 2577 1397 mare
2625 1343 2866 1398 Rubrum
2915 1346 3141 1399 transire
3167 1345 3286 1400 sine
3331 1345 3594 1403 miraculo

2015 1431 2108 1486 illo
2144 1432 2258 1486 :sic
2299 1448 2408 1486 non
2446 1441 2758 1502 poteramus
2800 1432 2854 1487 in
2892 1434 3069 1503 priore
3101 1435 3204 1488 vita
3236 1446 3515 1491 manentes
3541 1437 3594 1490 in

2015 1523 2204 1576 caelum
2235 1523 2525 1578 ascendere
2549 1564 2564 1590 ,
2597 1524 2698 1579 nisi
2742 1524 3004 1593 baptisma
3037 1525 3089 1580 in
3114 1525 3293 1580 medio
3314 1528 3596 1596 apparuis-

2014 1622 2116 1668 set.
2140 1615 2200 1670 Si
2231 1625 2410 1670 autem
2453 1615 2580 1669 illttd
2609 1615 2750 1684 quod
2777 1615 2892 1670 ﬁeri
2923 1633 3028 1671 non
3071 1625 3312 1686 poterat,
3363 1618 3476 1673 ﬁeri
3511 1629 3592 1672 ta»

2014 1721 2134 1760 men
2165 1708 2362 1776 potuit,
2393 1707 2559 1762 multo
2587 1707 2755 1777 magis
2796 1706 2938 1778 quod
2978 1707 3193 1763 difﬁcile
3235 1717 3386 1774 erat,
3433 1709 3585 1764 facile

2011 1798 2219 1853 evadet.

2085 1887 2274 1943 Gratia:
2303 1891 2485 1943 divina:
2515 1891 2658 1944 labor
2680 1901 2848 1944 noster
2889 1888 3172 1946 addctrdus.
3213 1891 3589 1962 Prwceptorum

2011 1982 2253 2051 facilitas.
2277 1983 2548 2036 -—\’erum
2579 1983 2740 2048 illud,
2775 1985 3010 2053 inquies,
3044 2001 3138 2052 per
3163 1986 3333 2039 solam
3364 1987 3588 2055 gratiam

2009 2074 2186 2128 ﬁebat.
2231 2074 2301 2127 Et
2344 2074 2463 2128 ideo
2494 2077 2722 2128 maxime
2766 2075 2886 2143 jure
2932 2075 3191 2129 conﬁdas.
3236 2075 3290 2130 Si
3321 2078 3461 2130 enim
3499 2077 3589 2130 ubi

2008 2165 2120 2219 sola
2151 2165 2321 2234 gratia
2353 2174 2466 2219 erat
2486 2207 2500 2228 ,
2531 2164 2614 2218 illa
2649 2174 2824 2219 tamen
2862 2177 3078 2235 operata
3105 2176 3190 2220 est
3224 2186 3237 2219 :
3266 2166 3354 2220 tibi
3383 2166 3590 2222 labores

2008 2254 2342 2319 addideritis,
2373 2269 2548 2308 annon
2578 2256 2746 2308 multo
2784 2256 2952 2326 magis
2980 2256 3389 2324 cooperabitur?
3415 2258 3460 2311 si
3505 2258 3589 2311 ni-

2008 2345 2083 2401 hil
2111 2357 2354 2418 agentem
2381 2347 2612 2400 servavit
2636 2387 2654 2414 ,
2688 2362 2865 2401 annon
2894 2347 3061 2401 multo
3087 2349 3253 2418 magis
3279 2359 3585 2418 operantem

1999 2438 2204 2510 juvabit
2225 2441 2248 2490 ’ἐ
2269 2439 2444 2508 Supra
2472 2438 2709 2492 dicebam
2733 2479 2746 2502 ,
2779 2453 2838 2493 ex
2887 2438 2951 2492 iis
2979 2454 3098 2508 qua:
3143 2439 3255 2492 ﬁeri
3296 2455 3399 2494 non
3430 2455 3587 2509 posse

2001 2533 2338 2597 videbantur,
2370 2542 2425 2587 et
2453 2543 2626 2586 tamen
2657 2531 2795 2586 facta
2839 2535 2991 2597 sunt",
3031 2531 3082 2585 in
3111 2531 3414 2587 difﬁcilibus
3444 2533 3583 2587 ﬁdu-

2000 2624 2136 2677 ciam
2167 2624 2257 2678 tibi
2301 2624 2454 2678 dari:
2486 2639 2627 2678 nunc
2665 2633 2840 2677 autem
2873 2624 3021 2688 dico,
3054 2624 3098 2677 si
3129 2623 3437 2693 vigilemus,
3471 2624 3586 2680 lucc

2000 2732 2068 2770 ne
2119 2715 2350 2770 difﬁcilia
2395 2715 2609 2785 quidem
2662 2715 2794 2770 fore.
2835 2715 3155 2770 Consideres
3201 2716 3342 2769 enim
3385 2718 3580 2784 velim,

1999 2819 2227 2864 mortem
2279 2809 2640 2864 conculcatam
2698 2807 2890 2874 fuisse,
2938 2807 3202 2862 diabolum
3253 2809 3580 2878 concidisse,

1999 2903 2168 2974 legem
2189 2902 2386 2972 peccati
2409 2902 2720 2956 exstinctam
2740 2915 2878 2964 esse,
2898 2900 3124 2970 Spiritus
3140 2901 3360 2971 gratiam
3381 2903 3580 2964 datam,

1995 2995 2158 3049 vitam
2188 2995 2239 3048 in
2271 2994 2430 3048 breve
2458 3001 2666 3062 tempus
2685 3000 3032 3057 contractam,
3063 3007 3224 3046 onera
3249 2993 3489 3062 praecisa.
3514 2993 3583 3048 Et

1997 3093 2057 3140 ut
2081 3086 2192 3140 lucc
2218 3085 2286 3139 ab
2314 3084 2442 3154 ipsis
2467 3084 2720 3152 operibus
2743 3083 2952 3136 ediscas
2978 3124 2991 3146 ,
3019 3084 3294 3152 perpende
3319 3093 3449 3153 quot
3474 3085 3583 3140 sint

1995 3177 2083 3247 qui
2115 3176 2312 3246 majora
2336 3217 2350 3238 ,
2379 3190 2536 3244 quam
2581 3173 2824 3228 Christus
2865 3174 3138 3242 praecipiat
3159 3216 3174 3241 ,
3225 3173 3450 3228 fecerint
3477 3192 3489 3226 :
3524 3183 3580 3229 tu

1994 3284 2122 3324 vero
2149 3266 2568 3322 mediocritatem
2594 3265 2799 3319 times?
2826 3264 2994 3331 Quam
3030 3279 3156 3334 ergo
3184 3266 3581 3320 excusationem

1995 3360 2216 3415 habebis
2243 3401 2256 3422 ,
2289 3373 2408 3412 cum
2437 3358 2556 3412 aliis
2598 3357 2732 3410 ultra
2776 3366 2948 3411 metas
2977 3357 3379 3421 exsilientibus,
3410 3365 3463 3410 tu
3495 3358 3581 3412 vel

1994 3454 2061 3509 ad
2082 3453 2425 3508 constitutum
2454 3449 2736 3503 terminum
2764 3449 3043 3516 pervenire
3065 3447 3338 3518 graveris?
3357 3447 3434 3503 Te
3456 3447 3581 3502 hor-

1995 3557 2170 3603 tamur
2194 3561 2257 3601 cx
2305 3545 2648 3600 facultatibus
2675 3545 2780 3598 tuis
2809 3545 3203 3613 eleemosynam
3248 3543 3409 3606 dare;
3442 3543 3579 3596 alius

1994 3657 2122 3696 vero
2145 3655 2264 3694 sese
2294 3639 2404 3693 suis
2431 3637 2677 3691 omnibus
2699 3635 2946 3705 spoliavit
2976 3653 2988 3688 :
3021 3644 3071 3689 te
3093 3650 3340 3704 rogamus
3367 3643 3422 3686 ut
3450 3649 3570 3688 eum

1994 3747 2159 3788 uxore
2205 3741 2292 3784 tua
2323 3738 2470 3786 caste
2514 3729 2700 3794 vivas;
2731 3728 2865 3781 alius
2893 3743 3019 3781 vero
3047 3727 3204 3781 etiam
3254 3742 3282 3780 a
3313 3726 3578 3780 connubio

1994 3823 2250 3879 abstinuit
2279 3841 2291 3876 :
2325 3833 2376 3878 te
2406 3836 2684 3876 monemus
2717 3835 2782 3875 ne
2809 3819 2884 3874 sis
2932 3817 3140 3872 invidus
3166 3835 3179 3881 ;
3212 3818 3374 3872 alium
3400 3827 3576 3871 autem

1994 3915 2252 3969 habemus
2272 3955 2286 3977 ,
2315 3913 2403 3983 qui
2430 3928 2494 3967 ex
2526 3912 2746 3966 caritate
2782 3911 2873 3963 dat
2919 3911 3086 3977 ipsam
3119 3909 3349 3961 animam
3377 3923 3529 3962 suam
3559 3923 3572 3959 :

1995 4017 2048 4062 te
2078 4007 2424 4061 obsecramus
2449 4015 2504 4058 ut
2535 4003 2812 4072 indulgens
2858 4002 2933 4054 sis
2963 4017 3061 4054 nec
3092 4001 3250 4054 nimis
3280 4015 3498 4055 severus
3524 4001 3575 4054 in

1993 4107 2307 4167 peccantes;
2331 4096 2465 4149 alius
2493 4107 2796 4163 percussus,
2823 4091 3041 4144 alteram
3064 4090 3255 4144 obtulit
3287 4091 3574 4143 maxillam.

1993 4190 2129 4260 Quid
2184 4191 2341 4259 igitur
2363 4229 2378 4252 ,
2425 4201 2606 4256 quwso
2630 4227 2644 4250 ,
2678 4184 2953 4238 dicemus?
2993 4197 3148 4252 quam
3179 4183 3574 4237 excusationem

1993 4283 2307 4345 afferemus,
2355 4295 2420 4334 ne
2443 4279 2530 4332 illa
2577 4277 2792 4347 quidem
2839 4274 3094 4328 facientes
3116 4315 3130 4339 ,
3159 4290 3277 4344 qum
3303 4275 3389 4327 alii
3422 4275 3577 4344 longe

1994 4372 2284 4442 superant?
2309 4371 2490 4440 Neque
2511 4369 2651 4422 enim
2683 4375 3044 4436 superassent,
3077 4365 3177 4419 nisi
3201 4381 3405 4419 summa
3433 4373 3576 4419 esset

1993 4471 2068 4522 rei
2118 4475 2397 4536 prmcepta:
2448 4463 2693 4517 facilitas.
2745 4462 2873 4527 Quis
2915 4461 3056 4515 enim
3101 4459 3357 4524 tabescit,
3390 4473 3455 4511 an
3484 4474 3574 4526 qut

1992 4560 2216 4614 aliorum
2248 4558 2399 4610 bonis
2443 4554 2674 4617 invidet,
2707 4569 2772 4606 an
2805 4553 2892 4622 qui
2934 4551 3001 4606 de
3033 4552 3096 4605 iis
3121 4549 3312 4621 gaudet
3344 4559 3396 4604 ct
3425 4549 3574 4603 laeta-

1995 4652 2114 4705 tur?
2161 4650 2279 4719 quis
2315 4648 2491 4702 omnia
2539 4655 2780 4714 suspecta
2832 4643 2994 4696 habet
3037 4652 3093 4697 et
3140 4643 3356 4706 tremit,
3415 4641 3576 4694 homo

1992 4751 2168 4797 castus
2197 4756 2262 4794 an
2296 4736 2575 4794 moechus?
2608 4736 2726 4802 quis
2768 4734 2905 4788 bona
2941 4748 3059 4788 cum
3103 4747 3198 4800 Spe
3241 4731 3466 4800 gaudet,
3506 4745 3572 4784 an

1992 4843 2212 4902 raptor,
2263 4848 2327 4885 an
2381 4830 2424 4882 is
2469 4827 2557 4896 qui
2615 4825 2930 4887 miseratus,
2963 4839 3056 4877 sua
3082 4823 3255 4894 egenti
3308 4821 3570 4890 largitur?

1992 4927 2118 4980 llzec
2168 4926 2343 4992 itaque
2372 4921 2667 4990 cogitantes
2688 4957 2702 4980 ,
2735 4932 2801 4969 ne
2843 4930 3033 4985 segnes
3064 4914 3229 4969 simus
3270 4913 3336 4966 ad
3367 4915 3575 4966 virtutis

1992 5031 2203 5071 cursum
2232 5011 2648 5083 capessendum;
2682 5008 2774 5063 sed
2806 5008 3051 5061 alacriter
3083 5006 3149 5060 ad
3198 5005 3313 5059 btcc
3355 5003 3574 5075 pulchra

1993 5105 2281 5161 certamina
2310 5119 2406 5157 nos
2432 5103 2777 5164 instruentes,
2803 5099 2950 5153 brevi
2981 5110 3220 5168 tempore
3247 5096 3570 5161 laboremus,

1994 5209 2051 5252 ut
2106 5208 2386 5267 perpetuas
2433 5203 2487 5248 et
2546 5192 2870 5246 immortales
2920 5204 3145 5243 coronas
3205 5189 3570 5258 accipiamus:

1991 5307 2122 5362 quas
2151 5289 2348 5342 utinam
2397 5285 2751 5353 adipiscamur
2793 5283 2958 5353 gratia
3008 5289 3064 5337 et
3107 5280 3432 5351 benignitate
3458 5277 3569 5330 Do-

1991 5383 2120 5438 mini
2170 5380 2335 5434 nostri
2383 5378 2507 5432 .lesu
2553 5375 2786 5438 Christi,
2815 5376 2897 5429 cui
2925 5375 3090 5446 gloria
3119 5381 3172 5429 et
3201 5369 3478 5441 imperium
3517 5366 3566 5420 in

1990 5475 2185 5531 secula
2209 5471 2548 5529 saeculorum.
2579 5471 2768 5525 Amen.
