4042 6218
528 267 642 323 459

1717 479 2061 541 HOMILIA
2116 477 2250 542 XL.
2299 489 2385 549 al.
2417 492 2580 554 XLI.

527 621 655 675 Car.
699 621 784 676 12.
817 637 865 674 v.
893 620 946 675 9.
999 621 1062 674 Et
1101 621 1347 675 transiens
1387 621 1524 687 inde,
1558 624 1688 677 venit
1715 624 1767 676 in
1803 640 2113 695 synagogam

593 728 768 764 eorum
796 728 814 766 :
847 712 933 766 l0.
979 721 1027 765 et
1065 729 1178 766 ecce
1221 714 1371 767 homo
1410 725 1519 767 erat
1562 714 1630 768 ibi
1679 715 1864 770 habens
1903 735 2107 772 manum

594 802 811 854 aridam.

593 893 645 945 1.
676 893 909 947 Rursum
959 893 1010 948 in
1057 894 1278 950 sabbato
1306 904 1492 962 curat,
1531 897 1609 951 sic
1649 912 1879 968 purgans
1921 914 1983 954 ac
2013 900 2104 955 de-

524 985 747 1040 fendens
793 987 1174 1057 discipulorum
1217 1003 1432 1042 suorum
1460 999 1626 1059 gesta.
1658 988 1726 1044 Et
1755 992 1855 1045 alii
1887 994 2100 1062 quidem

522 1079 862 1149 evangelistae
911 1079 1126 1145 dicunt,
1173 1079 1352 1134 Jesum
1378 1079 1592 1134 homine
1645 1080 1734 1134 illo
1767 1083 1818 1135 in
1868 1083 2099 1137 medium

519 1170 747 1225 adducto
772 1213 784 1236 ,
819 1172 1173 1242 interrogasse
1218 1173 1334 1227 illos
1355 1215 1368 1236 ,
1403 1173 1542 1226 Num
1571 1174 1681 1228 licet
1709 1174 1926 1228 sabbatis
1953 1176 2100 1229 bene-

517 1264 683 1328 facere
705 1261 892 1331 (Marc.
925 1264 977 1317 5.
1008 1264 1065 1326 4;
1097 1261 1224 1317 Luc.
1250 1264 1298 1318 6.
1333 1264 1427 1334 9)?
1453 1265 1731 1335 Perpende
1761 1267 1967 1320 Domini
2001 1270 2100 1321 mi-

517 1352 884 1406 sericordiam.
944 1354 1114 1422 Ipsum
1164 1355 1214 1408 in
1263 1355 1439 1409 medio
1480 1358 1785 1423 constituit,
1819 1367 1877 1411 ιιι
1921 1359 2002 1412 vel
2033 1374 2100 1414 ex

516 1455 732 1514 aspectu
770 1445 910 1514 ipsos
941 1445 1177 1501 ﬂecteret
1197 1490 1209 1511 ,
1236 1458 1288 1503 et
1310 1465 1374 1502 ex
1399 1451 1704 1518 spectaculo
1734 1449 1883 1505 fracti
1910 1452 2099 1521 nequi-

517 1535 640 1588 tiam
669 1536 1018 1604 deponerent,
1049 1547 1101 1591 et
1130 1538 1396 1592 hominem
1429 1541 1642 1596 reveriti
1663 1581 1679 1606 ,
1710 1542 2095 1598 immanitatem

513 1641 661 1678 suam
690 1627 958 1680 sedarent.
990 1627 1188 1682 Verum
1231 1629 1304 1683 illi
1338 1630 1578 1685 indomiti
1606 1641 1656 1688 et
1685 1631 1955 1687 inhumani
1983 1650 2096 1688 ma-

514 1717 630 1770 lunt
671 1717 870 1772 Christi
917 1720 1138 1790 gloriam
1194 1721 1424 1787 lmdere,
1474 1739 1631 1792 quam
1678 1724 1818 1779 hunc
1853 1737 2094 1780 sanatum

510 1810 847 1877 conspicere,
879 1811 1130 1882 utrinque
1161 1813 1320 1866 animi
1367 1817 1680 1883 pravitatem
1712 1816 2056 1873 ostendentes
2077 1858 2090 1882 ,

510 1902 723 1971 etquod
748 1903 1015 1957 Christum
1043 1905 1416 1975 impugnarent
1435 1949 1448 1972 ,
1477 1915 1530 1960 et
1556 1922 1675 1961 cum
1706 1917 1849 1962 tanta
1875 1919 2095 1963 conten-

504 1993 653 2045 tione
686 1992 733 2046 id
766 1992 1038 2060 facerent,
1069 2001 1308 2050 utetiam
1356 1998 1542 2051 collata
1592 1999 1642 2051 in
1674 1999 1805 2053 alios
1837 2000 2090 2054 beneﬁcia

505 2083 942 2138 interturbarent.
976 2087 1075 2139 Alii
1105 2087 1317 2156 quidem
1347 2089 1689 2159 evangelista:
1717 2091 1900 2144 dicunt
1921 2092 2090 2161 ipsum

507 2175 882 2246 interrogasse;
908 2177 993 2231 hic
1017 2193 1141 2232 vero
1160 2180 1251 2243 ait,
1279 2179 1448 2251 ipsum
1476 2181 1856 2252 interrogatum
1884 2181 2049 2237 fuisse
2074 2200 2086 2235 :

503 2265 572 2318 Et
589 2267 1016 2337 interrogaverunt
1035 2284 1162 2335 eum,
1187 2270 1378 2339 inquit,
1398 2270 1631 2336 dicentes,
1661 2273 1721 2327 Si
1743 2273 1853 2326 licet
1873 2275 2090 2330 sabbatis

502 2375 696 2423 curare,
723 2369 775 2411 ut
799 2369 1092 2412 accusarent
1109 2376 1242 2413 eum.
1258 2360 1559 2418 Verisimile
1576 2373 1752 2418 autem
1781 2373 1864 2420 est
1886 2375 2090 2420 utrum-

502 2466 607 2520 que
624 2451 821 2506 factum
845 2466 981 2506 esse.
1007 2452 1227 2508 Seelesti
1249 2454 1390 2507 enim
1413 2470 1535 2509 cum
1562 2465 1762 2523 essent,
1783 2458 2087 2528 scirentque

501 2544 670 2612 ipsum
690 2543 754 2598 ad
773 2545 1098 2599 curationem
1120 2544 1255 2600 haud
1273 2546 1433 2602 dubie
1453 2558 1731 2602 venturum
1753 2565 1893 2617 esse,
1919 2549 2088 2606 inter-

503 2637 780 2705 rogatione
827 2649 1153 2707 prrcvcrtcre
1176 2639 1324 2693 illum
1346 2639 1697 2708 Studnerunt;
1724 2656 1999 2712 sperantes
2026 2660 2084 2699 se

501 2727 551 2780 id
575 2728 674 2782 hoc
701 2728 861 2782 modo
889 2729 1237 2799 impedituros
1269 2745 1405 2785 esse.
1431 2730 1553 2786 Ideo
1583 2733 2003 2803 interrogabant,
2025 2737 2086 2790 Si

499 2820 611 2872 licet
657 2821 874 2874 sabbatis
913 2837 1116 2886 curare,
1147 2837 1251 2877 non
1279 2830 1335 2876 ut
1364 2821 1665 2888 discerent,
1705 2824 1796 2878 sed
1841 2834 1896 2878 ut
1921 2841 2082 2880 accu-

497 2909 649 2962 sandi
679 2909 951 2963 materiam
994 2910 1270 2966 haberent.
1324 2912 1545 2966 Etiamsi
1588 2913 1757 2981 ipsum
1791 2930 1924 2984 opus
1955 2917 2081 2970 satis

493 3011 659 3068 esset,
691 3003 734 3057 si
766 3018 1020 3058 accusare
1057 3004 1351 3059 voluissent
1378 3023 1390 3059 :
1419 3021 1483 3060 ex
1511 3006 1689 3062 verbis
1718 3014 1892 3062 tamen
1924 3023 2082 3062 occa-

493 3094 699 3150 sionem
721 3105 933 3167 captare
954 3096 1289 3165 studuerunt,
1311 3109 1367 3153 ut
1387 3099 1487 3154 sibi
1513 3100 1768 3170 majorem
1791 3103 2049 3156 criminan
2073 3135 2081 3144 -

492 3189 545 3240 di
573 3188 777 3257 cotiiam
805 3198 1070 3259 pararent.
1095 3190 1366 3260 Benignus
1392 3201 1568 3246 autem
1595 3192 1850 3247 Dominus
1877 3202 1929 3247 et
1950 3193 2080 3248 illud

493 3281 640 3345 facit,
675 3290 728 3336 et
748 3281 1053 3350 respondet,
1077 3297 1172 3337 nos
1191 3283 1504 3336 modestiam
1533 3293 1587 3337 et
1614 3285 2078 3340 mansuetudinem

491 3373 693 3426 docens
721 3374 757 3438 ί,
809 3382 1082 3443 totumque
1127 3375 1178 3428 in
1213 3375 1356 3444 ipsos
1396 3375 1659 3430 convertit
1689 3417 1705 3445 ,
1738 3376 2079 3448 ipsorumque

493 3462 932 3519 inhumanitatem
965 3465 1220 3520 ostendit.
1254 3465 1535 3522 Hominem
1577 3467 1628 3521 in
1657 3469 1833 3524 medio
1859 3471 2073 3537 statuit;

483 3571 596 3610 non
626 3555 765 3626 quod
791 3556 909 3612 illos
940 3557 1183 3625 timeret,
1211 3557 1304 3613 sed
1329 3557 1396 3612 ad
1424 3561 1657 3629 ipsorum
1685 3559 1990 3628 utilitatem,
2022 3570 2078 3615 ut

489 3645 555 3700 ad
585 3647 1004 3702 misericordiam
1047 3657 1282 3703 vocaret.
1320 3647 1450 3703 Cum
1496 3659 1673 3704 autem
1725 3666 1794 3706 ne
1833 3652 1910 3705 sic
1955 3653 2075 3721 qni-

489 3737 612 3791 dem
661 3738 778 3792 illos
807 3737 1066 3802 ﬂecteret,
1101 3747 1226 3792 tunc
1270 3739 1618 3810 contristatus
1647 3748 1760 3806 est,
1789 3741 1993 3810 inquit,
2022 3751 2077 3797 et

483 3829 654 3884 iratus
676 3839 756 3884 est
781 3840 995 3900 propter
1016 3831 1261 3885 duritiam
1288 3831 1465 3886 cordis
1487 3847 1669 3887 eorum
1699 3832 1887 3903 (Marc.
1913 3836 1964 3889 5.
1991 3835 2071 3904 5),

485 3921 725 3992 dixitque
752 3941 763 3975 :
792 3924 878 3978 ll.
907 3923 1032 3991 Quis
1061 3933 1132 3978 est
1160 3941 1222 3978 ea:
1248 3925 1383 3977 vobis
1411 3924 1581 3988 homo,
1610 3926 1699 3994 qui
1728 3925 1906 3979 habeat
1935 3942 2074 3980 ovem

485 4030 670 4081 unam,
704 4024 748 4068 et
778 4015 822 4068 si
846 4016 896 4068 in
918 4015 1114 4084 foveam
1149 4016 1380 4070 ceciderit
1405 4017 1627 4070 sabbatis
1650 4059 1664 4083 ,
1698 4034 1863 4071 nonne
1886 4034 2072 4088 appre-

485 4105 669 4160 hende!
694 4122 803 4159 eam
833 4115 877 4160 et
907 4107 1102 4178 eriget?
1129 4107 1213 4161 1‘2.
1247 4107 1448 4174 Quanto
1475 4125 1595 4179 ergo
1622 4110 1798 4162 melior
1822 4119 1894 4163 est
1922 4110 2072 4164 homo

483 4199 612 4252 ove?
661 4203 840 4267 Itaque
881 4198 992 4251 licet
1021 4199 1240 4253 sabbatis
1283 4200 1588 4271 benefacere.
1631 4199 1708 4254 Ne
1739 4199 2073 4270 impudenter

481 4299 676 4360 agant,
707 4306 839 4345 neve
867 4292 1016 4360 quasi
1052 4300 1500 4362 transgressorem
1532 4302 1817 4358 accusent,
1847 4308 1941 4363 per
1967 4293 2070 4348 hoc

408 4450 410 4452 ν
477 4384 784 4452 exemplum
814 4399 936 4440 enm
982 4384 1085 4438 illis
1115 4385 1482 4440 ratiocinatur.
1515 4385 1596 4440 Tu
1625 4401 1751 4440 vero
1780 4386 1906 4440 mihi
1943 4401 2066 4456 per-

453 4474 686 4546 ipende,
715 4489 874 4542 quam
919 4475 1067 4529 varie
1094 4483 1149 4528 et
1180 4489 1338 4544 quam
1367 4483 1724 4545 congruenter
1751 4475 1943 4546 ubique
1971 4477 2070 4532 de-

458 4541 752 4622 El'ensiones
796 4574 948 4638 paret
991 4565 1130 4620 circa
1180 4565 1384 4619 sabbati
1429 4565 1768 4621 solutionem.
1805 4566 1934 4621 Nam
1977 4566 2068 4622 ubi

484 4673 684 4713 cmcum
715 4658 951 4722 curavit,
999 4657 1274 4726 lutumque
1319 4655 1476 4722 fecit,
1511 4671 1614 4710 non
1648 4672 1765 4712 sese
1789 4659 2063 4727 purgavit,

482 4748 604 4802 licet
629 4746 698 4802 illi
732 4749 1036 4803 incusarent
1063 4748 1080 4818 (
1105 4745 1261 4801 Joan.
1287 4745 1342 4818 9)
1372 4766 1383 4800 :
1414 4748 1609 4802 etenim
1639 4748 1924 4802 ereationis
1953 4763 2068 4804 mo-

478 4839 580 4893 dus
604 4839 688 4895 hic
715 4857 1000 4911 expressus
1027 4841 1200 4911 ipsum
1227 4856 1345 4896 esse
1372 4839 1503 4911 legis
1536 4841 1812 4896 Dominum
1839 4840 2064 4896 demon-

477 4933 700 4986 strabat.
730 4934 786 4988 In
819 4935 1108 5006 paralytico
1157 4934 1368 5007 (Matth.
1402 4934 1460 5005 9)
1483 4942 1658 4988 autem
1685 4977 1698 5001 ,
1729 4936 1818 5005 qui
1867 4935 2059 4990 lectum

482 5025 740 5092 portavit,
769 5025 895 5079 dum
925 5026 997 5080 illi
1036 5009 1384 5093 accusarent,
1431 5025 1588 5080 modo
1616 5035 1672 5080 ut
1715 5026 1874 5092 Deus,
1904 5025 2063 5082 modo

477 5123 538 5169 ut
586 5115 746 5170 homo
794 5131 916 5171 sese
957 5107 1142 5188 purgat
1173 5135 1186 5170 :
1217 5125 1274 5172 ut
1313 5117 1475 5172 homo
1518 5132 1640 5172 cum
1684 5116 1848 5183 dicit,
1877 5117 1940 5172 Si
1963 5117 2062 5170 cir-

476 5209 829 5262 cumcisionem
869 5209 1051 5275 accipit
1086 5209 1234 5264 homo
1261 5211 1314 5263 in
1343 5209 1580 5275 sabbato,
1623 5217 1676 5262 ut
1715 5223 1814 5261 non
1842 5207 2063 5262 solvatur

477 5300 561 5352 [υτ
587 5300 604 5368 (
630 5314 725 5352 nec
749 5297 916 5365 dixit,
949 5298 1020 5353 lit
1061 5299 1222 5353 homo
1252 5298 1596 5369 adjuvetur),
1627 5298 1750 5352 mihi
1778 5295 2062 5351 irascimini

476 5392 595 5454 quia
645 5399 804 5443 totum
852 5391 1104 5444 hominem
1150 5406 1333 5443 sanum
1379 5390 1475 5458 feci
1507 5387 1704 5461 (Joan.
1751 5391 1808 5444 'i.
1838 5388 1975 5456 25)?
2005 5395 2062 5442 ut

480 5480 619 5536 Deus
646 5492 847 5549 autem,
875 5497 994 5538 cum
1025 5482 1153 5538 dicit
1179 5499 1191 5534 :
1229 5481 1383 5536 Pater
1410 5497 1546 5534 meus
1575 5496 1731 5550 usque
1764 5480 1911 5534 modo
1935 5495 2061 5548 ope-

479 5697 500 5746 t
541 5637 695 5708 ‘_Alii.
727 5652 863 5688 want
905 5638 1231 5701 benignitatem
1275 5637 1624 5688 demonstrans.
1668 5643 1876 5698 Utraque
1915 5633 2062 5685 lectio

500 5711 592 5746 cm
621 5708 796 5746 neti-ist.

500 5711 592 5748 em
620 5708 796 5760 potest.

1278 270 1333 325 S.
1372 270 1648 328 JOANNIS
1672 269 2140 330 CHRYSOSTOMI
2181 279 2492 340 AR‘ClHEP.
2533 287 3062 354 CONSTANTINOP.

3713 319 3829 377 440

2793 431 3827 468 .._____________

2323 415 2518 434 ἡ

2526 421 2787 437 “-

2215 640 2358 684 ratur
2379 674 2393 697 ,
2437 646 2483 689 et
2521 655 2610 709 ego
2639 658 2821 709 operor
2855 647 3047 717 (Joan.
3187 657 3251 710 17
3280 656 3321 722 ).
3347 659 3524 731 Super
3548 672 3818 735 apostolis

2211 738 2340 778 vero
2372 743 2663 830 laeeusatus
2711 737 2826 790 ait:
2863 739 2982 795 Non
3031 744 3219 814 legistis
3263 753 3386 819 quid
3429 757 3549 824 fecit
3602 759 3812 830 David,

2209 819 2413 884 quando
2445 825 2646 878 esurivit
2669 828 2775 897 ipse
2803 841 2847 882 et
2869 835 2954 901 qui
2993 852 3108 889 cum
3137 856 3193 892 eo
3219 847 3406 898 erant?
3434 854 3692 918 quomodo
3723 819 3811 910 in:

2207 909 2370 1002 troivit
2412 912 2464 965 in
2509 914 2714 970 domum
2766 921 2892 985 Dei,
2924 936 2972 978 et
3001 944 3156 994 panes
3177 909 3541 1002 propositionis
3583 909 3809 1001 comedit

2212 997 2418 1067 (Matth.
2453 1005 2538 1058 12.
2563 1009 2614 1062 5.
2645 1011 2740 1079 4)?
2765 1011 3080 1073 Sacerdotes
3107 997 3318 1092 quoque
3344 1027 3396 1080 in
3435 1031 3673 1090 medium

2209 1092 2373 1193 ducit.
2405 1095 2500 1152 Hic
2525 1115 2731 1156 rursum
2757 1146 2772 1168 ,
2807 1107 2882 1160 An
2925 1111 3038 1163 licet
3069 1113 3120 1165 in
3149 1115 3353 1170 sabbato
3380 1120 3698 1193 benefacere,
3733 1147 3801 1184 an

2208 1185 2544 1257 malefaeere?
2591 1191 2715 1256 Quis
2750 1197 2879 1250 enim
2924 1216 2985 1254 ex
3031 1204 3166 1258 vobis
3213 1206 3413 1262 habebit
3456 1228 3599 1267 ovem
3638 1233 3797 1273 unam

2208 1276 2401 1374 (aiore.
2432 1281 2487 1335 3.
2511 1283 2605 1374 i)?
2633 1283 2861 1342 Noverat
2880 1291 3020 1344 enim
3049 1309 3143 1348 eos
3172 1300 3410 1364 pecunia:
3434 1305 3662 1374 cupidos
3684 1325 3798 1363 ma-

2207 1368 2285 1437 gis
2309 1385 2465 1438 qnatn
2512 1371 2839 1431 humanitate
2881 1382 3150 1448 pra-dites.
3195 1387 3346 1442 Alius
3371 1368 3532 1459 porro
3561 1410 3796 1468 evange-

2207 1458 2324 1512 lista
2361 1460 2393 1551 ν(
2416 1459 2550 1514 Ibid.
2591 1481 2637 1516 v.
2682 1467 2715 1520 5
2744 1467 2761 1536 )
2789 1470 2860 1521 ait
2885 1511 2899 1534 ,
2934 1471 3103 1540 ipsum
3154 1458 3634 1551 circumSpexisse,
3665 1458 3795 1544 cum

2205 1550 2306 1602 hoc
2357 1550 2739 1624 interrogaret,
2774 1568 2832 1612 ut
2877 1561 2960 1614 vel
2998 1573 3217 1632 aspectu
3263 1567 3406 1636 ipsos
3446 1550 3792 1633 attraheret:

2203 1652 2259 1694 at
2287 1658 2353 1697 ne
2384 1645 2459 1697 sic
2489 1647 2701 1714 quidem
2747 1651 3008 1716 meliores.
3025 1655 3198 1712 effecti
3239 1671 3383 1714 sunt.
3415 1663 3509 1718 llic
3535 1683 3669 1723 vero
3695 1684 3793 1724 so.-

2203 1732 2311 1788 lum
2361 1735 2624 1805 loquitur,
2654 1741 2778 1796 alibi
2830 1760 3021 1800 manus
3063 1749 3222 1803 etiam
3273 1751 3495 1822 imponit
3527 1768 3584 1811 ut
3613 1772 3790 1817 sanet.

2202 1827 2447 1883 Attamen
2496 1829 2625 1884 nihil
2657 1847 2840 1888 eorum
2895 1836 3015 1891 ilius
3060 1839 3126 1892 ad
3170 1847 3632 1904 mansuetudinem
3663 1853 3787 1908 alli-

2201 1916 2402 1983 ciebat;
2453 1920 2546 1974 sed
2593 1921 2754 1977 homo
2785 1926 2998 1994 quidem
3038 1931 3364 2000 sanabatnr,
3413 1937 3486 1992 ilii
3531 1957 3660 1996 vero
3686 1959 3787 2014 per

2200 2005 2316 2075 ejus
2339 2010 2699 2067 valetudinem
2730 2014 3024 2074 deteriores
3041 2020 3429 2081 efﬁciebantur.
3454 2030 3544 2086 lllc
3569 2005 3786 2091 volebat

2198 2099 2342 2168 ipsos
2370 2112 2493 2158 ante
2519 2121 2714 2176 aegrum
2743 2122 2952 2176 sanare,
2978 2111 3390 2189 innumerasque
3422 2124 3634 2180 medelas
3663 2131 3782 2185 vias

2200 2195 2455 2291 tentabat,
2484 2207 2538 2251 et
2567 2214 2663 2268 per
2685 2214 2746 2255 ea
2773 2217 2892 2272 qua:
2935 2213 3062 2260 ante
3105 2207 3333 2275 fecerat,
3367 2223 3422 2267 et
3449 2231 3542 2284 per
3568 2233 3633 2272 ea
3657 2237 3783 2291 quae

2198 2283 2512 2356 loquebatur
2541 2305 2554 2342 :
2587 2293 2836 2360 quoniam
2877 2304 3054 2351 autem
3099 2299 3381 2358 iucurabili
3411 2283 3604 2365 morbo
3631 2283 3786 2368 la-bo.

2195 2378 2377 2433 rabant
2400 2422 2415 2446 ,
2449 2381 2515 2436 ad
2545 2398 2678 2452 opus
2719 2399 2777 2439 se
2803 2389 3046 2442 contulit.
3095 2392 3181 2446 15.
3216 2392 3356 2449 Tune
3382 2399 3510 2452 dixit
3541 2402 3783 2460 homini:

2195 2468 2423 2524 Extende
2449 2490 2653 2528 manum
2682 2487 2838 2531 tuam.
2892 2479 2956 2532 Et
2981 2485 3233 2551 extendit,
3265 2497 3312 2540 et
3341 2492 3564 2547 restituta
3593 2506 3666 2550 est
3693 2515 3787 2553 sa-

2193 2565 2340 2618 nitati
2359 2607 2374 2632 ,
2401 2576 2457 2620 ut
2482 2577 2526 2621 et
2552 2569 2730 2623 altera.
2763 2571 2900 2639 Quid
2947 2575 3103 2644 igitur
3131 2578 3246 2632 illi?
3277 2581 3632 2651 Egrediumur
3652 2630 3670 2655 ,
3699 2591 3786 2646 in-

2191 2657 2334 2726 quit,
2380 2668 2435 2712 et
2469 2660 2782 2724 consultant
2805 2705 2820 2728 ,
2851 2673 2908 2718 ut
2951 2667 3254 2724 occiderent
3293 2685 3452 2726 eum:
3484 2677 3559 2730 ait
3585 2680 3733 2734 enim
3765 2696 3782 2736 :

2193 2748 2279 2803 M.
2331 2748 2582 2806 Pharisaei
2629 2765 2896 2823 exeuntes,
2948 2761 3215 2819 consilium
3256 2779 3491 2833 ceperunt
3539 2772 3785 2831 adversus

2190 2855 2302 2892 eum
2321 2883 2335 2907 ,
2364 2851 2419 2894 ut
2447 2859 2558 2895 eum
2590 2845 2872 2914 perderent.
2901 2848 3039 2904 Nihil
3067 2851 3178 2907 lassi
3205 2856 3449 2914 occidere
3479 2864 3778 2922 tentabant.

2259 2930 2314 2984 2.
2347 2930 2552 2986 Invidia
2579 2947 2821 3006 quantum
2861 2940 3068 2994 malum.
3111 2973 3181 2982 ——
3220 2944 3443 3002 Tantum
3474 2963 3554 3007 est
3579 2955 3780 3013 invidia

2191 3021 2408 3076 malum.
2450 3022 2581 3077 Nam
2616 3039 2677 3079 ea
2710 3043 2813 3080 non
2845 3029 3051 3085 alienos
3077 3033 3249 3088 solum
3271 3077 3287 3100 ,
3333 3039 3428 3092 sed
3456 3043 3623 3097 etiam
3651 3063 3777 3108 pro-

2191 3111 2414 3181 pinquos
2441 3128 2654 3184 semper
2682 3117 2971 3188 impugnat.
3000 3120 3208 3179 Marcus
3238 3137 3416 3182 autem
3441 3131 3596 3197 dicit,
3631 3135 3777 3204 ipsos

2187 3218 2306 3257 cum
2351 3204 2665 3262 Herodianis
2723 3209 2775 3263 id
2817 3209 3142 3268 deliberasse
3172 3214 3358 3285 (Ibid.
3391 3235 3437 3272 υ.
3489 3222 3524 3276 6
3565 3225 3606 3292 ).
3639 3227 3777 3294 Quid

2187 3311 2315 3366 ergo
2359 3298 2444 3352 ille
2483 3310 2794 3355 mansuetus
2824 3311 2880 3356 et
2919 3304 3063 3358 mitis
3089 3305 3112 3358 ?
3141 3305 3265 3361 llmc
3296 3324 3416 3363 cum
3441 3312 3724 3374 didicisset
3751 3363 3769 3386 ,

2185 3389 2426 3442 secessit.
2458 3388 2542 3443 15.
2567 3388 2720 3444 Jesus
2746 3401 2932 3459 autem,
2963 3394 3162 3464 inquit,
3192 3413 3308 3450 cum
3333 3401 3481 3455 sciret
3503 3407 3773 3476 cogitatio-

2185 3494 2272 3532 nes
2291 3495 2482 3547 eorum,
2508 3482 2709 3535 recessit
2734 3482 2869 3536 inde.
2894 3483 2994 3538 Ubi
3023 3495 3146 3539 sunt
3173 3487 3206 3540 ii
3237 3489 3324 3558 qui
3357 3489 3542 3548 dicunt
3560 3536 3578 3562 ,
3608 3513 3770 3566 opor-

2184 3577 2300 3624 tere
2349 3571 2499 3641 signa
2544 3570 2830 3629 ﬁeri?His
2879 3577 3076 3646 quippe
3129 3581 3408 3646 ostendit,
3464 3585 3772 3656 improbam

2184 3664 2414 3716 animam
2441 3679 2509 3718 ne
2535 3663 2703 3734 signis
2733 3665 2948 3735 quidem
2976 3668 3351 3738 obtemperare
3385 3715 3400 3737 ,
3425 3678 3775 3750 ostenditque

2181 3757 2340 3812 etiam
2371 3756 2661 3827 discipulos
2687 3758 2804 3814 sine
2831 3774 2989 3815 causa
3033 3765 3294 3819 accusari.
3324 3765 3459 3820 lllud
3488 3784 3651 3837 porro
3676 3773 3774 3828 ob-

2180 3846 2500 3902 servandum
2544 3856 2628 3904 est
2655 3889 2670 3916 ,
2703 3850 2848 3920 ipsos
2886 3850 2954 3906 ob
2995 3850 3251 3908 beneﬁcia
3295 3857 3538 3924 proximo
3577 3862 3772 3918 collata

2180 3939 2347 4009 magis
2373 3938 2624 3996 ell'eratos
2655 3955 2776 3996 esse
2803 3981 2818 4006 ,
2866 3949 2921 3996 et
2966 3941 3055 3996 ubi
3100 3943 3284 4000 vident
3326 3947 3558 4017 aliquem
3602 3963 3697 4007 aut
3740 3970 3772 4008 ι

2180 4031 2368 4086 morbo
2389 4040 2478 4086 aut
2506 4046 2536 4084 a
2564 4032 2797 4102 nequitia
2821 4031 3120 4098 liberatum,
3157 4045 3284 4090 tunc
3309 4052 3567 4095 accusare
3589 4083 3605 4107 ,
3642 4053 3771 4100 tunc

2178 4121 2384 4178 feroces
2409 4137 2548 4178 esse.
2579 4123 2710 4178 Nam
2737 4139 2858 4180 cum
2884 4127 3220 4181 meretricem
3245 4128 3311 4182 ad
3343 4131 3770 4200 resipiscentiam

2177 4213 2504 4270 deducturus
2535 4223 2688 4282 erat,
2739 4215 3200 4272 calunmiabantur
3245 4234 3408 4285 eum;
3453 4230 3507 4276 et
3550 4226 3770 4293 quando

2176 4319 2299 4359 cum
2345 4305 2643 4376 publicanis
2675 4307 3034 4371 comedebat,
3087 4308 3382 4364 similiter:
3430 4320 3487 4365 ut
3530 4322 3587 4367 et
3626 4329 3776 4372 nunc

2177 4413 2297 4451 cum
2326 4413 2541 4452 manum
2571 4398 2870 4453 restitutam
2901 4397 3173 4453 viderunt.
3219 4399 3298 4454 Tu
3324 4415 3454 4456 vero
3479 4403 3611 4457 mihi
3632 4421 3762 4460 con-

2177 4487 2352 4543 sidera
2380 4489 2648 4558 quomodo
2674 4497 2728 4543 et
2751 4487 2818 4544 ab
2849 4497 3169 4558 :egrotorum
3196 4504 3322 4544 cura
3347 4506 3455 4545 non
3485 4492 3715 4550 absistat
3745 4537 3762 4563 ,

2178 4587 2232 4632 et
2254 4578 2463 4640 illorum
2493 4578 2742 4634 invidiam
2767 4579 2990 4650 mitiget.
3029 4579 3096 4633 Et
3125 4591 3346 4649 sequuta:
3370 4592 3630 4639 suntcum
3656 4597 3766 4640 tur-

2179 4671 2254 4724 ba:
2280 4671 2480 4735 multm,
2507 4678 2550 4724 et
2574 4671 2766 4723 curavit
2797 4670 2912 4724 illos
2939 4685 3148 4736 omnes;
3187 4670 3274 4725 16.
3303 4681 3348 4724 et
3373 4673 3653 4744 increpavit
3683 4693 3766 4731 eos

2173 4762 2257 4832 qui
2275 4763 2436 4816 curati
2459 4761 2678 4830 fuerant,
2697 4771 2748 4815 ut
2774 4761 2960 4814 nemini
2985 4761 3154 4830 ipsum
3173 4762 3500 4832 manifestum
3516 4765 3763 4832 facerent.

2173 4851 2364 4906 Turba:
2393 4851 2588 4921 ubique
2628 4861 2678 4906 et
2720 4852 2980 4906 mirantur
3013 4860 3069 4906 et
3107 4863 3406 4922 sequuntur
3436 4870 3450 4907 :
3482 4854 3559 4908 illi
3585 4865 3765 4912 autem

2173 4957 2202 4996 a
2234 4941 2434 4996 malitia
2461 4957 2565 4996 non
2591 4940 2872 4997 absistunt.
2909 4941 3110 4997 Deinde
3151 4956 3218 4997 ne
3253 4942 3484 4998 turberis
3510 4943 3581 5000 de
3601 4949 3765 5016 gestis

2171 5033 2345 5103 deque
2373 5032 2669 5088 incredibili
2697 5033 2910 5088 illorum
2939 5031 3116 5088 furore
3140 5075 3155 5098 ,
3194 5033 3515 5103 prephetam
3537 5037 3760 5092 adducit

2173 5123 2289 5179 haec
2333 5125 2798 5194 praenuntiantem.
2847 5123 3014 5178 Tanta
3044 5124 3184 5180 enim
3224 5135 3339 5178 erat
3367 5127 3754 5195 prophetarum

2169 5216 2440 5271 accuratio
2464 5257 2479 5284 ,
2526 5225 2584 5270 ut
2627 5231 2695 5270 ne
2726 5215 2839 5270 lnec
2867 5216 3080 5285 quidem
3111 5218 3589 5286 praetermitterent
3621 5260 3638 5285 ,
3667 5222 3762 5275 sed

2171 5309 2282 5362 vias
2309 5307 2424 5378 ejus
2454 5316 2508 5363 et
2536 5307 2788 5363 transitus
2811 5307 3208 5377 prophetarent,
3237 5323 3449 5363 necnon
3472 5325 3578 5379 qua
3611 5327 3762 5365 men-

2172 5408 2225 5455 te
2249 5401 2363 5455 haec
2387 5399 2585 5455 taceret
2615 5416 2629 5463 ;
2661 5408 2718 5454 ut
2743 5398 2920 5455 discas
2945 5441 2959 5464 ,
3015 5399 3136 5456 illos
3161 5408 3414 5455 movente
3439 5399 3646 5470 Spiritu
3677 5402 3760 5457 lo-

2167 5503 2361 5565 qnutos
2387 5508 2528 5550 esse.
2575 5491 2709 5548 Nam
2739 5493 2784 5547 si
2814 5491 3089 5547 hominum
3123 5500 3327 5548 secreta
3368 5494 3626 5562 cognosci
3654 5509 3756 5549 non

2166 5592 2425 5656 possunt,
2451 5584 2618 5640 multo
2656 5583 2824 5654 magis
2867 5583 3063 5638 Christi
3113 5597 3305 5653 scopus
3329 5583 3496 5637 edisci
3526 5599 3638 5638 non
3667 5597 3760 5654 po-

2167 5689 2291 5748 test,
2320 5678 2420 5734 nisi
2447 5678 2643 5750 Spiritu
2674 5675 2967 5732 revelaute.
3016 5674 3151 5743 Quid
3184 5684 3361 5730 autem
3393 5675 3593 5730 dixerit
3624 5691 3752 5747 pro-
