4042 6218
347 330 444 386 ω
1361 315 1424 370 IN
1465 311 1870 370 uarrmcuu
1910 307 2138 366 ttoutL.
2182 311 2292 366 xc.
2334 311 2403 367 ai.
2445 311 2579 368 xm.

348 445 527 517 pheta,
558 440 637 497 sic
665 435 815 494 ab’ert
841 449 856 490 :
884 433 971 490 l7.
1015 431 1082 487 Ut
1123 429 1412 500 impleretur
1458 427 1590 498 quod
1633 427 1820 478 dictum
1847 432 1917 477 est

359 553 449 608 per
474 534 666 589 Isaiam
684 528 977 602 prophetam
1003 525 1244 577 dicentem
1270 535 1290 575 :
1314 521 1399 574 18.
1431 519 1561 571 Ecce
1589 533 1712 587 puer
1739 529 1875 567 meus
1901 552 1917 575 ,

349 643 494 694 quem
516 624 661 694 elegi,
684 621 892 674 dilectus
917 633 1069 678 meus,
1095 615 1148 667 in
1175 629 1272 682 quo
1293 609 1588 680 complacuit
1605 608 1771 660 anima
1788 621 1914 657 utea.
1957 650 1960 654 .

356 716 552 770 Ponam
581 711 810 779 spiritum
834 723 1000 760 meum
1024 720 1173 774 super
1197 719 1327 765 eum,
1357 709 1401 754 et
1421 700 1670 770 judicium
1695 694 1920 766 gentibus

353 805 614 860 nuntiabit.
646 801 731 856 i9.
760 798 882 853 Non
916 795 1207 860 contendet,
1254 807 1410 861 neque
1455 789 1724 851 clamabit,
1768 800 1923 855 neque

352 898 517 952 audiet
537 895 646 964 quis
673 895 725 946 in
755 891 931 962 plateis
957 903 1124 942 vocem
1139 888 1247 956 ejus
1263 902 1280 949 ;
1299 885 1389 939 20.
1411 882 1658 936 calamum
1680 893 1923 947 conquas-

350 997 511 1042 satum
540 1003 641 1040 non
670 983 984 1052 confringet,
1024 989 1070 1032 et
1113 979 1275 1032 linum
1316 976 1567 1045 fumigans
1605 990 1704 1024 non
1737 971 1925 1024 exstin-

349 1089 464 1150 guet
494 1080 704 1144 ,donec
727 1073 942 1129 emiserit
973 1073 1024 1125 in
1051 1070 1306 1124 victoriam
1348 1067 1590 1130 iudicium
1630 1064 1649 1135 (
1675 1061 1798 1115 lsai.
1830 1061 1920 1114 4‘2.

352 1169 467 1237 1-5)
489 1189 502 1233 ;
531 1170 620 1221 tu.
645 1176 688 1219 et
729 1167 781 1218 in
809 1163 1005 1216 nomine
1027 1162 1136 1230 ejus
1156 1169 1322 1229 gentes
1347 1155 1634 1227 sperabunt.
1661 1154 1750 1206 llis
1777 1168 1925 1204 mau-

352 1259 683 1315 suetudinem
706 1257 820 1325 ejus
846 1297 860 1320 ,
885 1263 938 1308 et
964 1260 1277 1322 potestatem
1304 1248 1620 1304 ineffabilem
1643 1247 1875 1300 celebrat
1904 1286 1919 1309 ,

353 1364 700 1419 magnamque
724 1354 778 1402 et
804 1353 1039 1414 apertam
1061 1341 1304 1412 gentibus
1326 1347 1530 1409 portam
1560 1338 1726 1406 aperit
1749 1377 1762 1398 ,
1785 1335 1921 1388 mala

352 1440 511 1495 etiam
538 1438 750 1492 Judmos
779 1437 1022 1490 iuvasura
1057 1430 1375 1501 praenuntiat
1401 1445 1415 1493 ;
1459 1437 1514 1482 et
1543 1426 1775 1481 ostendit
1805 1425 1922 1493 ejus

351 1545 472 1584 cum
521 1529 676 1582 Patre
729 1539 1048 1579 consensum
1074 1540 1086 1574 :
1113 1536 1234 1575 nam
1260 1520 1336 1573 ait
1362 1560 1377 1583 ,
1431 1517 1562 1571 Ecce
1589 1534 1714 1586 puer
1739 1533 1877 1570 meus
1905 1556 1920 1579 ,

349 1636 495 1688 quem
524 1617 668 1686 elegi,
690 1616 896 1668 dilectus
917 1629 1073 1675 meus,
1098 1613 1152 1664 in
1167 1627 1269 1678 quo
1285 1608 1584 1677 complacuit
1605 1607 1772 1659 anima
1794 1621 1922 1658 mea.
1946 1654 1952 1660 .

351 1708 405 1764 Si
433 1717 608 1762 autem
637 1706 795 1775 elegit
820 1720 941 1760 eum
975 1745 990 1766 ,
1025 1703 1207 1771 utique
1246 1716 1350 1754 non
1399 1699 1686 1753 adversaus
1719 1697 1816 1765 ipsi
1845 1697 1923 1750 lc-

351 1797 676 1868 gcm-solvit,
701 1809 877 1864 neque
901 1802 957 1848 ut
984 1786 1558 1860 iuimicuslegislatoris
1584 1787 1634 1841 id
1662 1788 1799 1857 agit,
1830 1787 1923 1840 sed

353 1900 410 1942 ut
435 1888 774 1943 consentiens
806 1926 821 1950 ,
855 1883 1147 1950 eademque
1163 1895 1410 1949 operans.
1439 1878 1636 1933 Deinde
1676 1892 1925 1931 mansue-

355 1979 586 2032 tudinem
616 1977 733 2044 ejus
758 1973 1048 2044 przedicans
1078 1972 1204 2024 dicit
1235 1987 1248 2022 :
1278 1968 1396 2022 Non
1421 1967 1681 2021 contendet
1715 2008 1730 2031 ,
1771 1982 1946 2042 neque,

351 2069 602 2124 clamabit.
631 2067 746 2136 Ipse
775 2065 969 2136 quippe
997 2062 1208 2116 volebat
1233 2075 1325 2114 eos
1362 2073 1552 2112 sanare
1590 2076 1602 2110 :
1635 2057 1753 2126 quia
1796 2071 1924 2110 vero

354 2162 523 2228 ipsum
547 2157 807 2226 repulere,
839 2153 928 2208 ille
969 2150 1214 2207 reluctari
1241 2149 1429 2204 uoluit.
1459 2147 1659 2202 Deinde
1690 2147 1803 2215 ejus
1830 2160 1925 2214 po-

357 2251 569 2305 tentiam
600 2249 914 2314 illorumque
949 2241 1362 2296 imbecillitatem
1392 2237 1681 2293 ostendens
1709 2278 1723 2301 ,
1753 2235 1882 2289 dicit
1909 2253 1924 2289 :

354 2341 614 2397 Calamam
656 2343 1040 2405 conquassatum
1086 2349 1185 2386 non
1235 2331 1547 2400 confringet.
1595 2327 1727 2382 Nam
1776 2327 1927 2381 facile

353 2439 468 2486 erat
518 2445 609 2484 eos
649 2441 834 2481 omnes
879 2433 936 2478 ut
973 2423 1232 2477 calamum
1276 2420 1608 2490 confringere
1642 2436 1656 2482 ;
1687 2419 1792 2472 imo
1822 2433 1927 2473 non

355 2519 514 2574 modo
534 2518 794 2574 calamum
820 2557 836 2581 ,
858 2514 952 2569 sed
977 2514 1084 2584 jam
1115 2521 1542 2582 conquassatum.
1571 2508 1634 2562 Et
1663 2509 1820 2562 linum
1847 2512 1930 2577 {u-

355 2614 549 2682 migans
568 2627 666 2663 non
688 2609 986 2678 exstinguet.
1021 2607 1117 2660 llic
1143 2605 1354 2659 illorum
1378 2603 1507 2656 iram
1532 2602 1800 2655 incensam
1831 2600 1927 2654 de-

355 2705 520 2759 clarat
553 2743 566 2762 ,
600 2701 841 2768 illiusque
883 2695 1286 2758 fortitudinem...
1316 2710 1434 2763 qua:
1481 2693 1928 2762 possetfurorem

357 2796 589 2864 ipsorum
619 2791 850 2856 solvere,
866 2799 921 2846 et
948 2803 1068 2842 eum
1091 2786 1338 2841 facilitate
1369 2799 1558 2854 magna
1571 2783 1925 2852 exstinguere.

359 2887 508 2943 Unde
530 2887 646 2952 ejus
673 2881 1022 2936 mansuetudo
1048 2881 1229 2950 ingens
1250 2879 1566 2933 ostenditur.
1593 2877 1726 2944 Quid
1751 2875 1929 2946 igitur?

354 2996 420 3033 an
452 2979 568 3032 lucc
592 2991 802 3044 semper
830 2982 984 3028 eruat
1010 2972 1049 3025 ?_
1069 2987 1134 3026 an
1163 2986 1374 3040 semper
1398 2969 1535 3024 feret
1557 2984 1651 3024 eos
1676 2967 1928 3021 insidians

357 3081 435 3127 tes
450 3086 510 3123 ac
541 3067 819 3122 furentes?
841 3066 1040 3134 Apage;
1070 3063 1162 3118 sed
1188 3076 1428 3117 eumsua
1458 3060 1777 3132 exhibuerit,
1806 3068 1928 3113 tunc

359 3173 413 3217 et
455 3162 540 3220 illa
579 3166 936 3228 exsequetuc-z
965 3156 1021 3209 id
1064 3155 1203 3210 enim
1240 3152 1555 3222 significovit
1593 3151 1673 3204 iliS
1704 3151 1878 3205 verbis
1911 3167 1924 3202 :

357 3254 526 3308 Donec
545 3251 808 3308 emittatin
836 3249 1091 3302 victoriam
1109 3247 1362 3317 judicium
1391 3263 1408 3310 ,'
1457 3255 1500 3298 et
1522 3246 1573 3298 in
1602 3245 1799 3298 nomine
1821 3244 1928 3312 ejus

357 3355 524 3416 gentes
549 3341 815 3411 sperabunt
842 3356 861 3390 :
890 3337 1332 3408 quemadmodum
1362 3347 1416 3391 et
1444 3336 1640 3389 Paulus
1670 3335 1741 3388 ait
1775 3351 1788 3387 :
1826 3333 1930 3386 Pa-

356 3439 454 3491 rnti
478 3453 671 3491 omnem
691 3434 1072 3488 inobedientiam
1102 3433 1275 3486 ulcisci
1302 3473 1316 3496 ,
1357 3447 1470 3484 cum
1497 3430 1745 3499 completa
1771 3431 1923 3502 fuerit

355 3529 636 3583 obedientia
665 3536 825 3580 vestra
860 3524 933 3597 (ιι.
975 3523 1092 3578 Cor.
1134 3523 1220 3578 10.
1249 3523 1324 3594 6).
1353 3522 1488 3590 Quid
1516 3538 1640 3576 vero
1669 3523 1930 3592 significat

358 3620 484 3674 illud
515 3662 529 3686 ,
567 3620 692 3674 Cum
725 3620 941 3672 emiserit
979 3619 1031 3672 in
1069 3619 1328 3672 victoriam
1346 3618 1642 3687 judicmm?
1667 3617 1801 3671 Cum
1831 3631 1929 3671 sua

355 3710 532 3764 omnia
556 3710 873 3778 impleverit,
906 3709 1112 3779 inquit,
1139 3717 1262 3762 tunc
1293 3708 1581 3762 vindictam
1603 3708 1852 3773 inducet,
1875 3715 1930 3761 et

357 3802 609 3855 ultionem
663 3801 967 3869 perfectam.
1015 3799 1164 3853 Tunc
1210 3799 1390 3869 gravia
1444 3800 1761 3867 patientur,
1804 3813 1926 3852 cmn

357 3890 966 3961 Splendidam.statuerit
993 3900 1276 3957 tropaeum,
1307 3897 1364 3942 et
1385 3888 1500 3957 ejus
1520 3888 1932 3958 justificationcs

357 3986 584 4040 vicerint
618 4002 631 4048 ;
663 3999 726 4037 ac
773 3999 840 4037 ne
892 3982 1226 4051 impudenter
1271 3981 1486 4050 quidem
1527 3981 1930 4035 contradicendi

356 4091 538 4131 ansam
568 4075 849 4143 relinquet.
869 4071 1016 4127 Solet
1032 4073 1172 4126 enim
1196 4071 1452 4139 judicium
1479 4071 1645 4140 ipsam
1666 4071 1926 4140 justitiam

357 4165 553 4220 dicere.
582 4166 686 4220 Sed
721 4181 821 4217 non
855 4165 906 4217 in
935 4163 1036 4216 hoc
1061 4172 1260 4216 tantum
1287 4161 1544 4217 consistet
1571 4161 1685 4231 ejus
1710 4176 1930 4217 meone-

358 4258 460 4311 tnia
484 4299 513 4322 ,_
547 4256 686 4326 quod
719 4255 969 4310 increduli
1017 4254 1336 4322 puniantur:
1369 4268 1552 4306 verum
1577 4253 1735 4306 etiam
1762 4261 1928 4306 totum

357 4349 538 4402 orbem
566 4347 815 4402 attrahet.
845 4347 1178 4414 Quapropter
1207 4345 1477 4413 subjunxit
1507 4361 1522 4396 :
1552 4343 1619 4395 Et
1643 4345 1694 4396 in
1725 4345 1925 4397 nomine

358 4442 465 4510 ejus
483 4451 649 4511 gentes
669 4439 961 4509 sperabunt.
997 4436 1194 4491 Deinde
1221 4445 1276 4490 ut
1299 4436 1495 4499 discas,
1524 4435 1628 4490 hoc
1657 4436 1812 4489 etiam
1844 4449 1930 4488 se-

362 4533 587 4585 cundum
635 4531 962 4585 voluntatem
1007 4527 1178 4582 Patris
1221 4542 1342 4582 esse
1373 4568 1388 4593 ,
1429 4527 1480 4579 in
1514 4527 1628 4596 ipso
1673 4525 1933 4595 principio

361 4625 614 4694 propheta
664 4623 764 4677 hoc
807 4637 928 4676 cum
978 4621 1246 4690 prioribus
1289 4619 1668 4681 confirmavit,
1701 4618 1933 4672 dicens:

361 4713 581 4766 Dilectus
611 4727 775 4774 meus,
815 4712 867 4764 in
895 4727 993 4781 quo
1029 4709 1122 4763 sibi
1149 4709 1457 4779 complacuit
1486 4708 1657 4761 anima
1685 4725 1811 4760 mea.
1841 4707 1934 4761 Et-

358 4804 496 4855 enim
528 4802 699 4870 palam
747 4810 824 4855 est
855 4800 1103 4854 dilectum
1141 4798 1428 4853 secundum
1471 4799 1738 4868 diligentis
1763 4812 1822 4851 se
1845 4813 1936 4849 vo-

361 4896 616 4949 !untatem
640 4893 752 4948 lucc
769 4891 976 4946 fecisse.
999 4890 1086 4943 22.
1121 4890 1260 4943 Tunc
1284 4890 1564 4943 obtulerunt
1592 4890 1634 4942 ei
1662 4889 1938 4942 dtvmonia-

357 5005 493 5052 cum,
523 5003 709 5039 ctccum
739 4994 785 5038 et
813 4993 1027 5048 mutum,
1057 4992 1103 5036 et
1143 4984 1330 5036 curavit
1364 4999 1500 5048 eum,
1533 4984 1601 5035 ita
1627 4991 1679 5033 ut
1703 4997 1862 5034 ca’cns
1888 4989 1937 5034 et

360 5091 526 5133 mutus
557 5079 838 5146 loqueretur
863 5085 907 5128 et
933 5075 1136 5128 videret.

429 5174 481 5226 5.
526 5169 754 5224 Christus
801 5167 1050 5235 beneﬁcus
1078 5208 1092 5232 ,
1146 5166 1526 5220 Plzaristcorum
1569 5164 1806 5217 invidiam
1851 5181 1950 5217 ρας-κ

360 5266 497 5315 citat.
547 5261 764 5315 Invidia:
813 5258 1008 5313 nullum
1065 5275 1157 5328 par
1201 5259 1409 5310 malum.
1478 5255 1651 5325 Ipsius
1694 5257 1934 5310 remedia.

358 5380 429 5392 —-
466 5353 509 5405 0
555 5352 752 5406 malitia
797 5349 1102 5404 daemonis!
1149 5347 1439 5416 Utramque
1490 5347 1626 5400 viam
1667 5387 1681 5411 ,
1737 5363 1839 5416 qua
1893 5349 1936 5400 is

361 5441 659 5496 crediturus
689 5451 824 5506 erat,
855 5441 1216 5503 obstruxerat,
1249 5440 1421 5493 visum
1445 5446 1497 5492 et
1522 5437 1760 5492 auditum
1793 5456 1805 5491 :
1841 5437 1934 5492 sed

363 5545 640 5602 utramque
685 5532 928 5588 Christus
975 5531 1202 5602 aperuit.
1233 5530 1324 5585 ‘23.
1362 5529 1423 5582 Et
1471 5531 1736 5598 stupebant
1782 5529 1938 5583 turba:

363 5628 582 5680 dicentes
613 5640 630 5676 :
661 5623 922 5694 Numquid
943 5625 1024 5677 hic
1053 5634 1124 5678 est
1151 5622 1290 5691 ﬁlius
1335 5621 1542 5674 David?
1570 5620 1660 5674 2i.
1690 5620 1938 5674 ΡΙιω-ἱδωὶ

368 5729 536 5773 autem
559 5717 791 5770 dixerunt
829 5732 846 5769 :
881 5711 1241 5783 fiicnanejicit
1259 5709 1538 5780 dte-monia,
1556 5709 1654 5763 nisi
1676 5711 1722 5762 in
1737 5711 1936 5766 Beelze-

2032 424 2128 477 bub
2159 425 2382 496 principe
2401 426 2778 479 da'moniornm.
2801 426 2956 496 Atqui
2985 427 3108 497 quid
3132 429 3305 499 magni
3334 431 3500 484 turba:
3522 432 3600 486 di-

2029 520 2264 574 xerant?
2293 522 2541 572 Attamen
2572 519 2622 572 id
2654 518 2910 573 Phariscei
2941 536 3044 574 non
3078 522 3311 575 tulerunt
3341 540 3354 575 :
3383 522 3459 575 sic
3486 523 3592 587 illi,

2031 620 2083 664 ut
2114 625 2270 679 supra
2303 609 2410 664 dixi
2434 651 2447 674 ,
2477 625 2688 678 semper
2714 626 2776 665 ex
2811 611 3082 665 beneficiis
3114 614 3356 680 proximo
3387 613 3596 667 collatis

2030 703 2342 758 mordentur
2361 745 2374 767 ,
2406 702 2538 755 nihil
2566 703 2634 754 ita
2664 702 2768 756 illis
2792 702 3031 756 dolorem
3062 703 3226 772 parit,
3251 714 3307 756 ut
3328 702 3600 756 hominum

2030 798 2191 850 salus.
2224 796 2552 863 Quamquam
2583 795 2736 850 Jesus
2757 803 3077 862 recesserat,
3100 802 3155 849 et
3184 795 3357 849 locum
3385 795 3603 849 dederat

2033 899 2086 941 ut
2115 889 2190 942 ira
2218 887 2534 940 sedaretur:
2574 887 2664 940 sed
2699 899 2880 940 rursus
2921 900 3203 940 accensum
3235 887 3431 939 malum
3463 887 3555 940 fuit
3588 927 3602 951 ,

2031 979 2152 1046 quia
2184 993 2368 1032 rursus
2403 978 2720 1032 beneficuum
2766 976 2961 1030 factum
2989 984 3100 1043 est,
3146 977 3327 1045 i‘dique
3357 977 3602 1048 indigna-

2032 1071 2223 1126 bantur
2250 1071 2367 1140 plus
2389 1086 2544 1139 qnam
2568 1071 2679 1140 ipse
2700 1071 2931 1137 daemon,
2952 1070 3039 1139 qui
3065 1081 3360 1125 secesserat
3390 1087 3456 1127 ex
3483 1087 3604 1126 cor-

2032 1177 2161 1230 pore
2185 1203 2199 1227 ,
2230 1173 2282 1216 et
2309 1162 2606 1231 aufugerat,
2653 1162 2782 1216 nihil
2811 1162 3058 1231 loquutus
3087 1179 3101 1226 ;
3162 1162 3211 1215 hi
3241 1173 3416 1216 autem
3445 1164 3622 1216 modo'

2034 1254 2178 1307 illum
2227 1255 2522 1308 interliccre
2561 1255 2833 1308 tentabant
2861 1296 2876 1318 ,
2921 1254 3080 1309 modo
3125 1255 3604 1309 calumniabantur.

2033 1344 2165 1410 Quia
2194 1345 2334 1399 enim
2365 1345 2490 1398 illud
2531 1360 2632 1397 non
2673 1353 2815 1399 recte
2845 1345 3166 1414 procedebat
3196 1387 3226 1411 ,.
3262 1346 3446 1415 gloria:
3494 1347 3608 1413 ejus

2035 1453 2231 1492 nocere
2254 1438 2516 1492 volebant.
2548 1437 2858 1505 llnjusmodi
2890 1452 2977 1491 res
3004 1448 3085 1491 est
3117 1437 3332 1498 invidia,
3370 1439 3452 1492 cui
3482 1439 3600 1491 nul~

2035 1529 2142 1582 lum
2187 1545 2279 1598 par
2321 1529 2540 1582 malum.
2588 1527 2720 1582 Nam
2768 1528 3009 1583 machus
3050 1530 3373 1599 voluptatem
3419 1532 3608 1586 saltem

2033 1621 2314 1689 quamdam
2341 1619 2564 1688 percipit
2584 1662 2598 1683 ,
2619 1629 2672 1673 et
2700 1619 2846 1675 brevi
2877 1630 3117 1689 tempore
3147 1631 3420 1690 peccatum
3451 1637 3609 1676 suum

2037 1711 2273 1779 perficit:
2305 1713 2511 1766 invidus
2539 1728 2663 1766 vero
2692 1727 2750 1766 se
2781 1713 2925 1781 prius
2955 1728 3112 1782 quam
3143 1729 3263 1768 eum
3293 1715 3382 1784 qui
3411 1685 3623 1768 invidcti

2034 1803 2294 1871 supplicio
2321 1803 2502 1866 afficit,
2538 1818 2712 1873 neque
2734 1804 2892 1858 finem
2917 1820 3164 1873 umquam
3186 1805 3442 1876 peccandi
3465 1806 3605 1868 facit,

2035 1905 2082 1947 et
2110 1895 2160 1947 in
2186 1905 2402 1962 peccato
2430 1905 2692 1948 versatur.
2717 1893 2866 1949 Sicut
2891 1912 2980 1950 sus
3007 1896 3058 1949 iu
3082 1897 3192 1950 luto
3215 1938 3230 1962 ,
3255 1907 3308 1951 et
3335 1898 3476 1952 sicut
3504 1897 3611 1952 dae-

2035 1999 2220 2038 mones
2245 1984 2311 2038 dc
2335 1984 2531 2037 damno
2560 1994 2742 2038 nostro
2772 1985 3017 2040 laetantur
3049 2004 3062 2038 :
3096 1987 3173 2040 sic
3213 1995 3265 2041 et
3306 1987 3520 2041 invidus
3545 1987 3612 2042 de

2037 2076 2261 2144 proximi
2292 2077 2444 2128 malis
2466 2076 2662 2144 gaudet
2693 2094 2705 2129 :
2734 2085 2788 2129 et
2818 2077 2860 2129 si
2893 2076 3017 2145 quid
3051 2077 3150 2145 ipsi
3192 2079 3342 2131 triste
3380 2087 3434 2131 et
3476 2078 3612 2146 inju-

2034 2165 2264 2220 cundum
2295 2166 2526 2230 eveniat,
2548 2174 2672 2220 tunc
2701 2165 2791 2220 ille
2821 2165 3044 2236 quiescit
3069 2175 3123 2220 et
3149 2167 3612 2236 respirat,alienas

2036 2273 2302 2312 mrumnas
2348 2257 2599 2327 gaudium
2636 2273 2756 2313 esse
2809 2273 2963 2312 suum
3011 2268 3240 2327 putans,
3283 2268 3336 2313 et
3389 2258 3613 2313 aliorum

2036 2350 2174 2404 bona
2210 2351 2482 2419 proprium
2525 2351 2627 2404 sibi
2660 2352 2856 2404 malum
2888 2367 2902 2416 ;
2932 2366 3106 2420 neque
3150 2351 3455 2406 considerat
3488 2353 3612 2420 quid

2037 2441 2135 2495 sibi
2163 2456 2346 2506 suave,
2378 2441 2470 2496 sed
2495 2441 2620 2511 quid
2653 2442 2894 2510 proximo
2921 2457 3278 2496 :erumnosum
3307 2444 3394 2497 sit.
3427 2443 3613 2496 Nonne

2038 2531 2170 2584 tales
2193 2531 2432 2584 homines
2461 2531 2724 2602 lapidandi
2757 2540 2810 2586 et
2836 2531 3110 2600 suppliciis
3139 2531 3419 2602 torquendi
3449 2542 3571 2586 sunt
3597 2575 3610 2594 ,

2038 2633 2097 2676 ut
2122 2639 2281 2678 canes
2303 2623 2470 2677 rabidi
2496 2665 2511 2689 ,
2544 2632 2602 2676 ut
2631 2623 2902 2678 dmmones
2933 2624 3107 2677 infesti
3135 2665 3150 2690 ,
3174 2633 3232 2676 ut
3259 2625 3386 2693 ipsa:
3413 2623 3562 2677 furia:
3591 2624 3628 2675 ?'

2035 2713 2166 2769 Nam
2191 2712 2634 2782 quemadmodum
2667 2714 2920 2768 scarabzei
2948 2715 2998 2767 in
3031 2713 3159 2767 fimo
3177 2715 3482 2768 nutriuntur
3501 2755 3513 2776 ,
3533 2715 3613 2767 sic

2037 2815 2089 2859 et
2117 2805 2170 2858 hi
2192 2805 2453 2866 iualienis
2479 2805 2865 2859 calamitatibus
2895 2846 2910 2869 ,
2939 2819 3252 2859 communes
3280 2814 3482 2860 natura:
3511 2805 3614 2858 ini-

2037 2896 2156 2948 mici
2187 2904 2240 2949 et
2274 2894 2476 2949 hostes.
2521 2894 2589 2948 Et
2625 2895 2712 2948 alii
2748 2895 2960 2964 quidem
3003 2896 3047 2949 si
3095 2895 3282 2950 brutas
3307 2896 3627 2950 animantes.

2034 2985 2297 3056 jugulatas
2345 2985 2611 3052 viderint,
2650 2986 3009 3041 misericordia
3057 2998 3364 3054 moventur;
3393 2997 3445 3042 tu
3476 3005 3603 3042 vero

2039 3078 2306 3132 hominem
2329 3077 2511 3132 videns
2538 3077 2795 3132 beneficio
2825 3078 3093 3144 affectum,
3120 3079 3379 3145 efferaris,
3407 3079 3612 3140 tremis.

2040 3169 2209 3238 palles
2235 3169 2258 3222 't
2283 3168 2484 3238 Ecquid
2533 3169 2634 3223 hoc
2678 3169 2855 3224 furore
2877 3171 3116 3225 deterius
3140 3171 3163 3224 ?
3189 3170 3314 3225 ideo
3344 3169 3625 3225 fornicarii-

2037 3271 2092 3315 et
2140 3260 2502 3330 publicaniin
2553 3276 2774 3331 regnum
2826 3262 3025 3316 intrare
3072 3271 3404 3332 potuerunt;
3453 3262 3613 3316 invidi

2037 3369 2185 3420 vero,
2216 3354 2479 3424 quiiutus
2503 3362 2693 3418 erant,
2727 3355 2925 3423 egressi
2948 3363 3072 3409 sunt
3098 3373 3110 3407 :
3139 3371 3260 3409 nam
3289 3354 3412 3408 Filii
3445 3357 3608 3425 regni,

2039 3444 2229 3512 inquit,
2265 3446 2402 3515 [oras
2432 3445 2695 3514 ejicientur
2729 3443 2941 3514 (Matth.
2971 3445 3022 3500 8.
3051 3444 3163 3516 12).
3198 3445 3266 3500 Et
3296 3446 3367 3500 illi
3394 3447 3606 3515 quidem

2037 3537 2103 3591 ab
2133 3537 2362 3606 nequitia
2387 3537 2574 3605 erepti,
2599 3552 2716 3605 qum
2742 3551 3026 3606 numquam
3045 3549 3620 3606 exspectaverantcon—

2037 3628 2243 3698 sequuti
2273 3636 2434 3682 sunt:
2460 3627 2512 3680 hi
2543 3642 2669 3680 vero
2697 3627 2833 3681 bona
2857 3644 2975 3697 qua:
3002 3628 3110 3697 jam
3143 3629 3396 3684 tenebant
3423 3629 3624 3684 amise-

2038 3727 2163 3774 runt
2193 3735 2215 3782 ',
2239 3729 2290 3774 et
2308 3718 2430 3788 jure
2453 3717 2686 3788 quidem.
2709 3717 2819 3773 lloc
2839 3719 2981 3773 enim
3013 3718 3279 3773 diabolum
3311 3737 3376 3774 ex
3401 3719 3618 3773 homine

2039 3811 2200 3877 facit;
2232 3811 2330 3866 hoc
2358 3810 2585 3866 ferocem
2612 3811 2907 3866 daemonem
2929 3809 3112 3866 efficit.
3149 3811 3236 3866 Sic
3257 3814 3422 3881 prima
3445 3810 3618 3865 e:edcs

2039 3903 2173 3958 facta
2205 3912 2287 3958 est
2316 3921 2330 3969 ;
2359 3904 2436 3958 sic
2463 3913 2663 3957 natura:
2692 3902 2832 3955 tudla
2862 3901 3039 3955 habita
3069 3903 3203 3955 ratio
3233 3903 3330 3956 fuit
3355 3902 3507 3972 (Gen.
3538 3902 3615 3962 4);

2040 3999 2118 4054 sic
2148 4008 2289 4052 terra
2329 3997 2530 4066 polluta
2573 4007 2690 4060 est;
2721 3995 2798 4049 sic
2845 4002 3026 4063 postea
3071 4008 3132 4048 os
3172 4008 3324 4047 suum
3368 3993 3620 4062 aperiens

2041 4103 2201 4154 terra,
2240 4090 2466 4152 Datban,
2489 4089 2626 4142 Core
2648 4095 2702 4141 ct
2728 4086 2948 4149 Abiron,
2975 4093 3246 4155 totumque
3278 4085 3424 4139 illum
3449 4100 3616 4154 popu-

2042 4184 2147 4238 lum
2179 4183 2386 4251 excepit
2415 4190 2469 4237 et
2496 4181 2716 4250 perdidit
2742 4179 2925 4252 (Num.
2957 4179 3071 4248 l6).
3102 4180 3202 4240 At,
3235 4178 3431 4232 dixerit
3456 4179 3612 4248 quis.

2041 4278 2204 4348 piam,
2231 4276 2380 4330 facile
2405 4285 2486 4330 cst
2513 4275 2579 4328 de
2606 4273 2798 4328 invidia
2825 4288 3077 4327 accusare
3101 4312 3116 4337 ,
3146 4271 3238 4327 scd
3272 4271 3572 4325 docendum
3597 4271 3611 4303 ¹

2041 4386 2147 4438 quo
2172 4377 2326 4436 pacto
2357 4366 2517 4420 invidi
2547 4367 2612 4420 ab
2643 4366 2741 4420 hoc
2778 4365 2966 4418 morbo
2999 4363 3308 4417 liberentur.
3339 4360 3621 4426 Quomodo

2042 4474 2169 4528 ergo
2201 4457 2543 4511 liberabimur
2570 4457 2636 4511 ab
2658 4455 2933 4524 iniquitate
2957 4452 3322 4522 hujuscemodi
3344 4453 3366 4504 ?
3391 4451 3447 4505 Si
3478 4456 3634 4525 engi-

2045 4561 2237 4616 temns,
2261 4549 2718 4605 sicutforuicatori
2745 4565 2848 4602 non
2877 4548 3000 4602 licet
3022 4547 3218 4600 intrare
3238 4548 3290 4599 in
3311 4544 3628 4600 ecclesiam.

2043 4642 2121 4695 sic
2147 4656 2319 4711 neque
2346 4639 2561 4705 invido;
2595 4643 2699 4694 imo
2740 4640 2916 4693 minus
2958 4637 3082 4691 huic
3124 4636 3286 4690 licere
3329 4651 3488 4704 quam
3524 4634 3620 4688 illi.

2043 4732 2194 4787 Nunc
2213 4733 2424 4801 quidem
2448 4732 2640 4785 malum
2671 4729 2799 4783 illud
2826 4729 2974 4798 quasi
2995 4727 3300 4781 indifferens
3329 4740 3448 4780 esse
3478 4725 3622 4778 vide--

2047 4833 2132 4878 tur
2158 4840 2172 4888 ;
2200 4824 2422 4891 ideoque
2448 4822 2731 4893 negligitur
2755 4837 2769 4873 :
2794 4819 2886 4874 sed
2912 4818 2955 4873 si
2985 4816 3324 4872 manifestum
3355 4817 3521 4871 semel
3552 4819 3622 4870 sit

2046 4917 2242 4971 malum
2281 4930 2402 4970 esse
2426 4957 2439 4979 ,
2474 4914 2625 4968 facile
2654 4914 2822 4968 abeo
2849 4913 3170 4967 resiliamus.
3201 4912 3347 4981 Lnge
3377 4913 3535 4981 igitur
3564 4922 3620 4965 et.

2045 5005 2372 5076 ingemisce;
2401 5005 2695 5058 lamentare
2721 5012 2774 5057 et
2803 5001 2972 5056 Deum
3007 5016 3246 5072 precare.
3284 5001 3451 5056 Disce
3466 5004 3618 5071 quasi

2049 5099 2117 5154 dc
2149 5097 2469 5169 gravissimo
2489 5106 2712 5166 peccato
2747 5096 2916 5160 afﬁci,
2957 5096 3396 5165 etptenitentiam
3439 5111 3616 5164 agere.

2045 5190 2186 5246 Etsi
2227 5191 2305 5246 sic
2341 5188 2565 5246 affectus
2612 5188 2780 5243 fueris
2806 5229 2821 5253 ,
2857 5189 2966 5244 cito
3007 5188 3075 5242 ab
3100 5189 3202 5243 hoc
3245 5188 3431 5241 morbo
3481 5186 3617 5237 liber

2048 5281 2257 5336 evades.
2293 5281 2484 5349 Ecquis
2529 5280 2772 5348 ignorat,
2801 5278 3007 5347 inquies
3032 5320 3046 5341 ,
3079 5278 3328 5332 invidiam
3358 5289 3476 5329 esse
3503 5287 3618 5326 ma-

2047 5373 2201 5431 lum?
2234 5375 2445 5443 Ignorat
2482 5372 2697 5441 quidem
2725 5387 2884 5426 nemo
2922 5389 2935 5436 ;
2969 5370 3064 5425 sed
3098 5382 3274 5424 tamen
3303 5379 3406 5420 non
3437 5379 3622 5433 parem

2046 5481 2165 5521 esse
2203 5464 2444 5518 morbum
2475 5472 2658 5533 putant
2688 5462 3022 5516 fornicationi
3063 5469 3116 5514 et
3157 5455 3436 5511 adulterio.
3488 5453 3618 5508 Nam

2046 5560 2164 5630 quis
2185 5572 2431 5626 umquam
2464 5570 2585 5610 sese
2610 5553 2896 5619 damnavit,
2925 5551 3064 5621 quod
3100 5547 3244 5618 gravi
3276 5544 3470 5600 invidia
3514 5549 3618 5602 tllk

2109 5710 2124 5740 ⁸
2148 5711 2282 5776 Lege
2300 5710 2384 5764 sed
2404 5707 2756 5776 inquirendum.

3495 319 3643 373 4.12.2
