4042 6218
419 329 526 386 M3

422 454 542 497 ctus
563 441 790 496 fuisset?
815 437 1160 507 Quandonam
1193 439 1312 508 quis
1333 441 1540 509 rogavit
1565 436 1754 503 Deum,
1783 447 1841 492 ut
1863 437 2004 492 circa

424 533 564 587 hunc
587 532 832 587 morbum
862 531 959 585 sibi
985 530 1243 600 propitius
1270 533 1456 585 esset?
1485 531 1653 586 Nemo
1673 531 1857 600 utique
1883 546 2003 584 um-

418 637 598 694 quam;
625 623 717 678 sed
736 623 778 677 si
791 621 993 692 jejunet
1009 637 1070 676 ac
1092 621 1354 676 tantillum
1378 623 1615 691 pecunia:
1636 622 1727 677 det
1758 622 2000 691 pauperi,

418 716 756 786 quantumvis
771 714 1080 779 ‘sitinvidus,
1096 714 1228 769 nihil
1251 729 1308 770 se
1328 731 1487 784 grave
1507 715 1788 770 admisisse
1811 723 1959 785 putat
1984 732 1999 782 ;

423 808 544 861 licet
584 807 900 876 gravissimo
939 809 1176 861 omnium
1210 808 1673 862 morboteneatur.
1727 806 2001 861 Undenam

418 900 546 952 Cain
567 910 672 954 tam
689 901 944 955 scelestus
960 901 1178 956 effectus
1195 902 1311 956 est?
1334 902 1473 956 unde
1489 901 1653 955 Esau?
1674 902 1811 955 unde
1830 900 2002 954 Laba-

417 995 468 1046 ni
499 993 625 1048 lilii?
649 996 784 1050 unde
809 996 901 1050 ﬁlii
924 995 1146 1050 Jacobi?
1177 997 1314 1049 unde
1336 995 1472 1049 Core
1501 1036 1516 1060 ,
1560 994 1761 1048 Dathan
1794 1003 1848 1048 et
1871 993 2000 1048 Abi-

418 1088 553 1139 ron?
585 1086 724 1140 unde
759 1087 964 1141 Maria?
993 1086 1133 1141 unde
1159 1088 1333 1142 Aaron
1361 1085 1384 1138 ?
1414 1084 1552 1139 unde
1573 1085 1686 1154 ipse
1716 1083 2001 1138 diabolus?

487 1182 541 1236 4.
576 1179 706 1235 Cum
747 1179 831 1234 his
861 1179 965 1234 hoc
1009 1179 1169 1234 etiam
1201 1177 1468 1248 perpende
1493 1219 1508 1241 ,
1545 1187 1592 1231 te
1634 1192 1738 1230 non
1767 1192 1888 1232 eum
1915 1177 1999 1229 cui

417 1273 622 1327 invides
652 1272 853 1327 ltndere
883 1313 898 1336 ,
933 1271 1026 1326 sed
1066 1272 1117 1324 in
1145 1271 1372 1340 teipsum
1407 1269 1638 1340 gladium
1668 1279 1897 1324 vertere.
1943 1267 1997 1322 lu

415 1381 521 1434 quo
549 1366 692 1420 enim
723 1364 944 1419 Abelum
969 1363 1098 1418 Cain
1123 1364 1257 1418 larsit
1277 1363 1300 1416 ?
1323 1362 1472 1416 illum
1503 1363 1658 1416 citius
1688 1361 1771 1414 vel
1803 1361 2000 1415 imitus

416 1460 469 1514 in
503 1475 720 1529 regnum
753 1459 915 1522 misit,
946 1473 1109 1527 seque
1134 1457 1400 1511 sexcentis
1427 1455 1648 1509 involvit
1678 1453 1852 1508 malis.
1884 1452 1999 1520 Qua

417 1551 468 1603 in
504 1565 561 1604 re
601 1549 800 1604 Jacobo
831 1549 1010 1603 nocuit
1059 1547 1202 1601 Esau
1231 1548 1255 1600 ?
1283 1562 1461 1600 annon
1505 1545 1592 1599 ille
1616 1544 1766 1598 dives
1803 1552 1918 1597 erat
1947 1551 2001 1597 et

416 1639 559 1694 mille
580 1639 733 1694 bonis
763 1638 1052 1702 fruebatur,
1088 1637 1172 1690 hic
1199 1652 1324 1692 vero
1353 1645 1568 1704 paterna
1597 1634 1758 1689 domo
1779 1633 1996 1700 excidit,

419 1743 473 1787 et
516 1742 635 1802 post
679 1740 908 1786 struetas
954 1729 1174 1784 insidias
1203 1729 1255 1782 in
1286 1728 1458 1782 aliena
1505 1726 1723 1796 regione
1751 1723 2000 1780 erravit?

418 1823 556 1890 Quid
603 1831 782 1877 autem
813 1821 997 1876 Jacobi
1043 1820 1134 1875 filii
1162 1821 1184 1874 ?
1217 1836 1284 1874 an
1332 1817 1623 1888 Josephum
1665 1817 1718 1871 in
1761 1816 1999 1887 pejorem

412 1925 609 1970 statum
636 1915 972 1969 adduxerunt
998 1956 1011 1978 ,
1040 1914 1247 1968 etiamsi
1272 1928 1439 1983 usque
1465 1911 1532 1965 ad
1563 1911 1872 1982 sanguinem
1904 1925 1998 1964 vc-

413 2007 620 2061 nissent
644 2005 668 2058 ?
695 2005 882 2060 Nonne
909 2005 996 2058 isti
1017 2005 1208 2058 famem
1241 2005 1402 2073 passi,
1433 2018 1495 2056 ac
1524 2002 1592 2056 de
1621 2000 1877 2056 extremis
1907 2015 1998 2069 pe-

413 2094 629 2154 riclitati
654 2109 796 2161 sunt,
828 2098 917 2152 ille
942 2112 1069 2151 vero
1098 2111 1191 2151 rex
1223 2097 1273 2149 in
1303 2105 1410 2150 tota
1439 2095 1672 2164 Egypto
1698 2092 1840 2148 fuit?
1865 2093 1998 2148 Nam

413 2202 611 2261 quanto
641 2190 807 2260 magis
835 2188 1031 2244 invidia
1063 2188 1412 2252 laboraveris,
1449 2195 1594 2240 tanto
1617 2187 1816 2254 majora
1843 2185 1890 2238 ei
1913 2184 1997 2238 cui

414 2284 618 2338 invides
645 2282 782 2336 bona
813 2280 1082 2336 concilias.
1108 2280 1246 2333 Deus
1263 2279 1404 2333 enim
1427 2320 1441 2343 ,
1461 2279 1547 2348 qui
1576 2286 1765 2332 cuncta
1795 2277 1998 2346 perspi-

413 2378 487 2431 cit
520 2419 533 2441 ,
571 2391 691 2430 cum
715 2373 859 2428 videt
882 2388 1003 2428 eum
1027 2371 1148 2426 lmdi
1176 2371 1264 2441 qui
1297 2371 1427 2424 nihil
1458 2370 1615 2437 laesit,
1644 2369 1791 2424 illum
1819 2368 1993 2438 erigit,

413 2468 864 2537 illustrioremque
902 2463 1103 2531 efficit;
1156 2463 1391 2518 invidum
1438 2477 1566 2517 vero
1615 2462 1816 2533 plectit.
1861 2461 1992 2517 Nam

413 2561 455 2616 si
483 2576 595 2627 eos,
620 2561 709 2630 qui
727 2560 793 2615 de
819 2560 972 2624 malis
999 2559 1330 2612 inimicorum
1355 2557 1620 2622 laetentur,
1640 2571 1744 2611 non
1776 2557 1995 2624 impuni-

415 2664 498 2709 tos
542 2654 669 2708 sinit
714 2651 839 2726 (Ne
883 2652 1108 2723 gaudeas
1147 2650 1295 2716 attint,
1328 2650 1514 2718 inquit,
1533 2651 1597 2702 de
1626 2666 1743 2702 casu
1769 2649 1996 2701 inimico-

412 2764 525 2800 rum
561 2756 878 2810 tuorum,ne
899 2743 1101 2814 quando
1155 2741 1291 2796 Deus
1342 2742 1523 2808 videat,
1554 2751 1600 2794 et
1643 2739 1904 2811 displiceat
1951 2741 1996 2794 ei

414 2835 594 2910 [Pr-av.
617 2838 707 2893 24.
736 2833 931 2908 17.18]
957 2837 1010 2906 );
1040 2834 1208 2889 multo
1236 2833 1411 2888 minus
1428 2847 1520 2888 eos
1543 2833 1630 2902 qui
1648 2830 1885 2890 invident
1907 2831 1990 2895 iis,

412 2945 440 2982 a
465 2930 658 2999 quibus
680 2928 813 2982 nihil
841 2927 954 2982 laesi
980 2935 1125 2981 sunt.
1169 2925 1360 2980 Feram
1388 2924 1566 2995 itaque
1598 2924 1734 2978 hanc
1763 2964 1778 2989 ,
1813 2923 1994 2976 multis

412 3022 724 3077 in~tructam
771 3021 1033 3092 capitibus
1062 3060 1077 3084 ,
1119 3019 1514 3074 exscindamus.
1580 3017 1756 3072 Multa:
1799 3017 1995 3088 quippe

409 3125 533 3168 sunt
554 3113 762 3168 invidia:
790 3112 1013 3183 species.
1041 3110 1172 3165 Nam
1199 3111 1242 3164 si
1268 3109 1435 3179 is,qui
1457 3123 1516 3164 se
1543 3117 1806 3162 amantem
1829 3117 1992 3172 amat,

411 3204 543 3259 mhil
587 3205 706 3273 plus
737 3203 917 3266 habet,
947 3218 1104 3272 quam
1137 3201 1450 3272 publicanus
1474 3240 1489 3264 ,
1523 3199 1610 3267 qui
1656 3214 1715 3253 se
1747 3199 1872 3251 nihil
1903 3199 1997 3251 la:-

411 3297 626 3352 dentem
655 3296 778 3349 odio
811 3295 1000 3357 habet,
1033 3309 1138 3363 quo
1169 3293 1218 3345 in
1246 3293 1361 3346 loco
1387 3289 1589 3344 stabit?
1615 3289 1882 3359 quomodo
1913 3289 1993 3344 ef-

410 3389 573 3458 fugiet
601 3387 934 3458 gehennam,
980 3401 1098 3440 cum
1131 3384 1358 3440 ethnicis
1395 3383 1543 3454 pejor
1573 3383 1743 3438 factus
1767 3384 1879 3438 sit?
1910 3383 1993 3438 ld-

410 3479 554 3534 circo
618 3477 903 3532 admodum
971 3476 1129 3531 doleo
1162 3518 1175 3541 ,
1231 3475 1372 3546 quod
1420 3476 1508 3545 qui
1574 3474 1829 3544 angelos,
1885 3475 1992 3529 imo

408 3570 718 3642 angelorum
752 3569 1030 3624 Dominum
1063 3567 1414 3636 imitarijussi
1455 3581 1670 3633 sumus,
1721 3567 1989 3623 diabolum

408 3663 698 3718 imitemur.
751 3660 882 3715 Nam
930 3660 1094 3714 multa
1137 3670 1190 3715 et
1239 3661 1290 3713 in
1337 3660 1574 3714 Ecclesia
1620 3660 1815 3713 invidia
1866 3668 1988 3724 est;

409 3757 686 3822 multoque
710 3753 878 3822 magis
911 3752 961 3804 in
996 3753 1148 3804 nobis
1180 3794 1193 3816 ,
1221 3766 1378 3820 quam
1407 3751 1458 3803 in
1491 3750 1737 3804 subditis.
1775 3750 1897 3805 ideo
1924 3751 1988 3806 ad

408 3861 508 3901 nos
537 3861 713 3900 sermo
743 3852 996 3897 vertatur.
1033 3843 1207 3908 Quare
1232 3883 1244 3904 ,
1278 3841 1362 3894 die
1392 3840 1520 3894 mihi
1546 3882 1559 3905 ,
1592 3841 1833 3911 proximo
1856 3841 1992 3895 invi-

407 3937 502 3993 des
525 3938 548 3989 ?
575 3935 707 4004 Quia
733 3935 936 3988 honore
964 3943 1015 3988 et
1053 3933 1363 3986 celebritate
1389 3930 1652 3987 fruentem
1679 3931 1860 3987 vides?
1883 3932 1991 3987 Nec

406 4031 609 4101 cogitas
638 4037 892 4100 quantum
926 4027 1048 4080 mali
1080 4026 1312 4080 honores
1339 4025 1638 4079 alferantiis
1660 4025 1749 4095 qui
1780 4042 1884 4080 non
1910 4035 1989 4081 at-

407 4122 676 4177 tendunt?
706 4119 762 4173 In
789 4135 977 4172 vanam
998 4118 1219 4187 gloriam
1250 4115 1516 4170 extollunt
1545 4157 1558 4179 ,
1591 4117 1642 4170 in
1674 4117 1866 4170 fastum
1894 4159 1908 4182 ,
1935 4117 1987 4170 in

404 4214 788 4284 arrogantiam,
820 4213 871 4265 in
900 4210 1204 4280 superbiam
1231 4252 1244 4274 ,
1277 4209 1692 4280 negligentiores
1714 4210 1944 4264 reddunt
1971 4254 1986 4277 ,

404 4324 469 4363 ac
509 4316 702 4378 prmtcr
740 4305 852 4358 hzec
900 4304 1036 4357 mala
1071 4345 1085 4368 ,
1131 4302 1285 4356 facile
1335 4311 1688 4355 marcescunt.
1731 4301 1990 4372 Quodque

405 4399 774 4470 gravissimum
797 4405 898 4460 est,
921 4395 1056 4449 mala
1083 4393 1501 4461 hincimportata
1531 4404 1745 4447 manent
1772 4394 1989 4447 immor-

407 4494 528 4548 talia
559 4509 574 4547 ε
608 4492 846 4560 voluptas
879 4503 1003 4544 vero
1031 4487 1116 4540 ubi
1162 4486 1386 4555 primum
1419 4486 1681 4555 apparuit,
1733 4487 1982 4540 avolavit.

405 4587 572 4641 Hisne
600 4628 615 4652 ,
659 4598 842 4654 qu:eso
864 4624 882 4651 ,
925 4581 994 4638 de
1034 4579 1210 4634 causis
1256 4577 1509 4633 invides?
1538 4578 1639 4631 Sed
1671 4587 1985 4648 potestatem

408 4682 625 4734 multam
653 4679 810 4733 habet
837 4676 922 4731 ille
938 4674 1075 4744 apud
1100 4675 1468 4744 imperantem,
1498 4672 1674 4725 omnia
1698 4686 1788 4726 sus
1814 4671 1986 4742 deque

407 4781 582 4827 versat
611 4785 704 4840 pro
730 4768 916 4832 lubito,
940 4767 1282 4822 adversantes
1303 4764 1399 4818 sibi
1423 4761 1714 4828 ulciscitur,
1744 4762 1986 4817 adulato-

407 4878 498 4918 res
523 4861 792 4915 beneficiis
819 4859 985 4913 afficit
1010 4901 1024 4922 ,
1059 4873 1352 4926 magnaque
1381 4854 1571 4909 fruitur
1597 4855 1850 4927 potentia.
1878 4854 1990 4910 Sa:-

407 4952 665 5007 cularium
692 4950 965 5004 hominum
995 4949 1107 5004 haec
1132 4947 1291 5003 verba
1313 4955 1457 5001 sunt.
1491 4945 1623 4999 Nam
1651 4945 1984 5017 spiritualem

408 5045 677 5100 hominem
700 5043 840 5097 nulla
874 5058 958 5098 res
982 5043 1168 5096 dolore
1197 5041 1412 5094 afficere
1450 5047 1644 5109 potest.
1678 5039 1816 5106 Quid
1844 5039 1985 5093 enim

407 5140 478 5194 illi
513 5138 633 5191 mali
663 5136 864 5191 faciet?
892 5151 959 5190 an
989 5151 1019 5189 a
1058 5135 1311 5204 dignitate
1340 5133 1598 5201 dejiciet?
1637 5131 1703 5185 Et
1730 5131 1853 5202 quid
1886 5132 1989 5187 hoc

405 5243 485 5288 est
513 5233 534 5287 ?
563 5232 618 5288 Si
649 5232 792 5287 enim
817 5232 959 5300 juste
981 5272 997 5296 ,
1041 5230 1092 5283 id
1136 5229 1265 5282 utile
1293 5228 1390 5296 ipsi
1418 5228 1522 5282 erit
1553 5244 1565 5280 :
1595 5227 1725 5280 nihil
1753 5228 1892 5280 enim
1919 5226 1989 5280 ita

408 5328 517 5383 Deo
536 5325 795 5396 displicet,
829 5338 986 5393 quam
1018 5323 1062 5376 si
1090 5322 1208 5391 quis
1237 5321 1452 5390 indigne
1482 5319 1785 5374 sacerdotio
1808 5318 1989 5388 funga-

406 5430 507 5473 tur.
534 5417 630 5473 Sin
656 5417 850 5485 injuste
874 5457 888 5481 ,
935 5414 1086 5483 culpa
1118 5427 1280 5482 penes
1317 5411 1672 5482 deponentem
1709 5410 1853 5476 erit,
1884 5425 1989 5464 non

406 5527 568 5581 penes
595 5511 895 5581 depositura
929 5526 944 5563 :
977 5522 1097 5562 nam
1125 5507 1213 5576 qui
1257 5504 1450 5575 injuste
1493 5503 1619 5574 quid
1671 5502 1868 5572 patitur
1898 5541 1913 5565 ,
1943 5500 1990 5554 si

406 5603 616 5658 fortiter
644 5603 778 5658 ferat
805 5643 821 5667 ,
862 5600 1119 5669 majorem
1150 5598 1273 5652 hinc
1301 5595 1440 5665 apud
1469 5595 1637 5649 Deum
1667 5593 1993 5646 nanciseitur

408 5694 703 5749 libertatem
735 5709 797 5746 ac
823 5689 1087 5747 fiduciam.
1135 5689 1213 5744 Ne
1241 5688 1419 5758 itaque
1444 5685 1496 5740 id
1519 5685 1570 5738 in
1595 5698 1759 5751 scapo
1789 5682 1985 5737 habea-

409 5799 546 5852 mus,
575 5793 631 5837 ut
653 5783 888 5837 fruamur
913 5781 1166 5852 potentia,
1195 5779 1416 5844 honore,
1449 5773 1782 5839 auctoritate,
1806 5772 1900 5826 scd
1930 5781 1985 5824 ut

1202 328 1255 382 S.
1295 324 1570 381 JOANNIS
1605 311 2078 379 CHRYSOSTOSH
2119 322 2434 380 ARCIIIEP.
2477 321 3006 381 CONSTANTINOP.

3592 336 3698 392 ΗΔ

2110 437 2162 490 in
2198 439 2392 491 virtute
2421 448 2579 506 atque
2605 439 2937 508 phil050phia
2965 457 3262 497 versemur.
3305 444 3438 500 Nam
3464 447 3700 521 dignita-

2111 536 2189 582 tes
2218 526 2283 582 ad
2313 530 2476 583 multa
2509 530 2618 584 Deo
2641 546 2744 584 non
2773 533 2964 602 placita
2987 536 3242 602 patranda
3271 539 3532 597 inducunt
3557 587 3574 611 ,
3607 557 3699 601 at-

2107 633 2212 687 que
2240 618 2436 688 ingenti
2477 635 2611 690 opus
2637 631 2720 676 est
2762 624 2972 688 animo,
3005 634 3060 679 ut
3093 627 3352 697 dignitate
3389 647 3454 687 ac
3503 646 3702 702 poten-

2110 710 2179 762 tia
2219 721 2362 766 rccte
2393 722 2636 767 utamur:
2669 715 2755 784 qui
2803 731 2930 769 vero
2975 731 3006 770 a
3049 719 3302 788 dignitate
3342 722 3700 798 detruditur,

2109 800 2237 855 velit
2266 802 2399 856 nolit
2429 804 2836 873 pltilOSophatur
2867 823 2880 859 :
2913 815 2968 860 at
2993 809 3082 876 qui
3123 810 3209 862 illa
3241 812 3435 867 fruitur
3469 856 3485 880 ,
3515 818 3702 874 simile

2107 893 2234 962 quid
2259 896 2474 964 patitur,
2502 913 2564 951 ac
2587 898 2630 951 si
2662 898 2779 968 quis
2805 915 2929 953 cum
2959 899 3192 957 formosa
3215 906 3385 972 puella
3418 907 3698 977 habitans,

2107 984 2225 1053 lege
2249 999 2493 1041 arceatur
2515 1005 2581 1043 ne
2603 989 2744 1043 illam
2770 991 2977 1046 lascivis
2999 1009 3246 1063 umquam
3265 999 3433 1052 oculis
3447 1002 3694 1069 aspiciat.

2108 1076 2250 1132 Talis
2295 1090 2376 1132 est
2403 1081 2662 1150 potentia.
2691 1082 2921 1153 Ideoque
2965 1087 3160 1139 multos
3203 1104 3340 1157 pene
3385 1092 3583 1149 invitos
3625 1097 3694 1152 ad

2105 1173 2483 1225 contumeliam
2511 1173 2837 1229 inferendam
2864 1175 3108 1240 induxit,
3140 1179 3206 1232 ad
3242 1180 3374 1235 iram
3405 1185 3642 1241 incitavit
3670 1230 3691 1256 ,

2105 1259 2298 1330 lingua:
2326 1262 2534 1318 frenum
2569 1265 2697 1333 ipsis
2717 1266 2955 1331 abstulit,
2985 1277 3037 1323 et
3065 1269 3282 1338 januam
3311 1274 3422 1328 oris
3447 1278 3643 1332 avulsit
3671 1321 3688 1345 ,

2107 1352 2249 1406 venti
2273 1353 2440 1408 instar
2463 1355 2701 1410 animum
2723 1358 3136 1431 circumquaque
3164 1364 3326 1432 agitat
3351 1405 3367 1430 ,
3398 1376 3452 1420 et
3483 1371 3535 1422 in
3565 1385 3692 1438 pro-

2105 1444 2320 1499 fundum
2366 1447 2626 1503 malorum
2663 1449 2913 1519 scapham
2958 1451 3237 1522 demergit.
3271 1456 3406 1522 Quid
3438 1458 3599 1529 igitur
3623 1463 3681 1518 in

2107 1543 2252 1589 tanto
2280 1538 2517 1604 periculo
2551 1539 2762 1593 miraris
2786 1549 2838 1595 et
2865 1541 3204 1597 invidendum
3233 1557 3382 1614 putas
3410 1548 3432 1600 ἲ
3459 1557 3686 1620 etquze—

2103 1639 2224 1678 nam
2250 1625 2362 1681 hinc
2389 1637 2473 1682 est
2499 1628 2766 1685 dementia
2790 1631 2813 1684 ?
2842 1631 2970 1687 Cum
3001 1634 3066 1688 iis
3095 1651 3222 1690 vero
3249 1653 3369 1706 quze
3399 1639 3534 1694 dicta
3560 1653 3688 1698 sunt

2103 1717 2274 1786 cogita
2305 1759 2318 1783 ,
2343 1729 2470 1789 quot
2492 1721 2733 1777 inimicos
2762 1731 2816 1778 et
2839 1735 3197 1804 accusatores,
3221 1739 3353 1798 quot
3382 1731 3690 1791 adulatores

2105 1807 2297 1864 habeat
2317 1825 2376 1866 se
2405 1812 2731 1868 obsidentes.
2763 1814 3005 1871 Hazccine
3043 1817 3204 1887 igitur
3230 1859 3244 1880 ,
3269 1836 3450 1891 quzeso
3475 1865 3489 1888 ,
3527 1825 3687 1894 digna

2104 1910 2229 1954 sunt
2258 1919 2375 1972 qua:
2398 1904 2548 1959 beata
2579 1904 2936 1974 prmdicentur
2960 1909 2983 1960 Ῥ
3013 1908 3210 1979 Ecquis
3233 1910 3334 1966 hoc
3354 1912 3592 1970 dixerit?
3615 1917 3685 1970 At

2102 1994 2241 2062 apud
2276 1995 2550 2064 populum,
2582 1998 2811 2068 inquies,
2835 1999 3155 2055 celebratur.
3193 2001 3394 2072 Ecquid
3422 2005 3520 2060 hoc
3549 2017 3630 2062 est
3659 2010 3686 2062 Ρ

2103 2082 2284 2153 Neque
2313 2087 2453 2140 enim
2479 2088 2703 2158 populus
2730 2098 2812 2145 est
2841 2090 2978 2146 Deus
2997 2133 3011 2156 ,
3041 2093 3127 2147 cui
3150 2094 3272 2149 vitae
3301 2098 3528 2152 rationes
3551 2100 3673 2154 red-

2102 2177 2310 2233 diturus
2331 2180 2419 2234 sit.
2450 2180 2628 2251 Itaque
2654 2182 2870 2252 quando
2902 2185 3155 2254 populum
3189 2185 3347 2254 dicis,
3380 2190 3510 2244 nihil
3533 2193 3680 2249 aliud

2100 2285 2369 2326 memoras
2397 2314 2412 2337 ,
2441 2288 2598 2343 quam
2627 2273 2808 2329 obices
2838 2315 2853 2341 ,
2885 2276 3134 2342 scopulos
3159 2318 3173 2343 ,
3209 2277 3395 2333 brevia
3415 2323 3430 2346 ,
3471 2283 3680 2339 latentia

2101 2377 2248 2416 saxa.
2285 2362 2376 2416 illa
2409 2365 2549 2419 enim
2583 2365 2632 2419 in
2661 2367 2857 2436 populo
2884 2368 3187 2435 celebritas,
3221 2380 3421 2440 quanto
3441 2375 3676 2443 splendi-

2100 2452 2301 2508 diorem
2333 2455 2528 2521 reddit,
2550 2466 2696 2510 tanto
2723 2457 3014 2526 majoribus
3046 2469 3188 2529 patet
3217 2462 3484 2530 periculis,
3513 2468 3676 2532 curis,

2100 2545 2440 2599 maeroribus.
2469 2546 2598 2600 Nam
2619 2547 2707 2618 qui
2736 2547 2852 2602 talis
2875 2557 2976 2615 est,
3006 2565 3104 2604 nec
3129 2560 3272 2606 stare
3295 2569 3395 2608 nec
3419 2557 3682 2624 respirare

2101 2646 2297 2704 potest,
2330 2653 2450 2691 cum
2481 2647 2588 2692 tam
2609 2639 2858 2693 acerbum
2888 2639 3082 2715 habeat
3115 2641 3410 2698 dominum.
3459 2646 3524 2701 Et
3553 2649 3683 2717 quid

2099 2726 2219 2782 dico
2248 2736 2390 2784 stare
2417 2730 2499 2785 vel
2542 2731 2806 2800 respirare
2831 2733 2855 2786 τ’
2884 2732 3104 2789 Etiamsi
3151 2736 3195 2790 is
3231 2741 3501 2795 sexcentis
3531 2743 3685 2799 bonis

2099 2820 2349 2890 operibus
2379 2823 2447 2876 sit
2468 2823 2722 2892 praeditus
2741 2865 2755 2887 ,
2779 2825 2993 2880 difficile
3026 2828 3076 2880 in
3106 2843 3326 2900 regnum
3365 2833 3681 2901 ingreditur.

2099 2912 2240 2967 Nihil
2264 2915 2405 2969 enim
2428 2915 2746 2971 labefactare
2777 2919 2911 2972 solet
2941 2961 2956 2985 ,
3003 2929 3060 2973 ut
3091 2923 3380 2977 multorum
3411 2928 3685 2984 existinm-

2101 3007 2192 3072 tio,
2226 3023 2342 3076 qua:
2369 3008 2599 3073 timidos,
2637 3011 2922 3065 illiberale-is
2943 3054 2955 3074 ,
2981 3013 3284 3069 adulatores
3314 3018 3682 3076 simulatores-

2099 3116 2203 3170 que
2230 3099 2374 3156 facit.
2407 3099 2513 3157 Cur
2551 3119 2679 3173 ergo
2709 3104 2957 3158 Pharismi
2989 3106 3240 3162 dicebant
3265 3109 3538 3166 Christum
3567 3114 3680 3168 d;e-

2099 3191 2398 3247 moniacum
2446 3196 2611 3249 esse?
2655 3195 2845 3249 Annon
2888 3197 3008 3264 quia
3054 3197 3193 3269 vulgi
3232 3202 3684 3260 existimatioaem

2098 3285 2428 3355 captabant?
2457 3285 2566 3341 Cur
2613 3295 2788 3341 autem
2832 3289 2982 3343 multi
3014 3299 3215 3345 rectam
3246 3291 3314 3347 de
3343 3294 3438 3348 illo
3466 3306 3686 3352 senten-

2101 3377 2226 3430 tiam
2268 3377 2562 3433 ferebant?
2599 3378 2786 3434 Nonne
2816 3381 2938 3450 quia
2977 3381 3078 3437 hoc
3107 3383 3300 3438 morbo
3335 3400 3441 3440 non
3472 3387 3687 3444 detine-

2099 3467 2291 3524 bantur
2316 3470 2338 3523 ?
2367 3469 2509 3524 Nihil
2538 3472 2679 3526 enim
2704 3514 2719 3536 ,
2747 3473 2877 3526 nihil
2901 3483 3049 3529 certe
3070 3474 3316 3531 homines
3344 3478 3422 3532 sic
3451 3478 3684 3548 iniquos,

2098 3561 2176 3615 sic
2209 3563 2401 3618 stultos
2429 3563 2614 3630 efficit,
2639 3579 2797 3633 quam
2821 3565 2961 3635 quod
2987 3565 3051 3620 ad
3083 3567 3372 3622 multorum
3404 3571 3683 3626 existima-

2100 3656 2296 3710 tionem
2329 3655 2570 3721 inhient;
2595 3656 2726 3710 nihil
2755 3657 2825 3710 ita
2853 3657 3105 3726 probatos
3126 3668 3285 3727 atque
3301 3659 3683 3718 adamantinos

2098 3746 2291 3810 reddit,
2325 3757 2384 3800 nt
2413 3747 2603 3801 famam
2622 3748 2921 3817 despicere.
2945 3749 3121 3817 Quare
3150 3749 3441 3806 fortissimo
3458 3755 3691 3825 quisque

2097 3853 2232 3908 opus
2263 3839 2421 3894 habet
2446 3841 2624 3895 animo
2653 3883 2666 3904 ,
2700 3849 2757 3894 ut
2786 3840 2942 3910 hujus
2965 3843 3111 3896 venti
3137 3843 3354 3913 impetui
3381 3855 3437 3899 et
3463 3847 3513 3899 vi
3545 3849 3686 3902 resi-

2096 3945 2238 3986 stere
2264 3932 2448 4002 possit.
2479 3931 2608 3986 Nam
2637 3932 2850 4003 quando
2871 3948 3126 4002 prospere
3150 3949 3262 3988 rem
3277 3937 3404 4006 agit,
3433 3938 3691 3993 omnibus

2096 4038 2153 4078 se
2182 4024 2456 4093 anteponit
2486 4039 2501 4087 ;
2542 4039 2662 4077 cum
2694 4024 2956 4078 contraria
2987 4025 3238 4079 accidunt
3264 4069 3278 4091 ,
3308 4028 3545 4097 seipsum
3571 4031 3688 4084 suf-

2095 4115 2277 4170 fodere
2305 4116 2450 4184 cupit
2476 4132 2490 4181 ;
2523 4115 2699 4170 ethoc
2729 4116 2826 4184 ipsi
2858 4125 2909 4170 et
2928 4117 3171 4186 gehenna
3201 4119 3360 4174 simul
3381 4130 3436 4175 et
3455 4137 3686 4193 regnum

2099 4218 2202 4272 est,
2235 4224 2356 4263 cum
2387 4209 2488 4264 hoc
2507 4209 2670 4262 animi
2699 4209 2886 4262 morbo
2917 4210 3178 4266 obruitur.

2165 4299 2220 4354 5.
2253 4300 2514 4365 Haeccine,
2543 4314 2742 4368 quaeso,
2779 4301 2970 4354 invidia
3005 4301 3161 4372 digna
3188 4303 3349 4358 sunt?
3374 4319 3555 4360 nonne
3583 4321 3687 4377 pu-

2098 4392 2200 4446 tius
2238 4391 2448 4446 ﬂetibus
2482 4407 2545 4445 ac
2587 4391 2875 4461 lacrymis?
2909 4391 3101 4462 Utique
3135 4395 3184 4448 id
3216 4397 3464 4452 omnibus
3509 4402 3687 4468 palam

2093 4495 2193 4539 est.
2229 4484 2308 4538 Tu
2338 4499 2466 4539 vero
2493 4483 2718 4554 idipsum
2745 4485 2890 4549 facis,
2925 4502 3045 4541 cum
3076 4487 3124 4542 ei
3155 4490 3341 4558 quisic
3378 4491 3690 4548 celebratur

2094 4575 2321 4642 invides,
2349 4591 2410 4631 ac
2439 4577 2483 4631 si
2525 4578 2643 4646 quis
2675 4578 2938 4633 hominem
2976 4579 3161 4636 videns
3201 4582 3432 4637 vinctum
3481 4600 3547 4639 ac
3587 4586 3692 4641 ﬂa-

2092 4669 2244 4738 gellis
2270 4683 2483 4733 cmsum,
2518 4669 2585 4722 ab
2621 4669 3017 4740 innumerisque
3054 4671 3182 4727 feris
3211 4685 3496 4744 raptatum,
3545 4678 3692 4731 invi-

2093 4763 2244 4816 deret
2273 4761 2438 4829 ipsius
2469 4762 2636 4830 plagis
2675 4771 2728 4816 et
2763 4763 3086 4818 vulneribus.
3118 4764 3250 4819 Nam
3279 4779 3408 4838 quot
3439 4768 3693 4826 homines

2093 4854 2146 4908 in
2177 4853 2372 4923 populo
2402 4862 2542 4920 sunt,
2589 4862 2665 4908 tot
2694 4854 2852 4910 habet
2891 4855 2977 4912 hic
3010 4858 3234 4923 vincula,
3275 4869 3346 4914 tot
3387 4861 3642 4918 dominos
3676 4883 3690 4917 :

2091 4945 2340 5016 quodque
2366 4949 2577 5016 gravius
2602 4955 2704 5012 est,
2735 4945 2959 5002 diversa:
2981 4959 3103 5004 sunt
3129 4951 3352 5021 singulis
3376 4957 3684 5020 sententias,

2093 5051 2287 5112 etquae
2307 5040 2474 5095 menti
2505 5052 2819 5102 succurrunt
2844 5042 2911 5098 de
2931 5045 3286 5099 servientibus
3315 5048 3414 5100 sibi
3445 5057 3694 5104 statuunt

2093 5147 2300 5200 omnes,
2334 5131 2463 5186 nihil
2489 5134 2876 5199 examinantes,
2907 5134 3002 5189 sed
3037 5150 3154 5203 qua:
3198 5135 3320 5191 huic
3356 5139 3441 5191 vel
3471 5139 3547 5192 illi
3574 5141 3692 5194 visa

2091 5223 2289 5279 fuerint
2313 5222 2713 5279 confirmantcs.
2743 5224 2868 5278 llmc
2889 5226 3078 5293 quibus
3108 5224 3376 5292 fluctibus,
3412 5245 3517 5299 qua
3549 5239 3693 5283 tem-

2093 5324 2298 5382 pestate
2328 5313 2569 5384 graviora
2600 5329 2706 5368 non
2733 5316 2894 5369 sunt?
2925 5317 3130 5371 Etenim
3174 5317 3219 5371 is
3259 5318 3412 5372 facile
3450 5322 3634 5373 statim
3663 5338 3695 5375 a

2091 5407 2363 5474 voluptate
2404 5405 2636 5469 inﬂatur,
2675 5414 2728 5459 et
2769 5405 2920 5462 facile
2964 5423 3174 5462 rursum
3206 5409 3590 5479 submergitur,
3639 5413 3692 5464 in

2095 5497 2218 5551 vita:
2243 5495 2657 5566 inaequabilitate
2687 5512 2917 5566 semper,
2953 5499 3003 5552 in
3033 5500 3212 5568 quiete
3243 5516 3534 5570 numquam
3571 5518 3697 5570 per-

2095 5599 2260 5644 stans.
2291 5587 2424 5642 Nam
2464 5597 2744 5658 antequam
2779 5590 2830 5643 in
2869 5591 3142 5645 concionis
3177 5591 3442 5646 theatrum
3486 5593 3695 5660 veniat,

2095 5687 2150 5732 ct
2174 5688 2454 5747 antequam
2477 5676 2795 5731 laboriosam
2824 5682 3117 5734 orationem
3148 5680 3382 5750 incipiat,
3415 5682 3611 5736 anxius
3640 5691 3698 5736 et

2097 5781 2330 5826 tremens
2350 5781 2462 5834 est;
2495 5779 2613 5838 post
2638 5769 2870 5825 solutum
2901 5788 3026 5827 vcro
3051 5771 3315 5830 theatrum
3345 5773 3426 5829 vel
3453 5789 3696 5830 matrona
