4042 6218
184 388 288 445 M3

181 504 365 577 φησὶν,
394 503 476 555 ὅτι
511 500 802 572 πονηρὸνή
842 497 1136 569 βασκανία;
1181 500 1392 567 Ἀγνοεῖ
1429 502 1527 572 μὲν
1556 503 1746 566 οὐδείς’
1784 505 1844 556 οὐ

183 589 291 658 μὴν
322 585 415 656 τὴν
441 579 610 648 αὐτὴν
641 584 768 653 περὶ
791 581 1045 653 πορνείας
1067 581 1158 634 καὶ
1189 584 1436 652 μοιχείας
1466 583 1647 653 ἔχουσι
1669 585 1843 652 δόξαν,

179 669 276 723 καὶ
304 669 428 738 περὶ
459 666 550 720 τοῦ
580 665 781 727 πάθους
817 664 1028 719 τούτου.
1054 665 1192 718 Πότε
1218 665 1347 734 γοῦν
1379 666 1572 720 ἐαυτοῦ
1608 686 1689 731 τις
1716 686 1847 721 κατ-

179 752 323 820 έγνω
351 749 559 822 πικρῶς
587 749 890 820 βασκήνας;
927 749 1058 800 πότε
1097 748 1226 801 Θεόν
1262 747 1494 818 ἠξίωσεν
1541 749 1682 820 ὑπὲρ
1725 751 1848 804 τού-

179 851 274 889 του
310 833 403 887 τοῦ
436 835 760 903 νοσήματος,
790 831 930 884 ὥστε
961 831 1214 899 γενέσθαι
1242 834 1390 903 αὑτῴ
1417 834 1611 899 ῖλεωνς
1656 835 1846 899 Οὐδεὶς

177 917 450 972 οὐδέποτε·
485 916 600 969 ἀλλ’
629 917 677 968 εί
707 915 994 984 νηστεύσει
1019 915 1058 946 ¹¹
1089 916 1184 966 καὶ
1213 916 1404 986 πένητι
1429 916 1504 986 δῷ
1532 918 1724 987 μικρὸν
1749 919 1847 987 ἀρ⁸

179 997 384 1066 γύριον,
440 997 543 1051 κᾶν
589 995 849 1067 μυριάκις
897 993 1162 1064 βάσκανος
1195 991 1251 1066 ᾗ,
1305 997 1457 1049 οὐδὲν
1496 998 1711 1067 ἡγεῖται
1760 1014 1849 1050 πε-

177 1082 460 1151 ποιηκέναι
494 1080 686 1141 δεινὸν,
723 1078 800 1149 τῷ
839 1077 1058 1132 πάντων
1111 1078 1436 1150 μιαρωτέρῳ
1485 1080 1846 1149 κατεχόμενος

175 1165 356 1218 πάθει.
406 1162 577 1217 Πόθεν
615 1161 744 1230 γοῦν
776 1164 804 1214 6
851 1162 991 1214 Κὰἳν
1033 1159 1272 1225 τοιοῦτος
1319 1162 1566 1228 ἐγένετος
1609 1161 1770 1214 πόθεν
1819 1161 1847 1212 6

185 1247 386 1311 Ἡσαῦς
429 1245 592 1300 πόθεν
621 1247 668 1298 οί
697 1243 792 1297 τοῦ
822 1243 1008 1298 Λάϐαν
1045 1245 1261 1309 παῖδες;
1294 1244 1458 1296 πόθεν
1503 1246 1553 1296 οί
1591 1243 1683 1296 τοῦ
1745 1244 1850 1296 Ἰα-

173 1329 290 1383 κὼϐ
316 1329 420 1383 υίοί
441 1347 456 1396 ;
479 1328 643 1382 πόθεν
668 1330 716 1380 οί
753 1328 878 1398 περὶ¹
899 1329 1043 1398 Κορὲ
1079 1329 1170 1381 καί
1203 1327 1381 1380 Δαθάν
1421 1330 1516 1382 καὶ
1551 1324 1844 1398 Ἀϐειρὼν;

172 1412 336 1466 πόθεν
365 1411 594 1482 Μαρία;
634 1409 797 1463 πόθεν
827 1409 1096 1480 ,Ἀαρών;
1133 1409 1298 1463 πόθεν
1327 1411 1488 1475 αὐτὸς
1513 1414 1541 1465 6
1571 1411 1842 1478 διάϐολος;

239 1531 302 1584 δ’.
325 1529 479 1583 Μετὰ
503 1527 708 1582 τούτων
726 1527 945 1580 κάκεῖνο
963 1526 1153 1590 ἐννόει,
1183 1527 1342 1580 ὅτιού
1365 1528 1455 1580 τὸν
1483 1527 1846 1598 φθονούμενον

168 1611 396 1674 ἀδικεῖς,
427 1610 564 1664 ἀλλά
593 1609 733 1662 κατά
763 1609 961 1662 σαυτοῦ
990 1609 1050 1662 τὸ
1092 1608 1242 1678 ξίφος
1283 1609 1464 1674 ὠθεῖς.
1513 1611 1578 1662 Τί
1616 1611 1723 1681 γὰρ
1755 1609 1846 1664 τὸν

173 1693 343 1746 Ἀϐελ
367 1693 623 1762 ἠδίκησεν
646 1694 674 1745 6
697 1691 836 1744 Κὰῖν
859 1707 874 1755 ;
895 1690 1008 1746 Οὐκ
1024 1691 1230 1745 ἐκεῖνον
1253 1692 1352 1762 μὲν
1372 1694 1413 1724 ¹²
1435 1693 1730 1765 ταχύτερον
1753 1694 1847 1747 καὶ

169 1777 319 1830 ἄκων
345 1779 426 1840 είς
461 1773 738 1845 βασιλείαν
761 1773 1144 1844 παρέπεμψεν,
1168 1775 1359 1828 ἐαυτὸν
1383 1774 1439 1828 δὲ
1463 1776 1679 1846 μυρίοις
1702 1793 1850 1846 περιρ

169 1860 359 1930 έπειρε
393 1860 602 1920 κακοῖς.
639 1857 703 1910 Τί
749 1857 839 1909 τὸν
881 1857 1073 1909 Ἰακὼϐ
1119 1857 1399 1927 ἐϐλαψενό
1436 1858 1639 1925 Ἡσαῦς
1673 1857 1793 1928 οὐχὶ
1822 1861 1850 1912 6

171 1943 272 2011 μέν
295 1940 546 1995 ἐπλούτει
590 1941 682 1993 καὶ
730 1940 938 2010 μυρίων
965 1939 1235 1994 ἀπέλαυεν
1263 1941 1308 1972 ¹³
1333 1941 1573 2009 ἀγαθῶν,
1598 1941 1760 2004 αὐτὸς
1792 1941 1850 1994 δὲ

167 2023 264 2077 καὶ
315 2023 418 2092 τῆς
471 2021 728 2092 πατρῴας
781 2021 957 2084 οίκίας
1007 2021 1282 2088 ἐξέπιπτε,
1335 2023 1428 2076 καὶ
1475 2024 1532 2075 ἐν
1592 2023 1849 2093 ἀλλοτρία

168 2108 442 2160 ἐπλανᾶτο
476 2105 612 2176 μετα
641 2106 739 2176 τὴν
781 2103 1072 2175 ἐπιϐουλὴν
1113 2105 1362 2176 ἐκείνην;
1393 2105 1458 2158 Τί
1483 2105 1540 2159 δέ
1579 2107 1630 2158 οί
1661 2106 1849 2170 παῖδες

166 2190 356 2242 τούτου
393 2189 485 2242 τὸν
511 2189 555 2220 ’δ
600 2186 795 2258 Ἰωσὴφ
837 2187 1100 2256 ἐποίησαν
1129 2189 1297 2260 χείρω
1322 2190 1388 2250 ⁸⁵,
1421 2189 1516 2242 καὶ
1547 2189 1720 2242 ταῦτα
1749 2190 1848 2260 μέ-

165 2288 289 2342 χρις
315 2271 549 2342 αἵματος
576 2270 859 2336 ἐλθόντες;
906 2269 1053 2341 μθ]
1081 2273 1200 2341 οὐχὶ
1241 2267 1384 2326 οὗτοι
1419 2274 1518 2340 μὲν
1555 2275 1648 2326 καὶ
1693 2273 1848 2344 λιμὸν

167 2355 470 2425 ὑπέμειναν
495 2356 589 2409 καὶ
622 2353 750 2424 περὶ
781 2353 890 2406 τῶν
936 2355 1178 2424 ἐσχάτων
1213 2355 1612 2420 ἐκινδύνευσαν,
1645 2359 1848 2421 ἐκεῖνος

163 2439 220 2491 δέ
257 2437 514 2507 βασιλεὺς
548 2436 738 2504 γέγονε
783 2436 882 2506 τῆς
930 2436 1206 2504 Αἰγύπτου
1253 2439 1510 2509 ἀπάσης;
1545 2441 1692 2509 Ὂσῳ
1740 2439 1848 2511 γὰρ

163 2520 230 2572 ἂν
271 2518 494 2590 φθονῇς,
521 2516 760 2587 τοσούτῳ
786 2517 908 2588 γίνῃ
946 2519 988 2548 ³⁸
1025 2519 1285 2588 μειζόνων
1325 2521 1580 2590 πρόξενος
1630 2522 1849 2590 ἀγαθῶν

162 2603 242 2672 τῷ
274 2600 641 2671 φθονουμένῳ.
675 2599 807 2663 Θεὸς
833 2602 939 2671 γάρ
966 2602 1112 2654 ἐστιν
1151 2603 1178 2654 ὁ
1211 2602 1382 2656 ταῦτα
1417 2604 1458 2635 ⁸⁷
1483 2604 1721 2674 ἐφορῶν·
1754 2606 1850 2658 καὶ

162 2685 293 2739 ὅταν
342 2685 430 2755 ῖδῃ
472 2683 563 2735 τὸν
607 2683 758 2736 οὐδὲν
808 2683 1098 2737 ἀδικοῦντα
1141 2685 1514 2754 ἀδικούμενον,
1557 2688 1721 2741 αὐτὸν
1750 2689 1850 2756 μὲν

163 2769 388 2837 ἐπαίρει
416 2765 616 2836 μᾶλλον
643 2766 738 2820 καὶ
761 2768 906 2818 ποιεῖ
931 2766 1181 2838 λαμπρὸν
1212 2767 1404 2838 ταύτῃ,
1438 2769 1497 2821 σέ
1525 2769 1581 2822 δέ
1610 2768 1846 2832 κολάζει.

163 2853 226 2904 ΕΞ
254 2851 365 2921 γάρ
400 2851 530 2912 τοὺς
557 2848 918 2918 ἐφηδομένους
943 2852 1056 2912 τοῖς
1091 2849 1304 2919 ἐχθροῖς
1342 2851 1440 2902 οὐκ
1468 2851 1692 2921 ἀφίησιν
1733 2851 1853 2905 ἀτι-

167 2933 386 3005 μωρητὶ
423 2931 731 3002 παρελθεῖν,
752 2931 848 2998 Μὴ
879 2932 1150 2999 ἐπίχαιρε
1181 2935 1310 3002 γὰρ,
1342 2933 1528 3002 φησὶν,
1557 2933 1655 2986 ἐπὶ
1694 2933 1846 2986 πτώ-

157 3035 300 3087 ματι
328 3014 560 3084 ἐχθρῶν
596 3030 734 3077 σου,
759 3015 844 3084 μή
891 3032 1035 3068 ποτε
1087 3015 1187 3083 ιδῃ
1232 3019 1264 3070 ό
1319 3015 1482 3082 Θεὸς,
1513 3017 1610 3070 καὶ
1653 3019 1726 3072 οὐ
1758 3018 1845 3086 μὴ

163 3099 359 3168 ἀρέσῃ
408 3097 600 3163 αὐτῷ’
654 3097 832 3167 πολλῷ
884 3097 1081 3167 μᾶλλον
1131 3099 1258 3161 τοὺς
1312 3098 1695 3169 βασκαίνοντας
1737 3105 1850 3165 τοῖς

163 3183 317 3236 οὐδὲν
371 3183 706 3252 ἠδικηκόσιν.
754 3181 1107 3251 Ἑκκόψωμεν
1148 3181 1326 3235 τοίνυν
1368 3182 1430 3235 τὸ
1481 3183 1851 3253 πολυκέφαλον

164 3266 377 3337 θηρίον.
405 3268 514 3321 Καὶ
545 3267 654 3338 γάρ
685 3266 854 3319 πολλὰ
879 3266 945 3318 τὰ
977 3266 1089 3334 είδη
1119 3268 1218 3336 τῆς
1243 3265 1558 3335 βασκανίας.
1595 3267 1660 3321 Εἰ
1687 3269 1795 3338 γάρ
1821 3268 1851 3320 6

160 3351 258 3403 τὸν
299 3351 560 3418 φιλοῦντα
603 3349 833 3416 ἀγαπῶν
883 3348 1037 3402 οὐδὲν
1080 3348 1240 3402 πλέον
1272 3347 1383 3417 ἔχει
1421 3347 1517 3400 τοῦ
1543 3348 1794 3415 τελώνου,
1823 3352 1852 3404 6

159 3434 255 3486 τὸν
285 3434 440 3486 οὐδὲν
478 3432 766 3486 ἀδικοῦντα
806 3431 978 3502 μισῶν
1018 3430 1119 3484 ποῦ
1173 3431 1466 3500 στήσεται;
1513 3429 1630 3492 πῶς
1665 3431 1722 3483 δέ
1757 3434 1851 3484 ἐκο

161 3517 426 3584 φεύξεται
471 3515 569 3584 τὴν
601 3517 845 3583 γέενναν,
877 3513 985 3566 τῶν
1016 3512 1244 3565 ἐθνικῶν
1281 3512 1478 3582 χείρων
1526 3513 1805 3584 γινόμενος
1834 3531 1849 3580 ;

160 3599 254 3650 Διὸ
294 3598 390 3650 καὶ
433 3597 638 3667 σφόδρα
674 3595 964 3665 ὀδυνῶμαι,
996 3594 1077 3646 6::
1110 3594 1159 3645 οί
1187 3594 1312 3655 τούς
1338 3593 1622 3661 ἀγγέλους,
1652 3595 1851 3664 μᾶλλον

159 3683 217 3734 δὲ
249 3682 292 3713 ιθ
323 3680 437 3734 τῶν
460 3679 707 3747 ἀγγέλων
742 3677 832 3731 τὸν
862 3676 1141 3745 Δεσπότην
1171 3674 1454 3746 μιμεῖσθαι
1487 3675 1848 3748 κελευόμενοι,

159 3765 250 3816 τὸν
283 3763 532 3816 διάϐολον
563 3760 724 3832 ζηλοῦ
734 3777 852 3830 μεν.
884 3759 994 3813 Καὶ
1009 3759 1116 3830 γὰρ
1142 3757 1307 3828 πολλὴ
1333 3759 1426 3810 καὶ
1445 3757 1502 3810 ἐν
1519 3761 1583 3830 τῇ
1628 3760 1852 3834 Ἐκκλη-

161 3848 254 3917 σία
286 3849 319 3916 ἡ
352 3845 624 3914 βασκανία
645 3861 660 3875 ο
695 3842 894 3914 μᾶλλον
917 3841 974 3894 δὲ
1009 3843 1051 3874 ²⁹
1079 3844 1136 3894 ἐν
1162 3843 1293 3912 ἡμῖν
1320 3842 1352 3912 ἢ
1389 3843 1446 3895 ἐν
1469 3846 1581 3906 τοῖς
1609 3845 1851 3916 ἀρχομέ-

158 3946 290 3992 νοις.
319 3928 416 3980 Διὸ
442 3927 535 3979 καὶ
559 3928 692 3995 ἡμῖν
734 3925 916 3987 αὐτοῖς
959 3925 1288 3978 διαλεκτέον.
1321 3925 1475 3987 Τίνος
1506 3925 1613 3996 γὰρ
1641 3927 1848 3989 ἕνεκεν,

158 4013 281 4066 εἰπέ
314 4029 434 4083 μοι,
459 4009 771 4080 βασκαίνεις
796 4007 873 4077 τῷ
897 4007 1152 4077 πλησίον;
1183 4007 1304 4058 Ὅτι
1326 4007 1490 4076 τιμῆς
1513 4007 1851 4061 ἀπολαύοντα

158 4097 380 4166 βλέπεις
413 4094 508 4146 καὶ
542 4091 793 4164 χρηστῶν
829 4090 1128 4161 ρημάτων;
1159 4085 1293 4142 Εἶτα
1328 4090 1426 4142 οὐκ
1456 4092 1850 4160 ἐννοεῖςπόσον

157 4181 388 4250 φέρουσι
417 4175 588 4230 κακὸν
617 4177 672 4228 αί
703 4175 862 4244 τιμαὶ
888 4175 999 4236 τοῖς
1031 4173 1104 4243 μὴ
1139 4171 1532 4242 προσέχουσιν;
1583 4174 1662 4235 εἰς
1701 4189 1851 4225 κενο-

156 4263 340 4327 δοξίαν
394 4261 671 4330 αίρουσαι,
721 4259 800 4320 είς
840 4255 1037 4325 τῦφον,
1093 4256 1171 4317 είς
1224 4254 1503 4316 ἀπόνοιαν,
1554 4257 1632 4317 εἱς
1685 4255 1851 4324 ὑπερ-

157 4347 343 4416 οψίαν,
402 4342 811 4417 ῥᾳθυμοτέρως
853 4339 1135 4393 ποιοῦσαιο
1185 4337 1276 4390 καὶ
1322 4337 1460 4407 μετά
1500 4337 1702 4390 τούτων
1743 4335 1849 4389 τῶν

160 4429 351 4482 κακῶν
375 4428 470 4481 καὶ
500 4423 850 4496 μαραίνονται
887 4421 1101 4494 ῥᾳδίως.
1129 4420 1200 4472 Τὸ
1228 4419 1336 4488 γὰρ
1365 4419 1428 4488 δὴ
1471 4418 1850 4489 χαλεπώτατον

159 4513 345 4574 τοῦτο,
373 4512 456 4564 ὅτι
494 4509 562 4564 τά
594 4509 691 4580 μὲν
733 4507 792 4572 ἐξ
828 4505 993 4560 αὐτοῦ
1039 4505 1083 4536 ⁸ο
1129 4505 1274 4557 κακὰ
1307 4502 1552 4556 ἀθάνατα
1598 4503 1776 4572 μένειο
1815 4507 1848 4575 ἡ

157 4597 217 4650 δὲ
243 4594 414 4664 ἡδονὴ
446 4591 583 4663 ὁμοῦ
629 4609 688 4644 τε
742 4591 917 4660 ἐφάνη
969 4589 1063 4644 καὶ
1106 4588 1349 4659 άπέπτη.
1397 4587 1495 4640 Διά
1541 4587 1712 4641 ταῦτα
1760 4583 1851 4640 οὖν

161 4677 522 4748 βασκαίνεις;
576 4675 699 4727 εἰπέ
754 4691 864 4744 μοι.
923 4671 1061 4725 Ἀλλ’
1103 4671 1350 4736 ἐξουσίαν
1403 4669 1514 4740 ἔχει
1567 4670 1719 4741 παρά
1773 4671 1851 4741 τῷ

159 4757 460 4830 κρατοῦντι
495 4756 714 4826 πολλὴν,
742 4756 836 4808 καὶ
867 4755 989 4822 ἄγει
1019 4755 1111 4808 καὶ
1145 4754 1298 4825 φέρει
1330 4753 1505 4808 πάντα
1538 4753 1660 4806 61:0:
1686 4753 1848 4816 θέλει,

159 4845 258 4897 καὶ
285 4842 416 4904 τοὺς
449 4838 885 4910 προσκρούοντας
921 4838 1099 4904 λυπεῖ,
1155 4838 1248 4891 καὶ
1290 4838 1417 4901 τοὺς
1460 4835 1851 4897 κολακεύοντας

157 4926 465 4996 εὐεργετεῖ,
493 4923 588 4976 καὶ
630 4921 830 4992 πολλὴν
862 4922 972 4991 ἔχει
1015 4921 1260 4990 δύναμιν.
1297 4919 1574 4972 Βιωτικῶν
1601 4919 1644 4950 ἰ
1679 4917 1852 4970 ταῦτα

157 5010 228 5064 τά
275 5009 520 5080 ῥήματα,
556 5006 650 5058 καὶ
686 5004 795 5057 τῶν
823 5008 889 5076 τῇ
947 5007 1016 5074 γῇ
1067 5004 1505 5074 προσηλωμένων
1551 5001 1850 5071 ἀνθρώπων

159 5093 301 5146 ἐστί.
337 5091 442 5144 Τὸν
485 5089 594 5160 γὰρ
644 5088 1010 5158 πνευματικὸν
1056 5087 1208 5139 οὐδὲν
1262 5085 1502 5155 λυπῆσαι
1543 5085 1846 5156 δυνήσεται.

159 5178 228 5230 Τί
291 5176 404 5246 γὰρ
457 5174 605 5245 αὐτῷ
653 5177 700 5207 ¹²
745 5173 1038 5244 ἐργάσεται
1103 5171 1318 5236 δεινόν;
1379 5169 1850 5241 ἀποχειροτονήσει

157 5261 261 5330 τῆς
321 5256 514 5322 ἀξίας;
569 5257 678 5309 Καὶ
731 5257 782 5308 τί
841 5255 1030 5320 τοῦτο;
1065 5256 1160 5307 Ἂν
1201 5256 1298 5326 μὲν
1336 5255 1444 5326 γάρ
1485 5254 1724 5316 δικαίως,
1757 5252 1851 5305 καὶ

157 5339 457 5410 ὠφελεῖται
477 5357 491 5371 ο
519 5341 672 5394 οὐδὲν
701 5340 808 5409 γὰρ
832 5339 974 5393 οὑτω
1001 5339 1288 5411 παροξύνει
1322 5339 1475 5402 Θεὸν,
1506 5339 1582 5402 ὡς
1625 5337 1686 5390 τὸ
1720 5336 1850 5406 παρ’

1267 382 1335 439 IN
1374 384 1791 442 nummum
1832 383 2066 441 ιιοιίιι..
2106 383 2220 439 XL.
2260 385 2330 441 al.
2373 340 2510 439 x'u.

3528 387 3630 444 4M

1955 503 2180 563 ἐκεῖνον,
2210 501 2309 553 οὐκ
2341 501 2433 552 ἐπὶ
2466 499 2653 552 τοῦτον
2680 502 2882 570 χωρεῖ’
2917 501 2944 553 6
2977 499 3085 572 γὰρ
3113 501 3312 566 ἀδίκως
3340 519 3395 556 τι
3425 503 3634 562 παθὼν.

1954 585 2050 636 καὶ
2079 583 2337 652 γενναίως
2370 581 2626 649 ἐνεγκὼν,
2660 583 2880 635 πλείονα
2919 582 3086 653 ταύτῃ
3130 586 3325 637 κτᾶται
3373 584 3508 655 πρὸς
3545 587 3637 639 τὸν

1954 668 2087 720 Θεὸν
2111 666 2209 736 τὴν
2235 665 2569 736 παρρησίαν.
2602 667 2692 737 Μὴ
2733 665 2909 720 τοίνυν
2945 665 3104 719 τοῦτο
3133 674 3444 738 σκοπῶμεν,
3487 670 3636 732 ὅπως

1953 742 2103 818 ὦμεν
2144 751 2201 800 ἐν
2249 747 2610 810 δυναστείαις,
2653 748 2748 800 καὶ
2793 748 2849 800 ἐν
2891 750 3092 817 τιμαῖς,
3134 750 3226 801 καὶ
3254 752 3311 802 ἐν
3345 749 3634 815 ἐξουσίαις,

1953 832 2070 885 ἀλλ’
2097 832 2245 893 ὅπως
2277 825 2424 900 ὦμεν
2457 833 2515 882 ἐν
2539 831 2704 901 ἀρετῇ
2753 832 2847 884 καὶ
2891 831 3194 902 φιλοσοφίᾳ..
3243 833 3331 896 Ὠς
3363 835 3424 886 αῖ
3455 851 3518 901 γε
3551 834 3639 899 ἐξ-

1953 915 2129 968 ουσίαι
2161 914 2328 966 πολλὰ
2351 913 2459 966 τῶν
2485 913 2563 984 τῷ
2589 914 2706 984 Θεῷ
2737 914 2812 984 μὴ
2839 914 3136 968 δοκούντων
3163 920 3335 968 ποιεῖν
3364 917 3632 981 πείθουσι,

1956 1001 2047 1053 καὶ
2080 999 2285 1070 σφόδρα
2328 999 2579 1068 νεανικῆς
2627 997 2708 1050 δεῖ
2751 997 2950 1067 ψυχῆς,
2995 998 3134 1052 ὥστε
3178 1001 3242 1068 τῇ
3297 997 3514 1069 ἐξουσία
3556 1001 3633 1063 είς

1953 1082 2070 1135 δέον
2099 1081 2425 1152 χρήσασθαι.
2463 1081 2521 1132 Ὀ
2556 1081 2653 1150 μὲν
2685 1079 2796 1149 γάρ
2829 1081 3270 1150 ἀπεστερημένος
3319 1082 3505 1151 αὐτῆς,
3540 1081 3634 1134 καὶ

1953 1163 2094 1217 ἑκὼν
2125 1163 2218 1216 καὶ
2254 1164 2401 1217 ἄκων
2427 1161 2734 1230 φιλοσοφεῖ·
2767 1163 2794 1214 6
2825 1161 2881 1213 δέ
2915 1162 3201 1214 ἀπολαύων
3241 1163 3431 1234 αὐτῆς,
3461 1163 3636 1216 τοιοῦ-

1960 1250 2042 1300 τόν
2067 1265 2120 1300 τι
2153 1246 2373 1315 πάσχει,
2401 1240 2510 1298 οἷον
2549 1245 2613 1298 ἂν
2644 1245 2694 1296 εῖ
2720 1261 2803 1307 τις
2838 1244 2976 1317 κόρῃ
3020 1245 3280 1298 συνοικῶν
3309 1246 3504 1298 εὐειδεῖ
3539 1247 3636 1298 καὶ

1954 1331 2112 1400 καλῇ,
2166 1329 2364 1398 νόμους
2409 1328 2618 1392 δέξαιτο
2664 1325 2812 1398 [M3]
2873 1327 3138 1398 μηδέποτε
3183 1330 3261 1390 είς
3300 1329 3465 1398 αὐτὴν
3505 1329 3633 1382 ίδεῖν

1952 1412 2282 1474 ἀκολάστως.
2335 1410 2584 1464 Τοιοῦτον
2616 1411 2725 1480 γὰρ
2759 1411 2792 1479 ἡ
2841 1409 3077 1475 ἐξουσία.
3131 1411 3220 1462 Διὸ
3273 1411 3500 1475 πολλοὺς
3539 1413 3635 1466 καί⁵

1953 1495 2184 1557 ἄκοντας
2215 1496 2293 1557 εἰς
2326 1494 2386 1546 τὸ
2416 1493 2656 1564 ὑϐρίζειν
2689 1491 2932 1552 ἐνέϐαλε,
2971 1494 3063 1545 καὶ
3099 1493 3265 1563 θυμὸν
3303 1494 3510 1564 ἤγειρε,
3539 1495 3635 1547 καί⁵

1953 1579 2164 1648 χαλινὸν
2198 1576 2440 1647 γλώττης
2471 1575 2678 1645 ἀφεῖλε,
2708 1575 2800 1628 καὶ
2827 1575 2996 1644 θύραν
3033 1575 3304 1640 ἀνέσπασε
3346 1577 3631 1645 στόματος,

1953 1661 2141 1730 ὧσπερ
2164 1659 2268 1711 ὑπὸ
2295 1659 2598 1728 πνεύματος
2626 1657 2722 1728 τὴν
2745 1656 2920 1728 ψυχὴν
2944 1657 3393 1730 ἀναρριπίζουσα,
3427 1661 3520 1711 καὶ
3552 1661 3634 1722 είς

1952 1740 2042 1794 τὸν
2072 1742 2295 1811 ἔσχατον
2327 1741 2434 1793 τῶν
2475 1739 2660 1792 κακῶν
2695 1739 2852 1808 βυθὸν
2900 1741 3367 1804 καταποντίζουσα
3399 1741 3457 1792 τὸ
3497 1741 3632 1794 σκά-

1953 1841 2070 1892 φος.
2100 1824 2202 1876 Τὸν
2240 1820 2332 1878 οὖν
2357 1823 2404 1854 ’⁸
2434 1825 2489 1876 ἐν
2517 1822 2756 1892 τοσούτῳ
2782 1823 3008 1892 κινδύνῳ
3043 1823 3360 1893 θαυμάζεις,
3407 1824 3500 1876 καὶ
3535 1823 3632 1894 ζη-

1950 1904 2118 1958 λωτὸν
2149 1901 2288 1959 εἶναι
2337 1905 2476 1976 φῄς;
2517 1905 2612 1957 καὶ
2658 1905 2828 1975 πόσης
2868 1904 3040 1958 ταῦτα
3090 1906 3309 1973 ἁνοίας;
3349 1907 3632 1976 Ἐννόησον

1950 1987 2079 2056 γοῦν
2106 1988 2244 2058 μετά
2270 1987 2378 2039 τῶν
2409 1987 2728 2058 εἰρημένων,
2758 1987 2956 2050 πόσους
2982 1989 3207 2058 ἐχθροὺς
3252 1990 3346 2041 καὶ
3393 1990 3630 2060 κατηγό-

1956 2087 2100 2141 ρους,
2135 2071 2334 2131 πόσους
2373 2069 2430 2122 δέ
2475 2069 2714 2131 κόλακας
2740 2063 2895 2132 οὗτος
2938 2070 3050 2140 ἔχει
3078 2071 3495 2144 πολιορκοῦντας
3529 2074 3633 2127 αὐ-

1949 2154 2061 2208 τόν.
2085 2151 2248 2205 Ταῦτ’
2270 2147 2382 2215 οὖν,
2407 2151 2527 2203 είπέ
2564 2168 2674 2221 μοι,
2704 2152 3066 2222 μακαρισμῶν
3098 2152 3258 2219 ἀξιας
3297 2154 3408 2206 Καὶ
3445 2154 3529 2216 τίς
3565 2155 3632 2208 ἂν

1951 2234 2110 2288 τοῦτο
2132 2234 2311 2298 εἴποι;
2349 2233 2508 2286 Ἀλλὰ
2535 2234 2682 2303 παρά
2719 2233 2796 2304 τῷ
2817 2233 2952 2302 λαῷ,
2976 2234 3159 2304 φησὶν,
3189 2235 3482 2305 εὐδοκιμεῖ.
3521 2237 3633 2290 Καὶ

1951 2317 2004 2369 τί
2044 2315 2235 2381 τοῦτο;
2277 2317 2350 2368 Οὐ
2395 2317 2504 2385 γάρ
2531 2315 2595 2384 δὴ
2636 2317 2664 2367 6
2693 2316 2818 2379 λαός
2847 2319 2991 2368 ἐστιν
3015 2318 3043 2369 6
3068 2316 3218 2381 Θεὸς,
3307 2318 3489 2387 μέλλει
3528 2317 3633 2383 τάς

1953 2400 2179 2463 εὐθύνας
2198 2401 2608 2469 ὑπέχειν.Ὤστε
2629 2401 2756 2452 ὅταν
2773 2399 2897 2451 λαὸν
2919 2397 3100 2470 εἴπῃς,
3121 2401 3273 2452 οὐδὲν
3291 2401 3416 2453 ἄλλο
3429 2401 3628 2470 λέγεις,

1953 2481 1986 2554 ἢ
2025 2483 2320 2553 προϐόλους
2358 2481 2600 2550 ἐτέρους,
2635 2482 2726 2534 καὶ
2761 2482 3072 2547 σκοπέλους,
3109 2483 3203 2534 καὶ
3244 2483 3498 2552 ὑφάλους,
3535 2487 3632 2538 καὶ

1954 2564 2234 2629 σπιλάδας.
2260 2565 2332 2618 Τὸ
2357 2563 2463 2633 γάρ
2495 2563 2798 2634 εὐδοκιμεῖν
2825 2567 2882 2617 ἐν
2911 2565 3086 2635 δήμῳ,
3115 2566 3224 2635 ὅσῳ
3257 2565 3633 2639 λαμπρότερον

1952 2651 2115 2713 ποιεῖ,
2141 2647 2381 2718 τοσούτῳ
2431 2646 2647 2716 μείζους
2685 2647 2796 2716 ἔχει
2836 2647 2962 2710 τούς
3006 2646 3302 2714 κινδύνους,
3335 2650 3432 2710 τὰς
3466 2667 3634 2720 φρον-

1951 2732 2140 2797 τίδας,
2192 2732 2289 2794 τάς
2337 2730 2594 2800 ἀθυμίας.
2649 2729 3012 2783 Ἀναπνεῦσαι
3066 2730 3174 2801 γάρ
3224 2733 3252 2783 6
3303 2732 3543 2796 τοιοῦτος
3596 2734 3632 2804 ἢ

1953 2815 2146 2882 στῆναι
2180 2817 2239 2866 οὐ
2288 2813 2509 2866 δύναται
2559 2813 2714 2876 ὅλως,
2761 2813 2902 2866 οὑτω
2940 2815 3134 2884 πικρὸν
3180 2815 3317 2884 ἔχων
3344 2817 3632 2889 δεσπότην.

1952 2899 2063 2952 Καὶ
2089 2899 2142 2949 τί
2163 2897 2307 2964 λέγω
2341 2897 2528 2967 στῆναι
2564 2896 2656 2949 καὶ
2674 2897 2719 2926 ’³
2749 2896 3118 2961 ἀναπνεῦσαι;
3149 2898 3268 2951 Κᾶν
3312 2900 3477 2972 μυρία
3505 2918 3636 2953 κατ-

1951 2980 2247 3052 ορθώματα
2283 2981 2381 3052 ἔχῃ
2413 2983 2441 3033 6
2481 2979 2741 3043 :0:06:0;,
2774 2980 3046 3044 δυσκόλως
3089 2983 3168 3044 είς
3212 2981 3486 3051 βασιλείαν
3516 2985 3634 3036 εἰσ-

1953 3065 2193 3134 έρχεται.
2253 3065 2418 3118 Οὐδὲν
2464 3063 2572 3134 γὰρ
2615 3063 2787 3127 οὕτως
2840 3064 3287 3135 ἐκτραχηλιάζειν
3319 3068 3363 3098 ’⁵
3420 3067 3633 3132 εἴωθεν,

1951 3147 2028 3210 ὼς
2050 3149 2082 3218 ἡ
2110 3147 2263 3217 παρά
2283 3146 2391 3198 τῶν
2417 3146 2628 3198 πολλῶν
2651 3146 2799 3210 δόξα,
2824 3145 3050 3211 δειλοὺς,
3081 3148 3347 3214 ἀγεννεῖς,
3374 3149 3632 3215 κόλακας,

1953 3229 2254 3301 ὑποκριτάς
2288 3228 2535 3281 ποιοῦσα.
2571 3229 2728 3290 Τίνος
2767 3227 2897 3296 γοῦν
2925 3228 3110 3282 ἕνεκεν
3143 3230 3193 3282 οί
3220 3231 3503 3301 Φαρισαῖοι
3542 3231 3633 3284 τὸν

1952 3314 2189 3385 Χριστὸν
2228 3313 2412 3381 ἔλεγον
2461 3313 2758 3383 δαιμονᾷν;
2799 3313 2899 3365 οὐκ
2941 3313 3128 3383 ἐπειδὴ
3182 3314 3282 3380 τῆς
3334 3315 3484 3386 παρὰ
3523 3316 3634 3368 τῶν

1953 3397 2166 3450 πολλῶν
2198 3397 2506 3466 ἐπεθύμουν
2532 3396 2729 3464 δόξηςς
2758 3395 2933 3448 Πόθεν
2957 3395 3016 3467 δὲ¹
3043 3397 3092 3448 οί
3120 3396 3305 3449 πολλοὶ
3337 3398 3434 3468 τὴν
3465 3399 3634 3469 ὀρθὴν

1963 3480 2095 3550 περὶ
2124 3479 2290 3531 αὐτοῦ
2315 3479 2508 3549 ἔφερον
2533 3479 2747 3547 ψῆφον;
2780 3477 2896 3532 Οὐκ
2916 3478 3106 3550 ἐπειδὴ
3143 3478 3320 3550 τούτῳ
3354 3482 3413 3532 οὐ
3449 3483 3635 3535 κατεί-

1952 3578 2110 3632 χοντο
2140 3561 2216 3631 τῷ
2254 3563 2560 3630 νοσήματις
2597 3561 2763 3613 Οὐδὲν
2794 3561 2924 3632 γὰρ,
2977 3561 3132 3613 οὐδὲν
3164 3561 3306 3614 οὕτω
3348 3567 3496 3615 ποιεῖ
3530 3582 3636 3617 πα-

1958 3645 2226 3715 ρανόμους
2275 3645 2370 3697 καὶ
2417 3645 2700 3715 ἀνοήτους,
2749 3643 2824 3705 ὡς
2856 3642 2916 3694 τὸ
2961 3644 3097 3714 πρὸς
3144 3645 3243 3715 τὴν
3272 3645 3379 3697 τῶν
3423 3643 3632 3699 πολλῶν

1952 3729 2242 3798 κεχηνέναι
2290 3726 2482 3790 δόξαν·
2519 3726 2670 3779 οὐδὲν
2711 3725 3029 3795 εὐδοκίμους
3083 3726 3175 3778 καὶ
3217 3726 3629 3796 ἀδαμαντίνους,

1951 3809 2028 3872 ὡς
2075 3810 2138 3862 τὸ
2179 3809 2380 3880 ταύτης
2415 3811 2708 3880 ὑπερορᾷν.
2761 3809 2853 3861 Διὸ
2881 3809 2973 3861 καὶ
3017 3809 3221 3880 σφόδρα
3271 3812 3524 3880 νεανικῆς
3553 3812 3634 3864 δεῖ

1951 3892 2132 3962 ψυχῆς
2171 3892 2250 3962 τῷ
2289 3892 2534 3962 μέλλοντι
2565 3893 2702 3963 πρὸς
2739 3891 3007 3960 τοσαύτην
3055 3892 3300 3961 ἀντέχειν
3329 3892 3508 3962 ρύμην
3541 3896 3632 3945 καὶ

1955 3974 2076 4044 βίαν
2105 3975 2434 4044 πνεύματος.
2469 3973 2572 4026 Καὶ
2594 3976 2700 4044 γὰρ
2732 3976 2858 4027 ὅταν
2890 3975 3157 4042 εὐημερῇ,
3191 3973 3407 4024 πάντων
3437 3974 3632 4026 ἐαυτὸν

1953 4057 2242 4128 προτίθησι
2269 4074 2281 4087 ·
2315 4057 2408 4110 καὶ
2433 4058 2559 4109 ὅταν
2588 4058 2845 4110 τάναντία
2873 4057 3164 4125 ὑπομείνῃ,
3189 4056 3481 4125 κατορύξαι
3509 4057 3632 4108 ἐαυ-

1951 4139 2043 4191 τὸν
2082 4139 2328 4208 βούλεται
2351 4156 2365 4168 ·
2402 4140 2495 4191 καὶ
2523 4139 2678 4191 τοῦτο
2706 4138 2852 4208 αὐτῷ
2891 4139 2986 4191 καὶ
3016 4137 3211 4205 γέεννα
3239 4137 3332 4189 καὶ
3361 4137 3628 4207 βασιλεία,

1952 4223 2081 4274 ὅταν
2107 4223 2436 4295 ὑποϐρύχιος
2467 4226 2571 4278 ὑπὸ
2600 4225 2694 4278 τοῦ
2725 4224 2928 4288 πάθους
2956 4225 3178 4295 γένηται
3205 4222 3418 4277 τούτου.

2025 4342 2086 4396 ε’.
2115 4343 2298 4396 Ταῦτα
2338 4339 2431 4397 οὖν
2480 4344 2690 4414 φθόνων
2736 4343 2881 4410 ἀξια,
2928 4342 3046 4396 εἰπέ
3102 4359 3189 4411 μοι
3218 4343 3299 4406 “;
3347 4341 3461 4394 ἀλλ’
3511 4342 3633 4412 οὐχὶ

1954 4425 2166 4496 θρήνων
2197 4428 2289 4480 καὶ
2326 4427 2614 4499 δακρύων;
2662 4428 2831 4481 Παντί
2878 4445 2979 4480 που
3023 4426 3199 4496 δῆλον.
3230 4427 3302 4479 Σὺ
3351 4428 3408 4480 δέ
3436 4427 3631 4480 ταύτὸν

1955 4512 2126 4570 ποιεῖς
2153 4509 2361 4576 φθονῶν
2395 4510 2473 4579 τῷ
2511 4509 2682 4573 οὕτως
2708 4508 3102 4579 εὐδοκιμοῦντι,
3134 4508 3322 4579 ὥσπερ
3366 4509 3431 4562 ἂν
3462 4509 3513 4560 εἰ
3547 4525 3632 4570 τις

1952 4589 2234 4660 δεδεμένον
2285 4591 2408 4646 ἰδὼν
2457 4595 2552 4646 καὶ
2600 4593 3086 4664 μεμαστιγωμένον
3123 4594 3217 4646 καὶ
3276 4593 3380 4645 ὐπὸ
3421 4593 3633 4662 μυρίων

1954 4673 2246 4744 ἑλκόμενον
2272 4676 2498 4748 θηρίων,
2529 4679 2850 4730 ἐϐάσκαινεν
2881 4676 3030 4746 αὐτῷ
3052 4676 3162 4728 τῶν
3187 4677 3518 4746 τραυμάτων
3539 4679 3633 4731 καὶ

1957 4758 2256 4826 μαστίγων.
2301 4761 2409 4812 Καὶ
2442 4760 2551 4830 γάρ
2587 4762 2744 4822 ὅσους
2789 4759 2855 4812 ἂν
2891 4757 3207 4829 ἀνθρώπους
3252 4759 3281 4810 6
3308 4758 3478 4829 δῆμος
3509 4759 3628 4829 ἔχῃ,

1951 4840 2238 4904 τοσούτους
2279 4843 2374 4895 καὶ
2410 4839 2564 4906 οὗτος
2597 4841 2850 4912 δεσμοὺς,
2887 4842 3173 4904 τοσούτους
3206 4841 3502 4905 δεσπόταςο
3538 4845 3631 4896 καὶ

1953 4920 2014 4973 :6
2040 4922 2104 4991 δὴ
2157 4923 2556 4994 χαλεπώτερον,
2599 4925 2681 4976 6::
2731 4926 2825 4976 καὶ
2870 4923 3124 4994 διάφορον
3154 4925 3356 4979 τούτων
3400 4927 3630 4990 ἕκαστος

1954 5003 2180 5074 γνώμην
2209 5006 2342 5074 ἔχει,
2378 5008 2472 5059 καὶ
2509 5007 2576 5058 τά
2607 5007 2828 5058 ἐπιόντα
2872 5007 2999 5078 περὶ
3027 5006 3121 5060 τοῦ
3163 5008 3504 5071 δουλεύοντος
3534 5009 3628 5061 αὐ·

1953 5088 2064 5148 τοῖς
2091 5087 2419 5158 ψηφίζονται
2458 5089 2678 5152 πάντες,
2707 5089 2860 5142 οὐδὲν
2889 5089 3294 5158 βασανίζοντες,
3336 5091 3451 5143 ἀλλ’
3485 5091 3629 5159 άπερ

1955 5169 2021 5223 ἂν
2041 5171 2119 5241 τῷ
2141 5171 2270 5226 δεῖνι
2299 5173 2426 5246 δόξῃ
2460 5173 2554 5225 καὶ
2587 5171 2664 5242 τῷ
2693 5173 2844 5238 δεῖνι,
2879 5172 3052 5226 ταῦτα
3083 5173 3174 5226 καὶ
3214 5175 3366 5227 αὐτοὶ
3401 5173 3629 5242 κυροῦν-

1952 5271 2063 5316 τες.
2100 5255 2272 5308 Ποίων
2304 5252 2396 5308 οὖν
2424 5255 2594 5309 ταῦτα
2636 5257 2916 5326 κυμάτων,
2948 5255 3099 5310 ποίου
3142 5256 3406 5316 κλύδωνος
3434 5257 3494 5307 οὐ
3524 5271 3626 5323 χα-

1951 5336 2235 5409 λεπώτερα
2261 5354 2274 5402 ;
2310 5339 2420 5392 Καὶ
2451 5340 2557 5410 γάρ
2581 5338 2675 5391 καὶ
2702 5341 2937 5406 φυσᾶται
2968 5339 3162 5408 ἀθρόον
3189 5340 3292 5392 ὑπὸ
3310 5340 3404 5406 τῆς
3435 5335 3627 5406 ἡδονῆς

158 5425 322 5490 ἀξίαν
357 5423 634 5494 ἱερᾶσθαι·
669 5423 734 5479 ἂν
771 5423 828 5478 δὲ
863 5423 1084 5488 ἀδίκως,
1137 5422 1197 5476 τὸ
1245 5421 1496 5493 ἔγκλημα
1551 5420 1712 5474 πάλιν
1763 5420 1861 5471 ἐπὶ
1950 5423 1980 5475 6
2011 5423 2271 5488 τοιοῦτος,
2305 5424 2398 5476 καὶ
2435 5423 2751 5494 βαπτίζεται
2780 5423 2941 5478 πάλιν
2977 5425 3231 5487 εὐκόλως,
3264 5425 3320 5474 ἐν
3343 5418 3626 5490 ἀνωμαλία

234 5602 277 5633 “
313 5599 566 5669 νηστεύει
607 5598 741 5654 Εᾱεξυ
770 5615 820 5657 e:
851 5603 930 5658 sic
964 5619 1046 5670 pr.
1087 5602 1148 5655 Ε.
1186 5600 1260 5656 De
1290 5573 1846 5670 εοίιεοὶεῐιιοξιιίιιίᾐἰπὶ¹

1968 5597 2226 5670 σιμά-ρ.
2251 5597 2492 5670 ιριᾼΕᾉ
2519 5600 2562 5630 ι’
2600 5600 2712 5653 Οὐκ
2743 5601 2954 5670 ἐκεῖνον
2981 5597 3100 5668 μέν]
3131 5596 3222 5670 Sic
3245 5595 3309 5670 F.
3344 5594 3438 5647 Ge.
3469 5597 3621 5670 ᾼηιι.

159 5689 217 5728 c:
253 5670 409 5725 Flor.
451 5687 504 5740 p.
537 5670 664 5726 245.
685 5671 918 5726 Ἐκεῖνον
951 5674 1068 5740 μέν.
1094 5671 1156 5727 C.
1203 5671 1264 5725 D.
1303 5672 1538 5740 Ἐκεῖνον

163 5746 209 5776 υ
247 5737 476 5806 τούτους
501 5742 576 5810 ,οὐ
607 5741 698 5793 τὸν
729 5743 793 5794 Δ.
836 5741 896 5794 Ε.
925 5737 1109 5797 οἰηιιιτι
1145 5741 1291 5795 Flor.
1316 5752 1370 5795 et
1395 5737 1612 5810 V’erss;
1658 5739 1699 5770 ³⁸
1728 5737 1846 5807 χείρ

1966 5737 2050 5810 _CL
2064 5741 2244 5810 χεῖρον
2279 5739 2426 5794 Flor.
2507 5741 2548 5770 ¹⁶
2570 5740 2703 5810 γένῃ
2729 5741 2859 5810 Edd.

1715 5801 1760 5839 "6
1799 5801 1985 5878 αὐτοῦ]
2021 5801 2111 5863 Si:
2138 5801 2272 5863 Mor.
2297 5821 2350 5864 el
2372 5811 2531 5864 codd.
2562 5801 2743 5864 αὐτῶν
2780 5809 2906 5863 Sav.
2927 5808 3059 5862 Ben.
3102 5809 3145 5839 ²¹

161 5816 264 5868 Ge.
337 5812 394 5883 _"'
433 5809 512 5883 δέ]
548 5811 801 5883 addita:
834 5811 971 5866 Edd.
1050 5815 1091 5846 ¹⁹
1134 5813 1226 5883 κοιλἸ
1257 5813 1456 5882 μᾶλλον
1484 5811 1542 5863 δέ
1576 5809 1635 5862 F.

1571 5668 1669 5739 μὲν
1696 5667 1890 5739 γάρΑ.
2058 5668 2100 5698 ¹³
2142 5666 2233 5722 Sic
2260 5667 2320 5723 Ε.
2346 5668 2408 5724 F.
2435 5667 2582 5724 Flor.
2619 5673 2798 5726 caueri
2830 5673 2942 5738 ἀπή

2947 5665 3124 5721 λαυεν.
3150 5665 3454 5718 ἀπέλαυσεν
3486 5666 3622 5723 Edd.

2941 5739 2981 5771 "
3008 5735 3204 5790 ταῦταῖ
3263 5737 3431 5789 πάντα
3477 5736 3621 5790 Flor.

3220 5806 3472 5878 ιωτικῶν]
3496 5806 3621 5860 add.

165 5906 199 5964 1.-
213 5879 572 5964 ροσιὶέπίονῖξ.
599 5881 725 5964 agt}.
749 5883 1088 5964 πραγμάτων
1185 5879 1838 5964 Nc'y'lrum-931mg“:ull‘h:

1961 5898 2019 5948 ηρ.
2055 5879 2173 5964 ἔξω(
2211 5879 2512 5964 ἀνθρῶπων
2543 5897 2652 5964 οιξι.
2678 5882 2762 5964 Α..
2820 5882 2865 5964 ’ξ
2895 5879 3241 5964 016:6V‘A.'F.
3269 5889 3319 5933 el
3346 5894 3488 5964 r‘orlr.
3515 5892 3624 5964 ιΙςε.

168 5947 232 6010 υζ
314 5953 360 5983 ’³
402 5953 466 6005 Τί
495 5947 582 6006 06‘?
619 5951 756 6007 Mor.
784 5947 916 6008 Bch.
948 5970 1041 6006 cur
1073 5955 1233 6022 igitur
1263 5954 1359 6008 (Sc.

1439 5944 1642 6021 “3115]
1677 5951 1708 6021 ἦ
1738 5949 1882 6005 (1.1).
1916 5944 1982 6002 ΕΣ
2056 5952 2100 5982 ’⁵
2141 5944 2552 6022 ἐκτραχηλίζειν
2578 5949 2638 6004 F.
2717 5951 2763 5983 ²⁶
2808 5950 2928 6003 εἰπέ
2968 5948 3081 6021 μοι]
3117 5949 3486 6020 είποιμιΛ.ίὲ.
3524 5944 3587 6001 ι).
