4042 6218
352 375 456 433 £45

351 487 550 551 deficit,
593 485 672 542 vel
711 486 826 540 sine
863 497 1108 538 mensura
1152 481 1392 547 lzetatur;
1425 482 1565 552 quod
1606 483 1721 550 ipso
1745 481 1928 536 dolore

350 577 581 632 deterius
607 586 706 630 est.
739 573 886 639 Quod
906 583 1083 628 autem
1115 571 1355 640 voluptas
1393 587 1498 625 non
1524 573 1589 623 sit
1616 571 1789 623 minus
1815 585 1928 623 ma-

351 669 475 732 lum,
505 685 660 737 quam
688 667 859 731 dolor,
892 665 1223 720 manifestum
1263 675 1344 720 cst
1371 681 1438 720 ex
1475 666 1634 718 modo
1675 680 1780 734 quo
1806 666 1925 718 ani-

350 779 492 815 mum
518 771 752 815 nostrum
782 760 972 821 afficit;
1007 759 1176 813 levem
1205 760 1343 812 enim
1373 759 1518 812 illum
1542 757 1734 822 reddit,
1762 758 1925 811 subli-

349 867 487 905 mem
513 860 564 904 et
592 850 742 920 quasi
781 851 878 903 alis
909 851 1248 904 inSIructum.
1285 849 1351 902 Et
1378 849 1479 903 hoc
1506 864 1534 902 a
1566 849 1754 916 priscis
1794 849 1924 903 viris

344 955 564 994 cernere
593 950 692 994 est.
719 938 1064 1008 Quandonam
1097 941 1253 1008 igitur
1276 939 1472 1008 probus
1500 949 1612 993 erat
1638 939 1795 992 David
1814 940 1836 993 ?
1855 954 1921 993 an

343 1046 463 1085 cum
515 1031 814 1101 gaudebat,
881 1048 946 1084 an
1004 1047 1123 1086 cum
1177 1032 1227 1084 in
1279 1031 1518 1100 anguSIia
1576 1031 1922 1084 versabalur?

340 1125 560 1191 Quando
583 1125 830 1180 Judaicus
855 1125 1117 1195 populus?
1142 1139 1206 1176 an
1231 1139 1350 1177 cum
1377 1123 1657 1191 gemebant
1680 1133 1732 1176 et
1755 1123 1920 1176 Deum

340 1217 677 1282 invocabant,
699 1233 764 1270 an
787 1233 904 1271 eum
935 1217 1247 1271 ltetabantur
1279 1217 1328 1269 in
1357 1215 1589 1278 deserto,
1622 1225 1674 1267 ct
1696 1214 1918 1267 vitulum

337 1306 675 1361 adorabant?
715 1308 1046 1376 QuaprOpler
1080 1306 1352 1371 Salomon,
1402 1306 1490 1374 qui
1536 1307 1763 1358 maxime
1802 1320 1919 1357 om-

339 1397 484 1450 nium
515 1397 714 1451 sciebat
744 1397 868 1466 quid
899 1406 1040 1451 esset
1069 1396 1328 1464 voluptas,
1359 1394 1506 1455 dicit.
1540 1393 1724 1447 Melius
1750 1404 1821 1448 est
1845 1395 1920 1449 ire

337 1488 391 1540 in
420 1489 624 1540 domum
662 1489 843 1552 luctus,
873 1505 1025 1556 quam
1052 1489 1102 1540 in
1131 1487 1335 1540 domum
1364 1487 1494 1539 risus
1532 1486 1722 1553 (Eccle.
1753 1487 1804 1538 7.
1839 1487 1914 1554 5).

335 1577 404 1632 Et
443 1577 686 1635 Christus
737 1581 856 1634 illos
899 1580 1111 1649 quidem
1155 1579 1338 1633 beatos
1372 1579 1649 1648 praedicat,
1695 1578 1910 1642 dicens,

1354 368 1420 424 IN
1458 366 1862 424 MATTll/EUM
1903 369 2126 434 llOlllL.
2170 371 2303 426 XLI.
2344 373 2414 425 al.
2455 372 2616 428 XLII.

3506 384 3616 438 M6

2031 483 2172 536 Beati
2193 486 2279 552 qui
2305 483 2477 555 l'ugi’nt
2512 485 2719 554 (Matth.
2744 487 2797 541 5.
2823 487 2898 555 5),
2927 486 3024 541 hos
3049 503 3175 543 vero
3197 489 3420 545 miseros
3443 493 3569 548 dicit
3594 514 3604 545 :

2044 571 2129 626 l'a:
2156 573 2308 637 vobis,
2355 575 2440 642 qui
2479 575 2672 639 ridetis,
2715 577 2832 641 quia
2869 578 3050 644 ﬂebitis
3099 577 3248 646 (Luc.
3294 580 3348 634 6.
3393 581 3504 650 25).
3544 586 3610 640 Et

2026 661 2142 728 jure
2169 662 2380 730 quidem
2411 665 2600 717 merito
2628 682 2640 717 :
2673 680 2790 717 nam
2827 667 2876 718 in
2900 667 3168 736 voluptate
3201 670 3410 724 mollior
3439 680 3491 724 et
3518 687 3607 725 so—

2031 753 2191 806 lutior
2219 765 2299 807 est
2327 755 2522 820 anima,
2558 757 2610 809 in
2641 757 2782 810 luctu
2820 758 3174 825 contrahitur,
3204 770 3256 813 et
3296 762 3452 828 sapit,
3489 773 3540 816 et
3579 781 3607 816 a

2027 845 2276 913 congerie
2303 846 2319 875 ί
2347 847 2651 900 morborum
2688 849 2848 900 animi
2879 849 3147 916 liberatur,
3180 851 3456 905 sublimior
3483 853 3606 906 item

2027 942 2080 987 et
2122 933 2308 988 fortior
2345 945 2446 990 cst.
2476 935 2601 990 Hzec
2643 939 2818 990 omnia
2867 953 2986 991 cum
3039 941 3290 1008 sciamus,
3345 943 3607 1010 fugiamus

2027 1024 2168 1076 illam
2212 1025 2495 1078 multorum
2534 1028 2976 1082 existimationem
3008 1030 3226 1100 ejusque
3256 1033 3603 1100 voluptatem,

2027 1125 2084 1170 ut
2114 1133 2293 1170 veram
2339 1127 2393 1171 et
2441 1129 2741 1174 manentem
2787 1135 3000 1189 semper
3041 1123 3260 1191 gloriam
3312 1139 3604 1194 consequa-

2023 1222 2144 1260 mur
2174 1225 2187 1260 :
2217 1223 2372 1276 quam
2401 1209 2600 1262 utinam
2622 1225 2807 1264 omnes
2832 1214 3142 1277 sortiantur,
3171 1215 3338 1283 gratia
3367 1224 3420 1268 et
3450 1215 3603 1270 beni-

2023 1300 2222 1368 gnitate
2250 1300 2458 1354 Domini
2501 1303 2666 1355 nostri
2695 1301 2820 1356 Jcsu
2860 1302 3080 1368 Christi,
3109 1305 3190 1358 cui
3222 1306 3388 1374 gloria
3419 1315 3470 1360 ct
3500 1307 3602 1360 im-

2026 1392 2248 1460 perium,
2282 1393 2332 1447 in
2361 1394 2552 1448 saecula
2582 1395 2920 1450 smculorum.
2948 1399 3138 1450 Amen.

2084 1584 2102 1620 1
2138 1588 2277 1636 Savil.
2303 1595 2355 1638 et
2374 1589 2537 1639 Morel.
2564 1591 2765 1651 habent,
2788 1590 2990 1651 viticulo,
3017 1605 3121 1654 pro,
3145 1593 3384 1656 congerie.

1487 1787 1834 1848 HOMILIA
1891 1788 2058 1851 XLI.
2106 1791 2193 1851 al.
2237 1791 2433 1852 XLII.

333 1929 464 1986 CAP.
490 1931 574 1985 1‘2.
600 1947 649 1984 v.
675 1931 766 1984 ‘25.
793 1930 970 1984 Sciens
999 1940 1164 1982 autem
1190 1929 1338 1983 Jcsus
1365 1929 1687 1999 cogitationes
1714 1943 1909 1991 eorum,

403 2023 528 2075 dixit
558 2024 664 2075 eis:
693 2021 852 2074 Omne
889 2038 1095 2091 regnum
1128 2031 1301 2074 contra
1335 2038 1386 2074 se
1405 2021 1638 2079 divisum,
1664 2019 1913 2072 desolabi-

405 2121 484 2165 tur
506 2128 524 2164 :
541 2114 702 2165 omnis
717 2117 761 2164 ci
767 2114 889 2166 vitas
899 2120 942 2165 et
961 2112 1138 2165 domus
1153 2121 1326 2164 contra
1343 2127 1395 2164 se
1424 2109 1602 2170 divisa,
1619 2125 1718 2162 nou
1738 2109 1904 2163 stabit.

399 2202 488 2256 ‘26.
525 2203 586 2255 Et
615 2205 658 2258 si
681 2212 884 2256 satanas
912 2215 1141 2256 satanam
1168 2203 1320 2272 ejicit,
1368 2203 1603 2255 adversus
1632 2219 1684 2255 se
1723 2202 1910 2256 divisus

399 2303 492 2346 est.
523 2294 785 2358 Quomodo
808 2310 924 2363 ergo
944 2293 1091 2346 stabit
1122 2309 1329 2363 regnum
1355 2293 1506 2362 ejus?

400 2385 454 2438 1.
482 2382 710 2437 Christus
750 2401 837 2453 per
867 2401 1167 2436 arcanorum
1211 2385 1457 2448 notitiam,
1503 2383 1738 2437 deitatem
1763 2400 1908 2438 suam

325 2476 787 2530 declarat.-Jam
820 2485 1200 2531 accusaverant
1228 2477 1396 2540 illum,
1435 2475 1572 2544 quod
1598 2476 1647 2528 in
1695 2475 1907 2530 Beelze-

323 2568 433 2622 bub
463 2568 478 2598 ¹
506 2567 721 2636 ejiccret
743 2567 1022 2621 daemonia.
1051 2567 1154 2622 Sed
1176 2578 1299 2621 tunc
1327 2581 1429 2621 non
1456 2567 1746 2635 increpavit
1774 2581 1902 2631 eos;

322 2672 509 2709 verum
536 2672 600 2711 ex
629 2658 792 2726 signis
820 2657 1059 2725 plurimis
1084 2657 1386 2710 facultatem
1411 2655 1558 2710 dedit
1579 2656 1656 2710 eis
1683 2671 1791 2710 suae
1815 2671 1906 2710 co-

321 2747 640 2817 gnoscenda:
673 2749 965 2816 poteSIatis,
995 2763 1166 2816 exque
1205 2747 1446 2802 doctrina
1485 2746 1902 2816 magnitudinem

321 2852 472 2892 suam
503 2838 730 2892 edocuit.
755 2837 886 2904 Quia
907 2853 1034 2892 vero
1055 2837 1240 2892 eadem
1265 2837 1442 2892 dicere
1465 2837 1898 2906 perseverabant,

322 2928 442 2982 illos
468 2927 680 2982 demum
723 2929 1000 2998 increpat:
1031 2929 1132 2982 hoc
1178 2929 1347 2997 primo
1372 2937 1686 2997 argumento
1727 2927 1898 2981 deita-

321 3028 428 3072 tem
459 3033 606 3072 suatn
647 3018 954 3083 ostendens,
989 3018 1124 3088 quod
1175 3032 1366 3086 nempe
1403 3032 1596 3071 arcana
1631 3033 1813 3070 eorum
1848 3019 1898 3070 in

320 3108 553 3164 medium
587 3109 904 3172 adduceret;
932 3109 1166 3163 secundo
1205 3117 1404 3174 autem,
1444 3109 1584 3177 quod
1630 3108 1898 3164 dzemonas

321 3202 474 3258 facile
499 3202 736 3271 ejiceret.
764 3201 1090 3271 Quamquam
1121 3200 1403 3256 admodum
1433 3201 1713 3271 impudens
1736 3218 1896 3256 accu-

318 3292 454 3346 satio
477 3301 608 3347 erat.
649 3293 801 3359 Nam,
835 3305 892 3348 ut
935 3295 1062 3358 dixi,
1102 3293 1295 3348 invidia
1342 3310 1446 3349 non
1485 3295 1728 3363 explorat
1771 3297 1896 3364 quid

315 3385 476 3448 dicat,
510 3385 602 3440 sed
645 3395 843 3442 temere
873 3387 1123 3455 loquitur.
1168 3387 1411 3440 Attamen
1457 3402 1522 3440 ne
1559 3387 1636 3441 sic
1681 3388 1895 3456 quidem

316 3486 534 3546 agentes
556 3477 798 3547 despexit
824 3479 1087 3544 Christus,
1112 3479 1206 3535 sed
1228 3495 1348 3534 cum
1375 3480 1741 3535 moderatione
1761 3496 1894 3534 eon-

312 3567 520 3634 gruenti
547 3583 666 3622 sese
693 3578 898 3638 purgat,
942 3585 1038 3622 nos
1070 3570 1346 3624 instituens
1385 3578 1442 3624 ut
1488 3585 1612 3640 erga
1654 3570 1897 3625 inin‘ticos

311 3657 472 3711 mites
519 3658 684 3712 simus
723 3677 736 3712 :
782 3660 991 3713 etiamsi
1039 3661 1124 3714 illa
1167 3660 1366 3726 dicant,
1398 3660 1464 3714 de
1506 3661 1698 3729 quibus
1741 3663 1895 3715 nobis

311 3750 514 3804 conscii
543 3767 646 3804 non
675 3766 890 3814 sumus;
937 3762 1096 3822 utque
1143 3767 1247 3807 non
1277 3754 1569 3819 turbemur,
1601 3754 1694 3808 sed
1738 3769 1893 3824 teque

311 3841 494 3894 animo
522 3843 753 3898 rationes
804 3844 931 3912 ipsis
978 3843 1282 3898 reddamus.
1329 3844 1480 3910 Quod
1515 3852 1569 3898 et
1616 3845 1729 3914 ipse
1771 3856 1892 3900 tunc

311 3933 568 4003 prmelare
605 3933 847 3999 faciebat,
893 3937 1098 4005 signum
1143 3937 1430 3990 maximum
1475 3939 1717 4006 praebens
1760 3937 1891 3993 falsa

311 4025 401 4078 illa
428 4039 544 4079 esse
571 4040 686 4094 qua:
715 4025 783 4079 ab
813 4026 938 4094 ipsis
960 4026 1289 4080 dicebantur.
1316 4026 1500 4095 Neque
1527 4028 1669 4082 enim
1692 4028 1892 4083 daemo-

311 4119 458 4171 nium
489 4117 728 4172 habentis
753 4127 870 4172 erat
892 4126 1086 4171 tantam
1109 4119 1362 4173 exhibere
1387 4121 1847 4175 mansuetudinem
1872 4137 1886 4173 :

310 4225 419 4262 non
466 4208 786 4262 diemonium
836 4208 1078 4262 habentis
1123 4218 1238 4263 erat
1283 4218 1488 4264 secreta
1542 4225 1886 4279 cognoscere.

313 4299 522 4354 Etenim
555 4299 694 4368 quod
734 4298 1038 4368 bujusmodi
1081 4301 1261 4369 opinio
1296 4299 1581 4354 admodum
1613 4301 1889 4370 impudens

310 4402 471 4455 esset,
503 4401 555 4447 et
592 4393 729 4461 quod
774 4393 978 4462 plebem
1013 4393 1280 4457 timerent,
1329 4407 1434 4447 non
1483 4392 1749 4446 audebant
1793 4391 1890 4446 has

310 4485 675 4538 accusationes
703 4483 911 4553 publice
943 4485 1201 4552 proferre,
1230 4482 1322 4537 sed
1352 4497 1442 4536 eas
1474 4482 1523 4535 in
1557 4493 1735 4537 mente
1764 4498 1887 4536 ver-

311 4574 518 4627 sabant.
547 4575 662 4642 Ipse
687 4590 814 4628 vero
851 4574 1141 4629 ostendens
1168 4573 1316 4642 ipsis,
1358 4588 1417 4628 se
1444 4573 1532 4627 illa
1569 4589 1746 4638 nosse,
1781 4589 1885 4627 non

312 4672 486 4716 tamen
523 4665 732 4718 illorum
774 4667 1165 4720 accusationem
1207 4665 1492 4734 expromit,
1525 4678 1698 4733 neque
1741 4666 1886 4734 ipso-

311 4769 426 4808 rum
456 4755 743 4823 nequitiam
767 4755 1040 4818 deelarat;
1073 4755 1164 4809 sed
1195 4755 1515 4810 solutionem
1544 4743 1716 4819 aliert,
1757 4769 1887 4809 con-

311 4844 546 4899 scientize
598 4845 828 4912 ipsorum
879 4845 1293 4900 confutationem
1336 4847 1660 4914 relinquens.
1713 4844 1886 4900 Unum

309 4939 450 4994 enim
477 4940 646 4992 solum
675 4941 915 5005 curabat,
947 4949 1251 5008 peceatores
1285 4940 1494 5009 juvarc,
1541 4957 1644 4993 non
1673 4941 1725 4994 in
1772 4940 1886 4994 vul«-

307 5045 403 5099 gus
431 5030 728 5084 traducere.
757 5031 1086 5100 Quamquam
1108 5031 1151 5084 si
1177 5029 1426 5085 voluisset
1464 5032 1678 5100 longum
1709 5042 1887 5086 texere

308 5139 632 5187 sermonem,
679 5123 903 5192 illosque
952 5123 1201 5177 ridiculos
1244 5123 1517 5186 exhibere,
1567 5125 1886 5194 iusuperque

307 5218 573 5268 extremas
601 5214 668 5267 ab
707 5214 810 5267 illis
853 5229 1038 5283 pinnas
1064 5210 1371 5282 exposcere,
1416 5215 1544 5268 nihil
1575 5215 1839 5268 officiebat
1869 5233 1882 5269 :

309 5315 670 5357 verumtamen
703 5304 877 5358 missis
907 5305 1008 5357 illis
1030 5304 1294 5366 omnibus,
1328 5321 1487 5358 unum
1521 5305 1746 5358 habebat
1769 5320 1886 5358 sco-

310 5409 456 5461 pum,
485 5406 538 5448 ut
571 5412 637 5449 ne
674 5396 791 5448 illos
836 5396 1281 5450 contentiosiores
1325 5399 1536 5457 faceret,
1585 5396 1676 5449 sed
1733 5411 1886 5449 man-

308 5485 588 5550 suetiores,
640 5496 693 5540 et
745 5487 844 5540 hoc
895 5498 1046 5552 pacto
1087 5487 1152 5539 ad
1193 5487 1613 5541 emendationem
1654 5488 1886 5554 aptiores

308 5579 575 5636 redderet.
627 5580 902 5647 Quomodo
949 5592 1129 5635 autem
1187 5596 1305 5634 sese
1350 5581 1576 5649 purgat?
1627 5579 1769 5633 Nihil
1819 5595 1884 5632 ex

369 5715 386 5744 ⁸
426 5719 552 5772 Post,
580 5711 854 5774 Beelzebub,
892 5713 1106 5764 nonnulli
1138 5711 1336 5769 addunt,
1368 5710 1584 5773 principe
1621 5709 1880 5760 ιιιινιηοηίο-

320 5793 444 5830 rion.

2020 1928 2307 1998 Scripturis
2334 1931 2484 1987 affert
2526 1933 2724 2004 (neque
2753 1937 2892 1990 enim
2945 1937 3018 1991 illi
3060 1937 3292 1992 animum
3329 1939 3595 1994 adhibuis-

2017 2029 2154 2084 sent,
2189 2021 2280 2074 sed
2330 2038 2490 2090 prave
2540 2025 2932 2094 interpretaturi
2973 2031 3168 2097 erant),
3211 2046 3394 2082 verum
3435 2031 3597 2084 abiis

2014 2113 2312 2181 quarvulgo
2341 2116 2592 2167 eveniunt
2621 2117 2778 2169 verba
2811 2118 2932 2171 facit
2957 2135 2969 2168 :
3002 2119 3161 2171 Omne
3190 2136 3393 2189 regnum
3421 2131 3594 2172 contra

2012 2202 2231 2271 seipsum
2284 2203 2496 2257 divisum
2550 2223 2649 2258 non
2700 2207 2847 2260 stabit
2903 2224 2922 2262 :
2977 2219 3021 2261 et
3077 2211 3249 2263 civitas
3297 2210 3374 2263 vel
3418 2213 3598 2266 domus

2014 2291 2244 2355 discissa,
2277 2294 2374 2345 cito
2413 2295 2726 2349 dissolvetur.
2758 2297 2936 2367 Neque
2965 2299 3104 2352 enim
3151 2300 3227 2353 sic
3275 2310 3491 2353 externa
3534 2310 3594 2354 ut

2011 2383 2185 2438 civilia
2214 2385 2350 2439 bella
2383 2397 2596 2441 nocent.
2625 2388 2678 2442 Id
2710 2389 2867 2442 etiam
2896 2390 2945 2441 iu
2975 2391 3287 2458 corporibus
3309 2393 3504 2454 evenit,
3538 2393 3589 2445 in

2011 2475 2363 2546 omnibusque
2406 2478 2584 2531 rebus.
2629 2478 2731 2533 Sed
2775 2479 2983 2533 interim
3029 2497 3058 2534 a
3101 2480 3391 2534 notioribus
3433 2482 3593 2536 rebus

2009 2565 2251 2634 exempla
2281 2567 2511 2621 adducit.
2557 2568 2691 2634 Quid
2729 2571 2872 2623 enim
2924 2571 2975 2623 in
3011 2580 3148 2625 terra
3190 2580 3271 2626 est
3297 2579 3458 2642 regno
3495 2589 3589 2642 po-

2009 2655 2260 2710 tentius?
2318 2656 2482 2711 Nihil.
2541 2660 2790 2714 Attamen
2847 2659 3197 2715 seditionibus
3259 2661 3583 2719 dissolvitur.

2017 2742 2173 2806 Quod
2210 2744 2255 2799 si
2287 2746 2394 2800 illic
2437 2749 2775 2816 negotiorum
2823 2753 3014 2805 molem
3056 2755 3109 2807 in
3155 2769 3319 2809 causa
3351 2772 3472 2811 esse
3499 2759 3583 2811 iu-

2019 2835 2220 2901 nuerit,
2248 2837 2375 2906 quia
2404 2853 2599 2908 nempe
2627 2855 2807 2895 secum
2843 2842 3100 2907 decertat,
3132 2846 3259 2914 quid
3284 2848 3486 2902 dixeris
3518 2851 3585 2904 de

2005 2930 2238 2995 civitate,
2267 2940 2358 2984 aut
2382 2931 2447 2985 de
2464 2932 2657 2986 domo?
2678 2933 2806 2987 Nam
2831 2935 2942 2989 sive
2959 2951 3176 3004 parvum
3199 2938 3310 2992 sive
3336 2954 3580 3008 magnum

2004 3019 2132 3089 quid
2173 3022 2346 3085 fuerit,
2379 3025 2422 3076 si
2468 3038 2647 3077 secum
2691 3025 2966 3092 dissideat,
3001 3027 3158 3096 perit.
3207 3028 3261 3083 Si
3295 3030 3450 3100 igitur
3476 3030 3582 3084 da:-

2004 3116 2239 3169 monium
2263 3115 2464 3171 habens
2484 3134 2604 3188 ego,
2633 3118 2746 3188 ejus
2775 3136 2875 3190 ope
2903 3121 3174 3177 dminonas
3205 3125 3360 3194 pello,
3390 3125 3581 3180 seditio

2002 3213 2055 3260 ct
2079 3221 2250 3276 pugna
2279 3217 2360 3262 est
2384 3207 2522 3263 inter
2547 3210 2837 3275 daemonas,
2867 3213 3008 3282 iique
3045 3222 3188 3268 stant
3213 3214 3365 3270 divisi
3401 3227 3453 3271 et
3482 3217 3579 3271 ad-

2006 3297 2249 3350 versarii.
2279 3296 2334 3352 Si
2363 3298 2450 3352 alii
2492 3310 2676 3354 contra
2705 3301 2840 3355 alios
2879 3311 3044 3368 stant,
3083 3303 3289 3358 illorum
3328 3305 3581 3362 fortitudo

2002 3385 2158 3453 periit
2183 3396 2237 3441 et
2265 3387 2574 3443 labefactata
2604 3399 2704 3445 est.
2749 3390 2809 3445 Si
2833 3391 2975 3446 enim
3004 3403 3211 3448 satanas
3233 3403 3460 3448 satanam
3487 3398 3579 3468 eji-

1999 3477 2064 3529 cit
2102 3479 2230 3544 (non
2279 3479 2430 3543 dixit,
2483 3479 2762 3537 Dtemonas
2795 3483 2960 3552 ejicit,
3016 3484 3304 3540 ostendens
3355 3487 3573 3540 multam

1999 3582 2117 3623 esse
2145 3569 2281 3624 inter
2301 3570 2421 3624 illos
2447 3572 2832 3642 concordiam),
2879 3574 2931 3626 in
2960 3574 3176 3640 seipsum
3222 3591 3349 3644 ergo
3387 3577 3577 3632 diuisus

1998 3669 2091 3724 est,
2121 3660 2310 3729 inquit.
2341 3661 2394 3715 Si
2420 3661 2618 3716 divisus
2645 3673 2751 3728 est,
2781 3679 2907 3733 ergo
2933 3664 3250 3719 imbecillior
3277 3664 3444 3720 factus
3469 3676 3577 3733 est,

1995 3758 2050 3802 et
2075 3751 2274 3818 periit:
2309 3752 2350 3806 si
2394 3753 2578 3820 periit,
2615 3753 2883 3822 quomodo
2917 3764 3092 3824 potest
3132 3757 3290 3810 alium
3333 3757 3576 3826 ejicere?

1996 3839 2184 3895 Vidcn’
2205 3857 2360 3911 quam
2385 3843 2602 3897 ridicula
2633 3845 2702 3898 sit
2727 3845 3010 3911 accusatio,
3035 3863 3192 3916 quam
3215 3848 3390 3912 stulta,
3417 3865 3574 3918 quam

1995 3947 2177 3988 secum
2198 3932 2309 4002 ipsa
2353 3936 2626 4003 pugnans?
2656 3935 2769 3988 Non
2812 3947 2984 4005 potest
3016 3939 3154 4017 enim
3189 3938 3326 3992 idem
3360 3940 3470 4007 ipse
3495 3941 3578 3994 di-

1995 4039 2136 4088 cere,
2170 4013 2406 4079 Satanam
2439 4034 2584 4080 stare
2623 4037 2677 4080 et
2706 4028 2902 4095 ejicere
2930 4013 3220 4092 (lanntonas,
3262 4045 3324 4083 ac
3358 4040 3576 4098 pmptcr

1995 4113 2123 4168 illud
2155 4123 2318 4179 stare,
2344 4125 2559 4184 prepter
2577 4118 2716 4186 quod
2741 4118 2849 4185 jam
2877 4120 3143 4174 corruisse
3163 4119 3340 4175 debet.
3368 4121 3429 4175 Et
3457 4123 3570 4179 lucc

1995 4220 2078 4287 est
2108 4211 2275 4280 prima
2310 4212 2505 4266 solutio
2534 4231 2546 4266 :
2581 4212 2814 4267 secunda
2856 4213 3052 4268 solutio
3095 4216 3236 4270 circa
3281 4217 3573 4288 discipulos

1993 4312 2237 4356 versatur
2268 4319 2280 4356 :
2309 4319 2481 4372 neque
2506 4304 2648 4358 enim
2675 4321 2779 4358 uno
2807 4313 3007 4359 tantum
3036 4320 3248 4374 semper
3279 4309 3458 4371 modo,
3477 4311 3570 4364 sed

1994 4395 2152 4448 etiam
2181 4395 2417 4449 secundo
2445 4404 2500 4450 et
2532 4397 2689 4450 tertio
2723 4397 3048 4466 objectiones
3078 4399 3255 4466 solvit,
3288 4401 3426 4469 quod
3455 4402 3570 4454 illo-

1994 4501 2110 4538 rum
2150 4485 2530 4554 impudentiam
2573 4501 2636 4540 ex
2668 4487 2955 4541 abundanti
2997 4488 3288 4557 reprimere
3320 4490 3467 4559 velit.
3515 4492 3570 4545 ld

1993 4575 2134 4642 quod
2163 4576 2320 4629 etiam
2350 4575 2494 4642 fecit,
2526 4591 2645 4631 cum
2674 4577 2740 4632 de
2771 4577 2991 4632 sabbato
3018 4587 3283 4648 ageretur,
3316 4580 3569 4635 Davidem

1992 4666 2265 4721 adducens
2293 4667 2344 4720 in
2371 4668 2625 4732 medium,
2661 4669 2893 4738 itemque
2921 4669 3225 4724 sacerdotes
3251 4679 3306 4725 et
3337 4673 3573 4727 testimo-

1995 4759 2140 4813 nium
2179 4775 2284 4829 quo
2327 4759 2538 4824 dicitur,
2575 4759 2968 4813 Misericordiam
3010 4760 3142 4828 volo,
3173 4771 3218 4816 et
3251 4778 3349 4816 non
3378 4766 3576 4834 sacriﬁ-

1994 4852 2125 4904 cium
2157 4850 2309 4922 (Osee
2359 4851 2413 4905 6.
2445 4849 2536 4920 6);
2568 4865 2781 4904 causam
2823 4850 3051 4920 denique
3089 4851 3158 4904 ob
3195 4868 3352 4921 quam
3385 4855 3575 4907 sabba—

1993 4951 2104 4996 tum
2136 4941 2231 4994 fttit
2277 4942 2570 4995 institutum
2599 4958 2611 4993 :
2638 4940 2857 5008 Propter
2885 4941 3134 4994 hominem
3168 4943 3331 5008 enim,
3377 4945 3569 5014 inquit,

1992 5041 2061 5084 est
2089 5033 2348 5084 sabbatum
2378 5031 2566 5099 (Marc.
2595 5029 2649 5084 2.
2681 5029 2772 5102 27)
2806 5048 2818 5084 :
2849 5031 2948 5085 hoc
2978 5047 3104 5102 ergo
3125 5031 3212 5086 hic
3240 5034 3398 5087 etiam
3423 5034 3570 5090 facit.

1991 5123 2122 5177 Nam
2174 5133 2293 5193 post
2343 5124 2564 5190 pritnam
2611 5123 2932 5176 solutionem
2984 5121 3050 5176 ad
3092 5124 3379 5179 secundam
3429 5126 3574 5179 venit

1994 5216 2169 5283 priore
2195 5215 2493 5268 clariorem.
2525 5214 2612 5266 Ait
2641 5215 2781 5268 enim
2816 5230 2828 5266 :
2856 5213 2945 5268 27.
2979 5213 3041 5267 Si
3082 5232 3171 5285 ego
3200 5217 3252 5268 in
3297 5215 3570 5270 Beelzebub

1992 5307 2136 5376 ejicio
2163 5305 2430 5368 dwmouia,
2455 5305 2549 5373 ﬁlii
2578 5306 2723 5358 vestri
2750 5305 2799 5358 in
2825 5322 2922 5376 quo
2951 5307 3198 5376 ejiciunt?

2064 5395 2116 5448 2.
2152 5397 2244 5449 llic
2288 5410 2500 5464 quoque
2537 5394 2654 5462 ejus
2692 5397 3148 5449 mansuetudinem
3187 5394 3567 5450 animadverte.

1993 5486 2107 5541 Non
2139 5486 2281 5541 enim
2330 5485 2476 5550 dicit,
2524 5485 2774 5555 Discipuli
2821 5484 2947 5549 mei,
2995 5500 3110 5547 nec,
3161 5484 3398 5552 Apostoli
3440 5487 3566 5550 mei,

1991 5578 2107 5643 sed,
2140 5576 2265 5630 Filii
2290 5576 2456 5638 vestri,
2495 5584 2552 5629 ut
2581 5575 2625 5629 si
2657 5576 2824 5629 velint
2864 5575 2929 5628 ad
2960 5573 3199 5628 eamdem
3240 5574 3568 5630 nobilitatem

1992 5668 2194 5734 venire,
2237 5667 2359 5722 hinc
2405 5681 2587 5721 ansam
2616 5667 2871 5736 arripiant
2901 5683 2913 5718 :
2945 5664 3028 5718 sin
3059 5663 3248 5733 ingrati
3290 5665 3342 5720 in
3380 5663 3568 5722 iisdem

1991 5761 2355 5831 pcrsisterent,
2379 5775 2446 5816 ne
2477 5758 2832 5829 impudentem
2853 5754 3067 5828 quidem
3096 5764 3312 5827 possent
3350 5770 3575 5815 excusa-
