4042 6218
445 359 548 414 ΗἸ

443 473 638 524 tionem
689 468 944 537 proferre.
990 467 1138 532 Quod
1183 477 1357 520 autem
1397 465 1525 520 dicit
1569 439 1686 516 hoc.
1717 460 2019 531 significat:

442 560 683 628 Apostoli
729 561 780 613 in
829 575 934 627 quo
978 557 1226 626 cjiciunt?
1252 557 1367 610 .lam
1399 556 1540 610 enim
1585 555 1871 623 ejccerant,
1903 566 2024 605 cum

446 661 760 719 potestatem
789 650 854 702 ab
885 650 972 702 illo
999 648 1351 717 accepissent,
1385 661 1559 716 neque
1584 657 1758 699 tamen
1787 645 1906 699 illos
1931 657 2024 698 ac-

441 744 696 796 cusabant
725 759 737 794 :
767 757 939 810 neque
966 741 1107 796 enim
1151 750 1333 793 contra
1379 754 1468 793 res
1511 740 1673 808 ipsas,
1704 735 1795 790 sed
1841 743 2024 789 contra

444 848 724 903 personam
766 842 968 885 tantum
1001 831 1292 901 litigabunt.
1330 829 1402 885 Ut
1440 829 1685 884 ostendat
1715 829 1892 898 igitur,
1931 841 2024 880 eos

441 941 505 978 ex
553 922 746 977 invidia
796 923 969 977 solum
1015 923 1099 976 illa
1139 922 1358 987 dixisse,
1385 923 1652 987 apostolos
1699 919 1749 972 in
1791 917 2023 972 medium

440 1015 676 1070 adducit.
708 1013 839 1069 Nam
863 1016 904 1068 si
931 1031 1029 1082 ego
1057 1015 1132 1068 sic
1155 1013 1326 1083 ejieio,
1359 1013 1524 1067 multo
1556 1012 1719 1081 magis
1759 1011 1853 1077 illi,
1877 1011 1965 1079 qui
1993 1023 2024 1063 a

443 1122 528 1160 me
557 1099 870 1176 potestatem
896 1116 1236 1176 acceperunt.
1269 1109 1514 1161 Attamen
1543 1105 1672 1159 nihil
1693 1105 1863 1159 simile
1891 1103 2026 1156 dixi-

441 1199 538 1252 stis
571 1199 696 1253 illis.
725 1197 832 1252 Cur
852 1214 979 1269 ergo
1008 1215 1092 1252 me
1117 1199 1397 1263 accusatis,
1430 1199 1516 1268 qui
1542 1207 1726 1254 auctor
1752 1198 1855 1253 illis
1871 1213 2022 1263 sum;

443 1290 563 1343 illos
603 1305 731 1345 vero
775 1291 998 1346 crimine
1036 1291 1235 1346 liberos
1276 1290 1522 1344 mittitis?
1565 1289 1679 1344 Non
1735 1291 1835 1345 hoc
1863 1305 1958 1344 vos
1994 1307 2024 1346 a

443 1383 704 1451 supplicio
732 1383 997 1449 liberabit,
1025 1384 1118 1438 sed
1161 1383 1348 1452 majori
1383 1383 1707 1436 damnationi
1734 1382 1976 1449 subjiciet
2006 1397 2021 1433 :

445 1473 567 1528 ideo
593 1474 887 1542 subjunxit,
915 1474 1025 1543 Ipsi
1042 1475 1244 1545 judices
1273 1476 1419 1528 vestri
1443 1484 1608 1528 erunt.
1630 1472 1762 1528 Cum
1792 1475 1931 1528 enim
1957 1490 2026 1530 ex

441 1566 594 1620 vobis
623 1567 730 1621 sint
759 1569 881 1633 orti,
913 1579 965 1622 et
1009 1568 1122 1622 hme
1151 1576 1460 1632 exerceant,
1493 1583 1613 1623 cum
1652 1568 1780 1622 mihi
1825 1568 2028 1622 obtem-

444 1667 632 1728 perent
661 1668 716 1714 et
750 1660 1021 1726 obezlz'ant,
1056 1663 1268 1730 planum
1308 1669 1390 1717 est
1420 1663 1538 1716 illos
1573 1661 2026 1717 condemnaturos

442 1763 562 1802 esse
587 1765 680 1804 eos
709 1751 796 1818 qui
828 1752 1092 1805 contraria
1140 1751 1344 1807 faciunt
1373 1761 1426 1807 et
1471 1753 1671 1808 dicunt.
1711 1753 1800 1808 9.8.
1844 1753 1905 1807 Si
1928 1771 2021 1806 au-

444 1850 541 1894 tem
569 1841 623 1893 in
671 1842 869 1910 Spiritu
915 1843 1011 1896 Dei
1040 1845 1291 1897 dwmonia
1339 1846 1505 1915 ejicio,
1543 1846 1767 1914 proferto
1810 1846 2028 1916 pervenit

443 1933 498 1985 in
534 1947 618 1986 vos
674 1950 885 2003 regnum
937 1932 1047 1986 Dei.
1095 1934 1230 2002 Quid
1280 1945 1389 2000 est,
1445 1936 1720 2005 Regnum?
1757 1937 2028 1990 Adventus

446 2037 619 2076 meus.
653 2023 787 2077 Vide
815 2024 1078 2091 quomodo
1108 2042 1293 2079 rursus
1322 2040 1414 2079 eos
1443 2027 1638 2080 alliciat
1679 2038 1732 2080 et
1760 2036 1928 2093 curet,
1961 2025 2026 2079 ad

445 2129 706 2182 suamque
749 2115 1146 2184 coguitionem'
1173 2116 1466 2186 pertrahat,
1515 2117 1861 2188 ostendatque
1909 2104 2029 2172 illos

446 2207 582 2259 bona
613 2221 708 2259 sna
755 2206 1084 2276 impugnare,
1115 2216 1168 2262 et
1219 2218 1402 2263 contra
1451 2209 1676 2265 salutem
1722 2226 1870 2265 suam
1919 2211 2027 2265 lili-

444 2296 609 2365 gare?
635 2295 764 2350 Cum
812 2307 1100 2365 Oporteret,
1138 2299 1330 2367 inquit,
1374 2299 1604 2369 gaudere
1648 2310 1704 2357 et
1740 2301 2024 2367 exsultare,

445 2389 566 2456 quia
598 2404 786 2458 magna
834 2389 920 2442 illa
973 2400 1028 2444 ct
1079 2389 1360 2446 inell‘abilia
1405 2391 1625 2446 daturus
1646 2392 1884 2458 advenit,
1911 2409 2029 2463 qu:e

445 2479 570 2533 olim
603 2479 874 2559 prophetae
903 2481 1231 2548 cecinerunt,
1278 2491 1333 2537 et
1384 2483 1524 2553 quod
1574 2484 1723 2538 vobis
1769 2484 1906 2538 bene
1934 2499 2024 2554 ge-

449 2570 596 2623 rendi
628 2579 834 2639 tempus
871 2571 1146 2627 advenerit
1175 2589 1189 2625 :
1224 2589 1317 2628 vos
1350 2575 1674 2629 contrarium
1702 2573 1891 2639 facitis,
1924 2591 2027 2630 non

448 2659 605 2713 modo
632 2660 767 2713 bona
806 2678 909 2714 non
953 2663 1294 2730 accipientes,
1323 2663 1417 2719 sed
1449 2665 1608 2718 etiam
1646 2666 2030 2720 calumniantes

446 2759 708 2803 etcansas
729 2751 1213 2805 comminiscentcs.
1256 2751 1534 2807 Mattha‘us
1572 2755 1781 2824 quidem
1832 2757 1940 2810 ait:
1974 2755 2032 2807 Si

446 2852 611 2896 autem
642 2859 732 2911 ego
757 2843 807 2895 in
835 2843 1032 2911 Spiritu
1058 2841 1149 2897 Dei
1173 2845 1316 2914 ejirio
1345 2861 1363 2907 ,'
1389 2831 1557 2900 Lucas
1585 2863 1712 2900 vero
1742 2865 1753 2900 :
1781 2846 1844 2902 Si
1867 2859 2032 2902 autem

448 2947 539 2999 ego
565 2931 617 2985 iu
642 2931 798 3002 digito
825 2932 916 2986 Dei
943 2935 1088 3005 ejicio
1113 2935 1362 2989 dwmonia
1391 2936 1539 3008 (Luc.
1575 2939 1659 2993 Η.
1688 2939 1779 3010 20)
1811 2959 1823 2994 :
1847 2951 2032 2995 osten-

447 3022 581 3076 dens
619 3025 868 3078 maxima:
911 3027 1158 3093 potentia:
1195 3043 1330 3096 opus
1383 3043 1502 3083 esse
1555 3030 1703 3097 illud,
1762 3031 2033 3086 dannouas

448 3114 664 3182 ejicere,
696 3130 758 3169 ac
787 3117 968 3185 gratia}
1007 3131 1111 3170 non
1148 3118 1398 3188 vulgaris.
1442 3119 1575 3174 Hinc
1613 3131 1788 3174 autem
1819 3124 2033 3176 ratioci-

449 3204 562 3258 nari
594 3206 704 3258 vult
741 3214 794 3260 et
831 3206 1030 3267 dicere,
1063 3207 1118 3261 Si
1165 3208 1265 3262 hoc
1311 3210 1381 3262 ita
1423 3220 1526 3274 est,
1573 3226 1698 3280 ergo
1734 3210 1896 3265 Filius
1940 3213 2032 3267 Dei

448 3297 680 3350 advenit.
741 3297 847 3351 Sed
888 3297 991 3351 hoc
1031 3315 1134 3352 non
1175 3301 1322 3366 dicit,
1360 3317 1539 3355 verum
1583 3303 1826 3369 obscure,
1870 3305 1936 3358 ita
1980 3317 2035 3359 ut

450 3388 553 3440 illis
574 3402 859 3441 onerosmn
887 3404 992 3442 non
1020 3399 1180 3456 esset,
1216 3390 1267 3444 id
1315 3392 1612 3447 subindicat
1637 3395 1819 3449 dicens
1847 3411 1860 3448 :
1900 3396 2035 3467 Ergo

450 3480 670 3549 pervenit
703 3480 755 3532 in
784 3496 870 3534 vos
896 3498 1104 3551 regnum
1135 3481 1248 3536 Dei.
1281 3483 1462 3538 Viden’
1490 3486 1800 3554 sapientiam
1845 3488 2032 3558 ingen-

451 3569 599 3625 tem?
634 3571 706 3625 Ex
731 3572 814 3638 iis,
843 3588 960 3643 quze
988 3575 1063 3627 illi
1094 3574 1436 3646 objiciebant,
1479 3580 1762 3647 conspicue
1806 3581 2038 3635 ostendit

449 3662 733 3717 adventum
756 3679 932 3718 suum.
965 3666 1162 3721 Deinde
1188 3676 1241 3720 ut
1272 3669 1389 3722 illos
1417 3671 1729 3737 attraherel,
1762 3688 1868 3726 non
1909 3673 2038 3728 dicit

449 3754 782 3821 simpliciter,
810 3754 1046 3808 Pervenit
1073 3774 1301 3826 regnum,
1348 3761 1441 3814 sed
1484 3761 1684 3828 adjicit,
1716 3762 1795 3814 Ad
1822 3779 1944 3830 vos;
1975 3780 2038 3818 ac

451 3843 494 3895 si
526 3843 745 3905 diceret,
784 3843 944 3898 Vobis
969 3845 1256 3901 adveniunt
1281 3849 1435 3902 bona.
1465 3850 1572 3904 Cur
1598 3867 1722 3921 ergo
1745 3852 1794 3905 in
1825 3855 2036 3924 propria

450 3933 586 3986 bona
616 3935 731 3989 sine
777 3950 935 3989 sensu
981 3937 1149 3991 estis?
1175 3955 1270 3992 cur
1306 3951 1490 3993 contra
1543 3952 1771 3996 vestram
1813 3944 2036 3999 salutem

450 4026 548 4095 ipsi
580 4029 860 4099 pugnatis?
891 4029 1000 4083 [loc
1025 4040 1106 4084 cst
1137 4041 1340 4101 tempus
1383 4033 1532 4097 illud,
1575 4035 1714 4104 quod
1746 4035 1870 4090 olim
1916 4054 2039 4106 pro-

449 4117 626 4186 phetae
661 4119 1059 4187 praedixerunt:
1093 4121 1192 4176 hoc
1231 4123 1437 4192 signum
1489 4124 1748 4180 adventus
1790 4144 1882 4196 per
1921 4128 2038 4183 illos

449 4210 736 4278 decantati,
770 4213 910 4282 quod
956 4230 1148 4284 nempe
1193 4216 1368 4270 divina
1424 4219 1655 4286 potentia
1697 4219 1812 4274 lucc
1863 4221 2035 4276 liant’.

450 4302 580 4357 Nam
608 4306 746 4374 quod
778 4308 924 4370 tiant,
956 4322 1052 4361 vos
1081 4308 1285 4374 nostis;
1324 4309 1463 4378 quod
1503 4321 1679 4365 autem
1722 4312 1896 4366 divina
1941 4329 2037 4383 po-

452 4397 638 4460 tentia,
669 4411 756 4450 res
793 4398 922 4467 ipsa:
956 4398 1206 4453 clamant.
1239 4399 1420 4470 Neque
1459 4404 1600 4456 enim
1635 4403 1750 4457 ﬁeri
1783 4413 1953 4474 potest
1983 4413 2041 4460 ut

453 4497 667 4542 satanas
698 4505 840 4543 nunc
866 4489 935 4544 sit
972 4491 1178 4556 fortior,
1211 4493 1315 4545 imo
1346 4495 1648 4548 necessario
1677 4505 1760 4549 est
1797 4497 2037 4552 imbecil-

449 4579 532 4632 lus
564 4595 579 4632 :
612 4592 718 4632 non
745 4589 918 4648 potest
937 4587 1112 4634 autem
1144 4582 1434 4637 imbecillus
1463 4585 1581 4653 quis
1611 4583 1802 4640 fortem
1840 4587 2037 4642 dmino-

450 4685 572 4724 nem
602 4670 815 4740 ejicere.
859 4671 984 4725 "(BC
1021 4688 1177 4740 porro
1204 4673 1433 4740 diccbat,
1458 4676 1691 4730 caritatis
1715 4678 1820 4731 vim
1854 4688 2038 4734 osten-

448 4760 605 4826 dens,
628 4777 690 4815 ac
718 4761 921 4816 dissidii
953 4772 1109 4831 atque
1144 4763 1292 4833 litigii
1330 4766 1765 4822 imbecillitatem.
1811 4767 2039 4840 Ideoque

451 4856 564 4925 ipse
595 4855 898 4925 frequenter
932 4856 1219 4927 discipulos
1261 4858 1403 4913 circa
1443 4861 1718 4915 caritatem
1772 4845 2040 4929 hortatur,

450 4947 795 5015 declaratque
824 4947 1090 5001 diabolum
1122 4949 1248 5002 nihil
1292 4967 1394 5004 non
1433 4966 1592 5020 agere
1623 4960 1679 5005 nt
1708 4952 1848 5006 illam
1884 4956 2036 5009 aule-

451 5050 546 5093 rat.
587 5038 711 5093 Ροςι
745 5040 1030 5093 secundum
1073 5055 1201 5111 ergo
1237 5042 1557 5096 solutionem
1592 5043 1799 5097 tertiam
1825 5059 2036 5114 quoque

453 5129 858 5184 iudncitdicens
892 5131 1017 5186 :29.
1053 5132 1316 5198 Quomodo
1357 5143 1514 5201 potest
1545 5134 1724 5204 aliquis
1767 5135 1958 5188 intrare
1985 5137 2037 5190 in

447 5222 652 5274 domum
679 5222 842 5293 fortis,
874 5233 918 5276 et
947 5240 1064 5276 vasa
1088 5223 1225 5277 illius
1253 5225 1490 5294 diripere,
1518 5226 1614 5278 nisi
1645 5227 1785 5298 prius
1811 5227 2037 5299 ligaverit

450 5316 647 5383 fortem,
682 5323 728 5365 et
755 5324 874 5366 tunc
897 5330 1014 5366 vasa
1039 5315 1145 5385 ejus
1184 5315 1440 5384 diripiat?
1465 5314 1614 5384 Quod
1639 5333 1742 5370 non
1767 5319 1933 5385 possit
1953 5334 2038 5375 sa-

449 5413 598 5456 tanas
622 5413 862 5458 Satanam
888 5404 1102 5474 ejicere,
1130 5420 1194 5458 ex
1226 5407 1647 5473 praecedentibus
1677 5407 1872 5480 liquet;
1894 5410 2037 5480 quod

445 5505 622 5551 autem
655 5513 761 5551 non
782 5498 1001 5552 omnino
1034 5498 1199 5566 possit
1228 5498 1347 5566 quis
1376 5499 1524 5552 illum
1550 5500 1768 5568 ejicere,
1805 5503 1905 5558 nisi
1930 5504 2037 5572 pri-

449 5603 590 5640 mum
632 5590 916 5658 superarit,
963 5587 1103 5658 apud
1143 5603 1331 5642 onmes
1369 5589 1421 5642 in
1469 5589 1716 5648 confesso
1755 5604 1853 5649 est.
1898 5593 2033 5662 Quid

417 5747 431 5756 ι
514 5721 532 5791 ξ
567 5727 758 5791 quidam
783 5724 1074 5791 habent,ﬂad
1096 5738 1325 5791 suamque
1347 5731 1642 5780 settlemtam.

514 5785 533 5814 ³
567 5784 670 5845 abi,
689 5791 820 5835 tanta
842 5786 946 5835 haec
968 5786 1106 5850 ﬁant.

1155 355 1207 410 S.
1250 351 1526 409 105Nle
1563 344 2037 406 CHRYSOSTOMI
2076 343 2388 402 ARCHlEP.
2417 348 2953 406 CONSTANTINOP.

3605 357 3716 412 ΑΗΒ

2136 459 2292 530 igitur
2311 475 2376 516 ex
2419 461 2500 516 his
2533 464 2848 520 coniicitur?
2885 464 3036 531 Quod
3074 464 3220 534 prius
3249 465 3447 520 dictum
3479 476 3584 534 cst,
3620 475 3722 526 sed

2130 551 2285 621 longe
2314 551 2558 606 validius.
2577 553 2804 608 Tantum
2826 555 2996 618 abest,
3021 555 3208 623 inquit,
3234 566 3290 609 ut
3315 557 3564 624 adjutore
3598 568 3725 614 utar

2129 641 2362 709 diabolo,
2391 653 2449 696 ut
2472 659 2593 698 eum
2622 646 2780 698 etiam
2818 646 3118 715 impngnem
3165 658 3220 700 et
3261 647 3531 713 vinciam;
3563 652 3728 720 cujus

2130 732 2207 786 rei
2242 733 2448 803 signum
2480 744 2578 799 est,
2621 737 2762 805 quod
2808 751 2934 790 vasa
2963 738 3079 806 ejus
3105 737 3370 807 diripiam.
3415 740 3546 795 Vide
3582 757 3724 811 quo-

2131 821 2286 876 modo
2310 824 2654 892 contrarium,
2685 841 2842 895 quam
2871 827 2945 880 illi
2984 841 3144 895 supra
3177 837 3414 885 statuere
3441 830 3726 887 conaban-

2131 920 2246 976 tur,
2299 911 2712 968 demonstretur.
2763 917 2839 970 llli
2888 917 3031 971 enim
3086 919 3371 974 ostendere
3419 921 3725 992 volebant,

2131 1002 2302 1070 ipsum
2329 1018 2433 1058 non
2456 1005 2506 1057 vi
2535 1007 2744 1075 propria
2780 1007 3051 1063 daemonas
3085 1009 3279 1078 ejicere
3303 1028 3316 1062 :
3341 1011 3433 1066 ille
3456 1027 3589 1067 vero
3619 1013 3725 1069 de-

2130 1102 2412 1161 monstrat,
2443 1110 2502 1149 se
2537 1112 2642 1150 non
2678 1099 2839 1153 modo
2870 1099 3161 1167 daamonas,
3193 1103 3287 1156 sed
3325 1102 3538 1158 illorum
3568 1107 3720 1174 prin-

2130 1187 2300 1254 cipem
2329 1186 2548 1256 ligatum
2575 1187 2625 1241 vi
2651 1188 2911 1256 detinere,
2952 1191 3206 1262 illumque
3243 1193 3475 1262 priorem
3503 1197 3718 1265 propria

2131 1289 2389 1349 potestate
2419 1281 2642 1346 vicisse;
2680 1282 2823 1352 quod
2858 1298 2888 1336 a
2918 1283 3077 1337 rebus
3119 1285 3287 1354 gestis
3316 1287 3719 1354 comprobatur.

2129 1370 2258 1425 Nam
2280 1372 2322 1426 si
2354 1372 2438 1426 hic
2464 1374 2710 1442 princeps
2725 1384 2823 1436 est,
2847 1375 3134 1445 czeterique
3153 1374 3348 1430 subditi
3380 1393 3392 1429 :
3421 1379 3715 1446 quomodo,

2131 1463 2220 1516 illo
2261 1479 2365 1517 non
2411 1465 2552 1517 victo
2581 1465 2620 1529 ¹,
2654 1479 2752 1519 nec
2793 1465 3034 1530 cedente,
3084 1465 3136 1519 lti
3181 1465 3578 1535 diriperentur?
3620 1470 3726 1525 llic

2130 1569 2257 1608 vero
2289 1554 2496 1609 videtur
2519 1555 2645 1608 mihi
2677 1555 2951 1626 prophetia
2980 1572 3099 1612 esse
3131 1558 3270 1626 quod
3297 1558 3501 1614 dicitur.
3527 1560 3722 1630 Neque

2129 1647 2273 1701 cnim
2301 1647 2457 1702 tnodo
2478 1648 2751 1704 dzcmones
2778 1665 2900 1704 vasa
2928 1649 3125 1704 diaboli
3156 1660 3301 1716 sunt,
3324 1653 3418 1707 sed
3447 1655 3605 1707 etiam
3630 1655 3726 1708 lto-

2129 1739 2306 1794 mines
2368 1739 2458 1808 qui
2501 1741 2792 1794 secundum
2834 1742 3005 1811 ipsum
3051 1755 3359 1812 operantur.
3409 1745 3591 1799 Palam
3640 1757 3727 1802 est

2131 1830 2288 1900 igitur
2321 1829 2408 1885 hic
2437 1830 2538 1886 dici
2569 1847 2690 1886 eum
2721 1847 2824 1886 non
2857 1833 3127 1888 daunonas
3163 1836 3333 1889 solum
3372 1837 3590 1904 ejicere,
3624 1841 3720 1893 sed

2130 1923 2291 1976 etiam
2322 1938 2559 1977 errorem
2591 1940 2655 1978 ex
2684 1933 2796 1978 toto
2835 1925 2964 1980 orbe
2991 1925 3385 1980 eliminaturum
3425 1944 3562 1993 esse,
3599 1929 3720 1984 dia-

2132 2011 2346 2081 boliqne
2376 2014 2669 2083 przcstigias
2714 2016 3028 2081 soluturum,
3079 2026 3134 2070 et
3185 2018 3363 2072 omnia
3412 2034 3529 2088 qua:
3573 2020 3716 2074 illius

2131 2114 2256 2157 sunt
2281 2103 2482 2159 inutilia
2521 2105 2870 2160 redditurum.
2921 2106 3104 2176 Neque
3149 2108 3302 2174 dixit,
3354 2109 3554 2180 Rapiet,
3594 2111 3726 2176 sed,

2135 2195 2379 2263 Diripiet;
2403 2195 2680 2250 declarans
2711 2197 2835 2251 illud
2865 2213 2984 2251 cum
3010 2209 3270 2268 potestate
3293 2199 3487 2253 factum
3509 2216 3647 2256 esse.

2203 2288 2256 2342 '5.
2289 2288 2502 2342 Fortem
2534 2299 2710 2344 autem
2741 2290 2888 2344 illum
2914 2291 3145 2360 appellat
3171 2335 3184 2355 ,
3216 2308 3322 2347 non
3360 2293 3502 2362 quod
3531 2304 3728 2346 natura

2135 2380 2253 2434 talis
2281 2383 2352 2434 sit
2379 2396 2394 2438 :
2427 2380 2600 2445 absit;
2631 2381 2725 2436 sed
2770 2383 2998 2451 priorem
3041 2384 3345 2453 signiﬁcans
3387 2387 3735 2455 tyrannidem-

2133 2489 2199 2528 ex
2231 2472 2547 2541 negligentia
2579 2482 2760 2526 nostra
2791 2475 3095 2529 stabilitam.
3128 2476 3216 2530 50.
3249 2477 3349 2542 Qui
3390 2493 3485 2529 non
3512 2488 3584 2531 est
3614 2493 3724 2529 me-

2134 2580 2266 2628 cum,
2297 2573 2471 2617 contra
2498 2581 2576 2616 me
2603 2574 2710 2628 est;
2741 2575 2788 2618 et
2809 2568 2893 2635 qui
2917 2583 3108 2619 ntecum
3133 2584 3233 2620 non
3257 2568 3468 2637 colligit,
3499 2570 3722 2638 spargit.

2135 2655 2274 2709 Ecce
2298 2664 2537 2724 quartam
2566 2656 2906 2710 solutionem.
2931 2657 3066 2724 Quid
3098 2659 3255 2713 volo?
3287 2659 3477 2728 inquit.
3503 2659 3612 2713 Deo
3640 2660 3732 2712 of-

2138 2743 2275 2799 ferre
2311 2787 2324 2807 ,
2377 2745 2626 2800 virtutem
2669 2746 2896 2812 docere,
2941 2764 3162 2818 regnum
3207 2749 3545 2805 annuntiare.
3591 2753 3728 2817 Quid

2135 2837 2380 2891 diabolus
2405 2845 2458 2891 et
2487 2837 2758 2892 daemones
2778 2839 2998 2892 volunt?
3019 2840 3417 2895 Hiscontraria.
3446 2843 3728 2908 Quomodo

2137 2929 2298 2999 igitur
2321 2929 2385 2992 is,
2414 2929 2501 2997 qui
2533 2945 2741 2984 mecum
2771 2946 2874 2984 non
2908 2931 3139 3002 colligit,
3173 2948 3345 3002 neque
3371 2949 3578 2987 mecum
3606 2944 3737 3000 est,

2139 3035 2345 3073 mecum
2388 3030 2701 3089 Operaturus
2727 3021 2846 3076 est?
2875 3022 3072 3092 etquid
3116 3023 3236 3078 dico
3282 3039 3490 3079 mecum
3533 3040 3727 3095 opera-

2141 3113 2326 3165 turus?
2376 3111 2487 3167 lmo
2542 3115 2908 3180 contrarium;
2959 3115 3106 3184 cupit
3152 3116 3292 3170 enim
3352 3131 3474 3171 mea
3516 3117 3726 3185 disper-

2139 3219 2281 3272 gere.
2315 3204 2410 3270 Qui
2444 3219 2572 3275 ergo
2611 3221 2717 3259 non
2757 3205 2916 3260 modo
2950 3222 3158 3262 mecum
3189 3223 3292 3262 non
3327 3219 3603 3279 operatur,
3633 3211 3729 3266 sed

2139 3295 2298 3348 etiam
2348 3295 2639 3365 diSpergit,
2683 3297 2949 3368 quomodo
2999 3307 3198 3353 tantam
3244 3316 3453 3355 mecum
3506 3318 3732 3358 concor-

2141 3383 2280 3438 diam
2304 3385 2598 3451 exhiberet,
2615 3397 2673 3440 ut
2699 3404 2904 3442 mecum
2927 3389 3198 3444 daemonas
3226 3392 3483 3458 ejicerct?
3507 3393 3617 3447 lloc
3637 3411 3732 3448 au-

2143 3483 2247 3528 tem
2297 3491 2403 3530 non
2452 3477 2518 3531 de
2560 3477 2773 3533 diabolo
2813 3488 3043 3546 tantum,
3089 3481 3182 3535 sed
3231 3484 3401 3551 ipsum
3444 3483 3511 3537 de
3554 3486 3731 3556 seipse

2141 3567 2428 3622 verisimile
2451 3576 2533 3622 est
2559 3568 2777 3631 dixisse,
2802 3579 2987 3638 utpote
3014 3572 3101 3640 qni
3124 3583 3305 3626 contra
3337 3573 3609 3628 diabolum
3636 3577 3729 3640 sit,

2142 3666 2195 3712 et
2222 3674 2338 3727 qua:
2377 3658 2516 3712 illius
2564 3669 2686 3712 sunt
2733 3659 3022 3730 dispergat.
3055 3662 3120 3716 Et
3149 3667 3439 3733 quomodo,
3489 3667 3728 3736 inquies,

2142 3749 2229 3817 qui
2262 3766 2364 3802 non
2406 3758 2489 3804 est
2533 3765 2772 3814 mecum,
2805 3761 2988 3805 contra
3030 3769 3114 3808 me
3156 3755 3270 3809 est?
3299 3755 3351 3809 ld
3385 3766 3487 3823 est,
3519 3773 3588 3811 eo
3617 3759 3735 3826 ipsi»

2143 3839 2285 3908 quod
2335 3856 2440 3893 non
2482 3842 2716 3912 colligat.
2761 3843 2816 3897 Si
2854 3854 3030 3898 autem
3064 3845 3163 3900 hoc
3206 3863 3385 3900 verum
3413 3859 3526 3913 cst,
3563 3851 3745 3901 multo

2143 3934 2309 4002 magis
2334 3934 2422 4002 qui
2451 3943 2636 3988 contra
2679 3936 2848 4004 ipsum
2897 3946 2996 4001 est,
3029 3953 3150 3992 cum
3190 3938 3278 3991 illo
3320 3955 3423 3993 non
3455 3950 3734 4008 operatur.

2143 4022 2272 4076 Nam
2305 4025 2346 4077 si
2377 4025 2419 4077 is
2446 4025 2532 4094 qui
2566 4040 2686 4079 cum
2736 4026 2827 4079 illo
2858 4042 2962 4080 non
3004 4040 3286 4097 operatur,
3319 4030 3563 4084 inimicus
3600 4046 3682 4087 εει
3719 4051 3734 4086 :

2144 4115 2310 4168 multo
2341 4115 2510 4185 magis
2526 4116 2614 4185 qui
2641 4116 2932 4186 impugnat.
2959 4118 3084 4172 Haec
3114 4135 3275 4188 porro
3300 4122 3479 4175 omnia
3501 4122 3650 4189 dicit,
3677 4135 3736 4178 ut

2144 4207 2390 4260 ostendat
2419 4223 2662 4278 magnam
2693 4209 2790 4263 sibi
2825 4225 2944 4264 cum
2971 4211 3184 4265 diabolo
3224 4212 3557 4266 inimicitiam
3585 4229 3728 4269 esse.

2147 4297 2239 4350 Dic
2278 4296 2429 4361 mihi,
2461 4313 2666 4366 quzeso,
2697 4299 2741 4352 si
2788 4299 2926 4368 quis,
2955 4316 3075 4354 eum
3119 4302 3187 4354 sit
3230 4303 3569 4370 pugnandum
3592 4347 3606 4369 ,
3638 4306 3734 4358 tibi

2145 4388 2342 4442 auxilio
2373 4402 2491 4443 esse
2519 4389 2680 4454 nolit,
2712 4404 2891 4444 nonne
2928 4392 3011 4445 vel
3040 4407 3104 4446 eo
3131 4393 3248 4461 ipso
3291 4404 3476 4447 contra
3507 4402 3560 4448 te
3587 4396 3733 4448 erit?

2143 4479 2294 4546 Quod
2328 4481 2370 4533 si
2399 4481 2521 4533 alibi
2545 4479 2720 4545 dicat,
2752 4481 2851 4545 Qui
2880 4498 2978 4535 non
3023 4493 3094 4538 est
3121 4493 3292 4537 contra
3321 4501 3434 4549 vos,
3479 4503 3573 4554 pro
3597 4486 3732 4539 vobis

2145 4582 2219 4622 est
2244 4568 2397 4641 (Luc.
2428 4570 2480 4624 9.
2509 4571 2624 4639 50),
2655 4586 2762 4624 non
2793 4581 2877 4626 est
2903 4572 3025 4627 huic
3053 4573 3197 4628 dicto
3223 4576 3574 4628 contrarium.
3600 4576 3732 4629 Nam

2146 4663 2230 4716 hic
2259 4663 2622 4717 adversarium
2653 4665 2729 4718 eis
2756 4665 3012 4731 ostendit,
3045 4665 3151 4720 illic
3179 4681 3308 4720 vero
3335 4681 3398 4720 ex
3429 4679 3588 4737 parte
3632 4670 3734 4721 ad-

2146 4757 2460 4810 versarium.
2507 4755 2660 4822 Nam,
2689 4757 2754 4810 In
2783 4759 2983 4812 nomine
3005 4769 3107 4822 tuo,
3139 4758 3341 4828 inquit,
3377 4761 3588 4830 ejieizmt
3627 4761 3735 4813 dte-

2144 4848 2315 4900 monia
2356 4846 2569 4916 (Matth.
2599 4850 2653 4902 7.
2708 4849 2824 4920 2‘2).
2854 4849 2979 4904 Mihi
3009 4867 3136 4904 vero
3159 4851 3367 4905 videtur
3398 4852 3482 4906 hic
3514 4852 3733 4907 Judzcos

2143 4937 2504 5004 subindicare,
2532 4955 2667 5010 quos
2690 4956 2808 4994 cum
2829 4939 3043 4996 diabolo
3067 4943 3365 4997 constituit.
3391 4943 3526 4998 Nam
3556 4955 3608 4999 et
3631 4945 3732 5014 ipsi

2148 5028 2592 5094 adversabantur,
2639 5040 2693 5084 et
2735 5047 2854 5100 qua:
2880 5033 2995 5101 ipse
3038 5045 3416 5105 congregasset
3461 5035 3733 5105 disperge-

2141 5119 2290 5175 bant.
2321 5121 2472 5188 Quod
2518 5123 2659 5175 enim
2701 5123 2843 5192 ipsos
2886 5125 3283 5190 subindicarct,
3326 5127 3615 5182 declaravit
3645 5127 3732 5181 his

2143 5213 2321 5268 verbis
2347 5231 2358 5266 :
2383 5215 2468 5269 51.
2495 5213 2622 5268 Ideo
2645 5215 2756 5268 dico
2777 5216 2932 5283 vobis,
2957 5216 3116 5270 Omne
3136 5229 3396 5288 peccatum
3417 5231 3465 5273 et
3485 5220 3731 5289 blasphe-

2145 5306 2248 5358 mia
2283 5305 2562 5359 remittetur
2603 5307 2905 5361 ltominibus.
2945 5307 3293 5378 Posteaquam
3324 5311 3467 5364 enim
3497 5327 3729 5380 restion-

2143 5396 2297 5451 derat
2325 5405 2380 5451 et
2419 5397 2772 5465 objectionem
2822 5399 3088 5466 solverat,
3123 5403 3541 5472 ostenderatque
3584 5403 3729 5472 ipsos

2141 5487 2338 5542 frustra
2361 5488 2694 5557 impudenter
2705 5504 2881 5559 agere,
2907 5491 3117 5546 demum
3140 5501 3322 5548 terret.
3338 5495 3561 5550 Consilii
3583 5497 3725 5550 enim

2142 5588 2197 5634 et
2240 5581 2588 5636 correctionis
2635 5581 2750 5636 hmc
2786 5597 2900 5637 non
2943 5585 3242 5653 spernenda
3291 5600 3418 5655 pars
3465 5596 3567 5652 est,
3617 5601 3724 5642 non

2142 5670 2302 5727 modo
2328 5672 2550 5742 objectis
2593 5673 2917 5743 respondere
2943 5682 2999 5731 et
3044 5676 3386 5748 persuadere,
3418 5677 3514 5734 sed
3561 5677 3721 5735 etiam

2205 5784 2218 5814 ¹
2247 5789 2363 5852 Alii,
2383 5787 2468 5840 illo
2484 5800 2576 5840 non
2593 5793 2764 5839 euicto.
