4042 6218
212 316 302 374 ιιτ

207 430 380 496 αὐτοῦ,
410 429 504 483 καὶ
528 428 683 484 οὐδὲν
709 427 891 490 αὐτοῖς
931 413 1221 476 ἐνεκάλουν
1247 416 1390 475 οὗτοι
1412 439 1425 451 ·
1473 420 1534 472 οὐ
1567 419 1675 488 γάρ
1726 415 1869 486 πρά-

1341 301 1405 356 ΙΝ
1440 297 1848 355 \lATTIl/EUM
1891 296 2116 353 llUfrllL.
2159 301 2294 356 XLI.
2336 315 2408 354 an.
2451 297 2607 356 XLII.

3519 307 3624 360 438

1961 417 2224 484 πρότερον
2257 415 2470 468 ἐκείίνου
2505 415 2897 482 περιγένηται,
2943 413 3038 466 καί
3067 410 3228 464 τοῦτο
3275 412 3440 464 πᾶσίν
3475 416 3624 466 ἐστιν

209 536 422 591 γμασιν,
457 517 594 574 ἀλλά
649 515 924 589 προσώπῳ
967 513 1127 582 μόνον
1159 510 1444 580 ἐμάχοντο.
1473 507 1656 560 Θέλων
1692 504 1871 559 τοίνυν
1959 503 2405 574 ὡμολογημένον.
2433 504 2498 556 Τί
2519 500 2612 556 οὖν
2635 505 2696 555 ἐκ
2718 502 2925 555 τούτων
2947 501 3264 591 συνίσταται
3287 515 3303 565 ;
3327 500 3400 551 T0
3419 502 3628 570 ἐμπρορ

211 607 386 673 δείξαι,
417 608 498 660 δτι
519 605 714 675 φθόνου
744 599 811 674 ἦν
833 601 926 656 τοῦ
958 600 1094 671 πρὸς
1117 600 1280 652 αὑτὸν
1303 597 1371 650 τὰ
1393 598 1511 668 είρη
1522 596 1656 666 μένα
1688 595 1866 663 μόνον,

210 700 321 766 ἄγει
349 697 475 759 τοὺς
505 693 831 755 ἀποστόλους
861 693 939 754 εἰς
978 689 1159 760 μέσον.
1195 689 1254 742 ΕΞ
1293 687 1399 756 γάρ
1429 685 1540 752 ἐγὼ
1583 684 1754 747 οὕτως
1782 685 1873 737 ἐκ-

211 785 398 849 ϐάλλω,
429 782 606 852 πολλῷ
644 781 1056 852 μάλλονέκεῖνοι
1082 779 1129 831 οἰ
1151 777 1280 846 παρ’
1315 773 1448 845 ἐμοῦ
1484 777 1580 846 τὴν
1624 773 1870 838 ἐξουσίαν

209 873 471 936 λαϐόντες.
527 869 666 922 Ἀλλ’
696 870 845 938 ὅμως
888 867 1039 920 οὐδὲν
1077 865 1316 918 τοιοῦτον
1355 865 1609 936 εἰρήκατε
1665 863 1865 925 αὐτοῖς.

212 963 324 1026 Πῶς
344 958 435 1014 οῦν
465 959 589 1030 ἐμοὶ
616 958 694 1030 τῷ
732 956 1002 1018 κάκείνοις
1030 954 1184 1025 αἰτίῳ
1225 953 1334 1006 τῶν
1363 953 1662 1022 γινομένων
1695 950 1872 1004 ταῦτα

210 1051 499 1120 ἐγκαλεῖτε,
551 1048 790 1110 ἐκείνους
844 1043 1170 1106 ἀπολύοντες
1203 1043 1309 1094 τῶν
1344 1041 1744 1110 ἐγκλημάτων;
1795 1040 1867 1092 Οῦ

211 1139 308 1210 μὴν
327 1137 486 1192 τοῦτο
500 1137 645 1206 ὑμᾶς
670 1131 1025 1204 ἐλευθερώσει
1051 1131 1148 1200 τῆς
1171 1130 1458 1200 τιμωρίας,
1490 1129 1624 1182 ἀλλά
1647 1131 1740 1181 καὶ
1769 1145 1870 1182 κα-

206 1225 476 1279 ταδικάσει
529 1221 810 1293 μειζόνως.
860 1219 959 1272 Διά
1016 1218 1172 1272 τοῦτο
1209 1218 1304 1271 καὶ
1351 1219 1657 1288 ἐπήγαγεν⁸
1691 1215 1872 1270 Αὐτοὶ

208 1315 387 1384 κριταί
413 1313 579 1382 ὑμῶν
609 1313 872 1365 ἔσονται.
911 1309 1078 1362 Ὅταν
1117 1308 1224 1379 γὰρ
1269 1307 1328 1371 ἐξ
1367 1307 1520 1378 ὑμῶν
1548 1306 1735 1370 ὄντες,
1775 1306 1870 1358 καὶ

213 1404 370 1458 ταῦτα
405 1398 856 1472 μεμελετηκότες,
885 1397 977 1450 καὶ
1004 1396 1294 1450 πείθωνταί
1322 1413 1412 1466 μοι
1439 1395 1483 1427 ⁸³
1505 1395 1600 1449 καὶ
1631 1392 1872 1448 ὑπακού-

209 1509 355 1554 ωσιν,
381 1490 601 1561 εῠδηλον
643 1490 727 1543 ὅτι
774 1489 868 1541 καὶ
916 1485 1366 1558 κατακρινοῦσιδ6
1395 1487 1521 1550 τοὺς
1553 1485 1622 1539 τά
1655 1485 1870 1540 ἐναντία

207 1580 294 1634 καὶ
331 1578 617 1640 ποιοῦντας
653 1577 748 1630 καὶ
788 1575 1064 1644 λέγοντας.
1109 1578 1178 1628 Εἰ
1203 1573 1270 1627 δὲ
1300 1575 1370 1626 ἐν
1394 1575 1689 1643 Πνεύματι
1723 1572 1870 1628 Θεοῦ

205 1665 472 1720 ἐκϐάλλω
506 1665 577 1719 τὰ
605 1664 899 1732 δαιμόνια,
939 1663 1052 1730 ἄρα
1083 1662 1351 1731 ἔφθασεν
1376 1663 1466 1731 ἐφ’
1495 1661 1647 1731 ὑμᾶς
1682 1664 1719 1730 ἡ
1753 1663 1868 1726 βα-

209 1755 398 1810 σιλεία
428 1754 535 1808 τοῦ
565 1753 732 1808 Θεοῦ.
763 1753 827 1806 Τί
862 1755 1030 1814 ἐστιν,
1074 1753 1143 1806 'II
1161 1754 1448 1817 βασιλεία
1460 1770 1478 1816 ;
1512 1753 1575 1806 Ἦ
1603 1754 1872 1823 παρουσία

213 1845 238 1914 ίλ
260 1844 534 1914 ἐμή.”ορα
558 1841 675 1905 πῶς
707 1841 868 1895 πάλιν
899 1842 1097 1904 αὐτοὺς
1116 1841 1400 1910 ἐφέλκεται
1427 1842 1522 1895 καὶ
1554 1841 1869 1912 θεραπεύει,

206 1933 295 1985 καὶ
325 1931 460 2001 πρὸς
492 1929 590 2001 τὴν
621 1927 814 1982 ἐαυτοῦ
844 1929 1046 1996 γνῶσιν
1097 1929 1418 1995 ἐπισπᾶται,
1470 1930 1562 1981 καὶ
1602 1929 1872 1982 δείκνυσιν

206 2019 282 2071 δτι
313 2019 424 2082 τοῖς
451 2017 670 2078 οἰκείοις
710 2015 1034 2084 πολεμοῦσιν
1082 2015 1326 2082 ἀγαθοῖς,
1377 2016 1470 2068 καί.
1509 2016 1870 2085 φιλονεικοῦσι

206 2106 338 2160 κατά
365 2109 466 2176 τῆς
516 2103 724 2158 ἐαυτῶν
781 2102 1073 2174 σωτηρίας.
1109 2103 1238 2155 Δέον
1271 2104 1380 2175 γὰρ
1411 2104 1622 2176 χαίρειν
1645 2146 1660 2170 ,
1718 2106 1869 2174 φησὶ,

206 2196 295 2249 καὶ
323 2196 569 2265 σκιρτᾷν,
601 2194 682 2246 ὅτι
706 2192 776 2245 τὰ
807 2192 1018 2262 μεγάλα
1051 2193 1143 2244 καί
1173 2192 1460 2263 ἀπόρρητα
1483 2195 1664 2245 ἐκεῖνα
1697 2209 1874 2264 παρα-

206 2283 393 2353 γέγονε
426 2282 468 2314 ⁸⁷
510 2280 848 2352 δωρούμενος
892 2280 961 2332 τά
1004 2281 1171 2334 πάλαι
1225 2281 1376 2352 παρά
1423 2281 1532 2333 τῶν
1582 2282 1874 2353 προφητῶν

206 2373 456 2445 ᾀδόμενα,
496 2370 590 2424 καὶ
623 2369 722 2437 τῆς
749 2367 1054 2439 εὐπραγίας
1084 2367 1236 2438 ὑμῶν
1266 2367 1565 2439 ἐφέστηκεν
1590 2369 1618 2421 0
1645 2370 1832 2442 καιρός
1857 2386 1870 2401 °

205 2460 357 2528 ὑμεῖς
385 2459 440 2511 δὲ
468 2455 778 2509 τούναντίον
819 2457 1050 2517 ποιεῖτε,
1087 2455 1148 2507 οὺ
1194 2454 1352 2524 μόνον
1399 2456 1458 2507 οὑ
1498 2455 1777 2528 δεχόμενοι
1808 2459 1876 2512 τὰ

205 2547 402 2616 ἀγαθὰ,
433 2545 569 2600 ἀλλὰ
603 2545 695 2599 καὶ
726 2543 1122 2607 διαϐάλλοντες,
1153 2544 1248 2596 καὶ
1291 2544 1629 2609 συντιθέντες
1656 2547 1756 2599 οὑκ
1783 2546 1875 2600 οῦ-

206 2653 302 2700 σας
335 2634 535 2697 αἰτίας.
573 2634 632 2687 '0
667 2633 766 2704 μὲν
799 2628 893 2685 οὖν
920 2633 964 2662 ⁸⁸
993 2631 1268 2695 Ματθαῖός
1299 2649 1463 2702 φησιν
1489 2651 1502 2664 ο
1559 2636 1630 2687 El
1662 2633 1730 2688 δὲ
1763 2635 1876 2705 ἐγὼ

204 2729 274 2782 ἐν
295 2727 590 2795 Πνεύματι
614 2724 761 2779 Θεοῦ
785 2724 1060 2778 ἐκϐάλλω
1076 2739 1088 2754 ’
1115 2726 1142 2776 0
1161 2724 1217 2776 δὲ
1239 2727 1472 2790 Λουκᾶς,
1488 2728 1554 2780 El
1579 2727 1648 2781 δὲ
1676 2729 1791 2798 ἐγὼ
1809 2730 1878 2784 ἐν

205 2815 478 2880 δακτύλῳ
503 2812 649 2867 Θεοῦ
679 2811 952 2866 ἐκϐάλλω
975 2814 1047 2866 τὰ
1066 2812 1340 2881 δαιμόνια
1365 2854 1380 2879 ,
1408 2814 1622 2879 δεικνὺς
1664 2817 1746 2869 ὃτι
1783 2836 1878 2888 με-

203 2905 394 2975 γίστης
424 2902 705 2973 δυνάμεως
733 2901 892 2970 ἔργον
918 2901 1033 2954 ἐστί
1054 2901 1116 2954 τὸ
1139 2901 1398 2971 δαίμονας
1424 2902 1706 2958 ἐκϐάλλειν
1724 2946 1738 2969 ,
1783 2907 1876 2959 καὶ

205 2993 264 3046 οὐ
286 2993 383 3064 τῆς
411 2989 678 3062 τυχούσης
708 2990 946 3060 χάριτος.
986 2988 1098 3043 Καὶ
1130 2988 1376 3059 βούλεται
1410 2991 1508 3061 μὲν
1540 2993 1649 3046 ἀπὸ
1677 2992 1881 3046 τούτων

207 3079 625 3150 συλλογίσασθαι
669 3078 765 3131 καὶ
799 3079 997 3141 εἰπεῖν,
1031 3077 1112 3130 ὅτι
1143 3078 1204 3130 Εἰ
1230 3077 1285 3130 δὲ
1314 3077 1471 3132 τοῦτό
1512 3081 1680 3143 ἐστιν,
1713 3081 1822 3153 ἄρα
1853 3085 1882 3137 0

205 3169 333 3232 Υἰὺς
359 3170 452 3222 τοῦ
482 3166 617 3221 Θεοῦ
651 3165 1040 3236 παραγέγονεν.
1088 3164 1247 3218 ’Λλλά
1281 3165 1436 3219 τοῦτο
1489 3167 1587 3236 μὲν
1621 3170 1680 3222 οὐ
1713 3169 1879 3239 λέγει,

208 3256 683 3326 συνεσκιασμένως
701 3255 782 3318 δὲ,
806 3255 898 3306 καὶ
918 3254 994 3316 ὡς
1016 3254 1246 3316 ἐκείνοις
1273 3255 1580 3326 ἀνεπαχθὲς
1608 3253 1696 3327 ἦν,
1715 3259 1883 3311 αἰνίτο

207 3361 352 3398 τεται
382 3343 529 3413 αὑτῷ
553 3343 727 3412 λέγων
745 3359 760 3372 ·
792 3343 930 3408 Ἄρα
956 3341 1224 3409 ἔφθασεν
1240 3342 1330 3410 ἐφ’
1355 3343 1509 3411 ὑμᾶς
1532 3343 1684 3416 [447]
1712 3347 1750 3413 ἡ
1769 3347 1883 3410 βα-

197 3434 406 3488 (racia
435 3431 540 3485 τοῦ
571 3429 740 3484 Θεοῦ.
769 3425 923 3490 Εἶδες
949 3429 1264 3500 περιουσίαν
1296 3431 1487 3498 σοφίας
1511 3448 1525 3496 ;
1557 3434 1634 3485 Δι’
1664 3427 1739 3490 ὧν
1762 3436 1880 3488 ἐνεο

203 3523 424 3583 κάλουν,
461 3519 550 3572 διά
580 3518 784 3572 τούτων
812 3517 1010 3582 ἔδειξεν
1039 3517 1204 3570 αὑτοῦ
1225 3517 1324 3588 τὴν
1353 3521 1656 3590 παρουσίαν
1679 3522 1884 3593 ἐκλάμο

203 3626 435 3664 πουσαν.
455 3601 587 3660 Εἶτα
621 3607 707 3658 ἵνα
737 3604 1122 3675 ἐφελκύσηται,
1146 3605 1246 3658 οὐκ
1262 3601 1414 3658 εἶπεν
1445 3607 1649 3673 ἁπλῶς,
1674 3609 1881 3678 Ἔφθα-

204 3715 297 3752 σεν
319 3699 354 3768 ἡ
377 3694 642 3766 βασιλεία,
666 3691 782 3746 ἀλλ’
821 3691 914 3761 ἐφ’
954 3684 1111 3761 ὑμᾶς
1140 3708 1152 3720 ’
1196 3692 1395 3746 ὡσανεὶ
1422 3693 1604 3763 ἔλεγεν
1631 3698 1676 3730 ⁸⁸
1694 3715 1707 3729 ο
1724 3697 1882 3768 Ὑμῖν

199 3787 330 3855 ἥκει
345 3785 413 3837 τὰ
435 3781 642 3852 ἀγαθάο
669 3780 810 3834 διατί
832 3775 923 3833 οῦν
945 3779 1081 3850 πρὸς
1101 3779 1169 3832 τὰ
1189 3781 1365 3834 οἰκεῖα
1393 3782 1533 3836 καλὰ
1557 3783 1738 3855 ἀηδῶς
1774 3786 1884 3839 διά-

201 3871 388 3926 κεισθε
408 3887 421 3935 ;
440 3869 580 3922 διατί
600 3870 664 3939 τῇ
684 3869 712 3921 ὑ
721 3866 837 3937 μῶν
859 3865 1037 3919 αὐτῶν
1055 3867 1100 3898 ⁵ο
1115 3866 1401 3937 πολεμεῖτε
1425 3871 1669 3943 σωτηρίᾳ
1687 3891 1699 3939 ;
1716 3867 1882 3937 Οὗτος

201 3962 414 4020 ἐκεῖνος
434 3960 462 4011 0
479 3955 689 4027 καιρὸς,
707 3955 766 4007 δν
788 3953 954 4008 πάλαι
977 3952 1277 4024 προῦλεγον
1313 3956 1362 4007 οἱ
1386 3957 1660 4027 προφῆται
1677 3977 1690 3991 ο
1725 3959 1882 4013 τοῦτο

195 4050 264 4103 τὸ
293 4049 518 4118 σημεῖον
539 4045 636 4114 τῆς
657 4041 960 4112 παρουσίας
976 4041 1077 4110 τῆς
1100 4041 1227 4112 παρ’
1250 4042 1430 4095 αὐτῶν
1447 4043 1711 4116 ᾀδομένης
1734 4047 1802 4112 ει,
1822 4047 1883 4099 τὸ

197 4137 380 4190 ταῦτα
420 4131 665 4203 γίνεσθαι
693 4130 813 4200 θείᾳ
837 4128 1085 4199 δυνάμει.
1121 4129 1242 4181 Ὀτι
1267 4129 1366 4198 μέν
1395 4131 1503 4200 γὰρ
1531 4131 1759 4199 γίνεται,
1791 4137 1882 4188 καὶ

201 4225 363 4294 ὑμεῖς
393 4223 508 4275 ἴστε
528 4236 540 4248 ·
565 4221 644 4273 ὅτι
688 4217 746 4271 δέ
788 4217 908 4288 θεία
933 4217 1156 4286 δυνάμει
1195 4216 1426 4284 γίνεται,
1454 4219 1522 4271 τά
1580 4222 1882 4293 πράγματα

199 4308 327 4378 βοᾷ.
373 4303 510 4359 Οὔτε
544 4302 651 4374 γὰρ
676 4300 900 4354 δυνατὸν
935 4301 1179 4354 Σατανᾶν
1206 4301 1548 4372 ἰσχυρότερον
1579 4299 1720 4358 εἶναι
1763 4305 1880 4374 νῦν,

199 4392 320 4448 ἀλλ’
355 4391 570 4459 ἀνάγκη
606 4388 753 4442 πᾶσα
785 4385 1019 4456 ἀσθενῆ·
1058 4385 1221 4440 τὸνδέ
1246 4386 1577 4442 ἀσθενοῦντα
1601 4389 1701 4444 οὐκ
1737 4390 1882 4448 ἔστιν

195 4477 278 4540 ὡς
319 4473 538 4545 ἰσχυρὸν
575 4470 858 4526 ἐκϐάλλειν
909 4469 1000 4523 τὸν
1050 4469 1268 4542 ἰσχυρὸν
1325 4471 1574 4542 δαίμονα.
1613 4473 1797 4529 Ταῦτα
1827 4477 1882 4530 δέ

194 4563 382 4631 ἔλεγε,
407 4563 506 4630 τῆς
524 4560 743 4630 ἀγάπης
771 4558 982 4620 δεικνὺς
1011 4559 1108 4629 τὴν
1142 4557 1390 4628 δύναμιν,
1425 4559 1637 4632 καὶτῆς
1666 4561 1882 4616 διαστά-

196 4663 347 4710 σεως
394 4646 488 4699 καὶ
517 4645 613 4714 τῆς
659 4642 990 4712 φιλονεικίας
1019 4643 1118 4713 τὴν
1141 4642 1444 4696 ἀσθένειαν.
1475 4643 1566 4696 Διὸ
1598 4645 1690 4698 καὶ
1722 4646 1882 4710 αὐτὸς

197 4727 450 4798 συνεχῶς
499 4729 611 4789 τοῖς
667 4725 934 4796 μαθηταῖς
978 4725 1089 4778 ἄνω
1134 4725 1228 4778 καὶ
1275 4725 1425 4778 κάτω
1484 4728 1613 4797 περί
1659 4728 1882 4799 ἀγάπης

195 4812 464 4883 παρῄνει,
499 4810 592 4863 καὶ
616 4809 697 4862 ὅτι
751 4811 780 4862 0
817 4808 1060 4872 διάϐολος
1115 4809 1254 4878 ὑπὲρ
1289 4809 1381 4862 τοῦ
1419 4809 1623 4880 ταύτην
1671 4811 1880 4865 ἀνελεῖν

194 4899 387 4950 πάντα
419 4897 580 4949 ποιεῖ.
629 4893 815 4948 Εἰπὼν
852 4893 1029 4947 τοίνυν
1077 4893 1175 4964 τὴν
1199 4891 1458 4963 δευτέραν
1479 4893 1656 4958 λύσιν,
1683 4897 1878 4964 ἐπάγει

194 4980 301 5034 καὶ
338 4981 530 5051 τρίτην
551 4980 596 5010 δ’
627 4978 768 5031 οὕτω
795 4976 998 5045 λέγων·
1031 4975 1165 5042 Πῶς
1185 4975 1436 5030 δύναταί
1464 4994 1553 5043 τις
1584 4981 1883 5034 εἰσελθεῖν

191 5066 293 5130 εἰς
325 5065 441 5128 τὴν
486 5062 684 5116 οὶκίαν
740 5059 847 5113 τοῦ
904 5060 1180 5129 ἰσχυροῦ,
1226 5062 1424 5114 καὶτὰ
1461 5063 1655 5129 σκεύη
1693 5063 1880 5119 αὑτοῦ

191 5147 554 5214 διαρπάσαι,
582 5145 692 5198 ἐὰν
714 5143 799 5212 μὴ
847 5143 1084 5212 πρῶτον
1130 5144 1291 5213 δήσῃ
1333 5145 1440 5198 τὸν
1467 5145 1742 5214 ἰσχυρὸν,
1782 5146 1881 5201 καὶ

190 5230 339 5283 τότε
387 5229 456 5283 τὰ
492 5229 684 5294 σκεύη
741 5225 928 5280 αὑτοῦ
973 5225 1310 5296 διαρπάσῃ;
1351 5227 1469 5281 Ὅτι
1519 5228 1617 5297 μέν
1647 5228 1756 5299 γὰρ
1782 5229 1882 5283 οὐκ

189 5320 440 5386 ἐγχωρεῖ
474 5319 715 5381 Σατανᾶς
737 5317 978 5370 Σατανᾶν
1007 5316 1310 5383 ἐκϐάλλειν,
1331 5317 1486 5386 δῆλον
1509 5318 1573 5370 ἐκ
1597 5317 1705 5370 τῶν
1733 5319 1880 5388 εἰρη-

194 5405 388 5475 μένων
409 5418 420 5430 ·
459 5404 538 5455 ὅτι
569 5404 626 5456 δέ
655 5405 774 5457 οὑδέ
801 5404 1052 5483 ἄλλως.⁸⁵³
1077 5403 1302 5457 δυνατὸν
1325 5403 1628 5468 ἐκϐάλλειν,
1680 5404 1774 5458 ἐὰν
1805 5406 1880 5476 μὴ

192 5583 306 5652 l-lp.

1967 594 2091 646 σθεν
2119 594 2411 664 εἰρημένον
2439 591 2578 662 μετά
2603 592 2848 652 πλείονος
2872 592 2970 660 τῆς
2998 590 3340 660 περιουσίας.
3363 591 3628 644 Τοσοῦτον

1961 682 2071 750 γάρ
2095 681 2306 750 ἀπέχω,
2336 682 2492 748 φησι,
2519 682 2796 750 συμμάχω
2826 678 3136 750 χρήσασθαι
3160 677 3238 747 τῷ
3263 677 3514 749 διαϐόλῳ,
3545 680 3627 732 ὅτι

1964 771 2056 821 καὶ
2075 768 2296 837 πολεμῶ
2316 771 2408 821 καὶ
2425 768 2632 834 δεσμῶ·
2653 769 2748 820 καὶ
2763 767 2956 820 τούτου
2973 767 3364 835 τεκμήριον,τὸ
3378 768 3446 818 τά
3459 768 3630 836 σκεύη

1969 852 2132 905 αὑτοῦ
2157 851 2473 920 διαρπάσαι.
2498 849 2638 920 Ὅρα
2658 849 2773 912 πῶς
2791 849 3116 912 τούναντίον,
3139 847 3309 920 οὗπερ
3331 850 3646 921 ἐπεχείρουν

1971 941 2164 992 ἐκεῖνοι
2213 937 2638 999 κατασκεύασαι,
2672 936 3076 990 ἀποδείκνυται.
3120 937 3348 990 Ἐκεῖνοι
3399 938 3496 1008 μὲν
3539 939 3647 1009 γὰρ

1974 1027 2258 1080 ἐϐούλοντο
2310 1025 2504 1090 δεῖξαι,
2540 1024 2615 1077 ὅτι
2658 1025 2756 1076 οὐκ
2788 1023 2893 1093 ἰδία
2922 1023 3148 1094 δυνάμει
3180 1025 3427 1080 ἐκϐάλλει
3457 1027 3648 1098 δαίμο-

1971 1131 2095 1177 νας·
2149 1111 2310 1176 αὐτὸς
2367 1113 2422 1165 δὲ
2463 1111 2758 1174 δείκνυσιν,
2798 1112 2878 1164 δτι
2909 1113 2969 1164 οὐ
3005 1112 3163 1182 μόνον
3196 1114 3321 1175 τοὺς
3365 1113 3646 1183 δαίμονας,

1971 1203 2108 1256 ἀλλά
2139 1203 2229 1254 καί¹
2259 1200 2423 1254 αὑτὸν
2443 1201 2534 1252 τὸν
2561 1200 2872 1270 ἀρχηγέτην
2903 1200 3040 1269 μετά
3057 1200 3252 1270 πολλῆς
3279 1201 3376 1272 τῆς
3400 1201 3649 1266 ἐξουσίας

1969 1291 2247 1360 δεδεμένον
2278 1288 2409 1359 ἔχει,
2443 1290 2536 1342 καὶ
2561 1288 2770 1340 ἐκείνου
2804 1288 2909 1359 πρὸ
2943 1288 3148 1341 τούτων
3201 1289 3502 1358 ἐκράτησεν
3544 1290 3649 1360 ἰδίᾳ

1971 1379 2229 1447 δυνάμει·
2263 1379 2356 1430 καὶ
2379 1377 2534 1446 δῆλον
2584 1375 2692 1429 ἀπὸ
2740 1375 2846 1428 τῶν
2886 1376 3202 1446 γινομένων.
3235 1377 3300 1429 Εἰ
3335 1376 3442 1447 γὰρ
3490 1377 3519 1428 0
3553 1379 3651 1447 μὲν

1971 1467 2154 1535 ἄρχων
2208 1465 2374 1527 ἐστὶν,
2424 1466 2472 1516 οἰ
2515 1465 2570 1516 δέ
2625 1464 2969 1516 ὑπόκεινται·
3007 1464 3122 1526 πῶς
3175 1463 3261 1528 ἂν,
3317 1464 3526 1516 ἐκείνου
3576 1465 3650 1536 μὴ

1971 1554 2312 1624 ἡττηθέντος,
2377 1552 2510 1624 μηδέ
2560 1551 2972 1620 ὑποκύψαντος,
3038 1548 3181 1606 οῦτοι
3233 1553 3648 1623 διηρπάγησανς

1989 1641 2250 1696 Ἐνταῦθα
2276 1642 2332 1694 δέ
2367 1659 2454 1711 μοι
2483 1640 2577 1694 καὶ
2602 1641 2902 1711 προφητεία
2933 1640 3078 1693 δοκεί
3101 1641 3158 1693 τὸ
3178 1641 3464 1710 λεγόμενον
3490 1636 3648 1694 εἰναι.

1979 1735 2053 1786 Οὐ
2093 1734 2202 1804 γὰρ
2247 1732 2311 1803 δὴ
2347 1733 2506 1802 μόνον
2533 1732 2580 1784 οἱ
2607 1731 2855 1800 δαίμονες
2894 1729 3060 1801 σκεύη
3089 1730 3180 1782 τοῦ
3215 1729 3482 1790 διαϐόλου,
3519 1728 3653 1782 ἀλλὰ

1978 1823 2072 1874 καὶ
2103 1821 2244 1873 οἰτά
2277 1821 2483 1872 ἐκείνου
2530 1819 2857 1888 πράττοντες
2908 1818 3201 1888 ἄνθρωποι.
3241 1815 3426 1885 Δηλῶν
3472 1817 3652 1868 τοίνυν

1977 1909 2138 1962 ὅτιού
2173 1907 2432 1976 δαίμονας
2464 1906 2714 1958 ἐκϐάλλει
2761 1907 2942 1974 μόνον,
2987 1905 3126 1958 ἀλλά
3168 1906 3261 1958 καὶ
3298 1904 3395 1974 τὴν
3445 1903 3652 1972 πλάνην

1977 1997 2074 2062 τῆς
2101 1993 2422 2064 οἰκουμένης
2453 1994 2670 2046 ἃπασαν
2704 1993 3001 2058 ἀπελάσει,
3042 1993 3135 2046 καί
3185 1992 3282 2056 τὰς
3319 1992 3654 2062 μαγγανείας

1978 2082 2140 2136 αὐτοῦ
2171 2084 2216 2113 ⁸⁵
2250 2079 2579 2138 καταλύσει,
2637 2080 2730 2132 καὶ
2796 2081 2971 2132 πάντα
3029 2080 3277 2150 ἄχρηστα
3337 2081 3550 2150 ποιήσει
3587 2081 3656 2133 τὰ

1979 2171 2207 2229 ἐκείνου,
2243 2169 2414 2221 ταῦτα
2455 2170 2661 2237 εἴρηκε.
2691 2169 2802 2220 Καὶ
2831 2167 2929 2219 οὑκ
2961 2161 3135 2231 εἶπεν,
3175 2167 3457 2236 Ἀρπάσει,
3497 2166 3654 2232 ἀλλὰ,

1979 2257 2329 2327 Διαρπάσει·
2365 2258 2424 2310 τὸ
2458 2258 2572 2326 μετ’
2598 2255 2846 2318 ἐξουσίας
2872 2254 3155 2324 γινόμενον
3175 2254 3370 2324 δηλῶν.

2051 2398 2120 2466 γ’.
2173 2397 2410 2468 ’ἰσχυρὸν
2472 2395 2528 2448 δέ
2578 2394 2739 2448 αὐτὸν
2783 2393 2957 2458 καλεῖ,
3025 2393 3124 2448 οὐκ
3173 2395 3359 2466 ἐπειδὴ
3400 2399 3466 2467 τῇ
3497 2396 3656 2466 φύσει

1980 2487 2219 2549 τοιοῦτός
2243 2487 2357 2537 ἐστι
2381 2500 2394 2512 ⁸
2436 2484 2510 2554 μὴ
2550 2483 2793 2550 γένοιτο·
2824 2482 2963 2536 ἀλλά
3001 2481 3100 2552 τὴν
3141 2483 3450 2554 ἔμπροσθεν
3479 2485 3654 2554 δηλῶν

1980 2573 2290 2644 τυραννίδα,
2325 2569 2423 2640 τὴν
2455 2572 2518 2622 ἐκ
2541 2572 2637 2640 τῆς
2664 2568 2939 2640 ῥᾳθυμίας
2969 2570 3063 2639 τῆς
3107 2571 3380 2642 ἡμετέρας
3427 2588 3654 2643 γεγενη-

1986 2661 2172 2732 μένην.
2191 2661 2244 2711 Ὀ
2262 2654 2347 2727 μὴ
2375 2658 2459 2710 ὢν
2477 2655 2628 2728 [448]
2655 2658 2784 2724 μετ’
2805 2657 2970 2725 ἐμοῦ,
2996 2659 3121 2709 κατ’
3151 2658 3298 2726 ἐμοῦ
3326 2659 3477 2712 ἐστι·
3501 2658 3598 2713 καί
3624 2662 3656 2712 d

1976 2748 2062 2817 μὴ
2093 2746 2376 2814 συνάγων
2391 2745 2518 2814 μετ’
2549 2744 2726 2812 ἐμοῦ,
2769 2744 3096 2812 σκορπίζει.
3139 2745 3268 2798 Ἰδοὺ
3300 2747 3392 2798 καὶ
3419 2747 3656 2818 τετάρτη

1981 2836 2153 2897 λύσις.
2186 2833 2251 2886 Τί
2285 2833 2392 2903 γάρ
2423 2831 2532 2899 ἐγὼ
2555 2831 2850 2900 βούλομαι;
2884 2832 3037 2902 φησί.
3072 2831 3162 2902 Τῷ
3185 2832 3302 2903 Θεῷ
3340 2834 3655 2903 προσάγειν,

1983 2921 2182 2994 ἀρετὴν
2212 2921 2502 2984 διδάσκειν,
2539 2919 2816 2989 βασιλείαν
2863 2919 3272 2988 καταγγέλλειν.
3307 2922 3448 2974 Τίδέ
3482 2924 3510 2975 0
3547 2923 3653 2976 διά·

1985 3011 2138 3074 ϐολος
2158 3010 2250 3063 καὶ
2282 3011 2330 3061 οἰ
2357 3009 2640 3079 δσίμονες;
2673 3008 2943 3062 Τάναντία
2978 3007 3208 3072 τούτοις.
3251 3009 3375 3073 Πῶς
3397 3005 3488 3063 οὖν
3513 3011 3541 3062 ὀ
3584 3014 3657 3085 μή

1987 3101 2104 3173 μετ’
2135 3097 2270 3170 ἐμοῦ
2307 3098 2575 3166 συνάγων,
2608 3097 2742 3168 μηδέ
2779 3097 3052 3168 μετ’ἐμοῦ
3088 3098 3182 3163 ὢν,
3219 3101 3342 3170 ἐμοὶ
3383 3102 3668 3172 συμπράτ-

1981 3207 2095 3242 τειν
2126 3186 2346 3257 ἔμελλες
2379 3186 2490 3238 Καὶ
2516 3185 2567 3238 τί
2613 3185 2757 3253 λέγω
2789 3187 3194 3256 συμπράττειν;
3228 3189 3546 3243 Τοῦναντίον
3580 3191 3655 3254 δέ,

1985 3278 2078 3331 καὶ
2102 3274 2414 3346 σκορπίζειν
2441 3271 2586 3342 αὐτῷ
2618 3273 2881 3342 ἐπιθυμία
2915 3273 2980 3326 τά
3006 3275 3136 3344 ἐμά.
3165 3275 3221 3328 Ὀ
3253 3277 3430 3329 τοίνυν
3457 3278 3531 3348 μὴ
3566 3279 3661 3348 μό-

1983 3381 2073 3417 νον
2126 3361 2203 3432 μὴ
2226 3361 2271 3392 ⁵⁵
2309 3359 2698 3430 συμπράττων,
2744 3357 2880 3413 ἀλλά
2924 3360 3016 3413 καὶ
3065 3362 3395 3432 σκορπίζων,
3450 3364 3565 3426 πῶς
3596 3364 3662 3423 ἂν

1984 3448 2255 3517 τοσαύτην
2285 3447 2420 3517 πρὸς
2447 3448 2546 3515 ἐμὲ
2565 3445 2818 3515 ὁμόνοιαν
2844 3446 3175 3513 ἐπεδείξατο,
3202 3448 3343 3502 ὥστε
3377 3451 3494 3520 μετ’
3529 3451 3663 3521 ἐμοῦ

1983 3537 2108 3599 τοὺς
2124 3535 2384 3604 δαίμονας
2410 3532 2730 3598 ἐκϐάλλειν;
2761 3533 2932 3585 Τοῦτο
2961 3533 3017 3586 δέ
3049 3534 3110 3587 οὐ
3142 3535 3268 3604 περὶ
3303 3535 3396 3588 τοῦ
3417 3537 3664 3595 διαϐόλου

1988 3621 2168 3691 μόνον,
2210 3618 2347 3673 ἀλλά
2390 3619 2484 3672 καὶ
2512 3617 2674 3671 αὑτὸν
2727 3619 2856 3689 περὶ
2899 3618 3092 3672 ἐαυτοῦ
3145 3621 3292 3684 είκδς
3333 3622 3668 3681 ὑποπτεύειν

1986 3706 2286 3778 εἰρηκέναι,
2328 3705 2403 3767 ὠς
2427 3703 2523 3756 καὶ
2538 3704 2584 3734 ⁸⁸
2607 3702 2750 3756 κατά
2777 3703 2868 3755 τοῦ
2893 3702 3138 3756 διαϐόλου
3170 3704 3342 3768 ὄντος.
3376 3707 3469 3759 καί.
3497 3723 3652 3779 σκορ-

1987 3794 2234 3859 πίζοντος
2283 3792 2350 3846 τά
2382 3791 2608 3844 ἐκείνου.
2658 3790 2770 3843 Καὶ
2813 3789 2958 3853 πῶς,
3003 3790 3187 3861 φησὶν,
3239 3793 3268 3844 0
3318 3791 3394 3863 μὴ
3425 3793 3500 3848 ὣν
3547 3799 3662 3866 μετ’

1985 3881 2141 3954 ἐμοῦ,
2177 3881 2297 3935 κατ’
2323 3878 2458 3950 ἐμοῦ
2488 3881 2640 3932 ἐστιν
2672 3880 2747 3943 ⁸⁷;
2781 3877 2940 3948 Λύτῷ
2965 3877 3141 3950 τούτῳ
3168 3879 3247 3950 τῷ
3281 3881 3354 3950 μὴ
3387 3882 3652 3950 συνάγειν.

1984 3971 2048 4023 Εἰ
2077 3969 2133 4022 δέ
2176 3967 2336 4021 τοῦτο
2364 3967 2581 4038 ἀληθὲς,
2608 3965 2789 4036 πολλῷ
2829 3966 3030 4036 μᾶλλον
3064 3966 3092 4017 0
3131 3969 3249 4020 κατ’
3273 3968 3436 4022 αὑτοῦ
3469 3969 3566 4023 ὥν.
3597 3972 3661 4024 Ei

1983 4057 2090 4128 γὰρ
2113 4058 2142 4109 ὁ
2164 4054 2240 4126 μὴ
2270 4054 2657 4125 συμπράττων,
2681 4052 2892 4122 ἐχθρὸς,
2919 4052 3098 4124 πολλῷ
3119 4055 3320 4124 μᾶλλον
3341 4057 3370 4109 0
3389 4055 3656 4127 πολεμῶν.

1985 4141 2171 4195 Ταῦτα
2201 4140 2258 4194 δέ
2308 4139 2485 4194 πάντα
2541 4138 2711 4207 λέγει,
2745 4139 2832 4192 ἵνα
2868 4139 3017 4212 δείξῃ
3056 4140 3255 4212 πολλὴν
3299 4141 3464 4196 αὑτοῦ
3523 4144 3662 4216 πρὸς

1982 4229 2075 4284 τὸν
2111 4228 2356 4283 διάϐολον
2392 4227 2490 4298 τὴν
2520 4227 2717 4298 ἔχθραν
2747 4226 2841 4280 καὶ
2888 4228 3094 4296 ἄφατον
3134 4223 3319 4284 οὖσαν.
3367 4231 3502 4284 Εἰπὲ
3553 4233 3661 4304 γάρ

1987 4334 2096 4387 μοι,
2137 4317 2184 4368 εί
2221 4314 2330 4366 δέοι
2352 4313 2460 4368 τινὶ
2488 4313 2814 4386 πολεμῆσαι,
2833 4315 2862 4366 0
2884 4314 2958 4385 μὴ
2983 4315 3302 4386 βουλόμενός
3329 4335 3410 4370 σοι
3441 4334 3650 4390 συμμα·

1983 4405 2170 4474 χῆσαι,
2213 4401 2364 4472 αὐτῷ
2392 4401 2568 4472 τούτῳ
2593 4403 2693 4454 οὐκ
2719 4401 2833 4454 ἐστι
2886 4401 3023 4455 κατά
3054 4403 3184 4467 σοῦ;
3232 4405 3294 4457 Εἰ
3327 4405 3383 4457 δέ
3425 4405 3662 4476 ἀλλαχοῦ

1984 4508 2169 4561 φησιν,
2207 4489 2260 4542 Ὀ
2288 4487 2374 4558 μὴ
2417 4485 2502 4541 ὢν
2529 4490 2659 4544 καθ’
2706 4488 2892 4558 ὑμῶν,
2924 4491 3075 4558 ὑπὲρ
3119 4491 3288 4559 ὑμῶν
3325 4493 3515 4556 ἐστιν,
3559 4495 3662 4546 οὐκ

1981 4579 2127 4633 ἔστιν
2171 4577 2411 4631 ἐναντίον
2437 4577 2627 4648 τούτῳ.
2672 4576 2942 4631 Ἐνταῦθα
2982 4577 3091 4649 γὰρ
3127 4579 3293 4645 ἔδειξε
3330 4582 3448 4632 κατ’
3481 4581 3658 4633 αύτῶν

1981 4663 2131 4724 ὄντα,
2163 4662 2279 4715 ἐκεῖ
2305 4661 2362 4714 δέ
2405 4660 2677 4714 δείκνυσιν
2719 4663 2776 4714 ἐν
2812 4663 2966 4732 μέρει
2996 4665 3112 4730 μετ’
3146 4661 3324 4714 αὐτῶν
3355 4662 3514 4714 δντα·
3564 4664 3651 4718 Ἐγ

1982 4745 2091 4817 γὰρ
2117 4743 2196 4808 τῷ
2227 4743 2474 4812 ὀνόματί
2504 4760 2639 4807 σου,
2663 4744 2847 4814 φησὶν.
2867 4743 3235 4796 ἐκϐάλλουσι
3265 4743 3336 4798 τὰ
3362 4744 3653 4814 δαιμόνια.

1996 4829 2150 4900 Ἐμοὶ
2170 4827 2226 4880 δέ
2255 4827 2403 4880 δοκεῖ
2427 4826 2658 4880 ἐνταῦθα
2693 4827 2786 4879 καὶ
2822 4826 3104 4890 Ἰουδαίους
3139 4827 3490 4889 αἰνίττεσθαι,
3521 4832 3661 4899 μετά

1981 4911 2074 4965 τοῦ
2120 4910 2365 4964 διαϐόλου
2421 4912 2622 4981 στήσας
2658 4909 2874 4974 αὐτούς.
2925 4911 3033 4964 Καὶ
3085 4911 3194 4980 γάρ
3223 4911 3317 4963 καὶ
3349 4911 3502 4966 αὐτοὶ
3536 4910 3656 4967 κατ’

1981 4991 2147 5047 αὐτοῦ
2184 4988 2346 5064 ἦσαν,
2382 4992 2477 5046 καὶ
2508 4991 2832 5064 ἐσκόρπιζον
2861 4992 2898 5047 ἃ
2929 4994 3235 5064 συνήγαγεν
3264 4994 3331 5051 ⁸⁸.
3383 4995 3505 5050 Ὅτι
3551 4997 3658 5068 γὰρ

1982 5078 2077 5130 καὶ
2116 5076 2313 5140 αὐτοὺς
2335 5077 2599 5146 ᾐνίττετο,
2641 5077 2907 5146 ἐδήλωσεν
2937 5075 3109 5140 οὓτως
3133 5077 3322 5131 εἰπών·
3361 5079 3462 5134 Διά
3482 5079 3659 5134 τοῦτο

1981 5157 2138 5228 λέγω
2165 5157 2330 5228 ὑμῖν,
2366 5158 2455 5211 ὅτι
2488 5159 2658 5214 πᾶσα
2694 5160 2951 5228 ἁμαρτία
2983 5161 3081 5214 xit!
3122 5161 3489 5231 βλασφημία
3543 5162 3657 5229 d5:-

1981 5242 2261 5311 εθήσεται
2290 5241 2414 5307 τοῖς
2443 5241 2794 5311 ἀνθρώποις.
2836 5242 3056 5315 Ἐπειδὴ
3106 5245 3215 5316 γάρ
3260 5245 3654 5314 ἀπελογήσατο,

1984 5327 2079 5380 καὶ
2105 5326 2202 5398 τὴν
2233 5327 2502 5379 ἀντίθεσιν
2537 5327 2714 5393 ἔλυσε,
2738 5327 2834 5398 καὶ
2863 5328 3143 5396 ἀπέδειξεν
3172 5326 3658 5396 ἀναισχυντοῦντας

1987 5410 2184 5482 μάτην,
2228 5409 2383 5479 φοϐεῖ
2406 5408 2609 5462 λοιπόν.
2638 5410 2748 5464 Καὶ
2774 5409 2881 5483 γὰρ
2940 5412 3034 5466 καὶ
3062 5411 3219 5464 τοῦτο
3248 5408 3560 5479 συμϐουλῆς
3597 5411 3657 5464 οὐ

271 5514 317 5543 ⁸⁸
356 5510 466 5583 μοι]
491 5513 610 5580 ἐμοί
639 5512 700 5566 Ε.
733 5515 862 5584 ἡμῖν
888 5515 950 5568 C.
979 5514 1040 5569 F.
1072 5516 1201 5585 ὑμῖν
1230 5515 1354 5569 cod.
1387 5514 1512 5570 Sav.
1540 5513 1773 5571 Prorsus
1792 5533 1873 5572 om

271 5599 306 5635 ι.
388 5583 429 5611 ⁸⁷
467 5584 819 5637 παραγέγονά
868 5585 1002 5637 Edd.
1035 5587 1150 5637 vcm’
1183 5585 1280 5637 Ge.
1317 5586 1660 5637 παοαγέγονε
1693 5589 1825 5637 (om.
1860 5590 1873 5637 ἑ

1981 5561 1987 5574 .
2026 5519 2071 5551 ⁵⁸
2088 5521 2182 5574 καὶ
2211 5517 2622 5592 κατακρινοῦσιῖ
2649 5521 2894 5604 κρινοῦσι
2929 5519 2988 5573 F.
3019 5518 3110 5572 καί
3139 5519 3294 5573 deest
3317 5517 3481 5573 etiam
3519 5519 3572 5572 in
3596 5519 3657 5574 υ.

1981 5592 2225 5637 οιῖιιενοςὶ
2270 5589 2370 5637 En-
2417 5591 2532 5637 Mox
2591 5593 2748 5637 imum
2778 5593 2840 5637 Α-
2915 5591 2959 5623 ⁸⁸
2985 5587 3100 5637 οὖν]
3142 5589 3251 5637 γὰο
3282 5588 3347 5637 Α.
3385 5587 3447 5637 C.
3494 5587 3555 5637 Ι).
3596 5590 3654 5637 F-

193 5585 306 5652 l-lp.
388 5585 429 5611 "
467 5585 819 5669 παραγέγονά
868 5585 1002 5641 Edd.
1035 5587 1150 5640 υεηί
1183 5585 1280 5641 Ge.
1317 5586 1660 5670 παραγέγονε
1693 5589 1825 5655 (om.
1860 5589 2233 5712 δωρούμενοῖ
2270 5585 2534 5658 Ερ.’Μοι
2591 5585 2748 5662 ἡμῶν
2775 5593 2840 5645 Α.
2915 5591 2959 5623 ⁸⁸
2985 5587 3100 5659 οὖν]
3142 5589 3251 5659 γάρ
3282 5588 3347 5641 Α.
3373 5587 3447 5672 β.
3471 5587 3555 5672 .D.
3595 5590 3655 5646 F.

193 5653 381 5727 Ιζειυιο
413 5657 657 5727 ωηο-τὰς
685 5671 784 5727 ουκ
808 5654 973 5718 οὔσας
1000 5655 1126 5710 Sav.
1166 5667 1357 5712 contra
1390 5657 1524 5726 bpp.
1567 5665 1620 5727 ει
1643 5658 1803 5711 codd.
1875 5661 1920 5691 δ’
1950 5660 2151 5714 ὠσανεί
2221 5675 2376 5727 Αεγεν
2398 5661 2597 5716 desunt
2640 5665 2690 5715 in
2740 5661 2898 5716 codd.
2931 5671 3134 5727 prater
3171 5659 3233 5713 E.
3269 5660 3430 5718 vobas.
3464 5663 3655 5727 mquil.

2931 5671 3134 5730 praajer
3171 5659 3233 5713 E.
3269 5660 3430 5718 vobis.
3464 5662 3655 5729 inquit.

188 5724 496 5804 90.3011".
524 5722 654 5804 ,Μυκ
668 5719 780 5804 ⁹ρῦν
813 5727 1164 5804 lgelqrﬁidelll]
1197 5729 1366 5784 codex
1393 5719 1522 5804 90in
1549 5726 1652 5804 Gel
1683 5729 1748 5804 in).
1777 5739 1873 5783 οτει

1981 5746 1990 5784 ι
2020 5732 2241 5804 dgest.”
2268 5719 2494 5804 “0mm
2521 5719 3002 5804 abtcbv]_0pet$b;
3030 5729 3090 5786 Ρ.
3122 5729 3262 5804 Ep.‘
3296 5731 3338 5763 "
3374 5719 3658 5804 διδομένης

191 5793 261 5876 τ
300 5793 636 5876 δηλουμένης
667 5793 727 5876 0.:
765 5793 962 5876 ταῦτα]
993 5794 1215 5876 Sile-fle.
1256 5799 1490 5851 τοσαῦτα
1521 5800 1584 5852 Δ.
1709 5797 1862 5876 F.__1:0'

1981 5817 2030 5876 |_._
2061 5799 2126 5876 ξ.
2196 5801 2244 5876 1'
2275 5793 2605 5876 ‘tﬁ‘ll‘tpft‘gy.
2627 5803 2690 5854 Α.
2712 5793 3072 5876 ’ξίκαίόιιι
3112 5793 3294 5876 νεῖ-Ι).
3336 5801 3430 5876 --⁸³
3457 5793 3657 5876 ἄλλως]

190 5863 488 5942 ξίοέλιιιι.
522 5864 659 5942 ὀξέος
689 5865 746 5917 Ε.
779 5863 1057 5942 ἀλλφ-ῖτινί
1090 5866 1187 5942 Ep.
1209 5885 1380 5942 Ῑιε-ῃιο-
1395 5879 1567 5942 potest
1597 5869 1694 5924 Gc.
1734 5871 1813 5942 U“
1837 5888 1871 5942 α

1981 5869 2030 5941 ῦ]
2073 5871 2164 5926 Sic
2194 5870 2290 5940 Ep.
2319 5863 2411 5924 τοῦ
2438 5863 2684 5942 διαϐόλου
2717 5871 2775 5923 Ε.
2851 5871 2898 5903 ⁸³
2943 5873 3016 5942 μή

192 5935 269 5988 Α.
312 5933 367 5987 D.
408 5934 468 5986 ιε’.

3042 5886 3149 5926 om.
3194 5871 3252 5926 F.
3334 5873 3381 5904 "
3411 5873 3505 5925 καί
3537 5871 3651 5927 om;

549 5935 590 5965 ⁸⁷
633 5935 804 6003 ἐστιν]
835 5936 956 5990 add.
992 5937 1113 5990 dum
1137 5935 1236 5990 τοῦ
1274 5939 1332 5993 Ε.
1368 5939 1489 5995 Marc
1527 5956 1615 5997 vv.
1657 5957 1686 5994 ει
1729 5940 1873 5994 Savil

1981 5935 2132 5996 Ic'lcta
2163 5935 2438 5996 rciocavil
2478 5940 2702 5996 Montef.
2781 5942 2826 5974 ⁸⁸
2867 5935 3099 6008 συνῆγεν
3131 5943 3191 5997 Ε.
3228 5943 3286 5996 F.
3316 5942 3476 5997 Eum.
