4042 6218
275 314 319 370 ’ἆ
336 313 390 370 l9

292 425 638 490 comminari,
669 423 809 496 quod
837 423 927 480 ille
953 421 1270 494 plerumque
1311 417 1439 474 facit
1463 416 1589 472 dum
1625 414 1770 485 leges
1807 422 1862 467 et

291 521 506 577 consilia
534 517 754 589 profert.

361 613 470 675 Quo
493 627 638 663 sensu
661 605 970 676 blasphemia
990 605 1215 675 Spiritus
1236 620 1334 657 non
1359 601 1660 655 remittatur.
1680 627 1749 636 —
1771 595 1862 648 V'i-

293 705 442 757 detur
468 711 642 755 autem
686 700 736 752 id
764 697 905 767 quod
949 697 1146 750 dictum
1189 705 1272 750 est
1299 693 1583 748 obscurum
1628 703 1747 743 esse
1774 705 1788 740 :
1817 686 1860 740 si

295 810 416 848 vero
463 792 818 855 attendamus,
864 789 1032 842 facilis
1075 788 1177 843 erit
1224 785 1440 841 solutio.
1483 783 1664 837 Primo
1707 779 1865 849 igitur

295 886 407 954 ejus
427 893 551 937 sunt
573 881 837 937 audienda
865 879 1028 934 verba
1057 899 1069 933 :
1099 879 1258 932 Omne
1283 886 1541 946 peceatum
1566 884 1612 928 et
1629 872 1863 942 blasphe-

263 1015 272 1024 κ
293 979 390 1029 mia
413 975 689 1028 remittetur
711 971 1030 1025 hominibus:
1049 968 1360 1038 blasphemia
1382 983 1496 1020 vero
1520 965 1744 1032 Spiritus
1764 978 1863 1015 non

289 1067 563 1119 remittetur
587 1065 676 1117 eis.
708 1063 795 1117 52.
830 1062 892 1115 Et
919 1063 1220 1132 quicumque
1249 1059 1435 1112 dixerit
1465 1058 1662 1122 verbum
1689 1065 1864 1108 contra

267 1159 482 1212 Filium
519 1159 736 1211 hominis
755 1197 770 1221 ,
802 1156 1080 1209 remittetur
1101 1157 1145 1207 ei
1171 1170 1187 1207 :
1210 1153 1508 1222 quicumque
1542 1165 1656 1202 vero
1684 1148 1864 1201 dixerit

287 1261 464 1304 contra
489 1249 740 1318 Spiritum
761 1256 1011 1311 sanctum,
1030 1262 1129 1300 non
1153 1245 1430 1299 remittetur
1451 1243 1496 1296 ei
1523 1257 1677 1312 neque
1696 1241 1747 1293 in
1772 1239 1866 1292 hoc

288 1343 504 1407 sweulo,
537 1357 692 1410 neque
728 1340 780 1392 in
814 1340 1004 1408 futuro.
1033 1335 1169 1404 Quid
1215 1335 1315 1389 sibi
1360 1335 1473 1388 vult
1509 1331 1680 1402 ergo?
1705 1330 1864 1385 Multa

257 1441 470 1484 contra
503 1445 588 1483 me
616 1429 824 1483 dixistis
843 1467 859 1493 ,
891 1426 1230 1481 seductorem
1261 1425 1478 1492 Deoque
1501 1420 1863 1476 adversarium

263 1522 533 1576 .vocastis.
562 1519 685 1574 Hme
704 1519 855 1573 vobis
883 1517 1262 1587 paenitentibus
1284 1515 1521 1580 remitto,
1554 1527 1726 1582 neque
1752 1527 1866 1581 pce-

286 1628 382 1666 nas
406 1621 632 1681 expeto;
662 1611 990 1680 blasphemia
1036 1618 1214 1663 autem
1253 1607 1480 1677 Spiritus
1526 1621 1634 1660 non
1679 1605 1862 1659 remit-

286 1706 434 1765 titur.
459 1719 525 1758 ne
557 1702 935 1772 pmniteutibus
961 1701 1193 1770 quidem.
1234 1700 1301 1753 Et
1339 1714 1440 1769 qua
1482 1699 1685 1752 ratione
1723 1706 1864 1752 stare

282 1795 456 1864 possit
496 1793 662 1848 illud?
683 1793 817 1847 Nam
843 1801 895 1847 et
923 1791 1026 1846 hoc
1063 1799 1335 1860 peccatum
1366 1788 1747 1859 pamitentibus
1774 1803 1864 1841 re-

283 1888 506 1941 missum
547 1884 662 1940 fuit.
705 1884 853 1938 Multi
885 1884 1026 1939 enim
1061 1897 1266 1948 eorum,
1302 1881 1392 1951 qui
1437 1881 1557 1934 talia
1592 1879 1860 1941 dixerunt,

254 2025 261 2037 ς
272 1990 467 2051 postea
487 1978 848 2044 crediderunt,
877 1976 1161 2045 omniaque
1181 1973 1308 2042 ipsis
1324 1972 1544 2028 remissa
1566 1981 1707 2025 sunt.
1727 1971 1863 2038 Quid

281 2071 444 2140 igitur
479 2069 568 2127 hic
600 2068 758 2124 dicit?
795 2064 998 2137 Nempe
1048 2067 1154 2121 hoc
1203 2069 1488 2136 peccatum
1545 2062 1865 2134 prae'omni-

269 2161 385 2215 bus
412 2161 566 2214 venia
589 2172 796 2212 carere.
829 2160 939 2228 Qua
962 2156 1027 2209 de
1044 2153 1236 2210 causa?
1253 2153 1384 2219 Quia
1406 2153 1523 2222 quis
1539 2163 1682 2208 esset
1710 2151 1864 2206 Chri-

263 2265 398 2309 stus
430 2254 740 2324 ignorabant
765 2272 779 2308 :
825 2253 1056 2322 Spiritus
1077 2265 1203 2306 vero
1228 2260 1604 2322 congruentem
1627 2250 1737 2319 jam
1761 2265 1862 2304 no-

280 2345 453 2398 titiam
475 2353 810 2414 acceperant.
835 2343 1104 2413 Siquidem
1124 2358 1220 2413 per
1241 2358 1361 2398 eum
1391 2342 1662 2411 pmphetze
1683 2343 1862 2412 loque-

278 2438 498 2503 bantur,
525 2447 579 2492 et
602 2437 656 2491 in
679 2436 846 2492 veteri
876 2436 992 2506 lege
1015 2450 1201 2490 omnes
1222 2436 1387 2489 multa
1406 2433 1473 2489 de
1500 2429 1614 2503 ipso
1638 2449 1859 2504 accepe-

275 2535 402 2582 rant
432 2527 771 2583 documenta.
798 2527 911 2582 [loc
947 2527 1104 2598 igitur
1122 2529 1234 2581 vult
1260 2527 1438 2581 dicere
1464 2542 1479 2582 :
1521 2526 1669 2591 Esto,
1700 2527 1748 2579 in
1776 2542 1862 2582 me

259 2629 500 2691 propter
517 2632 845 2690 assumptam
868 2637 1082 2676 carnem
1106 2621 1401 2676 oll‘enditis:
1424 2637 1548 2675 num
1569 2623 1726 2675 etiam
1745 2621 1863 2690 Spi-

275 2712 445 2767 riuim
472 2720 712 2765 sanctum
745 2727 840 2766 vos
866 2727 971 2767 non
1009 2712 1222 2767 novisse
1248 2712 1437 2766 dicturi
1469 2711 1631 2766 estis?
1660 2711 1861 2767 Idcirco

275 2802 438 2872 hujus
463 2803 808 2872 blasphemia:
827 2802 989 2858 venia
1019 2817 1125 2858 non
1160 2803 1370 2857 dabitur
1393 2802 1544 2858 vobis
1572 2820 1586 2857 :
1620 2813 1673 2858 et
1699 2804 1784 2858 hic
1807 2814 1861 2860 et

253 2895 602 2964 -illictpmnas
632 2894 847 2949 dabitis.
877 2894 1026 2949 Multi
1067 2894 1282 2964 quidem
1324 2894 1410 2949 hic
1441 2904 1643 2949 tantum
1675 2911 1860 2964 pinnas

273 2984 563 3049 dederunt,
595 2993 652 3038 ut
683 2984 770 3038 ille
801 2985 889 3054 qui
925 2984 1216 3039 fornicatus
1241 2993 1375 3050 erat,
1399 2993 1459 3040 ut
1499 2985 1636 3055 apud
1669 2987 1858 3040 Corin-

273 3076 420 3131 thios
446 3077 478 3133 ii
506 3077 592 3154 qui
635 3077 848 3145 indigne
901 3077 1270 3148 mysteriorum
1323 3087 1602 3133 consortes
1649 3077 1859 3133 fuerant

269 3177 350 3246 (ὲ.
374 3177 490 3229 Cor.
512 3179 564 3231 2.
589 3187 634 3232 et
657 3179 706 3232 l.
729 3171 843 3232 Car.
859 3172 880 3228 1
897 3169 945 3247 l)
966 3185 1085 3233 :t'os
1101 3180 1276 3228 autem
1293 3180 1344 3227 et
1362 3172 1444 3227 hic
1465 3181 1517 3229 et
1548 3172 1653 3228 illic
1673 3187 1856 3243 poenas

267 3267 487 3320 dabitis.
537 3268 892 3338 Quaecumque
915 3285 1042 3340 ergo
1076 3280 1258 3325 contra
1301 3286 1386 3324 me
1423 3279 1702 3340 antequam
1735 3285 1853 3325 cru-

268 3360 526 3428 cifigerer
549 3361 974 3431 blasphemastis,
1000 3364 1248 3418 remitto:
1274 3365 1380 3418 imo
1397 3365 1554 3418 etiam
1575 3365 1636 3417 iis
1653 3365 1740 3433 qui
1768 3378 1854 3418 me

239 3450 624 3519 -cruciligent;
656 3466 829 3521 neque
877 3467 972 3521 pro
1013 3452 1382 3507 incredulitate
1424 3453 1536 3507 sola
1578 3451 1852 3506 damnabi-

261 3540 422 3593 mini.
456 3540 638 3610 Neque
679 3543 822 3595 enim
868 3543 902 3596 ii
948 3543 1034 3612 qui
1067 3552 1190 3597 ante
1239 3559 1448 3598 crucem
1488 3543 1846 3611 crediderunt,

235 3631 482 3698 .plenam
514 3630 670 3685 fidem
701 3631 1002 3686 habebant:
1027 3634 1314 3701 multisque
1345 3635 1394 3687 in
1421 3634 1552 3688 locis
1577 3635 1845 3701 admonet,

259 3737 334 3776 ne
357 3731 480 3776 ante
500 3724 801 3792 passionem
824 3725 944 3794 quis
971 3725 1084 3794 ipse
1115 3726 1182 3780 sit
1208 3725 1512 3785 declarent;
1537 3735 1590 3782 et
1615 3727 1665 3780 in
1691 3741 1848 3782 cruce

226 3846 229 3850 -
253 3813 497 3875 dicebat,
529 3823 586 3868 ut
610 3815 713 3870 illis
739 3816 840 3871 hoc
860 3827 1137 3886 peccatum
1161 3820 1540 3876 remitteretur.
1566 3821 1695 3888 Qua:
1716 3836 1846 3876 vero

231 3905 332 3959 .de
362 3904 562 3973 Spiritu
603 3905 844 3968 dixistis.
876 3909 1084 3962 veniam
1130 3924 1234 3963 non
1287 3911 1656 3980 impetrabunt.
1694 3912 1844 3980 Quod

229 4005 447 4050 .autem
477 3995 542 4050 de
572 3996 655 4062 iis,
681 4013 797 4068 qua:
829 4008 951 4052 ante
973 4014 1186 4053 crucem
1217 3999 1354 4054 dicta
1384 4001 1596 4065 fuerint,
1627 4003 1739 4056 haec
1766 4005 1846 4056 in-

232 4086 490 4154 telligat,
525 4086 576 4139 id
628 4085 863 4141 declarat
905 4104 1026 4143 cum
1057 4089 1237 4159 adjicit
1265 4107 1277 4142 :
1312 4091 1618 4162 Quicumque
1661 4094 1843 4147 dixerit

251 4175 466 4228 rei-bum
493 4186 669 4229 contra
695 4176 891 4231 Filium
917 4179 1134 4233 hominis
1151 4221 1165 4244 ,
1198 4183 1473 4235 remittetur
1493 4185 1539 4236 ei
1563 4201 1580 4248 ;
1608 4185 1840 4253 quicum-

219 4281 354 4330 .t,ue
380 4275 545 4320 autem
575 4266 756 4322 dixerit
781 4281 955 4323 contra
983 4270 1234 4341 Spiritum
1263 4283 1520 4340 sanctum,
1555 4291 1659 4330 non
1688 4276 1835 4331 item.

227 4356 470 4422 Quare?
510 4357 642 4424 Quia
686 4357 912 4428 Spiritus
961 4371 1177 4416 sanctus
1223 4374 1381 4419 notus
1428 4367 1577 4420 vobis
1618 4377 1736 4432 est;
1783 4377 1838 4422 et

225 4455 441 4501 contra
463 4463 573 4502 rem
602 4451 932 4506 manifestam
963 4452 1298 4522 impudenter
1322 4456 1493 4525 agitis.
1525 4457 1658 4512 Nam
1685 4459 1726 4512 si
1751 4474 1835 4513 me

240 4553 350 4591 vos
391 4539 639 4607 ignorare
677 4541 870 4610 dicitis,
923 4545 1050 4598 illud
1079 4553 1225 4600 certe
1267 4561 1374 4600 non
1420 4548 1690 4617 ignoratis,
1720 4549 1830 4604 du:-

229 4641 441 4680 .monas
469 4628 664 4696 ejicere
693 4641 746 4685 et
783 4634 1000 4689 morbos
1031 4651 1220 4690 curare
1260 4637 1492 4706 Spiritus
1518 4639 1687 4694 sancti
1711 4655 1830 4696 esse

224 4729 402 4788 opus.
428 4715 542 4770 Non
566 4732 694 4787 ergo
720 4735 804 4775 me
829 4731 1028 4777 tantum
1054 4727 1376 4782 contumelia
1402 4728 1631 4794 afficitis,
1656 4730 1746 4785 sed
1775 4740 1830 4786 et

217 4807 377 4876 Spiri
391 4815 499 4860 tum
525 4819 786 4866 sanctum.
817 4814 1150 4886 Quapropter
1170 4829 1224 4873 et
1251 4820 1335 4875 hic
1359 4832 1411 4876 et
1436 4823 1542 4877 illic
1564 4825 1679 4879 sine
1720 4825 1824 4880 ulla

221 4898 394 4952 γιιιιίει
433 4916 619 4969 pugnas
650 4903 862 4959 dabitis.
890 4907 1021 4962 Nam
1053 4926 1120 4964 ex
1152 4911 1456 4968 hominibus
1477 4917 1565 4969 alii
1590 4925 1642 4970 et
1669 4917 1753 4972 hic
1772 4928 1825 4972 et

216 4991 344 5042 illic
379 4992 694 5062 supplicium
728 4997 912 5052 luunt:
945 4999 1032 5053 alii
1060 5001 1147 5055 hic
1176 5011 1376 5058 tantum
1398 5044 1414 5070 ,
1446 5006 1532 5060 alii
1566 5008 1672 5062 illic
1704 5017 1820 5064 tan-

214 5097 345 5137 tum
374 5101 392 5148 2,
422 5086 508 5140 alii
537 5104 710 5158 neque
757 5089 844 5146 hic
872 5108 1046 5162 neque
1076 5093 1182 5149 illic
1215 5111 1228 5148 :
1263 5095 1350 5152 hic
1381 5106 1436 5152 et
1482 5099 1589 5155 illic
1621 5101 1732 5168 alii,
1764 5112 1821 5156 ut

217 5173 306 5226 illi
347 5176 466 5244 ipsi.
498 5178 628 5233 Nam
654 5190 708 5236 et
733 5168 820 5237 hic
842 5182 1103 5238 dederunt
1125 5200 1330 5254 pinnas,
1356 5190 1566 5258 quando
1593 5191 1644 5246 in
1670 5192 1817 5248 urbis

215 5265 446 5321 excidio
476 5269 828 5328 intolerabilia
863 5275 1002 5343 passi
1033 5285 1192 5341 sunt;
1223 5286 1277 5332 et
1301 5278 1413 5334 illic
1441 5282 1814 5349 gravissimum

214 5354 550 5422 supplicium
569 5360 736 5427 luent,
763 5374 819 5416 ut
842 5365 1149 5430 Sodomitai,
1178 5375 1234 5422 et
1256 5353 1345 5421 alii
1367 5369 1539 5423 multi.
1562 5369 1672 5426 Illic
1689 5388 1815 5427 vero

214 5453 460 5507 tantum,
490 5455 546 5500 ut
574 5449 722 5510 dives
753 5453 840 5509 ille
869 5456 956 5525 qui
991 5456 1039 5510 in
1067 5456 1277 5511 ﬂamma
1305 5461 1572 5515 cruciatus
1599 5478 1666 5516 ne
1695 5465 1809 5518 stil-

215 5538 340 5591 lam
370 5537 581 5606 quidem
612 5557 763 5611 aqua:
792 5544 993 5603 habuit.
1027 5548 1122 5603 llic
1151 5564 1299 5615 vero,
1336 5545 1392 5605 ut
1423 5552 1511 5606 ille
1537 5553 1674 5622 apud
1703 5553 1810 5609 Co-

211 5626 482 5697 rinthios,
530 5631 616 5699 qui
647 5631 937 5690 fornicatus
971 5651 1106 5694 erat.
1137 5639 1318 5710 Neque
1350 5642 1436 5696 hic
1466 5659 1638 5713 neque
1671 5645 1804 5709 illic,

211 5729 279 5776 ut
318 5722 574 5790 apostoli,
611 5732 666 5776 ut
699 5724 986 5796 prephetzn,
1023 5739 1078 5783 ut
1117 5731 1302 5788 beatus
1341 5733 1441 5789 Job
1475 5753 1487 5791 :
1521 5749 1641 5789 nam
1686 5751 1803 5806 qiuc

1291 303 1368 358 ἸΝ
1392 298 1808 358 MATTIIIEUM
1846 296 2076 355 IIOMIL.
2110 298 2245 356 XLI.
2285 298 2356 353 al.
2396 297 2552 355 XL”.

3448 306 3551 363 450

1972 411 2047 465 illi
2069 413 2207 481 passi
2229 421 2500 478 suut,-non
2530 412 2844 486 supplicium
2865 423 3037 482 erant,
3060 414 3153 472 sed
3177 418 3466 473 certamina
3489 429 3552 474 et

1967 518 2174 572 pugnae.

2037 599 2090 652 4.
2127 599 2389 665 Quomodo
2417 600 2478 652 de
2494 601 2635 653 nobis
2651 601 2887 669 judicare
2907 616 3190 670 possumus.
3217 600 3552 666 Compunczio

1960 705 2081 742 .vera
2105 705 2234 758 quia.
2259 721 2329 730 --
2355 691 2674 767 Studeamus
2704 708 2832 762 ergo
2874 703 2931 746 ut
2971 693 3022 746 in
3069 692 3258 748 eadem
3303 694 3550 762 portione

1966 780 2132 834 simus
2162 798 2174 832 :
2210 782 2253 834 si
2283 797 2387 836 non
2420 782 2628 848 horum,
2663 784 2850 838 saltem
2881 799 3067 838 eorum
3097 785 3186 853 qui
3217 785 3302 838 hic
3334 798 3548 853 peccata

1967 886 2058 925 sua
2095 873 2395 940 expiarunt.
2435 873 2565 926 Nam
2609 874 2845 928 terribile
2877 875 3002 928 illud
3042 875 3298 943 judicium
3342 885 3444 937 est,
3495 886 3548 929 et

1969 963 2277 1017 inevitabile
2305 965 2623 1033 supplicium
2667 965 3136 1035 intolerabilesquc
3175 981 3364 1036 picum.
3397 965 3551 1031 Quod

1967 1053 2011 1105 si
2043 1053 2178 1108 nolis
2197 1052 2285 1107 hic
2312 1069 2499 1124 ptenas
2519 1054 2668 1120 dare,
2700 1056 2766 1109 de
2795 1057 2964 1124 teipso
2985 1056 3182 1123 iudica,
3214 1072 3243 1110 a
3278 1059 3449 1125 teipse
3471 1072 3554 1108 ra-

1967 1145 2140 1199 tiones
2183 1157 2393 1215 expete.
2438 1147 2573 1200 Audi
2615 1147 2832 1202 Paulum
2874 1149 3137 1203 dicentem
3171 1168 3184 1204 :
3221 1149 3473 1216 Quoniam
3507 1149 3551 1200 si

1967 1237 2294 1307 nosmetipsos
2341 1239 2730 1307 judicaremus,
2808 1257 2908 1293 nou
2971 1242 3140 1308 utique
3205 1240 3550 1310 iudicaremur

1970 1328 2045 1399 (ι.
2076 1327 2195 1382 Cor.
2226 1328 2312 1382 ll.
2342 1329 2453 1400 5|).
2483 1329 2537 1384 Si
2572 1329 2621 1383 id
2654 1329 2860 1394 feceris,
2888 1330 3140 1400 paulatim
3173 1329 3544 1402 progrediens,

1968 1419 2034 1471 ad
2066 1433 2320 1474 coronam
2366 1420 2570 1474 venies.
2618 1421 2684 1474 Et
2712 1421 3012 1490 quomodo,
3045 1421 3270 1490 inquies,
3305 1421 3371 1475 de
3397 1421 3549 1475 nobis

1963 1509 2353 1580 judicabimus,
2399 1521 2450 1566 et
2495 1527 2524 1565 a
2572 1511 2724 1566 nobis
2768 1513 3002 1567 rationes
3049 1514 3396 1582 expetemus?
3444 1513 3548 1567 Lu-

1964 1616 2059 1672 gc,
2109 1601 2300 1656 acerbe
2343 1603 2666 1672 iugemisce,
2717 1605 2944 1673 teipsum
2996 1604 3215 1660 humilia
3255 1616 3308 1659 et
3347 1605 3544 1676 afﬂige,

1966 1693 2247 1748 recordare
2286 1705 2626 1763 peccatorum
2675 1705 2884 1750 tuorum
2924 1698 3218 1766 speciatim.
3260 1698 3374 1753 Non
3421 1714 3546 1768 par-

1965 1803 2062 1840 vus
2110 1795 2192 1841 est
2239 1787 2325 1841 hic
2373 1789 2638 1842 cruciatus
2681 1790 2867 1842 animi.
2921 1789 2975 1843 Si
3023 1789 3140 1859 quis
3188 1791 3238 1844 in
3287 1805 3547 1859 compun-

1966 1880 2142 1933 ctione
2207 1880 2335 1944 fuit,
2399 1882 2545 1935 novit
2599 1881 2833 1934 animum
2898 1882 2995 1935 hac
3050 1883 3281 1936 maxime
3342 1884 3548 1938 ratione

1966 1969 2210 2023 cruciari.
2259 1969 2312 2025 Si
2357 1971 2476 2038 quis
2522 1980 2740 2040 peccata
2787 1971 2838 2025 in
2886 1973 3201 2026 memoriam
3246 1974 3544 2039 revocavit,

1967 2063 2114 2115 novit
2179 2061 2419 2116 dolorem
2484 2063 2574 2131 qui
2639 2063 2760 2118 inde
2822 2065 3142 2134 concipitur.
3209 2065 3545 2134 Quapropter

1967 2151 2273 2220 lmjusmodi
2316 2153 2646 2221 paenitentia:
2687 2155 2826 2209 Deus
2863 2153 3124 2224 justitiam
3171 2155 3223 2209 in
3266 2158 3544 2226 prtemium
3599 2149 3604 2154 ’

1964 2246 2272 2308 constituit,
2325 2246 2561 2301 dicens:
2621 2246 2718 2300 Dic
2767 2257 2819 2300 tu
2876 2249 3016 2316 prior
3057 2262 3258 2316 peccata
3307 2259 3435 2317 tua,
3493 2260 3544 2303 ut

1955 2335 2252 2402 justi/iceris
2291 2335 2443 2404 (Isai.
2489 2339 2576 2391 45.
2621 2337 2746 2407 26).
2793 2337 2908 2392 Non
2961 2339 3100 2392 enim
3143 2351 3263 2406 est,
3311 2356 3416 2394 non
3465 2352 3545 2396 est

1966 2429 2146 2496 utique
2194 2444 2351 2497 parva
2401 2429 2467 2483 ad
2513 2430 2941 2485 emendationem
2999 2432 3174 2495 ratio,
3229 2434 3271 2485 si
3327 2445 3542 2502 peccata

1963 2519 2138 2572 omnia
2201 2519 2489 2574 secundum
2542 2522 2773 2590 speciem
2816 2523 3039 2577 collecta
3090 2523 3143 2576 in
3195 2525 3375 2578 animo
3422 2541 3544 2580 ver-

1963 2622 2052 2662 ses
2075 2619 2128 2663 et
2158 2609 2356 2663 volvas.
2395 2610 2525 2664 Nam
2553 2612 2640 2680 qui
2670 2611 2770 2666 hoc
2794 2613 2937 2677 facit,
2966 2613 3034 2667 ita
3060 2625 3465 2684 compungetur,
3491 2627 3542 2670 ut

1963 2717 2032 2757 ne
2058 2703 2162 2755 vita
2190 2701 2401 2772 quidem
2431 2717 2489 2757 se
2518 2702 2732 2774 dignum
2765 2705 3053 2758 existimet.
3092 2706 3192 2772 Qui
3235 2715 3410 2758 autem
3444 2706 3543 2762 hoc

1963 2795 2269 2859 existimat,
2301 2808 2422 2849 cera
2455 2794 2665 2848 mollior
2693 2795 2902 2849 evadet.
2931 2794 3010 2850 Ne
3033 2796 3161 2848 mihi
3187 2796 3356 2850 solmn
3386 2796 3543 2850 dixe-

1964 2888 2036 2940 ris
2062 2886 2443 2941 fornicationes
2463 2927 2476 2950 ,
2508 2886 2592 2940 vel
2623 2886 2880 2940 adulteria
2913 2893 2968 2940 ei
2995 2887 3210 2952 similia,
3245 2903 3417 2958 neque
3440 2890 3542 2944 alia

1961 2994 2078 3047 quae
2103 2977 2280 3047 gravia
2311 2992 2430 3032 esse
2457 2977 2594 3048 apud
2626 2991 2815 3031 omnes
2850 2977 2900 3031 iu
2928 2977 3172 3032 confesso
3199 2989 3318 3044 est;
3359 2996 3540 3034 verum

1960 3069 2118 3122 etiam
2147 3068 2372 3123 latentes
2398 3069 2636 3130 insidias,
2665 3068 2982 3132 calumnias,
3013 3070 3312 3134 maledicta,
3344 3087 3533 3127 vanam

1957 3157 2178 3227 gloriam
2205 3200 2218 3221 ,
2258 3158 2508 3213 invidiam
2535 3199 2549 3222 ,
2598 3167 2899 3228 czeteraque
2946 3161 3122 3214 omnia
3165 3162 3374 3231 collige.
3419 3164 3544 3218 ΙΙωο

1954 3253 2150 3324 quippe
2178 3267 2287 3307 non
2316 3265 2482 3322 parvo
2505 3253 2766 3323 supplicio
2791 3249 3087 3325 plectemur
3107 3269 3119 3303 :
3143 3267 3260 3303 nam
3278 3255 3532 3305 convicia-

1957 3356 2042 3401 tor
2069 3348 2118 3408 in
2152 3348 2451 3416 gehennam
2480 3347 2698 3412 incidet,
2727 3347 3078 3416 ebriosusque
3106 3346 3234 3400 nihil
3258 3363 3544 3402 commune

1955 3437 2117 3491 habet
2139 3452 2258 3491 cum
2290 3454 2475 3508 regno,
2499 3448 2552 3492 et
2578 3440 2665 3508 qui
2697 3455 2803 3492 non
2833 3448 2976 3492 amat
3004 3439 3324 3508 proximum,
3352 3441 3428 3494 sic
3456 3443 3532 3493 of-

1953 3527 2121 3584 fendit
2143 3529 2331 3594 Deum,
2356 3539 2412 3583 ut
2441 3545 2615 3599 neque
2641 3530 2897 3600 martyrio
2931 3530 3166 3598 juvetur.
3195 3531 3260 3584 Et
3288 3533 3376 3600 qui
3409 3546 3532 3599 pro-

1951 3623 2180 3692 pinquos
2207 3622 2446 3692 negligit,
2478 3621 2633 3676 ﬁdem
2657 3631 2832 3691 negat,
2865 3632 2916 3676 et
2941 3623 3030 3691 qui
3067 3636 3328 3691 pauperes
3353 3621 3529 3690 despi-

1951 3713 2057 3778 cit,
2085 3713 2135 3766 in
2168 3713 2341 3783 ignem
2369 3713 2612 3765 mittitur.
2641 3710 2718 3766 Ne
2749 3727 2908 3780 parva
2938 3727 3066 3781 ergo
3091 3712 3180 3766 illa
3212 3721 3365 3782 putes
3387 3755 3402 3779 ,
3437 3712 3529 3767 sed

1949 3804 2128 3858 omnia
2158 3804 2367 3872 collige,
2397 3813 2450 3858 et
2477 3803 2627 3872 quasi
2655 3803 2706 3856 in
2736 3803 2870 3856 libro
2897 3803 3090 3857 scribe.
3111 3803 3240 3857 Nam
3261 3804 3303 3857 si
3325 3813 3377 3858 tu
3403 3805 3529 3859 scri-

1948 3895 2141 3964 pseris,
2165 3893 2306 3948 Deus
2331 3893 2562 3959 delebit;
2585 3904 2768 3948 contra
2796 3894 2840 3948 si
2866 3901 2918 3947 tu
2941 3909 3044 3948 non
3069 3896 3365 3963 scripseris,
3395 3896 3528 3950 Deus

1947 3985 2034 4038 illa
2056 3984 2338 4049 describet,
2373 3999 2661 4054 pinnasque
2687 3993 2909 4054 repetet.
2941 3985 3122 4055 Longe
3156 4001 3313 4055 porro
3341 3988 3527 4043 melius

1945 4083 2029 4128 est
2057 4084 2114 4127 ut
2142 4073 2255 4129 haec
2283 4089 2310 4127 a
2336 4075 2494 4128 nobis
2519 4076 2822 4130 scribantur
2841 4117 2856 4141 ,
2883 4084 2935 4130 et
2955 4076 3006 4129 in
3035 4077 3183 4131 ctelis
3208 4077 3488 4132 deleantur
3509 4122 3524 4147 ,

1942 4182 2100 4236 quam
2131 4168 2176 4221 si
2223 4166 2377 4221 nobis
2405 4166 2792 4222 occultantibus
2817 4209 2831 4233 ,
2880 4167 3020 4222 Deus
3050 4167 3101 4221 in
3144 4167 3236 4222 illo
3277 4169 3363 4223 die
3401 4180 3525 4225 ante

1941 4257 2124 4311 oculos
2149 4266 2360 4311 nostros
2381 4273 2439 4311 ea
2467 4256 2690 4312 deferat.
2710 4257 2788 4312 Ne
2816 4258 2972 4328 igitur
2995 4258 3096 4312 hoc
3116 4258 3343 4325 accidat,
3368 4275 3526 4314 accu-

1938 4357 2053 4402 rate
2083 4349 2258 4401 omnia
2289 4347 2621 4418 colligamus,
2654 4356 2709 4403 et
2735 4363 2832 4402 nos
2860 4349 3147 4404 multorum
3176 4365 3300 4404 reos
3326 4349 3522 4419 depre-

1938 4440 2253 4496 hendemus.
2296 4440 2425 4508 Quis
2466 4441 2608 4495 enim
2652 4441 2718 4494 ab
2760 4441 2982 4496 avaritia
3030 4441 3258 4496 mundus
3293 4443 3419 4497 est?
3451 4444 3525 4500 Ne

1935 4531 2063 4584 mihi
2095 4530 2234 4583 enim
2259 4532 2478 4594 dixeris,
2513 4541 2563 4585 Ie
2595 4531 2936 4586 mediocriter
2962 4547 3179 4586 avarum
3208 4547 3364 4587 esse:
3399 4548 3520 4586 nam

1934 4635 2032 4689 pro
2057 4619 2266 4675 modico
2295 4621 2453 4675 etiam
2483 4636 2668 4691 poenas
2693 4621 2960 4678 dabimus.
2989 4621 3112 4676 Πειξο
3131 4624 3324 4693 cogita,
3349 4631 3405 4679 et
3426 4639 3522 4692 age

1931 4713 2318 4782 pmnitentiam.
2343 4712 2472 4780 Quis
2499 4727 2602 4768 non
2625 4729 2748 4768 reus
2770 4714 2926 4768 illatae
2949 4715 3322 4769 contumeliae?
3338 4723 3392 4769 et
3419 4714 3520 4768 hoc

1930 4805 2087 4858 etiam
2129 4805 2180 4858 in
2233 4806 2529 4874 gehennam
2581 4806 2819 4874 coniicit.
2868 4805 2998 4872 Quis
3041 4821 3146 4860 non
3204 4808 3409 4862 occulte
3447 4808 3514 4861 de

1931 4895 2170 4964 proximo
2200 4896 2337 4950 male
2385 4895 2555 4949 dixit?
2585 4904 2639 4949 et
2687 4896 2790 4950 hoc
2819 4896 2978 4950 etiam
3009 4911 3039 4948 a
3072 4911 3237 4966 regno
3279 4898 3440 4968 exigit
3469 4901 3508 4952 ¹.

1925 4985 2054 5051 Quis
2086 4987 2332 5054 superbia
2365 5002 2465 5038 non
2501 4987 2790 5040 intumuit?
2839 4986 2936 5041 llic
2968 5001 3094 5041 vero
3136 4989 3371 5042 omnium
3410 4989 3503 5044 im-

1924 5077 2306 5134 mundissimus
2333 5088 2435 5134 est.
2463 5078 2592 5144 Quis
2623 5079 2902 5148 impudicis
2929 5080 3098 5135 oculis
3130 5096 3233 5134 non
3265 5082 3507 5152 aspexit?

1922 5171 2019 5226 Hic
2050 5187 2209 5241 porro
2241 5171 2484 5228 moechus
2513 5172 2731 5226 omnino
2759 5181 2861 5227 est.
2893 5171 3022 5240 Quis
3059 5188 3163 5226 non
3204 5173 3321 5230 sine
3344 5187 3501 5228 causa

1918 5264 2064 5320 fratri
2091 5280 2189 5319 suo
2217 5265 2380 5318 iratus
2407 5264 2534 5319 est?
2567 5264 2662 5319 llic
2687 5279 2817 5319 vero
2842 5279 2966 5319 reus
2987 5274 3068 5320 est
3093 5265 3340 5320 concilio.
3370 5263 3500 5329 Quis

1918 5371 2024 5409 non
2047 5356 2284 5423 juravit?
2314 5355 2426 5410 Hoc
2462 5364 2641 5410 autem
2685 5371 2716 5410 a
2757 5356 2898 5411 malo
2924 5365 3026 5411 est.
3051 5357 3178 5423 Quis
3209 5371 3312 5410 non
3345 5354 3496 5422 peie-

1916 5445 2094 5500 ravit?
2121 5446 2218 5500 Hic
2248 5461 2407 5516 porro
2430 5447 2548 5515 plus
2576 5462 2734 5517 quam
2760 5462 2789 5500 a
2816 5448 2956 5502 malo
2977 5457 3076 5502 est.
3098 5447 3228 5511 Quis
3258 5458 3362 5497 non
3390 5458 3496 5499 ser-

1917 5539 2042 5592 vivit
2083 5538 2388 5593 mamonae?
2415 5537 2511 5593 llic
2548 5553 2676 5594 vero
2709 5553 2737 5593 a
2763 5538 2970 5594 sincera
3001 5535 3194 5590 Christi
3239 5538 3494 5590 servitute

1912 5629 2128 5685 excidit.
2163 5629 2279 5684 Alia
2323 5629 2406 5684 his
2450 5631 2650 5700 majora
2694 5629 2931 5700 proferre
2961 5640 3172 5697 possem
3201 5641 3217 5680 :
3251 5623 3346 5680 sed
3375 5623 3490 5680 hanc

1979 5744 1993 5773 ί
2029 5739 2210 5804 tuomet
2229 5743 2316 5794 hoc
2339 5745 2481 5794 etiam
2505 5757 2534 5793 a
2559 5755 2703 5809 regno
2722 5738 2889 5803 exigit,
2913 5740 2961 5788 in
2984 5738 3138 5788 tribus
3157 5743 3262 5787 Mss.
3286 5736 3492 5786 desunt.
