4042 6218
567 264 663 320 551
1269 258 1324 313 S.
1367 254 1643 311 IOANNIS
1679 253 2156 310 CIIRYSOSTOMI
2193 254 2511 310 ARCHIEP.
2553 253 3092 310 CONS'I‘ANTINOP.

566 353 700 412 satis
727 359 852 409 sunt
869 393 884 418 ,
910 360 965 407 et
1005 357 1223 422 possent
1259 348 1324 402 ad
1346 346 1810 416 compunctionent
1839 345 2102 401 deducere
2126 388 2142 412 ,

564 445 672 500 nisi
695 445 813 516 quis
839 442 1080 511 lapideus
1100 440 1208 502 sit,
1237 447 1292 493 et
1317 437 1461 491 omni
1504 450 1726 506 prorsus
1756 450 1916 491 sensu
1946 446 2145 492 careat.

563 532 624 591 Si
652 536 793 590 enim
820 547 1004 589 eorum
1032 531 1234 600 singula
1261 529 1311 583 in
1337 527 1634 599 gehennam
1662 526 1989 595 conjiciunt,
2021 526 2146 596 quid

571 641 676 679 non
706 627 896 679 facient
920 623 1096 677 omnia
1128 620 1286 674 simul
1311 618 1636 688 conjuncta?
1663 616 1943 684 Quomodo
1969 616 2143 686 igitur,

571 717 796 786 inquies,
825 715 1048 769 salutem
1077 712 1328 781 consequi
1357 709 1682 779 possumus?
1711 708 1765 764 Si
1793 708 2034 778 apposita
2065 707 2147 762 his

569 806 801 864 remedia
843 795 1193 860 adhibeamus
1215 844 1230 869 ,
1271 803 1667 872 eleemosynam
1694 841 1707 862 ,
1736 814 1922 870 preces
1947 841 1963 866 ,
1992 813 2146 854 com-

565 900 906 969 puuetionem
931 937 946 961 ,
978 897 1343 967 paenitentiam
1369 934 1382 957 ,
1414 892 1765 947 humilitatem
1787 932 1800 953 ,
1829 905 1923 944 cor
1947 889 2148 945 contri-

569 1000 700 1058 tum,
731 1007 907 1045 rerum
933 990 1267 1060 praesentium
1291 994 1672 1054 contemptum.
1693 983 1984 1038 Sexcentas
2006 981 2148 1036 enim

567 1085 754 1140 salutis
783 1095 895 1139 vias
919 1085 1059 1137 Deus
1087 1081 1330 1152 aperuit,
1363 1080 1407 1132 si
1435 1076 1712 1132 attendere
1743 1075 1987 1131 velimus.
2020 1071 2152 1127 Aui-

3726 262 3840 316 559..

2255 361 2399 400 mum
2431 346 2777 401 adhibeamus
2814 361 2941 416 ergo
2966 389 2982 413 ,
3013 355 3062 402 et
3106 361 3202 417 per
3230 347 3345 404 ha‘c
3369 349 3547 404 omnia
3588 365 3810 406 curemu
3831 385 3843 404 ς

2253 440 2493 504 vulnera,
2522 439 2919 508 elecmosynam
2942 449 3239 510 erogautes,
3272 441 3406 496 iram
3435 443 3485 496 in
3508 459 3600 498 eos
3627 447 3714 514 qui
3743 461 3848 503 nos

2253 529 2508 585 laeserunt
2533 531 2904 600 reprimentes,
2939 545 3032 599 pro
3052 532 3297 587 omnibus
3325 533 3436 588 Deo
3459 535 3655 605 gratias
3680 553 3848 607 agen-

2255 630 2366 685 tes,
2402 636 2499 690 pro
2529 621 2729 676 viribus
2753 621 3076 692 jejunantes,
3105 623 3310 678 sincero
3339 626 3504 680 corde
3536 638 3845 694 precantes,

2253 711 2452 766 amicos
2492 711 2645 766 nobis
2694 711 2949 767 facientes
2976 729 3040 767 ex
3085 729 3328 770 mamona
3381 717 3698 788 iniquitatis.
3751 719 3851 775 Sic

2254 802 2395 856 enim
2432 804 2720 871 poterimus
2749 813 2801 858 et
2828 804 3036 859 veniam
3083 814 3415 873 peccatorum
3443 849 3457 872 ,
3489 817 3545 864 et
3577 811 3854 878 promissa

2255 893 2506 962 consequi
2537 893 2672 947 bona
2701 911 2714 946 :
2749 895 2897 963 queis
2927 894 3128 949 utinam
3160 911 3258 950 nos
3287 913 3468 952 omnes
3511 899 3808 970 dignemur
3834 941 3852 965 ,

2253 983 2421 1052 gratia
2451 992 2503 1038 et
2529 984 2854 1051 benignitate
2896 987 3102 1041 Domini
3137 991 3304 1042 nostri
3332 989 3454 1044 Jesu
3483 991 3677 1048 Christi
3703 1035 3719 1058 ,
3753 995 3856 1049 cui

2254 1075 2423 1144 gloria
2452 1085 2504 1130 et
2531 1076 2812 1148 imperium
2863 1077 2918 1132 in
2948 1079 3140 1134 saecula
3171 1081 3512 1136 smculorum.
3539 1083 3728 1138 Amen.

576 1209 3856 1240 ’Μ’-Μή

1724 1283 2072 1346 HOMILIA
2116 1282 2314 1343 XLII.
2362 1285 2448 1347 ai.
2497 1287 2723 1349 XLIII.

565 1438 692 1494 Car.
723 1436 808 1491 1‘2.
850 1451 900 1489 v.
934 1436 1022 1490 '55.
1055 1434 1155 1488 Aut
1183 1433 1333 1503 facite
1360 1431 1586 1484 arborem
1615 1428 1796 1481 bonum
1817 1467 1831 1491 ,
1860 1435 1904 1479 ct
1931 1429 2149 1494 fructum

634 1531 742 1598 ejus
769 1529 951 1581 bonum
970 1542 988 1590 ;
1028 1535 1115 1578 aut
1146 1525 1296 1594 facile
1335 1521 1564 1575 arborem
1593 1518 1782 1572 malum
1803 1560 1817 1579 ,
1850 1527 1894 1570 et
1925 1520 2147 1586 fructum

634 1622 742 1690 ejus
771 1620 994 1672 malum:
1021 1633 1082 1671 ex
1109 1620 1277 1688 fructu
1303 1616 1433 1669 enim
1463 1614 1610 1666 arbor
1635 1611 1968 1682 cognoscitur.

637 1712 687 1765 1.
716 1711 919 1763 Rursus
949 1709 1068 1762 illos
1096 1707 1296 1776 pudore
1324 1705 1489 1758 afficit
1513 1745 1526 1766 ,
1562 1717 1658 1757 nec
1686 1709 1808 1756 sunt
1852 1700 1924 1753 illi
1972 1699 2145 1768 priora

565 1808 872 1870 argumenta
904 1799 1055 1852 satis.
1088 1797 1197 1850 lloc
1217 1805 1392 1849 autem
1423 1794 1585 1858 facit,
1618 1808 1720 1845 non
1763 1800 1818 1844 ut
1852 1805 1909 1843 se
1936 1805 1964 1842 a
1996 1789 2148 1857 culpa

567 1891 814 1946 defendat
843 1891 994 1960 (satis
1017 1890 1159 1942 enim
1192 1897 1370 1942 essent
1399 1901 1515 1954 quae
1537 1885 1646 1953 jatn
1689 1883 1829 1936 dicta
1859 1880 2024 1952 sunt),
2055 1879 2147 1934 sed

566 1993 623 2035 ut
645 1984 762 2037 illos
788 1981 852 2034 ad
885 1980 1311 2034 emendationem
1339 1978 1582 2031 deducat.
1613 1974 1763 2040 Quod
1797 1983 1970 2026 autem
1999 1972 2146 2035 dicit,

565 2073 668 2127 hoc
702 2071 960 2141 significat
991 2088 1004 2125 :
1038 2069 1206 2124 Nemo
1243 2078 1477 2123 vestrum
1510 2074 1724 2121 curatos
1768 2062 2147 2132 reprehendit,

565 2164 715 2235 quasi
743 2180 867 2218 vere
892 2163 1060 2218 curati
1091 2178 1194 2214 non
1225 2169 1424 2223 eSsent,
1453 2173 1622 2227 neque
1644 2157 1794 2220 dixit,
1821 2156 2012 2210 mulam
2037 2170 2148 2209 rem

565 2273 685 2312 esse
721 2272 752 2310 a
793 2257 1036 2310 dmmone
1089 2253 1336 2307 liberare.
1398 2249 1619 2304 Etiamsi
1671 2249 1811 2303 enim
1866 2245 2146 2300 admodum

565 2347 900 2418 impudentes
930 2355 1152 2406 essent,
1188 2344 1289 2396 hoc
1333 2341 1512 2396 dicere
1556 2355 1659 2393 non
1707 2346 1970 2407 poterant.
2017 2335 2148 2402 Quia

566 2454 694 2510 ergo
715 2452 876 2508 opera
903 2439 1014 2506 ipsa
1040 2436 1315 2490 traducere
1344 2449 1448 2487 non
1480 2432 1747 2495 valebant,
1777 2430 1867 2484 sed
1899 2429 2010 2482 haec
2031 2443 2150 2498 ope-

571 2541 778 2586 rantem
828 2530 1287 2584 calumniabantur
1317 2527 1333 2558 ¹
1358 2568 1375 2594 ,
1403 2526 1733 2581 demonstrat
1758 2523 2146 2578 accusationem

566 2631 760 2677 etcum
791 2621 1060 2676 communi
1095 2618 1393 2684 ratiocinio,
1411 2626 1463 2672 et
1483 2632 1600 2672 cum
1629 2631 1805 2670 rerum
1827 2629 2151 2682 consequen-

568 2716 640 2771 tia
661 2713 1070 2787 pugnare.Quod
1095 2713 1322 2785 ingentis
1346 2711 1686 2784 impudentia:
1709 2720 1810 2776 est,
1834 2723 2024 2780 nempe
2042 2721 2145 2762 non

567 2808 728 2863 modo
755 2809 983 2877 maligne
1010 2823 1184 2876 agere,
1221 2806 1314 2861 sed
1337 2806 1497 2860 etiam
1517 2805 1601 2859 illa
1629 2803 1955 2859 comminisci
1985 2843 2000 2866 ,
2030 2819 2150 2872 qua:

571 2907 754 2952 contra
777 2912 1113 2952 communem
1135 2897 1370 2950 omnium
1399 2905 1628 2949 mentem
1651 2903 1899 2963 pugnant.
1933 2893 2007 2948 Ac
2030 2893 2150 2948 vide

567 3005 724 3059 quam
737 3000 889 3043 extra
911 2988 1306 3044 contentionem
1325 2987 1394 3041 sit
1412 2986 1461 3040 id
1475 2985 1613 3055 quod
1631 2987 1847 3055 profert.
1865 2985 1978 3040 Non
2007 2985 2148 3040 enim

567 3082 697 3136 dicit
723 3097 736 3134 :
769 3080 950 3134 Facite
977 3081 1225 3134 arborem
1256 3079 1449 3132 bonam
1475 3118 1490 3143 ,
1520 3077 1767 3146 quoniam
1801 3076 2004 3130 fructus
2033 3076 2150 3145 ejus

568 3174 739 3228 bonus
763 3180 884 3236 est;
931 3171 1023 3226 sed
1052 3173 1264 3240 egregie
1291 3170 1410 3224 illos
1436 3182 1690 3224 coercens
1710 3209 1724 3234 ,
1756 3175 1810 3222 et
1839 3177 2148 3222 mansuetu-

572 3266 750 3319 dinem
783 3279 932 3317 suam
960 3272 1012 3316 et
1033 3263 1414 3331 impudentiam
1437 3276 1625 3316 eorum
1649 3261 2020 3316 demonstrans
2042 3262 2149 3319 ait:

569 3359 623 3413 Si
661 3373 822 3428 opera
855 3358 1013 3411 vultis
1040 3355 1432 3426 reprehendere
1458 3397 1472 3420 ,
1509 3370 1612 3408 non
1647 3355 1943 3425 prohibeo:
1977 3355 2150 3410 solum

570 3466 638 3506 ne
666 3450 732 3504 de
763 3451 827 3505 iis
856 3465 972 3517 qua?
1001 3465 1101 3503 nec
1139 3449 1435 3504 consistere
1457 3490 1471 3512 ,
1501 3463 1600 3504 nec
1629 3456 2022 3518 consequenter
2047 3448 2151 3503 dici

572 3550 792 3613 possunt
815 3583 828 3606 ,
863 3557 948 3596 me
980 3542 1263 3596 accusetis.
1297 3540 1384 3594 Sic
1427 3541 1570 3594 enim
1596 3540 1792 3594 clarius
1823 3539 2152 3610 deprehendi

569 3642 817 3702 poterant
840 3640 1022 3685 contra
1045 3646 1132 3684 res
1149 3631 1606 3684 manifestissimas
1628 3629 1962 3699 impudenter
1986 3629 2149 3698 loqtti.

573 3727 755 3794 Itaque
786 3724 982 3778 frustra
1014 3704 1394 3790 malignamini,
1424 3721 1612 3789 inquit,
1642 3735 1740 3774 nec
1771 3719 2151 3788 consequentia

570 3816 866 3886 loquimini.
894 3814 1025 3869 Nam
1060 3813 1310 3867 arborum
1341 3811 1635 3867 dilIerentia
1665 3826 1727 3866 ex
1761 3810 1932 3864 fructu
1966 3809 2155 3880 digno-

567 3909 752 3974 scitur,
794 3921 898 3961 non
930 3915 1106 3961 autem
1136 3904 1337 3961 fructus
1363 3905 1430 3958 ab
1455 3905 1648 3959 arbore
1679 3922 1690 3958 :
1724 3919 1819 3958 vos
1847 3919 1977 3958 vero
2005 3918 2153 3958 con-

573 3999 792 4052 trarium
818 3997 1009 4052 facitis.
1041 3997 1260 4051 Etiamsi
1289 3998 1429 4050 cnim
1457 3996 1617 4050 arbor
1647 3994 1848 4050 fructus
1869 3996 1937 4049 sit
1965 4009 2146 4062 causa,

569 4099 802 4144 attamen
834 4089 1038 4143 fructus
1062 4088 1270 4142 arboris
1314 4088 1546 4157 speciem
1586 4086 1840 4142 declarat.
1865 4088 1933 4141 At
1958 4101 2152 4142 conse-

568 4198 737 4253 quens
763 4193 898 4248 erat,
930 4191 988 4236 ιιι
1016 4184 1126 4250 ipsa
1174 4195 1338 4250 Opera
1370 4189 1422 4235 et
1468 4195 1564 4235 nos
1605 4179 1761 4233 simul
1788 4179 2148 4248 reprehende-

569 4277 698 4332 retis
722 4318 737 4342 ,
765 4275 847 4329 vel
880 4277 923 4328 si
948 4289 1108 4345 opera
1139 4273 1443 4338 laudaretis,
1478 4287 1574 4327 nos
1596 4281 1876 4342 operantcs
1907 4287 1971 4327 ne
1999 4272 2151 4326 incu-

569 4369 778 4422 saretis.
795 4365 943 4421 Nunc
965 4382 1092 4420 vero
1111 4365 1434 4420 contrarium
1456 4363 1623 4418 facitis
1645 4381 1657 4415 :
1679 4379 1801 4417 nam
1824 4379 1944 4418 cum
1965 4379 2146 4433 opera,

568 4476 689 4528 qua:
719 4469 843 4513 sunt
873 4458 1103 4519 fruetus,
1137 4457 1446 4512 calumniari
1479 4455 1752 4524 nequeatis
1776 4496 1789 4518 ,
1822 4456 2148 4509 contrarimn

567 4561 751 4607 contra
770 4552 1016 4608 arborem
1045 4549 1193 4603 fertis
1213 4549 1496 4615 calculum,
1514 4546 1638 4601 dum
1658 4563 1743 4602 me
1764 4547 2148 4602 daemoniacum

569 4646 793 4711 vocatis,
824 4645 963 4714 quod
987 4654 1239 4698 extrema:
1267 4652 1350 4697 est
1373 4642 1674 4696 dementiae.
1697 4641 1826 4695 Nam
1845 4640 1985 4710 quod
2006 4642 2150 4711 prius

568 4739 778 4794 dicebat
797 4781 812 4805 ,
843 4739 942 4793 hoc
970 4738 1128 4792 etiam
1156 4752 1298 4791 nunc
1323 4736 1514 4790 asserit
1540 4776 1556 4799 ,
1587 4749 1692 4788 non
1723 4749 1876 4803 posse
1902 4733 2149 4789 arborem

571 4833 762 4886 bonam
806 4832 1008 4886 fructos
1046 4832 1212 4884 malos
1252 4828 1467 4893 facere,
1517 4843 1690 4898 neque
1738 4827 1929 4881 malam
1981 4828 2150 4884 honos

571 4926 784 4995 (Matth.
818 4927 870 4980 7.
902 4926 1012 4996 18).
1043 4925 1224 4993 itaque
1251 4923 1616 4978 accusationes
1657 4938 1840 4977 eorum
1870 4922 2040 4992 palam
2069 4931 2151 4977 est

571 5017 702 5071 nihil
733 5031 1084 5086 consequens,
1121 5016 1252 5070 nihil
1281 5015 1571 5071 secundum
1595 5023 1839 5069 naturam
1869 5030 2044 5068 rerum
2064 5014 2152 5068 ha-

569 5108 715 5162 bere.
746 5107 944 5161 Deinde
984 5107 1104 5176 quia
1131 5123 1236 5160 non
1271 5122 1366 5176 pro
1393 5122 1450 5160 se
1475 5147 1488 5169 ,
1518 5106 1610 5161 sed
1642 5122 1736 5174 pro
1757 5105 1955 5174 Spiritu
1989 5105 2147 5160 verba

571 5200 695 5254 facit
719 5241 731 5265 ,
766 5199 960 5253 acriter
986 5199 1252 5254 invehitur
1279 5199 1497 5254 dicens:
1527 5198 1616 5253 54.
1644 5197 1920 5268 Progenies
1946 5198 2147 5266 vipera-

569 5309 702 5357 rum,
730 5290 980 5360 quomodo
1013 5291 1212 5359 potestis
1241 5292 1368 5344 bona
1391 5290 1545 5362 loqui,
1574 5307 1687 5343 cum
1717 5291 1825 5344 sitis
1852 5290 1972 5344 mali
1994 5291 2018 5343 ?
2039 5289 2150 5346 [Ioc

568 5399 698 5438 vero
725 5383 883 5438 simul
909 5367 964 5438 et
984 5383 1286 5436 accusantis
1311 5392 1412 5446 est,
1445 5393 1497 5438 et
1525 5382 1784 5436 dictorum
1813 5382 2149 5436 demonstra-

569 5479 766 5531 tionem
797 5477 920 5532 inde
953 5476 1255 5546 przebeutis.
1299 5477 1436 5532 Ecce
1482 5492 1709 5545 namque
1757 5490 1889 5541 vos,
1935 5475 2145 5545 inquit,

569 5583 690 5622 cum
717 5569 832 5622 sitis
858 5569 1079 5624 arbores
1109 5569 1297 5634 malae,
1329 5584 1433 5622 non
1480 5568 1702 5636 potestis
1742 5569 1881 5622 ferre
1920 5565 2146 5621 fructum

631 5705 649 5735 ⁸
688 5701 828 5756 Unus,
861 5702 1097 5751 diabolum
1122 5702 1474 5752 csscdirebant.

2253 1422 2471 1478 bonum.
2500 1425 2620 1480 Non
2655 1429 2818 1484 miror
2843 1447 2992 1501 ergo,
3019 1435 3158 1504 quod
3190 1436 3307 1489 talia
3337 1437 3627 1506 loquamini
3654 1456 3669 1503 ;
3702 1442 3853 1496 male

2251 1515 2447 1586 quippe
2475 1518 2683 1573 educati
2705 1522 2854 1587 estis,
2875 1538 2904 1575 a
2927 1525 3080 1578 malis
3102 1528 3533 1597 progenitoribus
3550 1532 3672 1596 orti,
3698 1548 3855 1587 men-

2253 1615 2467 1678 temque
2495 1610 2689 1665 tnalam
2718 1611 2943 1668 habetis.
2974 1615 3040 1669 Et
3063 1617 3182 1671 vide
3212 1634 3368 1686 quam
3395 1631 3642 1675 accurate
3666 1663 3682 1685 ,
3714 1624 3851 1677 nnl-

2254 1695 2356 1751 lam
2403 1699 2646 1768 prtuhcns
2675 1702 2777 1756 illis
2804 1719 2988 1758 ansam
3020 1746 3035 1771 ,
3082 1709 3447 1764 accusationes
3490 1711 3846 1781 diSposuerit.

2252 1789 2367 1844 Non
2404 1793 2544 1846 enim
2577 1793 2707 1848 dixit
2741 1812 2755 1848 :
2786 1795 3062 1864 Quomodo
3092 1800 3314 1867 potestis
3340 1801 3476 1856 bona
3510 1804 3689 1873 loqui,
3715 1821 3851 1862 cum

2253 1882 2371 1936 sitis
2411 1883 2674 1952 genimina
2706 1887 3049 1956 viperarum?
3086 1889 3187 1945 hoc
3230 1893 3370 1946 enim
3403 1894 3532 1947 nihil
3561 1896 3626 1950 ad
3672 1898 3848 1959 illud;

2253 1973 2366 2038 sed,
2401 1975 2664 2040 Quomodo
2692 1980 2896 2047 potestis
2924 1981 3053 2036 bona
3081 1981 3236 2053 loqui,
3266 1988 3389 2038 muli
3413 2004 3527 2040 cum
3554 1991 3663 2043 sitis
3685 1991 3713 2044 .9
3737 1991 3853 2048 Geo

2253 2067 2451 2120 nimina
2481 2078 2657 2124 autem
2688 2072 2991 2142 viperarum
3035 2075 3181 2144 ipsos
3204 2078 3434 2143 vocavit,
3464 2083 3586 2150 quia
3613 2082 3683 2137 de
3709 2099 3849 2153 pro-

2251 2160 2582 2228 genitoribus
2607 2163 2992 2234 gloriabantur.
3041 2167 3343 2226 Ostendens
3369 2171 3530 2242 igitur
3568 2173 3704 2229 nihil
3740 2177 3851 2231 sibi

2252 2250 2378 2306 inde
2407 2252 2611 2308 lucrum
2653 2258 2931 2324 provenire
2954 2299 2970 2325 ,
3000 2273 3066 2313 ex
3098 2260 3327 2316 Abraha:
3367 2265 3683 2333 cognatione
3719 2267 3852 2323 illos

2253 2343 2441 2413 cjccit;
2465 2348 2830 2417 progenitores
2847 2359 3026 2406 autem
3052 2352 3288 2421 ejusdem
3322 2355 3509 2409 indolis
3538 2357 3629 2410 dat
3651 2357 3784 2423 illis,
3819 2376 3850 2411 a

2253 2435 2527 2493 nobilitate
2558 2439 2774 2507 pristina
2819 2443 3049 2497 nudatis.
3083 2444 3218 2498 Nam
3243 2462 3306 2499 ex
3327 2446 3637 2500 abundantia
3661 2453 3855 2506 cordis

2253 2541 2307 2581 os
2359 2527 2595 2597 loquitur.
2647 2529 2744 2586 llic
2789 2548 2998 2603 quoque
3044 2552 3249 2589 rursum
3298 2536 3628 2593 divinitatem
3675 2556 3852 2596 suam

2252 2630 2634 2673 commonstrat
2660 2663 2672 2686 ,
2700 2637 2816 2690 qua:
2837 2635 3041 2678 secreta
3068 2637 3385 2694 cognoscat;
3423 2629 3664 2700 sciatque
3694 2631 3852 2700 ipsos

2253 2724 2360 2766 non
2387 2711 2666 2768 verborum
2697 2725 2922 2778 tantum,
2954 2718 3047 2774 sed
3073 2720 3232 2774 etiam
3264 2720 3523 2776 malarttm
3555 2724 3850 2794 cogitatio-

2255 2820 2381 2858 num
2425 2805 2687 2861 rationem
2737 2808 3035 2863 reddituros
3056 2827 3209 2874 esse;
3244 2811 3517 2884 Deumque
3560 2816 3706 2882 ipsas
3754 2833 3850 2871 co-

2252 2910 2531 2964 gnoscere.
2555 2897 2690 2951 Dicit
2711 2914 2856 2962 vero,
2881 2914 3036 2967 posse
3055 2902 3214 2955 etiam
3236 2903 3477 2958 homines
3502 2904 3616 2959 haec
3643 2921 3845 2973 nosse;

2254 2987 2376 3056 quia
2410 2987 2524 3041 haec
2553 2998 2755 3042 natura:
2785 2995 3163 3062 consequentia
3190 3005 3293 3058 est,
3321 3004 3377 3048 ut
3403 2996 3448 3050 si
3487 2997 3624 3050 intus
3649 3001 3849 3068 nequi-

2255 3077 2325 3131 tia
2370 3079 2802 3149 superabundct,
2847 3097 2943 3152 per
2983 3085 3092 3136 oris
3131 3086 3289 3139 verba
3342 3085 3468 3142 foris
3515 3088 3842 3146 effundatur.

2256 3166 2438 3237 Itaque
2468 3184 2587 3223 cum
2629 3172 2863 3227 audieris
2890 3173 3160 3230 hominem
3206 3177 3342 3230 mala
3372 3179 3701 3248 loquentem,
3733 3200 3845 3238 non

2255 3259 2515 3330 mqualem
2545 3261 2714 3316 solum
2758 3264 2806 3318 ei
2853 3267 3140 3336 nequitiam
3178 3269 3232 3322 in
3275 3270 3389 3338 ipso
3441 3272 3615 3328 inesse
3645 3286 3802 3343 putes
3827 3319 3843 3342 ,

2255 3367 2411 3421 quam
2429 3353 2589 3408 verba
2604 3354 2881 3419 exhibent;
2902 3357 2994 3411 scd
3012 3358 3166 3428 longe
3187 3360 3440 3431 majorem
3463 3378 3583 3418 esse
3598 3366 3810 3433 conjire
3829 3385 3844 3422 :

2255 3443 2394 3511 quod
2426 3444 2568 3497 enim
2595 3455 2746 3498 extra
2779 3445 3064 3516 profertur,
3099 3451 3240 3505 intus
3269 3451 3618 3520 superefﬂuit.
3653 3455 3849 3511 \‘iden’

2256 3543 2412 3602 quam
2439 3535 2634 3588 acriter
2663 3535 2781 3589 illos
2809 3537 3084 3607 tetigerit?
3108 3539 3239 3593 Nam
3271 3541 3314 3594 si
3342 3542 3474 3596 dicta
3508 3559 3690 3597 eorum
3724 3554 3843 3598 tam

2257 3643 2418 3698 prava
2464 3638 2622 3696 sunt,
2654 3639 2708 3684 et
2746 3631 3036 3686 secundum
3081 3633 3279 3687 diaboli
3321 3644 3562 3695 mentem,
3591 3636 3749 3689 radix
3783 3647 3850 3693 et

2258 3719 2395 3784 fons,
2414 3735 2530 3789 qua:
2555 3721 2661 3775 sint
2684 3723 2876 3792 cogita.
2899 3723 3008 3779 Hoc
3035 3737 3214 3779 autem
3237 3727 3310 3780 sic
3328 3726 3636 3796 contingere
3657 3730 3805 3783 solet
3827 3747 3844 3790 ;

2258 3809 2432 3880 lingua
2454 3825 2595 3881 smpe
2624 3811 2823 3882 pudore
2847 3813 3082 3883 detenta,
3118 3831 3221 3871 non
3256 3825 3449 3870 tantam
3478 3818 3637 3872 simul
3662 3822 3855 3889 nequi~

2259 3903 2384 3957 tiam
2419 3901 2678 3959 effundit:
2721 3920 2815 3960 cor
2859 3914 3074 3973 autem,
3119 3909 3203 3962 cui
3249 3910 3426 3962 nullus
3477 3909 3638 3963 homo
3694 3915 3855 3968 testis

2256 3996 2446 4064 adest,
2495 3997 2610 4052 sine
2659 4007 2802 4052 metu
2871 4015 3217 4070 quarcumque
3265 4002 3393 4055 velit
3438 4003 3573 4054 mala
3631 4005 3852 4073 gignit;

2259 4087 2425 4144 Deum
2456 4091 2650 4160 quippe
2684 4090 2813 4143 nihil
2858 4100 3031 4150 curat.
3059 4092 3317 4158 Quoniam
3358 4110 3486 4163 ergo
3517 4111 3577 4147 ea
3608 4112 3734 4165 qua:
3764 4097 3851 4151 di-

2257 4190 2468 4245 cuntur,
2495 4182 2545 4236 in
2572 4197 2793 4237 examen
2821 4183 3038 4237 veniunt
3065 4193 3117 4238 et
3144 4185 3391 4238 omnibus
3422 4195 3546 4239 sunt
3575 4189 3850 4256 exposita,

2258 4287 2352 4326 cor
2381 4283 2557 4330 autem
2584 4275 2713 4330 latet
2751 4284 2805 4330 et
2829 4277 2978 4346 quasi
3007 4275 3190 4328 umbra
3227 4274 3536 4330 obvolutum
3567 4287 3650 4331 cst
3673 4319 3688 4342 ,
3727 4279 3856 4335 ideo

2258 4366 2464 4419 minora
2506 4375 2631 4420 sunt
2673 4381 2791 4435 qua:
2835 4381 2900 4421 ex
2945 4367 3119 4436 lingua
3163 4367 3609 4436 proficiscuntur,
3643 4385 3770 4438 qua:
3802 4372 3854 4424 in

2258 4457 2420 4512 corde
2448 4457 2611 4512 latent
2656 4457 2877 4527 majora.
2909 4456 3040 4512 Cum
3088 4469 3263 4512 autem
3301 4459 3486 4528 ingens
3515 4462 3668 4530 copia
3704 4463 3857 4517 intus

2257 4559 2339 4604 est
2362 4592 2376 4615 ,
2408 4561 2516 4602 tum
2547 4566 2737 4619 magno
2769 4553 2966 4621 impetu
3015 4552 3274 4623 prodeunt
3317 4554 3403 4606 illa
3436 4570 3554 4623 qua:
3585 4556 3858 4611 hactenus

2257 4643 2462 4697 occulta
2488 4652 2657 4697 erant.
2687 4643 2765 4697 Ac
2789 4644 2926 4698 sicut
2950 4643 2984 4697 ii
3011 4645 3100 4714 qui
3128 4654 3381 4710 vomunt,
3415 4647 3565 4700 initio
3597 4646 3859 4702 videntur

2257 4736 2563 4791 exsilientes
2604 4735 2852 4791 humores
2891 4737 2942 4790 vi
2993 4736 3224 4792 retinere
3271 4737 3452 4802 velle;
3494 4753 3618 4791 cum
3664 4748 3859 4794 autem

2256 4828 2335 4882 vis
2359 4828 2446 4882 illa
2477 4828 2672 4900 deficit,
2693 4837 2818 4883 tunc
2847 4827 2986 4886 foede
3010 4829 3294 4884 admodum
3323 4829 3621 4899 prodeunt:
3654 4831 3742 4886 sic
3768 4834 3860 4902 qui

2256 4920 2434 4990 pravis
2457 4920 2693 4974 consiliis
2723 4920 2862 4990 pleni
2891 4930 3015 4975 sunt
3039 4961 3053 4987 ,
3087 4922 3384 4991 proximum
3413 4923 3717 4977 maledictis
3753 4927 3862 4979 im-

2257 5023 2464 5083 petunt.
2498 5014 2583 5068 55.
2615 5011 2789 5068 Bonus
2819 5014 2988 5078 homo,
3020 5015 3207 5084 inquit,
3235 5031 3298 5068 ex
3315 5014 3443 5069 bono
3473 5017 3718 5085 thesauro
3740 5033 3862 5070 cor-

2257 5106 2338 5160 dis
2361 5106 2440 5160 sui
2469 5105 2662 5176 profert
2692 5107 2819 5160 bona
2839 5123 2857 5159 :
2886 5115 2933 5160 et
2971 5106 3137 5160 malus
3176 5107 3326 5161 homo
3356 5124 3420 5162 ea:
3442 5108 3570 5160 malo
3600 5108 3866 5164 thesauro

2258 5198 2427 5253 cordis
2456 5199 2536 5251 sui
2561 5199 2751 5268 profert
2779 5201 2933 5252 mala.

2326 5313 2384 5370 Ξ.
2414 5314 2490 5370 Ne
2518 5325 2690 5384 putes,
2719 5314 2906 5384 inquit,
2944 5314 2996 5368 id
3027 5314 3077 5368 in
3111 5313 3262 5367 tnalis
3290 5321 3488 5367 tantum
3512 5312 3740 5368 evenire
3764 5331 3782 5379 ;
3808 5315 3862 5368 in

2257 5407 2412 5463 bonis
2453 5408 2647 5477 quippe
2693 5406 2918 5476 idipsum
2970 5405 3198 5461 accidit:
3251 5405 3450 5460 etenim
3481 5403 3654 5474 major
3693 5407 3858 5460 intus

2257 5500 2426 5556 virtus
2450 5509 2552 5565 est,
2581 5515 2738 5569 quam
2766 5499 2923 5554 verba
2946 5497 3250 5553 exhibeant.
3270 5496 3424 5552 Unde
3444 5496 3702 5568 arguitur,
3730 5498 3862 5554 illos

2257 5593 2466 5665 pejores
2477 5593 2634 5650 etiam
2646 5591 2986 5659 fuisse,quam
2999 5589 3158 5646 verba
3171 5598 3549 5648 monstrarent,
3564 5585 3863 5656 ipsumque

2259 5688 2553 5756 meliorem,
2576 5702 2730 5758 quam
2748 5701 2810 5740 ex
2838 5684 2992 5740 dictis
3017 5683 3130 5756 ejus
3157 5691 3485 5759 argueretur.
3509 5679 3859 5737 'I‘hesaurum
