4042 6218
269 282 374 336 οἲ5⁶5

269 409 444 453 autem
487 404 782 459 memorat,
817 391 1057 461 magnam
1108 389 1314 457 copiam
1362 388 1620 441 indicans.
1650 386 1849 441 Deinde

270 505 454 544 rursus
483 502 730 557 magnum
761 485 958 540 excitat
989 481 1254 534 timorem.
1286 478 1364 533 Ne
1396 480 1608 546 putetis,
1645 478 1846 546 inquit,

269 596 374 634 non
405 581 541 634 ultra
573 577 808 647 procedi,
840 575 997 643 inque
1026 571 1147 625 facti
1179 569 1624 625 condemnatione
1654 569 1847 622 sisten-

267 672 392 725 dum
441 686 560 725 esse
603 669 910 738 negotium:
961 681 1081 719 nam
1129 673 1395 718 extremas
1432 662 1630 715 dabunt
1666 677 1848 731 pmuas

267 772 526 831 quotquot
575 761 694 814 talia
741 757 1120 828 perpetrarint.
1149 755 1332 824 Neque
1359 753 1528 817 dixit,
1560 753 1666 806 Vos
1693 770 1704 815 ;
1739 764 1846 806 tum

268 865 325 908 ut
353 869 536 908 omnes
563 851 818 917 erudiret,
840 859 948 903 tum
972 865 1040 904 ne
1065 848 1344 903 onerosior
1367 862 1543 901 sermo
1564 857 1726 902 esset.
1757 845 1844 901 56.

269 946 396 1000 Dico
423 955 586 999 autem
607 945 762 1008 vobis,
782 943 1017 1012 quoniam
1039 957 1182 994 omne
1208 941 1411 994 verbum
1437 940 1670 1002 otiosum,
1697 939 1851 1008 quod-

267 1053 477 1107 cumque
528 1038 791 1105 loquentur
820 1036 1043 1089 homines
1061 1075 1076 1100 ,
1105 1034 1292 1087 dabunt
1315 1033 1376 1088 de
1410 1033 1498 1087 illo
1528 1034 1770 1086 rationem
1797 1033 1848 1086 in

265 1128 347 1181 die
372 1129 579 1198 judicii.
620 1128 857 1181 Otiosum
899 1138 1095 1192 autem,
1121 1125 1261 1195 quod
1289 1126 1362 1179 rei
1405 1141 1509 1178 non
1555 1125 1801 1178 convenit
1827 1165 1841 1183 ,

266 1219 517 1285 mendax,
548 1219 947 1288 symphantiam
971 1219 1289 1281 continens;
1321 1219 1426 1271 imo
1457 1218 1633 1282 inane,
1661 1215 1846 1283 utqui-

265 1311 386 1365 dam
415 1311 618 1377 dicunt,
647 1312 785 1382 quod
815 1310 1085 1380 profusum
1117 1311 1279 1363 risutn
1306 1319 1534 1372 moveat,
1560 1309 1642 1363 vel
1673 1319 1842 1375 turpe,

267 1402 567 1472 impudens,
592 1403 869 1458 illiberale.
904 1403 992 1456 ’57.
1028 1401 1109 1455 Ea:
1133 1402 1292 1455 verbis
1321 1402 1451 1455 enim
1480 1401 1576 1454 tuis
1589 1401 1847 1470 justi/ica-

263 1497 416 1562 beris,
443 1507 488 1549 et
514 1513 575 1549 ex
602 1496 758 1549 verbis
785 1496 880 1549 tuis
899 1494 1327 1548 condemnaberis.
1358 1493 1542 1548 V'iden‘
1572 1508 1674 1546 non
1725 1507 1844 1546 mo-

266 1589 454 1643 lestum
481 1587 760 1658 judicium,
792 1589 1039 1657 levesque
1073 1589 1293 1656 pmnas?
1323 1587 1502 1656 Neque
1523 1587 1664 1640 enim
1689 1602 1753 1640 ex
1783 1586 1846 1639 iis

263 1697 381 1750 qua:
417 1681 554 1734 alius
582 1680 648 1734 de
685 1690 736 1735 te
764 1680 933 1744 dixit,
967 1680 1060 1734 sed
1109 1695 1170 1732 cx
1205 1679 1268 1732 iis
1297 1695 1415 1748 qtt:e
1457 1679 1568 1749 ipse
1597 1679 1844 1748 loquutus

261 1787 353 1838 es,
382 1772 548 1841 judex
578 1772 840 1826 calculum
871 1771 1036 1836 feret;
1069 1771 1207 1840 quod
1253 1771 1487 1825 omnium
1516 1771 1842 1840 estjus:issi-

263 1880 430 1919 mum.
465 1864 544 1917 Tu
569 1863 710 1918 enim
736 1873 791 1918 et
818 1861 1026 1918 dicendi
1059 1873 1113 1918 et
1139 1879 1241 1916 non
1287 1863 1494 1917 dicendi
1526 1873 1842 1934 potesmtem

263 1955 445 2011 habes.
470 1956 584 2010 Non
615 1957 773 2025 igitur
799 1971 892 2010 eos
919 1955 1006 2024 qui
1039 1955 1321 2008 calumniis
1367 1955 1692 2022 impetuutur
1720 1956 1840 2024 angi

260 2057 313 2102 et
344 2048 529 2102 timere
555 2062 650 2118 par
691 2056 772 2101 est
795 2089 810 2110 ,
839 2047 932 2101 sed
970 2061 1063 2101 eos
1089 2047 1177 2115 qui
1223 2045 1629 2099 calumniantur.
1660 2045 1842 2113 Neque

260 2141 400 2195 enim
433 2139 504 2193 illi
534 2148 794 2208 coguntur
819 2153 934 2192 sese
962 2153 1205 2206 purgare,
1227 2135 1366 2206 quod
1389 2136 1525 2191 male
1546 2135 1838 2200 audierint;

258 2229 354 2284 sed
385 2229 458 2292 hi,
491 2228 631 2300 quod
655 2229 792 2282 male
817 2228 1079 2282 dixerint:
1108 2229 1343 2298 ipsisque
1366 2243 1524 2281 onmc
1551 2227 1838 2295 periculum

261 2319 522 2373 imminet.
551 2319 727 2384 Quare
753 2333 847 2373 eos
888 2319 978 2387 qui
1011 2318 1148 2373 male
1188 2317 1455 2372 audierint
1497 2317 1624 2370 nihil
1655 2331 1841 2371 curare

256 2419 504 2480 oportet:
542 2425 712 2480 neque
743 2411 882 2464 enim
919 2425 1106 2480 pmnas
1152 2409 1353 2464 dabunt
1405 2424 1500 2478 pro
1545 2407 1841 2461 maledictis

254 2504 518 2566 aliorum;
549 2517 642 2557 eos
671 2511 845 2556 autem
874 2503 962 2572 qui
990 2501 1366 2557 maledixeriut
1393 2501 1580 2554 anxios
1606 2515 1725 2554 esse
1747 2514 1842 2569 par

255 2601 338 2646 est
367 2604 418 2646 et
452 2602 678 2646 tremere
698 2633 712 2655 ,
741 2601 922 2661 utpote
952 2593 1003 2646 in
1024 2593 1278 2661 judicium
1311 2593 1412 2647 hac
1443 2591 1510 2647 de
1541 2607 1598 2646 re
1625 2592 1842 2646 trahen-

256 2683 372 2737 dus.
405 2682 536 2736 Nam
563 2683 860 2737 diabolicus
885 2693 966 2737 est
994 2683 1214 2753 laqueus
1238 2693 1514 2754 peccatum
1543 2685 1666 2739 illud
1696 2685 1837 2756 quod

256 2775 451 2828 nullam
483 2773 638 2828 habet
667 2773 988 2844 voluptatem
1010 2816 1025 2841 ,
1056 2775 1149 2830 sed
1195 2775 1530 2830 solummodo
1565 2775 1837 2835 damnum.

255 2866 387 2920 Nam
421 2865 538 2920 talis
568 2865 728 2919 homo
752 2865 946 2919 malum
976 2867 1028 2920 iu
1059 2866 1238 2920 animo
1270 2867 1570 2922 thesaurum
1597 2868 1834 2938 deponit.

253 2957 311 3010 Si
347 2971 474 3011 vero
504 2957 551 3010 is
591 2955 677 3026 qui
706 2970 930 3027 pravum
961 2955 1122 3012 habet
1162 2957 1440 3011 humorem
1465 2999 1480 3023 ,
1515 2958 1565 3012 in
1593 2959 1835 3014 morbum

253 3050 366 3119 ipse
398 3047 580 3103 incidit
606 3089 620 3112 ,
653 3049 818 3101 multo
847 3049 1015 3120 magis
1045 3049 1133 3104 ille
1160 3051 1248 3119 qui
1281 3049 1383 3104 bile
1409 3049 1667 3105 acriorem
1700 3051 1749 3104 in
1777 3066 1838 3106 se

253 3142 539 3210 nequitiam
569 3141 908 3204 tltesaurizat,
941 3151 1174 3196 extrema
1198 3141 1447 3212 patietur,
1466 3143 1586 3212 quia
1617 3157 1835 3212 gravem

252 3232 351 3284 sibi
403 3233 647 3286 morbum
692 3233 914 3302 paravit.
958 3232 1119 3302 quue
1165 3233 1502 3288 manifestum
1543 3241 1624 3286 est
1666 3248 1728 3286 ex
1771 3233 1834 3288 iis

254 3339 373 3392 qua:
405 3324 516 3393 ipse
542 3334 770 3378 eructat.
809 3324 940 3378 Nam
970 3325 1014 3378 si
1053 3325 1188 3380 alios
1237 3334 1381 3380 tanto
1424 3326 1607 3381 dolore
1635 3326 1830 3392 afficit,

250 3415 416 3467 multo
445 3417 609 3486 magis
636 3417 866 3470 animam
898 3432 1048 3472 suam
1081 3417 1168 3471 illa
1198 3419 1514 3485 parientem.
1561 3421 1657 3486 Qui
1687 3419 1830 3473 enim

250 3506 468 3560 insidias
493 3517 661 3578 parat,
696 3509 926 3578 seipsum
951 3509 1178 3578 primum
1201 3509 1423 3563 occidit:
1463 3509 1724 3578 siquidem
1743 3509 1832 3579 qui

249 3598 422 3669 ignem
524 3604 718 3668 calcat,
791 3601 1024 3671 sripsum
1057 3601 1318 3655 comburit
1347 3618 1361 3665 ;
1391 3602 1549 3672 etqui
1579 3601 1832 3656 adaman-

248 3696 354 3741 tent
384 3689 626 3757 percutit,
655 3689 752 3743 sibi
784 3689 880 3758 ipsi
913 3701 1285 3746 nocumentum
1310 3692 1482 3760 parit;
1510 3707 1570 3746 ac
1595 3695 1681 3763 qui
1705 3708 1832 3748 cou-

247 3789 326 3832 tra
357 3779 628 3832 stimulum
659 3779 919 3846 calcitrat,
949 3782 1184 3851 seipsum
1211 3789 1472 3837 cruentat.

318 3868 570 3940 lnjuriam
610 3871 870 3940 inferentis
913 3873 1068 3925 multo
1113 3875 1254 3942 pejor
1292 3885 1363 3926 est
1402 3875 1623 3929 conditio
1665 3893 1818 3944 quam

247 3961 500 4028 patientis.
527 3960 826 4013 —Eteuim
859 3962 944 4030 qui
981 3963 1136 4016 hesus
1168 3965 1372 4018 fortiter
1412 3966 1655 4034 injuriam
1689 3969 1827 4022 ferre

246 4051 414 4113 novit,
446 4051 490 4103 is
515 4059 597 4104 est
621 4050 861 4117 adamas,
905 4051 1152 4105 stimulus
1181 4063 1233 4106 et
1265 4053 1397 4122 ignis
1432 4071 1444 4106 :
1474 4058 1560 4123 qui
1593 4072 1719 4108 vero
1747 4059 1827 4110 in-

239 4146 432 4215 juriam
464 4143 602 4198 ferre
632 4143 936 4207 meditatur,
961 4145 1071 4198 luto
1093 4144 1410 4200 imbecillior
1437 4155 1536 4200 est.
1562 4147 1675 4201 Non
1700 4163 1826 4218 ergo

243 4236 434 4304 injttria
463 4235 603 4289 affici
651 4236 846 4290 malum
892 4247 995 4301 est,
1037 4236 1132 4291 sed
1181 4237 1426 4308 injuriam
1461 4239 1673 4298 inferre.
1728 4256 1826 4296 nec

242 4343 402 4395 posse
460 4327 705 4396 injuriam
762 4327 922 4382 ferre.
968 4327 1235 4394 Quantum
1288 4330 1446 4385 Iazsus
1489 4341 1570 4385 est
1625 4331 1825 4384 David?

240 4420 504 4486 Quantum
546 4420 681 4474 Izesit
727 4419 893 4474 Sat'tl?
939 4420 1068 4488 Quis
1115 4436 1241 4490 ergo
1289 4421 1472 4475 fortior
1519 4423 1824 4492 healiorque

241 4513 379 4566 fuit?
409 4515 526 4581 quis
573 4515 855 4569 miserior?
885 4515 1070 4569 Nonne
1110 4516 1153 4568 is
1199 4517 1285 4585 qni
1317 4517 1490 4570 Itesit?
1532 4516 1661 4570 Rem
1698 4534 1824 4572 vero

242 4603 531 4672 perpende.
568 4605 842 4659 Pollicitus
888 4616 971 4660 est
1011 4607 1138 4661 Safil
1186 4608 1229 4662 si
1275 4607 1440 4660 David
1471 4607 1820 4678 alienigenam

240 4698 495 4762 vinceret,
536 4714 594 4753 se
625 4699 794 4766 ipsum
828 4700 879 4753 in
919 4715 1173 4770 generum
1213 4710 1628 4770 assumpturum,
1669 4718 1729 4755 ac
1758 4702 1820 4756 fi-

241 4791 364 4844 liam
408 4805 561 4844 suam
619 4792 691 4845 illi
749 4791 1100 4849 libentissime
1147 4793 1392 4849 daturum
1453 4796 1545 4865 (l.
1580 4797 1702 4866 flag.
1731 4797 1814 4850 I7.

239 4893 285 4936 ct
314 4883 424 4952 18).
462 4883 824 4953 Alienigenam
856 4885 944 4938 ille
971 4885 1166 4939 occidit
1200 4903 1213 4938 :
1238 4887 1361 4940 Saftl
1381 4901 1506 4940 vero
1532 4897 1680 4955 pacta
1703 4888 1818 4940 vio-

239 4978 366 5032 lavit
389 4994 403 5033 ζ
432 4993 528 5030 nec
551 4977 710 5032 modo
735 4991 839 5030 non
867 4977 1012 5031 dedit
1044 4978 1206 5030 filiam
1227 4977 1324 5047 (ιι),
1348 4978 1441 5032 sed
1475 4993 1658 5032 necem
1686 4995 1820 5049 quo-

234 5087 338 5138 que
383 5071 478 5140 ipsi
525 5069 946 5123 machinabatur.
990 5068 1120 5136 Quis
1165 5083 1290 5137 ergo
1320 5069 1646 5138 splendidior
1685 5071 1818 5125 fuit?

237 5165 426 5214 Annon
458 5162 544 5215 ille
572 5175 802 5216 maerore
828 5159 989 5214 animi
1034 5169 1088 5214 et
1112 5173 1279 5230 pravo
1304 5160 1547 5215 daemone
1590 5161 1818 5217 suffoca-

238 5251 410 5317 batur,
459 5254 542 5306 hic
581 5268 708 5308 vero
739 5253 954 5324 tropaeis
997 5261 1051 5308 et
1078 5253 1244 5323 gratia
1290 5253 1464 5308 divina
1497 5254 1614 5324 plus
1657 5270 1814 5326 quam

297 5491 368 5552 (η)
405 5495 540 5554 Atqui
559 5494 693 5559 dedit
712 5494 876 5544 Micbol
901 5495 1042 5544 filiam
1063 5508 1198 5545 suam
1222 5497 1269 5544 in
1290 5497 1568 5558 coniugem.
1587 5496 1677 5545 sed
1697 5503 1815 5559 puto

235 5553 627 5619 tliirysostumunr
642 5555 718 5604 hic
739 5571 940 5619 prornon
960 5559 1070 5607 data
1091 5559 1276 5606 [tubere
1312 5553 1569 5619 eaquuze
1589 5553 1816 5608 simulate

236 5621 418 5663 tantum
459 5615 568 5664 data
605 5615 712 5673 fuit,
741 5615 803 5666 ἰιι
832 5618 922 5667 hoc
957 5619 1163 5673 allectus
1193 5620 1430 5669 beneficio
1449 5615 1602 5668 David
1629 5620 1814 5672 facilius

232 5681 331 5726 nbit
351 5690 700 5731 uttt'arelur.--
721 5685 839 5733 Vide
867 5688 1034 5735 Adttol.
1067 5688 1220 5736 Fit-Id.
1250 5688 1307 5736 ad
1330 5701 1442 5750 pag.
1475 5686 1581 5735 454.

1226 273 1287 326 IN
1328 271 1732 328 MATTIIA‘ZU.“
1777 272 2004 327 IIOSIIL.
2050 274 2206 328 XLII.
2247 277 2318 330 al.
2366 277 2543 332 XLIII.

3441 287 3540 339 Ilii-5

1959 388 2039 442 snl
2059 388 2414 458 Splendebat?
2437 392 2636 446 Rursus
2660 393 2798 447 circa
2825 393 3101 451 mulierum
3121 395 3340 449 chorum
3367 414 3540 451 nonne

1957 478 2046 532 ille
2089 481 2283 535 invidia
2313 482 2718 550 przefocabatur,
2766 483 2852 538 hic
2896 485 3108 538 silentio
3136 486 3313 541 ferens
3339 491 3537 552 omnia,

1954 583 2141 624 omnes
2171 575 2406 635 attraxit,
2439 575 2647 645 sibique
2666 575 2979 640 conjunxit?
3007 576 3139 630 Cum
3167 589 3344 633 autem
3379 579 3538 634 David

1956 659 2102 716 illum
2132 678 2239 731 pra:
2269 665 2512 719 manibus
2539 665 2740 728 ltahuit,
2759 667 2963 736 ipsique
2989 670 3248 736 pepercit,
3276 672 3393 740 quis
3421 688 3540 725 rur-

1955 767 2070 806 sum
2101 753 2285 807 beatus
2315 766 2448 817 crat,
2491 759 2610 826 quis
2641 757 2839 811 miser?
2867 760 2986 826 quis
3030 759 3384 816 imbecillior?
3422 762 3538 832 quis

1957 843 2376 898 fortior?Nonne
2400 848 2581 910 David,
2602 849 2688 917 qui
2707 849 2852 902 illum
2878 866 2980 903 non
2999 851 3142 905 ultus
3159 862 3258 913 est,
3276 853 3376 906 etsi
3397 854 3538 921 juste

1955 937 2169 1005 posset?
2198 937 2261 990 Et
2285 937 2404 1005 jure
2435 938 2667 1007 quidem.
2695 940 2821 992 Nam
2847 941 2935 993 ille
2961 951 3194 995 armatus
3223 944 3417 997 milites
3447 944 3540 997 ha-

1955 1025 2134 1093 bebat,
2183 1028 2268 1083 hic
2293 1030 2550 1097 justitiam
2604 1032 2869 1084 sexcentis
2897 1033 3220 1087 exercitibus
3267 1035 3537 1089 fortiorem

1953 1121 2340 1176 auxiliatricem
2372 1123 2574 1176 habuit.
2621 1123 2850 1193 Ideoque
2874 1124 3078 1180 insidiis
3106 1127 3299 1196 injuste
3330 1129 3541 1198 impeti-

1955 1218 2058 1277 tus,
2093 1228 2158 1266 ne
2177 1211 2318 1281 juste
2358 1214 2570 1282 quidem
2602 1214 2763 1267 voluit
2794 1214 2998 1269 hostem
3029 1216 3290 1270 occidere.
3327 1218 3539 1272 Sciebat

1952 1305 2093 1358 enim
2121 1319 2186 1360 ex
2223 1305 2286 1358 iis
2320 1321 2437 1375 qum
2468 1315 2590 1360 ante
2625 1307 2948 1371 acciderant,
2980 1325 3085 1362 non
3127 1325 3246 1362 etnn
3279 1311 3365 1379 qui
3401 1311 3538 1364 male

1953 1393 2097 1461 facit,
2141 1395 2235 1450 sed
2263 1412 2382 1450 cum
2413 1398 2503 1466 qui
2545 1398 2682 1452 male
2715 1400 2931 1468 patitur,
2980 1399 3206 1454 evadere
3237 1399 3532 1454 fortiorem.

1951 1486 2103 1552 Quod
2131 1495 2187 1541 et
2232 1488 2283 1540 in
2327 1489 2642 1556 corporibus
2689 1498 2743 1542 et
2795 1489 2846 1542 in
2886 1489 3169 1543 arboribus
3207 1490 3390 1546 videre
3431 1503 3534 1546 est.

1949 1575 2087 1644 Quid
2112 1591 2238 1646 ergo
2263 1579 2464 1632 Jacob?
2489 1595 2664 1633 annon
2693 1581 2849 1634 I:rsus
2879 1592 2958 1634 est
2987 1597 3016 1635 a
3046 1581 3280 1644 Labano,
3307 1591 3359 1636 et
3398 1584 3537 1638 tuale

1951 1685 2139 1739 passus
2167 1673 2291 1726 est?
2324 1672 2453 1738 Quis
2481 1689 2608 1742 ergo
2649 1673 2876 1726 fortior"!
2913 1690 2978 1727 an
3011 1675 3052 1727 is
3078 1675 3165 1744 qui
3195 1678 3336 1744 cepit
3365 1677 3534 1742 illum,

1951 1779 2050 1819 nec
2076 1779 2235 1820 ausus
2263 1776 2342 1818 est
2385 1776 2620 1836 tangere,
2653 1766 2745 1819 sed
2777 1767 2951 1820 timuit
2982 1783 3042 1820 ac
3073 1769 3305 1831 tremuit,
3339 1785 3404 1821 an
3450 1771 3535 1824 hic

1948 1854 2038 1923 qui
2063 1855 2178 1908 sine
2217 1855 2378 1909 armis
2404 1871 2466 1910 ac
2497 1857 2748 1910 militibus
2780 1858 2898 1926 plus
2928 1858 3001 1910 illi
3033 1857 3386 1914 formidabilis
3417 1859 3532 1926 fuit,

1947 1959 2104 2013 quam
2134 1960 2284 2014 rcges
2316 1946 2458 2000 mille
2489 1945 2747 2000 fuissent?

2019 2037 2072 2090 5.
2115 2036 2452 2106 Conﬁrmatur
2479 2039 2651 2090 eadem
2701 2040 2870 2093 thesis.
2907 2039 3040 2093 I’itia
3069 2044 3308 2111 proximi,
3342 2045 3535 2098 etiamsi

1946 2142 2081 2193 vera,
2110 2144 2209 2181 non
2238 2129 2524 2182 rcveianda.
2555 2129 2780 2183 Examcn
2811 2133 3149 2187 conscientiae.
3179 2165 3245 2174 -—
3276 2134 3345 2190 Ut
3369 2137 3534 2204 majo-

1947 2235 2058 2274 rem
2108 2231 2284 2274 autem
2339 2221 2599 2276 dictorum
2648 2224 3162 2280 demonstrationem
3207 2230 3357 2282 vobis
3397 2245 3532 2299 prae-

1947 2309 2120 2374 beam,
2162 2311 2227 2365 ad
2269 2312 2439 2380 ipsum
2487 2315 2676 2368 iterum
2723 2315 2909 2381 David,
2941 2317 3032 2371 sed
3072 2321 3344 2374 contrario
3371 2322 3533 2378 modo

1945 2411 2258 2472 spectatum,
2292 2419 2594 2460 sermonem
2621 2415 3018 2462 convertamus.
3045 2408 3176 2463 Nam
3209 2411 3294 2466 hic
3322 2415 3411 2482 qui
3443 2415 3533 2468 lte-

1944 2506 2036 2545 sus
2077 2494 2372 2560 praevaluit,
2421 2509 2543 2548 cum
2587 2496 2719 2549 Imsit
2760 2507 2964 2566 postea,
3007 2500 3326 2556 imbecillior
3364 2504 3532 2559 factus

1943 2594 2042 2638 est.
2073 2585 2298 2652 Quando
2327 2587 2486 2656 igitur
2513 2587 2695 2643 Uriam
2739 2590 2896 2654 lmsit,
2930 2601 3166 2646 mutatus
3189 2605 3272 2649 est
3297 2597 3448 2660 ordo,
3481 2608 3532 2652 et

1946 2677 2279 2732 imbecillitas
2325 2681 2377 2733 in
2427 2681 2746 2745 Izcdentem,
2800 2685 2968 2738 virtus
3015 2698 3191 2741 autem
3245 2690 3294 2742 in
3348 2691 3530 2746 Imsum

1945 2771 2188 2824 transivit
2237 2772 2311 2844 (9..
2339 2773 2466 2844 Reg.
2499 2775 2588 2844 Ii)
2620 2793 2632 2829 :
2662 2791 2783 2830 nam
2834 2790 3077 2833 mortuus
3118 2781 3269 2835 Urias
3313 2783 3530 2840 Davidis

1941 2861 2158 2915 domum
2188 2864 2460 2932 expilavit.
2491 2864 2556 2918 Et
2595 2865 2681 2920 hic
2707 2867 2922 2935 quidem
2951 2883 3068 2923 cum
3108 2887 3197 2924 rex
3229 2881 3282 2926 et
3313 2874 3364 2927 in
3394 2875 3525 2930 vivis

1941 2961 2106 3018 esset,
2138 2953 2266 3008 nihil
2291 2957 2461 3026 potuit
2485 2973 2499 3022 ;
2536 2957 2623 3012 ille
2650 2972 2779 3013 vero
2801 2974 2920 3013 cum
2949 2961 3100 3016 miles
3127 2973 3285 3032 atque
3313 2965 3528 3022 interfe-

1941 3055 2057 3101 ctus
2083 3056 2246 3107 esset.
2277 3049 2420 3103 illius
2443 3052 2620 3104 omnia
2648 3052 2928 3107 subvertit.
2962 3053 3200 3110 Vultisne
3231 3067 3289 3111 ut
3315 3061 3528 3116 aliunde

1941 3150 2052 3190 rem
2084 3137 2231 3192 vobis
2251 3138 2530 3194 clariorem
2557 3140 2829 3196 efficiam?
2858 3144 3211 3214 Exploremus
3233 3163 3328 3204 eos
3351 3151 3440 3220 qui
3467 3167 3526 3206 se

1939 3227 2174 3298 legitime
2200 3229 2294 3284 ulti
2326 3239 2470 3285 sunt.
2500 3230 2632 3286 Nam
2669 3247 2783 3300 eos,
2813 3235 2900 3305 qui
2933 3235 3128 3305 injuste
3156 3238 3376 3304 hedunt,
3405 3255 3524 3296 om-

1938 3320 2084 3372 nium
2115 3333 2234 3374 esse
2262 3321 2571 3388 vilissimos,
2599 3323 2691 3393 qui
2721 3325 2954 3379 animam
2996 3341 3148 3381 suam
3177 3329 3389 3397 bcdant,
3425 3348 3524 3387 ne-

1937 3411 2066 3464 mini
2107 3426 2212 3466 non
2244 3412 2414 3481 palam
2445 3423 2546 3468 est.
2585 3414 2778 3470 Verum
2817 3419 2934 3487 quis
2965 3434 3024 3474 se
3043 3419 3191 3488 juste
3239 3422 3378 3477 ultus
3415 3437 3520 3490 est,

1939 3501 2321 3572 innumeraque
2346 3504 2597 3558 excitavit
2623 3507 2786 3571 mala,
2808 3508 3093 3578 multisque
3124 3504 3355 3579 seipsum
3379 3514 3524 3567 cala-

1937 3595 2209 3650 mitatibus
2253 3594 2634 3667 doloribusque
2666 3599 2923 3654 involvit?
2956 3602 3167 3657 Davidis
3195 3603 3300 3657 dux
3319 3604 3516 3677 (Joab).

1937 3687 2032 3742 llic
2059 3688 2199 3742 enim
2229 3704 2394 3758 grave
2422 3689 2617 3744 bellum
2647 3693 2951 3760 concitavit,
2986 3705 3038 3748 et
3086 3696 3362 3752 innumera
3396 3715 3517 3768 pas-

1934 3794 2027 3834 sus
2053 3789 2135 3834 est
2162 3781 2320 3846 mala,
2354 3798 2576 3852 quorum
2606 3799 2674 3839 ne
2706 3802 2869 3840 unum
2898 3787 3110 3857 quidem
3139 3790 3445 3857 accidisset,
3476 3795 3518 3845 si

1936 3869 2050 3939 ipse
2078 3871 2321 3925 scivissct
2359 3873 2742 3942 philosophari.
2793 3875 3079 3944 Fugiamus
3121 3880 3297 3947 itaque
3329 3896 3516 3949 pecca-

1935 3971 2044 4014 tum
2083 3963 2212 4016 illud
2246 3981 2258 4014 :
2289 3979 2351 4018 ac
2379 3980 2476 4019 nec
2505 3967 2700 4030 verbis,
2730 3982 2826 4021 nec
2853 3967 3004 4023 factis
3045 3972 3288 4038 proximo
3329 3989 3518 4028 nocea-

1933 4067 2072 4108 mus.
2099 4053 2281 4124 Neque
2313 4055 2453 4109 enim
2482 4057 2634 4121 dixit,
2685 4057 2742 4112 Si
2785 4063 3123 4115 accusaveris
3150 4073 3204 4117 ct
3224 4064 3311 4132 jus
3341 4066 3518 4120 dicere

1932 4145 2287 4212 compuleris;
2314 4145 2405 4200 sed
2439 4147 2776 4216 simpliciter,
2805 4149 2858 4204 Si
2889 4151 3026 4205 male
3055 4151 3274 4218 dixeris,
3309 4157 3515 4210 etiamsi

1931 4235 2180 4300 seorsim,
2225 4247 2493 4292 extremas
2519 4238 2671 4293 dabis
2703 4254 2910 4310 pcenas.
2946 4241 3166 4298 Etiamsi
3209 4244 3259 4300 id
3289 4247 3428 4316 quod
3463 4259 3516 4303 tu

1930 4325 2062 4380 dicis
2084 4341 2265 4381 verum
2293 4328 2381 4394 sit,
2411 4329 2616 4384 etiamsi
2641 4345 2703 4385 ea
2733 4331 2799 4387 de
2822 4348 2882 4388 re
2911 4349 3198 4403 persuasus
3227 4339 3300 4392 sis
3325 4341 3363 4404 ',
3400 4356 3510 4410 pue-

1931 4432 2027 4470 nas
2055 4427 2229 4473 tamen
2257 4418 2427 4473 dabis.
2457 4421 2573 4475 Non
2601 4423 2743 4478 enim
2771 4438 2834 4478 ex
2867 4425 2932 4479 iis
2973 4441 3092 4495 qua:
3121 4428 3210 4483 ille
3240 4429 3381 4496 fecit,
3420 4433 3512 4486 sed

1929 4527 1994 4564 ex
2022 4512 2085 4564 iis
2107 4527 2225 4582 qua:
2256 4521 2308 4567 tu
2338 4513 2537 4578 dixisti,
2566 4517 2888 4572 sententiam
2919 4519 3058 4574 feret
3082 4521 3219 4576 Deus
3245 4539 3258 4576 :
3289 4523 3426 4577 Nam
3454 4543 3515 4579 ea:

1928 4603 2086 4657 verbis
2128 4605 2224 4658 tuis
2269 4604 2696 4673 condemnaberis,
2743 4610 2932 4680 inquit.
2974 4610 3090 4666 Non
3129 4613 3283 4668 audis
3329 4614 3514 4670 Phari-

1927 4708 2093 4748 sazum
2120 4711 2245 4752 vera
2268 4697 2541 4767 loquutum
2569 4715 2708 4763 esse.
2744 4703 3096 4774 omnibusque
3123 4715 3268 4768 nota,
3300 4723 3398 4763 nec
3419 4725 3511 4763 oc-
3616 4691 3624 4708 '-

1927 4788 2068 4842 culta
2105 4789 2411 4845 revelasse?
2453 4791 2559 4845 Sed
2607 4801 2786 4848 tamen
2818 4802 3088 4850 extremas
3115 4796 3263 4852 dedit
3305 4815 3509 4868 poenas.
3597 4781 3618 4869 ἦ

1927 4875 1984 4931 Si
2011 4893 2139 4932 vero
2162 4878 2229 4933 de
2260 4879 2323 4934 iis
2346 4896 2463 4950 quae.
2483 4883 2763 4953 perspicua
2787 4894 2914 4939 sunt
2941 4900 3046 4940 non
3079 4887 3202 4941 licet
3231 4903 3507 4955 accusare.

1925 4971 2093 5024 multo
2136 4971 2313 5027 minus
2355 4972 2424 5028 de
2467 4973 2682 5029 dubiis:
2714 4990 2834 5029 nam
2875 4977 3107 5045 judicem
3141 4979 3300 5035 habet
3339 4980 3384 5037 is
3421 4985 3508 5052 qui

1926 5062 2189 5130 peccavit.
2216 5062 2296 5118 Ne
2335 5064 2612 5134 praeripias
2641 5081 2770 5137 ergo
2799 5067 3065 5139 Unigeniti
3112 5075 3503 5128 auctoritatem.

1927 5153 2004 5207 llli
2034 5154 2224 5207 solium
2251 5155 2433 5224 judicii
2466 5167 2793 5213 reservatum
2833 5171 2935 5214 est.
2978 5161 3081 5216 Sed
3127 5163 3205 5218 vis
3228 5165 3506 5233 judicare?

1923 5245 2018 5299 Est
2047 5246 2139 5300 tibi
2165 5247 2442 5316 judicium,
2472 5249 2696 5304 multum
2722 5261 2981 5320 quzestum
3013 5255 3276 5324 prmbens,
3299 5266 3352 5311 et
3379 5257 3504 5311 nulli

1921 5336 2209 5391 obnoxium
2240 5339 2471 5393 crimini.
2503 5339 2557 5394 In
2603 5343 2925 5400 conscientia
2960 5354 3048 5401 tua
3092 5349 3353 5402 rationem
3394 5359 3504 5402 sta-

1923 5439 2012 5486 tue
2032 5431 2380 5500 judicantem,
2410 5435 2460 5488 in
2507 5436 2846 5509 mediumque
2871 5439 3044 5495 adduc
3075 5442 3254 5496 omnia
3283 5451 3498 5512 peccata

1923 5531 2029 5578 tua.
2077 5524 2283 5578 Animae
2329 5535 2430 5579 tua:
2461 5538 2675 5597 peccata
2721 5533 2994 5597 examina,
3045 5542 3231 5587 exacte
3272 5534 3500 5591 rationes

1984 5688 2000 5717 ι
2037 5685 2221 5749 ποι-01η
2247 5687 2394 5739 Etiam
2421 5687 2460 5740 si
2484 5688 2570 5740 tibi
2590 5691 2768 5743 dicenti
2798 5705 2888 5742 non
2911 5693 3150 5745 creditum
3173 5693 3251 5746 sit.
