4042 6218
558 269 661 324 455

550 393 736 452 repete
760 390 813 438 et
833 383 918 437 dic
944 400 955 436 :
983 383 1088 439 Cur
1117 381 1214 435 hoc
1244 391 1297 434 et
1323 381 1422 435 hoc
1455 397 1612 435 ausus
1639 381 1730 434 es?
1763 381 1815 434 Si
1847 381 1958 434 lucc
1981 395 2131 434 recu-

553 484 651 552 set,
687 483 742 529 et
770 475 993 526 aliorum
1021 473 1156 526 facta
1187 475 1444 542 exploret,
1476 473 1560 526 die
1588 472 1657 526 illi
1692 491 1703 526 :
1731 471 1845 526 Non
1874 472 1940 526 de
1972 471 2052 525 his
2084 481 2132 525 te

555 567 750 635 judico,
781 582 878 620 nec
905 567 972 620 de
1017 565 1098 619 his
1131 574 1234 620 tete
1263 582 1486 636 purgare
1514 566 1696 618 debes.
1727 565 1861 632 Quid
1891 567 2032 618 enim
2063 567 2127 619 ad

556 667 607 710 te
635 657 676 710 si
723 656 812 710 ille
851 657 1022 712 malus
1051 658 1167 712 cst?
1196 656 1273 711 Tu
1303 674 1464 726 quare
1497 657 1597 710 hoc
1619 665 1670 708 et
1698 655 1824 708 illttd
1856 657 2084 724 peccasti
2108 658 2131 710 ?

554 747 792 803 Defende
835 756 905 814 te,
957 764 1022 802 ne
1051 763 1308 804 accuses:
1340 765 1455 818 qua:
1486 749 1552 804 ad
1594 759 1642 804 te
1684 759 1924 819 Spectant
1951 766 2122 812 cures,

551 853 654 892 non
694 838 888 893 aliena.
930 838 1188 908 Saepeque
1229 840 1371 893 illam
1417 841 1466 892 in
1515 841 1648 892 hanc
1679 841 2125 894 concertationem

550 932 740 986 deduc.
790 932 1012 997 Deinde,
1061 933 1104 985 si
1138 933 1264 986 nihil
1310 932 1738 1001 respondendum
1785 933 1996 998 habeat,
2032 933 2122 988 sed

549 1023 934 1094 subterfugiat;
971 1025 1112 1077 illam
1145 1025 1368 1094 flagellis
1403 1024 1570 1090 caede,
1601 1026 1739 1078 sicut
1764 1025 2006 1079 ancillam
2035 1041 2125 1080 su-

547 1115 763 1183 perbam
798 1126 852 1171 et
880 1119 1236 1178 meretricem,
1266 1116 1440 1170 ethoc
1461 1116 1695 1184 quotidie
1711 1116 1966 1184 judicium
1999 1132 2126 1170 con-

544 1209 704 1263 stitue
742 1226 755 1262 :
787 1208 1030 1263 describe
1068 1207 1283 1262 ﬂuvium
1333 1209 1560 1277 igneum,
1607 1223 1841 1262 verment
1889 1223 2120 1264 veneno-

545 1314 684 1360 sum,
715 1299 925 1369 aliaque
967 1308 1225 1353 tormenta
1266 1317 1278 1351 :
1313 1314 1412 1353 nec
1456 1299 1599 1352 sinas
1638 1314 1756 1353 eam
1782 1298 1975 1353 deinde
2000 1315 2119 1353 cum

474 1455 482 1461 ν
544 1392 754 1446 diabolo
781 1392 945 1454 coire,
992 1407 1090 1445 nec
1120 1391 1259 1445 feras
1293 1390 1626 1460 impudenter
1664 1391 1740 1445 sic
1768 1390 2071 1460 loquentem
2104 1411 2115 1446 :

545 1483 639 1538 llic
677 1483 740 1536 ad
775 1498 860 1537 me
887 1483 1048 1546 venit,
1099 1483 1189 1537 ille
1220 1483 1440 1536 insidias
1469 1486 1644 1548 struit,
1675 1483 1761 1536 ille
1804 1498 1888 1537 me
1916 1491 2114 1548 tentat;

540 1576 633 1629 sed
657 1575 740 1629 die
762 1575 835 1627 illi
859 1592 870 1626 :
891 1573 943 1629 Si
971 1583 1022 1627 tu
1047 1574 1300 1636 uolucris,
1327 1574 1411 1626 illa
1439 1575 1616 1627 omnia
1644 1572 2112 1642 superflua-erunt.

539 1669 592 1721 Si
624 1683 833 1721 rursum
881 1668 1088 1731 dixerit,
1123 1667 1346 1739 Corpori
1376 1668 1616 1736 colligata
1658 1683 1795 1729 sum,
1828 1682 1990 1721 carne
2031 1667 2110 1724 in-

539 1757 684 1823 duta,
723 1759 774 1812 in
803 1758 1000 1812 mundo
1027 1773 1167 1823 smn,
1217 1759 1266 1811 in
1312 1767 1448 1813 terra
1478 1773 1664 1813 versor
1695 1777 1706 1810 :
1737 1758 1822 1812 die
1850 1759 1921 1812 illi
1948 1777 1960 1810 :
1991 1759 2113 1814 llmc

538 1849 713 1902 omnia
742 1849 990 1904 obtentus
1015 1858 1156 1902 sunt.
1190 1847 1323 1902 Nam
1352 1849 1438 1902 ille
1474 1864 1632 1903 carne
1661 1847 1994 1915 induebatur,
2027 1850 2114 1914 ille

539 1941 588 1992 in
637 1940 838 1994 mundo
876 1949 932 1994 et
969 1940 1019 1992 in
1050 1948 1187 1993 terra
1218 1953 1434 1993 versans
1463 1941 1719 2009 prmclare
1751 1941 1878 1992 vixit
1909 1957 1921 1992 :
1955 1950 2007 1994 et
2059 1951 2111 1994 tu

536 2048 764 2102 quoque,
795 2046 913 2084 cum
943 2038 1086 2086 recte
1113 2031 1248 2100 agis,
1278 2045 1435 2084 carne
1462 2045 1519 2084 es
1546 2030 1747 2084 induta.
1789 2030 1842 2085 Si
1875 2030 1986 2086 haec
2015 2046 2108 2086 au-

537 2125 684 2176 diens
709 2133 952 2192 angatur,
983 2138 1050 2176 ne
1078 2120 1361 2175 subtrahas
1390 2136 1602 2175 manum
1637 2140 1648 2174 :
1682 2138 1786 2174 non
1823 2124 1961 2177 enim
1991 2139 2110 2176 mo-

535 2215 720 2277 rietur,
745 2214 788 2267 si
817 2213 1163 2282 percusseris,
1187 2212 1296 2266 imo
1326 2213 1469 2266 illam
1497 2227 1526 2265 a
1555 2221 1722 2265 morte
1754 2212 2023 2268 liberabis.
2054 2213 2109 2269 Si

536 2320 744 2358 rursum
784 2303 998 2366 dixerit,
1041 2302 1134 2358 Ille
1161 2318 1247 2358 me
1295 2303 1540 2368 irritavit,
1584 2303 1671 2358 dic
1701 2304 1772 2357 illi
1807 2303 1951 2359 :Sed
1990 2305 2111 2359 licet

533 2395 622 2448 tibi
652 2409 756 2448 non
787 2394 1020 2460 irritari;
1053 2409 1194 2464 saepe
1225 2394 1365 2447 enim
1397 2393 1527 2448 iram
1557 2394 1842 2462 superasti.
1873 2393 1929 2448 Si
1956 2394 2111 2450 dixe-

533 2490 618 2549 rit,
662 2487 808 2542 Illius
853 2487 1063 2543 femina:
1113 2489 1446 2558 pulchritudo
1491 2505 1576 2543 nte
1615 2489 1978 2557 inﬂammavit,
2024 2492 2110 2546 dic

531 2581 600 2634 illi
632 2600 643 2634 :
675 2581 776 2636 Sed
805 2592 1019 2651 poteras
1050 2582 1151 2637 hoc
1180 2597 1452 2652 superare.
1483 2582 1627 2638 Alfer
1655 2583 1895 2654 exempla
1924 2600 2107 2639 eorum

531 2674 617 2742 qui
651 2673 700 2727 id
730 2675 1108 2742 superarunt‘,
1138 2674 1270 2728 affer
1295 2675 1596 2743 exemplum
1628 2676 1811 2745 prima:
1847 2677 2103 2744 mulieris,

530 2781 646 2834 qua:
675 2766 829 2834 dixit,
878 2767 1098 2838 Serpens
1138 2768 1328 2838 decepit
1375 2785 1454 2821 nte
1484 2767 1634 2839 (Gen.
1663 2769 1714 2823 ὅ.
1749 2769 1861 2838 15),
1891 2784 1989 2824 nec
2030 2778 2107 2824 ta-

529 2873 648 2913 men
680 2859 901 2913 crimine
930 2859 1092 2913 libera
1121 2859 1236 2912 fuit.

598 2953 650 3006 4.
684 2951 814 3006 Cum
848 2951 961 3006 lucc
990 2953 1232 3022 inquiris,
1260 2969 1416 3007 nemo
1437 2953 1594 3021 adsit,
1621 2970 1776 3010 nemo
1805 2955 2101 3024 perturbet,

527 3043 618 3097 scd
648 3043 1089 3113 quemadmodum
1129 3044 1334 3114 judices
1366 3060 1501 3115 pone
1528 3047 1700 3100 velum
1741 3047 1988 3101 sedentes
2019 3047 2104 3115 ju-

526 3135 703 3188 tlicant
735 3132 828 3205 (a),
860 3135 936 3189 sic
958 3145 1011 3190 et
1043 3144 1094 3188 tu
1124 3151 1220 3205 pro
1245 3135 1360 3190 velo
1389 3145 1595 3205 tempus
1623 3146 1671 3190 ct
1706 3137 1880 3190 locum
1911 3137 2103 3206 quietis

525 3241 721 3294 quaere.
750 3225 883 3280 Cum
912 3235 1031 3296 post
1058 3242 1264 3282 coenam
1295 3228 1465 3297 surgis
1492 3269 1505 3291 ,
1534 3238 1586 3281 et
1617 3229 1810 3282 lectum
1846 3231 2102 3297 petiturus

524 3335 614 3382 es,
660 3318 763 3373 hoc
803 3319 1056 3388 judicium
1106 3319 1252 3374 ineas
1284 3338 1297 3372 :
1332 3320 1432 3374 huc
1464 3329 1671 3390 tempus
1710 3322 1953 3376 idonetun
1979 3332 2097 3376 est:

525 3411 671 3464 locus
702 3425 830 3464 vero
868 3409 1034 3464 lectus
1060 3419 1142 3464 est
1171 3421 1224 3464 et
1252 3411 1530 3465 thalamus.
1574 3411 1701 3464 lllud
1747 3420 1800 3466 et
1842 3412 2098 3481 prepheta

523 3502 697 3571 jussit,
727 3503 908 3558 dicens
939 3521 952 3556 τ
985 3501 1112 3569 Quae
1139 3503 1302 3556 dicitis
1329 3503 1380 3554 in
1409 3503 1642 3556 cordibus
1672 3505 1861 3568 vestris,
1891 3505 1942 3556 in
1965 3505 2102 3557 rubi-

522 3594 650 3646 libus
671 3595 842 3646 vestris
862 3595 1254 3663 computtgimini
1271 3591 1438 3665 (l’saf.
1455 3595 1507 3648 4.
1531 3595 1606 3663 5).
1631 3595 1918 3648 Parvarttnt
1941 3597 2098 3649 etiam

523 3701 698 3738 rcrmn
724 3699 940 3754 magnas
971 3688 1200 3740 rationes
1228 3681 1399 3754 exige,
1429 3701 1495 3740 ne
1517 3701 1764 3754 untquam
1788 3686 1851 3738 ad
1881 3702 2098 3754 magnas

522 3792 606 3829 res
635 3775 876 3830 accedas.
901 3775 954 3830 Si
986 3775 1086 3829 hoc
1109 3776 1344 3846 quotidie
1375 3777 1584 3842 feceris,
1613 3792 1732 3831 cum
1775 3777 1963 3831 liducia
1992 3787 2099 3832 sta-

522 3868 602 3921 bis
631 3879 755 3922 ante
778 3868 1007 3922 tribunal
1039 3869 1163 3922 illttd
1197 3869 1450 3924 terribile.
1482 3868 1570 3924 Sic
1599 3870 1794 3924 Paulus
1825 3885 1986 3940 purus
2013 3869 2094 3924 ef-

521 3962 688 4015 fectus
711 3971 831 4026 cst;
864 3962 983 4016 ideo
1012 3961 1220 4017 dicebat
1254 3982 1266 4016 :
1301 3962 1362 4016 Si
1381 3964 1708 4032 nosmetipsos
1723 3964 2092 4034 judicaretnus,

519 4070 616 4106 non
647 4055 814 4124 utique
838 4054 1184 4122 iudicaremur
1215 4055 1231 4122 (
1261 4055 1308 4108 1.
1341 4054 1458 4109 Cor.
1495 4057 1578 4109 11.
1632 4056 1690 4109 51
1784 4055 1870 4111 Sic
1899 4055 2000 4110 Job
2031 4056 2096 4109 Ii-

520 4147 620 4200 lios
642 4161 767 4200 suos
796 4147 1047 4216 purgabat
1093 4146 1234 4216 (Job.
1269 4149 1317 4200 l.
1344 4146 1437 4218 5).
1469 4146 1600 4200 Nam
1629 4149 1715 4218 qui
1749 4162 1844 4216 pro
1873 4147 2096 4202 occultis

519 4239 774 4292 sacrilicia
801 4237 1078 4304 offerebat,
1111 4239 1274 4293 multo
1304 4240 1471 4308 magis
1501 4253 1596 4307 pro
1623 4238 1916 4293 manifestis
1937 4241 2096 4292 ratio-

519 4347 613 4386 nes
639 4331 940 4401 expetebat.
983 4334 1051 4386 At
1093 4348 1188 4386 nos
1216 4349 1318 4386 non
1363 4335 1431 4386 ita
1474 4332 1726 4399 facimus;
1755 4333 1845 4386 sed
1877 4333 2096 4387 omnino

517 4439 690 4479 secus.
719 4424 889 4479 Simul
912 4426 1052 4478 enim
1080 4435 1238 4494 atque
1267 4425 1652 4491 decutnbimus,
1686 4426 1959 4480 saecularia
1981 4441 2095 4476 ont—

518 4516 606 4570 ttia
633 4516 683 4570 in
709 4523 887 4570 mente
914 4530 1187 4570 versamus
1212 4532 1225 4580 ;
1254 4522 1308 4568 et
1328 4515 1415 4568 alii
1443 4514 1654 4584 quidem
1685 4515 1917 4585 impurus
1945 4516 2090 4584 cogi-

579 4674 593 4703 ¹
632 4680 756 4735 lucc,
780 4673 902 4736 affer
927 4673 1149 4736 exempta
1189 4684 1354 4722 eorum
1375 4671 1459 4734 qui
1490 4670 1542 4720 id
1587 4675 1890 4733 superarimt,
1916 4670 2094 4721 desunt

509 4729 561 4779 in
585 4729 870 4798 quibui'sda'in
893 4742 1000 4798 Mss.
1069 4729 1079 4763 ἶ

579 4794 653 4858 (ὰ)
684 4799 879 4847 .Iudices
899 4797 1015 4847 olim
1038 4810 1165 4858 pone
1185 4795 1347 4846 velum
1371 4795 1631 4858 sedebant.
1651 4794 1726 4844 sic
1745 4795 2025 4858 Athanasius
2039 4802 2089 4842 Τ.

518 4858 559 4901 (ν
579 4856 641 4922 Ap.
776 4873 788 4908 2
812 4872 919 4917 αὐτὸς
941 4871 1008 4922 τὰρ
1027 4856 1179 4920 siculis“
1210 4871 1278 4922 πρὸ
1299 4874 1363 4908 τοῦ
1391 4870 1498 4919 βήλου
1514 4899 1524 4916 ,
1558 4856 1659 4919 ipse
1683 4870 1791 4922 vero
1813 4857 1961 4922 Sltt‘bal
1985 4867 2093 4908 ante

516 4920 686 4982 cetum,
707 4926 758 4968 et
783 4935 829 4981 p.
853 4919 957 4972 310'
972 4919 1065 4974 εἰσι.
1084 4919 1129 4973 ui
1151 4919 1251 4982 βήλαί
1265 4937 1327 4980 τῆς
1347 4933 1530 4978 nuncin
1545 4960 1558 4978 ,
1582 4919 1745 4982 etvetrt
1766 4921 2000 4982 ccclesia'.
2040 4922 2091 4969 In

517 4979 752 5032 Analectis
771 4979 946 5032 nostris
969 4997 1018 5044 p.
1036 4983 1128 5033 380
1151 4979 1165 5031 Ξ
1187 4979 1214 5033 ’ὁ
1227 4979 1346 5045 ιριτῆς
1369 4999 1432 5033 τοῦ
1457 4995 1594 5044 pupa»,
1611 4981 1774 5043 judea:
1798 4980 1904 5032 veli.

1308 5072 2985 5104 ~___________________________.

1237 266 1287 319 s.
1328 264 1602 319 JOANNlS
1643 261 2111 319 tzttnvsosrout
2153 254 2469 320 ARClllEP.
2513 270 3045 332 coxsmxrttvor.
3746 285 3861 339 ,εδδ

2250 377 2474 435 ultiones
2521 382 2861 443 introducunt
2895 407 2908 454 ;
2940 392 3026 444 alii
3071 390 3274 447 ftettora
3301 432 3316 457 ,
3358 403 3504 462 pacta
3531 437 3544 462 ,
3590 405 3644 450 et
3685 414 3863 457 cuius

2243 468 2430 525 ﬂuxas.
2463 473 2700 546 Cumque
2733 479 2891 533 tiliam
2922 483 3174 552 virginem
3203 483 3482 551 habemus,
3517 502 3638 542 eam
3681 505 3861 544 accn-

2241 569 2353 618 rate
2398 579 2670 624 servamus
2698 587 2711 624 :
2745 574 2974 628 animam
3008 593 3133 632 vero
3156 620 3170 644 ,
3201 579 3354 632 nobis
3391 579 3494 634 ﬁlia
3533 583 3858 650 pretiosio-

2240 670 2372 723 rem,
2399 659 2621 716 sinimus
2649 663 2897 721 fornica‘ri
2922 677 2975 722 et
3002 669 3184 738 pollui,
3209 671 3399 726 multas
3427 671 3500 727 illi
3532 675 3727 728 malas
3760 692 3856 730 co-

2235 746 2516 814 gitationes
2561 754 2906 814 imtnittentes
2940 777 2952 812 :
2995 775 3058 814 ac
3093 761 3202 814 sive
3237 765 3473 818 avaritiae
3502 781 3696 832 amor,
3733 769 3856 824 sive

2235 836 2566 908 deliciarum,
2591 845 2705 900 sive
2725 847 3078 904 formosorum
3102 865 3402 920 corporum,
3427 854 3539 909 sive
3567 857 3698 922 il'iD,
3731 859 3855 912 sive

2232 928 2364 983 alius
2385 932 2554 1000 quivis
2575 951 2724 990 amor
2749 937 2948 994 intrare
2969 941 3215 1006 voluerit,
3239 943 3436 1010 apertis
3462 944 3648 1012 januis
3683 949 3848 1002 illum

2231 1023 2526 1090 excipimus
2555 1035 2608 1080 et
2643 1027 2966 1085 advocamus
2988 1073 3001 1097 ,
3031 1042 3086 1086 et
3115 1033 3280 1087 libere
3311 1049 3428 1087 cum
3467 1034 3558 1094 illa
3602 1039 3845 1095 misceri

2229 1110 2472 1168 sinimus.
2506 1114 2621 1183 Quo
2651 1119 2776 1187 quid
2805 1122 2971 1191 magis
2999 1121 3306 1189 barbarum,
3341 1125 3580 1183 onmium
3617 1131 3843 1197 pretio-

2226 1200 2490 1257 sissimam
2531 1208 2760 1263 animam
2791 1225 2821 1264 a
2855 1219 2930 1265 tot
2973 1213 3196 1267 mmcbis
3225 1212 3475 1268 foedatam
3507 1218 3837 1288 negligere,

2226 1301 2277 1346 et
2311 1296 2506 1349 tamdiu
2547 1309 2825 1354 coeuntem
2869 1302 3040 1357 donec
3082 1303 3155 1357 illi
3196 1305 3440 1359 exsatiati
3487 1305 3698 1362 fuerint
3723 1311 3751 1362 ?
3780 1311 3838 1366 Id

2224 1384 2364 1448 quod
2391 1393 2567 1441 tamen
2596 1405 2880 1460 numquam
2907 1393 3026 1451 erit.
3059 1393 3258 1449 Idcirco
3287 1393 3374 1448 ubi
3406 1409 3630 1450 somnus
3664 1400 3836 1454 inra-

2222 1475 2336 1542 dit,
2371 1487 2493 1534 tunc
2529 1491 2733 1536 tantum
2772 1485 3101 1550 abscedunt;
3145 1487 3252 1540 imo
3293 1503 3358 1541 ne
3387 1497 3510 1544 tunc
3540 1492 3774 1560 quidem
3817 1513 3830 1547 :

2223 1582 2344 1622 nam
2376 1573 2581 1626 somnia
2613 1575 2798 1629 eadem
2837 1576 2934 1644 ipsi
2966 1576 3248 1631 simulacra
3279 1576 3530 1634 offerunt.
3564 1583 3829 1650 Quapro-

2220 1668 2338 1728 pter
2364 1661 2702 1719 illucescente
2723 1665 2831 1733 die,
2855 1682 2972 1736 quae
2999 1667 3083 1721 illa
3115 1667 3396 1738 imaginata
3424 1680 3504 1724 est
3525 1673 3740 1739 anima,
3768 1675 3825 1728 in

2219 1764 2352 1818 opus
2379 1767 2522 1822 saepe
2543 1754 2748 1809 illarum
2774 1757 3058 1826 imaginum
3082 1771 3182 1826 0pc
3204 1757 3430 1812 deducta
3451 1771 3546 1814 est.
3570 1761 3648 1815 Tu
3681 1779 3821 1818 vero

2219 1847 2271 1901 in
2309 1845 2559 1914 pupillam
2603 1847 2744 1902 oculi
2786 1864 2853 1903 ne
2883 1850 3159 1904 minimum
3192 1849 3408 1920 quidem
3452 1853 3684 1921 pulveris
3729 1857 3818 1910 in-

2216 1942 2366 2011 gredi
2391 1941 2521 1995 sinis
2544 1982 2558 2006 ,
2587 1941 2816 1995 animam
2845 1957 2972 1996 vero
3000 1951 3266 1996 tantorum
3311 1945 3559 2000 malorum
3598 1961 3814 2017 conge-

2219 2034 2348 2087 riem
2379 2032 2588 2088 trahere
2628 2034 2951 2103 negligenter
2981 2035 3222 2102 pateris?
3267 2034 3594 2101 Quandouam
3627 2038 3804 2106 igitur

2216 2122 2400 2176 sordes
2428 2123 2542 2176 illas
2566 2137 2697 2192 quas
2721 2123 2954 2191 quotidie
2981 2123 3270 2193 ingerimus
3297 2141 3502 2193 prorsus
3522 2126 3800 2195 deponere

2218 2213 2507 2282 poterimus
2523 2214 2546 2266 2
2562 2213 2771 2283 quando
2796 2215 2973 2282 spinas
2995 2215 3340 2270 exscindere?
3360 2216 3569 2285 quando
3584 2220 3808 2272 semina

2211 2305 2434 2375 jacere?
2464 2306 2646 2360 Nescis
2671 2318 2722 2359 tu
2748 2347 2762 2372 ,
2793 2311 3004 2374 tempus
3047 2309 3238 2362 messis
3269 2309 3506 2363 instare?
3533 2309 3640 2363 Nos
3667 2327 3811 2366 vero

2214 2415 2281 2454 ne
2312 2399 2527 2454 novales
2556 2398 2767 2468 quidem
2798 2399 2971 2453 adhuc
3002 2400 3312 2454 curavit'nus.
3341 2400 3399 2454 Si
3431 2417 3560 2470 ergo
3587 2404 3816 2458 venerit

2212 2493 2440 2563 agricola
2468 2534 2483 2557 ,
2519 2501 2573 2546 et
2600 2506 2697 2545 nos
2727 2492 3042 2546 incusavcrit
3065 2534 3077 2555 ,
3103 2491 3219 2561 quid
3249 2491 3522 2545 dicemus?
3544 2493 3675 2559 quid
3714 2511 3810 2550 re—

2212 2583 2631 2654 spondebimus?
2659 2583 2740 2637 An
2788 2584 3054 2638 nemiuem
3103 2585 3298 2637 semina
3338 2582 3600 2639 dedisse?
3633 2585 3805 2654 Atqui

2213 2676 2299 2729 illa
2329 2675 2563 2744 quotidie
2587 2669 2877 2744 jaciun'tur.
2914 2676 2992 2728 An
3027 2675 3289 2728 neminem
3320 2677 3500 2743 spinas
3532 2677 3802 2731 succidis-

2210 2768 2309 2820 se?
2334 2765 2529 2821 Verum
2559 2766 2793 2836 quotidie
2822 2765 3010 2819 falcem
3037 2766 3296 2820 acuimus.
3333 2769 3411 2819 An
3442 2781 3544 2824 nos
3569 2769 3800 2821 sarcula-

2211 2857 2356 2911 ribus
2385 2857 2572 2911 abduci
2615 2857 2758 2910 curis
2801 2867 2853 2911 et
2896 2858 3344 2911 necessitatibus?
3376 2859 3440 2911 Et
3476 2874 3641 2928 quare
3687 2875 3796 2913 non

2211 2949 2434 3022 teipsum
2464 2949 2658 3003 mundo
2686 2949 3025 3003 cruciﬁxisti?
3050 2947 3180 3003 Nam
3213 2952 3254 3002 si
3290 2950 3377 3003 ille
3407 2951 3575 3004 malus
3599 2961 3674 3005 est
3699 2954 3790 3021 qui

2209 3041 2332 3096 illud
2363 3041 2537 3095 solum
2566 3040 2759 3106 reddit,
2784 3039 2922 3110 quod
2953 3040 3051 3093 sibi
3082 3042 3265 3093 datum
3299 3039 3504 3105 fuerat,
3533 3042 3646 3108 quia
3675 3057 3788 3095 non

2205 3133 2492 3202 duplicavit
2519 3147 2810 3186 summam:
2835 3131 2922 3202 qui
2949 3131 3126 3184 datum
3155 3131 3511 3196 labefactavit,
3538 3131 3657 3200 quid
3686 3147 3793 3186 au.

2206 3223 2355 3278 diet?
2383 3223 2437 3278 Si
2467 3223 2552 3277 ille
2587 3222 2778 3292 ligatus
2814 3237 2878 3275 eo
2909 3221 3178 3290 projectus
3209 3229 3294 3274 est
3323 3222 3409 3274 ubi
3435 3221 3631 3275 stridor
3654 3221 3791 3276 den-

2205 3315 2358 3382 tium,
2387 3313 2511 3385 quid
2541 3328 2636 3367 nos
2665 3313 2942 3382 patiemur,
2967 3312 3090 3364 dum
3122 3320 3389 3366 sexcenta:
3416 3327 3503 3366 res
3525 3322 3646 3366 sunt
3669 3330 3790 3382 qua:

2205 3423 2304 3462 nos
2324 3406 2390 3459 ad
2413 3407 2656 3460 virtutem
2678 3403 2910 3468 trahunt,
2936 3418 3137 3472 nosque
3167 3402 3456 3472 refugimus
3479 3413 3531 3456 et
3556 3406 3793 3473 segniter

2205 3499 2443 3568 agimus?
2465 3497 2601 3565 Quid
2625 3497 2766 3550 enim
2789 3511 2892 3549 non
2915 3495 3160 3548 idoneum
3184 3485 3251 3548 sit
3271 3494 3335 3548 ad
3357 3504 3405 3549 te
3424 3495 3789 3549 incitandum?

2204 3595 2395 3648 Annon
2421 3591 2572 3645 vides
2599 3606 2754 3660 quam
2789 3589 2908 3642 vilis
2934 3631 2948 3654 ,
2977 3604 3134 3656 quam
3167 3588 3367 3642 incerta
3395 3588 3464 3640 sit
3495 3589 3610 3642 haec
3641 3590 3750 3641 vita
3769 3589 3794 3640 ἲ

2202 3693 2429 3753 quantus
2461 3682 2544 3736 hic
2570 3682 2719 3734 labor
2747 3679 2860 3733 sit?
2900 3681 3126 3748 quantus
3167 3677 3369 3731 sudor?
3415 3677 3604 3732 Nonne
3644 3680 3787 3732 enim

2203 3777 2280 3830 sic
2310 3789 2394 3827 res
2422 3781 2522 3836 est,
2556 3779 2612 3825 ιιι
2638 3771 2805 3824 virtus
2825 3786 2944 3824 cum
2972 3762 3174 3832 iabore,
3205 3777 3258 3822 et
3286 3767 3468 3821 vitium
3497 3769 3616 3821 sine
3641 3768 3792 3823 labo-

2203 3867 2348 3921 ribus
2369 3863 2620 3918 adeatur?
2641 3862 2694 3916 Si
2717 3870 2768 3915 ct
2795 3862 2844 3914 in
2870 3860 2969 3914 hoc
2990 3869 3043 3914 et
3072 3859 3123 3913 in
3151 3857 3240 3913 illo
3264 3859 3412 3912 labor
3433 3867 3532 3921 est,
3560 3874 3656 3913 cur
3685 3875 3791 3914 non

2202 3957 2447 4010 virtutem
2479 3955 2629 4024 eligis
2656 3969 2774 4023 qua:
2811 3961 3010 4006 tantum
3043 3959 3300 4021 quarstnm
3331 3951 3510 4019 parit?
3539 3949 3654 4003 Itno
3688 3953 3794 4005 vir-

2203 4057 2340 4103 tutes
2358 4045 2597 4117 quaedam
2623 4051 2764 4109 sunt,
2792 4060 2908 4113 qua:
2934 4043 3136 4096 nttllum
3166 4041 3360 4096 habent
3383 4041 3641 4095 laborem.
3675 4043 3797 4109 Quo

2200 4140 2382 4195 labore
2407 4136 2660 4191 utendum
2693 4144 2748 4188 ut
2776 4149 2879 4187 non
2912 4133 3191 4188 maledicta
3222 4131 3482 4201 proferas,
3511 4148 3614 4187 nec
3643 4150 3790 4188 men-

2201 4231 2347 4285 tiaris
2367 4271 2382 4292 ,
2419 4243 2516 4283 nec
2538 4228 2686 4297 jures
2710 4267 2724 4292 ,
2755 4235 2813 4278 ut
2843 4225 2974 4278 iram
3009 4223 3249 4293 proximo
3278 4222 3560 4276 remittas?
3591 4221 3791 4276 Contra

2198 4335 2328 4375 vero
2357 4319 2529 4373 facere
2558 4313 2880 4370 laboriosum
2908 4320 3010 4379 est,
3040 4326 3387 4381 magnamque
3413 4310 3566 4364 alfert
3592 4312 3792 4367 sollicio

2201 4412 2460 4467 tudinem.
2488 4409 2617 4476 Quae
2646 4406 2804 4476 igitur
2828 4405 2982 4458 nobis
3008 4404 3111 4458 erit
3140 4403 3428 4465 excusatio,
3459 4417 3580 4471 qum
3612 4404 3787 4464 venia,

2199 4505 2286 4575 qui
2319 4519 2386 4558 ne
2416 4503 2530 4556 hmo
2558 4499 2770 4570 quidem
2803 4497 2975 4550 facere
3003 4495 3269 4550 velimus?
3294 4494 3426 4548 Hinc
3455 4509 3585 4548 vero
3616 4495 3789 4564 palam

2197 4608 2302 4662 est,
2322 4594 2663 4650 taooriosiora
2684 4592 2769 4645 illa
2790 4605 2882 4659 per
2898 4587 3152 4642 desidiam
3172 4596 3222 4640 ct
3240 4585 3537 4641 socordiam
3573 4601 3672 4638 nos
3706 4587 3786 4638 fu-

2195 4705 2342 4762 gere.
2367 4688 2494 4755 Qua:
2515 4685 2692 4737 omnia
2721 4684 3032 4750 cogitantes,
3059 4678 3346 4747 nequitiam
3376 4675 3665 4746 fugiamus,
3684 4677 3789 4728 vir.

2197 4791 2360 4836 tutem
2377 4778 2678 4846 diligamus,
2701 4782 2757 4826 ιη
2781 4782 2831 4827 et
2856 4769 3138 4842 przcsentia
3159 4779 3210 4823 et
3227 4765 3401 4822 futura
3432 4768 3571 4821 bona
3595 4782 3793 4821 conse-

2193 4889 2439 4947 quamur,
2467 4869 2633 4940 gratia
2651 4877 2704 4921 et
2722 4865 3046 4930 benignitate
3064 4861 3272 4916 Domini
3302 4863 3464 4914 nostri
3483 4859 3616 4914 Jcsu
3645 4861 3790 4913 Chri-

2195 4974 2283 5037 sli,
2301 4968 2383 5026 cui
2401 4965 2563 5038 gloria
2583 4970 2635 5016 et
2651 4959 2930 5029 imperium
2949 4956 2998 5010 in
3018 4957 3208 5010 sarcula
3224 4955 3564 5009 smcnlortnn.
3593 4955 3789 5007 Amen.

1623 5142 1962 5204 HOMILIA
2010 5141 2234 5204 XLIII.
2281 5141 2366 5202 al.
2412 5133 2632 5198 XLIV.

513 5270 640 5322 (lar.
678 5266 763 5321 I2.
796 5282 847 5320 ν.
872 5265 959 5320 58.
989 5263 1133 5318 Tunc
1153 5267 1511 5334 responderunt
1539 5264 1582 5315 ei
1623 5263 1826 5334 quidam
1872 5264 1933 5316 de
1967 5264 2092 5317 srri—

584 5360 658 5413 bis
689 5369 734 5414 et
770 5357 1064 5416 Pltariswis,
1097 5357 1310 5409 dicentes
1339 5372 1356 5408 :
1389 5356 1649 5426 Magister,
1706 5357 1933 5409 volumus
1974 5373 2006 5407 a
2050 5366 2096 5408 te

583 5455 782 5524 signum
809 5451 995 5505 cidere.
1038 5449 1127 5504 59.
1161 5447 1259 5512 Qui
1303 5449 1556 5516 respondit
1586 5465 1604 5501 :
1635 5448 1900 5502 Generatio
1943 5463 2095 5516 prava

585 5557 627 5598 et
676 5545 905 5599 adultera
951 5544 1149 5614 signum
1203 5541 1399 5610 quierit,
1433 5550 1476 5592 et
1515 5541 1709 5610 signum
1750 5557 1848 5593 non
1899 5540 2098 5592 dabitur

587 5642 650 5706 ei,
681 5641 778 5693 nisi
796 5641 990 5708 signum
1010 5636 1161 5691 Jona:
1186 5633 1461 5704 pmphetre.

597 5737 640 5788 1.
672 5733 804 5798 Quid
835 5733 917 5786 his
964 5731 1196 5798 stultius,
1228 5727 1352 5799 quid
1382 5727 1547 5796 magis
1577 5725 1838 5794 impium?
1867 5725 1991 5778 I‘ost
2022 5731 2096 5776 tot

2203 5262 2370 5330 signa,
2397 5273 2458 5311 ac
2484 5255 2524 5308 si
2555 5251 2751 5306 nullum
2803 5247 2994 5301 factum
3051 5255 3213 5309 esset,
3259 5243 3438 5297 dicunt
3486 5259 3500 5293 :
3546 5241 3791 5297 Volumus

2205 5372 2235 5405 τι
2266 5363 2312 5406 te
2335 5352 2533 5421 signum
2560 5345 2744 5398 cidere.
2793 5342 2898 5396 Cur
2927 5353 3055 5408 ergo
3084 5338 3196 5391 haec
3243 5335 3532 5391 dicebant?
3568 5333 3637 5391 Ut
3668 5351 3784 5389 car-

2205 5442 2362 5514 pendi
2388 5442 2558 5495 locum
2588 5437 2776 5491 iterum
2802 5432 3079 5486 haberent.
3103 5428 3235 5495 Quia
3257 5427 3398 5482 enim
3421 5427 3568 5494 ipsas
3599 5427 3784 5483 semet,

2205 5537 2283 5590 bis
2309 5531 2582 5599 etsazpius
2626 5532 2974 5598 represserat,
3023 5531 3076 5574 et
3130 5518 3489 5588 impudentem
3550 5519 3787 5584 ipsorum

2203 5629 2432 5696 linguam
2482 5623 2750 5683 frautarat,
2795 5615 2859 5669 ad
2908 5629 3068 5682 Opera
3114 5626 3298 5666 rursus
3345 5610 3606 5663 veniunt:
3645 5605 3785 5674 quml

2203 5719 2466 5773 admirans
2494 5710 2809 5780 evangelista
2843 5721 3026 5760 rursus
3058 5703 3263 5759 dicebat.
3294 5721 3306 5755 :
3341 5701 3485 5754 Tunc
3512 5698 3781 5768 responde-
