4042 6218
360 350 457 407 45⁵2
1344 331 1408 387 IN
1449 322 1854 384 MAT'I‘IIIEUM
1896 318 2122 375 llO.\llL.
2165 318 2343 375 XLIII.
2386 319 2454 373 al.
2499 318 2678 374 XLIV.
3546 323 3642 376 με

357 473 473 518 runt
499 460 546 518 ei
564 461 766 530 quidam
795 455 1071 511 scribarum
1098 451 1294 519 signum
1321 455 1555 517 petentes.
1584 440 1747 505 Tunc,
1773 451 1942 508 quan-

359 553 591 614 (bulam?
619 552 750 608 Cum
781 562 980 602 morem
1028 556 1214 614 gerere
1233 580 1248 606 ,
1281 536 1460 592 mirari
1485 577 1500 600 ,
1535 533 1908 600 obstupescere
1928 567 1943 593 ,

361 645 613 702 recedere
665 638 961 710 oportebat,
997 644 1121 688 tunc
1150 647 1179 686 a
1211 628 1443 699 nequitia
1501 640 1602 679 non
1657 621 1942 675 absistunt.

361 735 676 789 Consideres
705 741 880 784 autem
908 727 1068 781 velim
1091 723 1251 778 verba
1279 719 1578 774 adulatione
1605 725 1653 768 et
1684 711 1949 767 derisionc

360 827 532 895 plena.
551 821 938 892 Exspectabam
958 818 1096 871 enim
1121 815 1222 868 hac
1243 813 1445 865 ratione
1465 825 1522 864 se
1540 808 1684 862 illtnn
1705 804 1949 875 pellectu-

363 934 451 971 ros
477 931 616 970 esse.
651 914 715 968 Et
743 926 881 965 nunc
911 908 1124 979 quidem
1165 901 1485 959 contumelia
1511 899 1745 952 afﬁciunt
1767 937 1779 959 ,
1811 911 1950 948 nunc

359 1018 534 1060 autem
584 1003 904 1063 adulantur,
933 1013 1072 1052 nunc
1120 992 1506 1049 dtcnioniacum
1552 995 1776 1052 vocant,
1809 998 1950 1038 nunc

360 1100 666 1168 magistrum
686 1137 698 1157 ,
731 1103 1010 1160 utrumque
1041 1088 1182 1142 malo
1207 1085 1384 1140 animo
1403 1123 1417 1146 ,
1446 1080 1653 1136 etiamsi
1684 1075 1948 1132 contraria

359 1167 499 1242 dicta
531 1189 656 1240 sint.
690 1183 882 1238 ldeoin
913 1181 1031 1235 illos
1053 1177 1396 1233 vehementer
1421 1173 1706 1228 invehitur.
1729 1167 1951 1234 Quando

359 1289 536 1333 autem
571 1277 716 1330 illum
749 1287 938 1342 aspere
970 1266 1383 1337 interrogabant,
1407 1273 1460 1317 et
1487 1260 1807 1316 contumelia
1837 1256 1952 1312 afﬁ-

359 1371 589 1433 ciebant,
627 1365 902 1419 moderate
931 1376 1050 1415 cum
1101 1358 1204 1412 illis
1243 1354 1592 1423 loquebatur;
1627 1365 1746 1403 cum
1773 1356 1950 1400 autem

361 1461 733 1521 adulabantur,
758 1454 951 1508 acriter
979 1460 1030 1506 et
1055 1465 1175 1504 enm
1204 1447 1364 1500 nntlta
1394 1442 1746 1502 vehementia,
1770 1447 1952 1492 osten-

360 1552 496 1606 dens
526 1566 584 1604 se
613 1558 836 1616 utroque
865 1545 955 1598 illo
980 1543 1172 1597 aﬁ'ectu
1204 1556 1325 1605 esse.
1356 1539 1687 1608 superiorem
1721 1554 1735 1589 :
1766 1550 1826 1586 ac
1857 1548 1950 1587 nc-

360 1658 466 1713 que
510 1652 632 1694 tunc
689 1640 739 1691 in
790 1639 920 1691 iram
966 1635 1296 1698 concitatur,
1325 1645 1495 1699 neque
1538 1645 1602 1680 ex
1653 1626 1953 1679 adulatione

363 1733 632 1789 delinitur.
667 1729 798 1784 Vide
826 1741 1002 1782 autem
1035 1723 1483 1795 objurgationem,
1506 1735 1622 1790 qua:
1648 1733 1752 1773 non
1781 1715 1953 1770 solum

361 1823 661 1879 criminatio
703 1823 805 1885 sit,
853 1834 1033 1873 verum
1082 1818 1242 1870 etiam
1284 1810 1666 1867 demonstratio
1707 1807 1954 1877 nequitia:

362 1932 566 1970 eorum.
598 1913 734 1980 Quid
771 1911 911 1965 enim
942 1910 1050 1962 ait?
1082 1907 1347 1961 Generalio
1392 1902 1525 1955 mala
1556 1911 1601 1953 et
1627 1900 1857 1952 adultera
1886 1899 1956 1950 si-

363 2024 515 2076 gnant
538 2004 733 2076 quierit.
758 2001 811 2056 ld
840 2009 915 2055 est
941 2019 953 2055 :
977 1998 1111 2067 Quid
1137 1998 1325 2051 tnirum
1359 1995 1400 2046 si
1430 1992 1542 2046 hcce
1561 1990 1840 2044 adversum
1869 2003 1954 2040 me

365 2101 569 2164 facitis,
621 2097 709 2167 qui
751 2095 924 2150 adhuc
970 2092 1122 2146 vobis
1166 2097 1324 2143 notus
1378 2101 1482 2140 non
1537 2099 1690 2146 sum,
1742 2078 1954 2150 quando

362 2206 486 2258 erga
513 2190 744 2248 Patrem,
769 2185 919 2254 cujus
941 2182 1188 2252 potenti-.e
1219 2189 1358 2233 tanta
1385 2176 1747 2246 experimenta
1771 2171 1956 2226 habui-

364 2281 478 2341 stis,
513 2279 742 2346 idipsum
777 2274 1017 2329 fecistis?
1044 2272 1174 2325 Nam
1209 2271 1298 2324 illo
1344 2268 1529 2322 relicto
1551 2306 1568 2331 ,
1591 2265 1657 2318 ad
1683 2265 1954 2318 da-monas

363 2373 694 2434 currebatis,
726 2378 994 2423 amatores
1027 2380 1220 2437 pravos
1266 2361 1634 2422 attrahentes;
1665 2357 1802 2427 quod
1846 2355 1954 2410 fre-

362 2478 586 2536 quenter
610 2467 711 2520 illis
742 2462 988 2519 Ezechiel
1022 2461 1216 2530 probro
1244 2459 1437 2526 vertit(
1464 2454 1648 2508 Ezech.
1677 2453 1806 2522 16).
1831 2450 1954 2504 lltec

363 2570 537 2614 autem
569 2557 814 2620 dicebat,
847 2551 1136 2608 ostendens
1165 2566 1226 2604 se
1255 2565 1376 2603 cum
1412 2547 1569 2600 Patre
1610 2542 1911 2598 consentire
1935 2582 1951 2607 ,

365 2653 613 2720 ipsosque
663 2650 790 2704 nihil
843 2647 1114 2701 insolitum
1167 2642 1380 2703 facere;
1411 2654 1708 2707 arcanaque
1760 2634 1956 2689 mentis

363 2744 598 2811 IIISUI‘UIII
642 2741 841 2794 revelat
864 2780 877 2803 ,
910 2737 1051 2808 quod
1081 2751 1270 2804 nempe
1297 2747 1418 2788 cum
1445 2729 1777 2785 simulatione
1797 2735 1956 2796 atque

365 2847 417 2890 ut
463 2835 658 2891 inimici
689 2834 737 2888 id
768 2839 1028 2903 peterent.

466 2928 694 2982 Christus
738 2942 793 2979 se
865 2923 1010 2976 Patri
1081 2921 1322 2992 tequalem
1394 2915 1625 2970 ostendit.
1655 2943 1725 2953 —
1755 2910 1956 2966 Idcirco

367 3020 484 3074 illos
523 3019 919 3089 generationem
960 3029 1170 3085 pravam
1213 3019 1388 3075 vocat,
1421 3009 1539 3080 quia
1579 3006 1767 3076 ingrati
1815 3020 1957 3059 sem-

366 3129 458 3180 per
486 3120 608 3166 sunt
637 3125 760 3179 erga
789 3108 1088 3170 beneficos;
1119 3113 1173 3160 et
1208 3103 1251 3157 si
1289 3103 1421 3156 bene
1453 3115 1570 3154 cum
1612 3099 1714 3152 illis
1758 3095 1952 3166 agitur,

364 3204 574 3273 pejores
599 3201 765 3265 ﬁunt;
790 3198 928 3269 quod
954 3207 1034 3252 est
1059 3206 1310 3251 extrema:
1332 3191 1716 3261 improbitatis;
1749 3189 1954 3242 adulte-

365 3313 477 3350 ram
514 3309 641 3348 vero
679 3293 919 3356 vocavit,
951 3299 1007 3344 et
1033 3291 1260 3358 priorem
1287 3295 1340 3339 et
1370 3295 1683 3355 put-sentem
1713 3280 1960 3335 incredu-

365 3389 564 3441 litatem
620 3383 956 3454 signiﬁcans;
1013 3381 1151 3435 unde
1195 3381 1383 3434 iterum
1435 3375 1665 3430 ostendit
1719 3390 1776 3427 se
1815 3373 1956 3426 Patri

364 3481 618 3549 asqualem
641 3494 780 3543 esse,
809 3474 1068 3545 siquidem
1093 3473 1142 3526 id
1169 3471 1310 3525 illam
1335 3469 1627 3522 adulteram
1653 3466 1792 3530 facit,
1816 3464 1956 3533 quod

363 3577 463 3630 sibi
495 3591 600 3629 non
630 3573 830 3629 credat.
885 3567 1084 3624 Deinde
1109 3576 1226 3636 post
1253 3567 1365 3620 lucc
1395 3562 1631 3617 convicia
1654 3601 1666 3624 ,
1697 3558 1822 3629 quid
1849 3555 1957 3610 ait?

367 3668 476 3722 Nec
495 3667 695 3736 signum
722 3663 921 3717 dubitur
943 3665 1006 3726 ei,
1029 3660 1127 3714 nisi
1145 3659 1341 3728 signum
1367 3653 1516 3708 Iona:
1537 3652 1812 3723 prophetas.
1839 3649 1956 3704 Jatn

366 3773 667 3813 sermonem
699 3755 766 3810 de
797 3751 1188 3808 resurrectione
1237 3746 1542 3817 praemittit,
1571 3759 1743 3814 exque
1792 3741 1957 3812 ﬁgura

366 3848 668 3903 conﬁrmat.
695 3844 830 3911 Quid
861 3844 1036 3912 igitur,
1072 3839 1298 3908 inquies,
1335 3851 1510 3890 nonne
1539 3836 1747 3904 signum
1773 3833 1954 3887 datum

366 3949 451 3995 est.
475 3937 566 3993 ei?
595 3935 706 3990 Non
737 3933 915 3990 datum
943 3941 1024 3986 est
1072 3929 1290 4000 petenti.
1325 3927 1437 3980 Non
1468 3929 1609 3980 enim
1641 3934 1694 3978 nt
1727 3925 1842 3978 illos
1873 3923 1955 3976 in-

367 4033 608 4098 duceret,
636 4031 782 4099 signa
811 4026 1036 4081 faciebat
1070 4041 1082 4075 :
1111 4021 1316 4076 Sciebat
1343 4019 1485 4074 enim
1519 4019 1636 4072 illos
1664 4025 1958 4071 excmcatos

369 4141 524 4190 esse;
557 4123 652 4179 sed
683 4132 734 4175 ut
765 4119 899 4173 alios
928 4115 1256 4172 emendaret.
1295 4111 1388 4166 Vel
1417 4111 1518 4164 hoc
1543 4108 1823 4164 dicendum
1853 4116 1954 4172 est,

372 4219 452 4273 vel
482 4217 576 4280 sic,
609 4220 748 4285 ipsos
777 4225 968 4279 nempe
997 4211 1205 4279 signum
1247 4221 1352 4260 non
1395 4213 1706 4274 accepturos
1735 4216 1853 4254 esse
1883 4199 1958 4253 illi

371 4308 563 4362 simile.
589 4305 805 4376 Signum
832 4303 1025 4372 quippe
1051 4300 1228 4355 dattun
1254 4297 1358 4351 illis
1378 4303 1460 4351 est
1483 4292 1694 4364 quando
1715 4292 1958 4360 castigati

370 4402 486 4472 ejus
529 4401 816 4470 potentiam
851 4402 1135 4450 noverunt.
1163 4393 1260 4447 llic
1288 4391 1466 4460 itaque
1489 4390 1658 4442 minas
1691 4387 1959 4440 intentans

377 4496 630 4564 loquitur,
659 4493 760 4546 hoc
788 4491 957 4562 ipsum
989 4486 1352 4550 subindicaus,
1381 4498 1443 4537 ac
1470 4481 1513 4535 si
1542 4481 1744 4534 diceret
1774 4495 1785 4529 :
1820 4476 1956 4532 Sex-

374 4597 527 4640 centa
573 4584 829 4639 beneﬁcia
867 4579 1088 4642 contuli,
1131 4578 1329 4632 nnlhun
1378 4590 1560 4629 eorum
1589 4586 1686 4626 vos
1723 4571 1957 4636 attraxit,

378 4691 550 4745 neque
578 4672 820 4728 voluistis
846 4670 1134 4741 potentiam
1159 4683 1329 4721 meam
1352 4665 1596 4719 adorare.
1622 4664 1721 4716 I’cr
1748 4670 1961 4715 contra-

374 4769 451 4823 ria
479 4783 606 4838 ergo
633 4764 966 4836 cognoscetis
1003 4760 1366 4818 fortitudinem
1395 4772 1588 4820 meam,
1621 4771 1741 4809 cum
1774 4753 1958 4806 urbem

375 4861 608 4915 excisam
641 4856 878 4911 videritis
897 4896 912 4918 ,
941 4854 1153 4924 quando
1183 4852 1482 4906 destructos
1521 4863 1722 4912 muros,
1752 4845 1962 4916 quando

377 4951 630 5020 templum
671 4947 953 5002 maceriem
1009 4945 1286 5005 cﬁ‘ectutn,
1316 4940 1527 5010 quando
1567 4955 1631 4994 ex
1671 4939 1885 4992 civitate
1911 4947 1964 4990 et

376 5043 700 5098 exlibertate
733 5039 953 5109 pristina
984 5036 1287 5092 excideritis
1308 5049 1322 5098 ;
1346 5043 1398 5087 et
1428 5046 1610 5086 rursus
1637 5040 1882 5086 extorres
1911 5038 1964 5084 et

377 5134 580 5206 profugi
604 5133 798 5202 ubique
824 5129 1082 5185 errabitis.
1124 5127 1247 5181 Haec
1271 5126 1464 5196 quippe
1491 5123 1666 5177 omnia
1699 5133 1818 5192 post
1844 5138 1961 5175 cru-

377 5247 492 5285 cem
534 5229 666 5283 facta
710 5237 853 5280 sunt.
885 5223 1009 5278 Ilaec
1057 5237 1183 5292 ergo
1225 5221 1376 5274 vobis
1418 5234 1514 5289 pro
1552 5219 1718 5288 signis
1762 5216 1965 5285 magnis

379 5331 552 5377 erunt.
584 5320 716 5376 Nam
747 5327 891 5376 certe
929 5316 1215 5371 maximum
1260 5312 1387 5368 illud
1431 5321 1512 5368 est
1555 5312 1763 5380 signum
1785 5351 1798 5372 ,
1823 5307 1964 5377 quod

382 5413 519 5466 mala
545 5414 777 5481 ipsorum
807 5411 1022 5464 inunota
1057 5414 1340 5470 maneant,
1373 5403 1513 5473 quod
1560 5399 1854 5456 innumeris
1877 5414 1966 5452 c0-

385 5503 651 5567 nantibus,
683 5517 841 5556 nemo
862 5501 1030 5570 possit
1069 5497 1268 5552 mederi
1309 5495 1462 5549 malis
1487 5509 1604 5562 qua:
1635 5493 1686 5545 in
1711 5491 1964 5545 ultionem

385 5599 512 5664 ipsis
551 5597 785 5650 immissa
812 5605 954 5649 sunt.
996 5592 1101 5649 Sed
1147 5592 1258 5646 haec
1297 5591 1508 5660 quidem
1537 5589 1624 5644 ille
1653 5604 1756 5642 non
1801 5586 1964 5650 dicit,

385 5705 566 5741 verum
607 5687 857 5754 relinquit
887 5702 945 5740 ea
985 5695 1041 5739 ut
1070 5684 1366 5754 insequenti
1409 5693 1646 5752 tempore
1674 5679 1802 5748 ipsis
1825 5679 1966 5731 clara

383 5782 610 5840 evadant
641 5800 651 5834 :
683 5780 892 5835 interim
922 5795 1046 5834 vero
1088 5775 1490 5835 resurrectionis
1519 5789 1819 5830 sermonem
1861 5780 1963 5827 tra-

2054 439 2182 498 ctat,
2211 451 2366 504 quem
2399 435 2579 489 scituri
2613 445 2766 490 erant
2807 451 2901 506 per
2941 437 3075 490 mala
3125 437 3266 506 ipsos
3309 439 3642 506 postumium

2080 524 2346 578 invasura.
2374 525 2461 579 40.
2491 525 2638 578 Sicut
2677 527 2808 578 enim
2849 527 2946 593 [ait
2975 526 3153 587 Jonas,
3189 527 3376 598 inquit,
3401 529 3452 580 in
3484 541 3646 582 rentre

2055 615 2148 667 ceti
2189 615 2345 668 tribas
2392 616 2560 668 diibus
2583 627 2632 670 et
2658 618 2814 670 tribus
2844 616 3068 671 noctibus
3092 660 3105 683 ,
3139 621 3210 671 sic
3257 621 3348 672 erit
3389 630 3434 671 et
3483 618 3645 672 Filius

2057 706 2271 760 hominis
2303 709 2352 758 in
2379 710 2528 760 corde
2553 718 2697 762 terra:
2723 709 2879 762 tribus
2909 707 3082 764 diebus
3121 722 3163 762 et
3195 712 3351 764 tribus
3395 713 3642 767 noctibus.

2058 799 2127 852 Se
2165 812 2586 852 resurrecturum
2617 801 2760 855 clare
2804 816 2906 854 non
2949 801 3114 864 dixit,
3149 818 3215 856 ne
3241 818 3298 855 se
3326 803 3642 867 irriderent;

2056 890 2330 943 sicautcm
2382 889 2766 958 subindicavit,
2799 902 2855 945 ut
2879 892 3099 947 credere
3145 903 3360 962 possent
3409 910 3466 948 se
3516 896 3642 949 illud

2060 980 2405 1048 pra-scivisse.
2459 981 2607 1046 Qttod
2657 999 2813 1050 porro
2851 994 3088 1049 nossent,
3130 985 3377 1038 dixerunt
3407 986 3471 1039 ad
3506 987 3656 1039 I’ila-

2060 1080 2167 1122 tum
2205 1088 2216 1125 :
2249 1072 2496 1125 Sedactor
2532 1073 2617 1126 ille
2659 1075 2786 1126 dixit
2816 1075 2932 1126 dum
2960 1076 3127 1127 adhuc
3153 1078 3329 1129 eiceret
3349 1120 3364 1143 ,
3398 1076 3521 1131 Post
3549 1088 3647 1132 tres

2058 1161 2162 1214 dies
2193 1179 2450 1232 resurgam
2483 1167 2499 1233 (
2529 1163 2712 1217 Matth.
2741 1165 2830 1219 27.
2861 1166 2929 1219 65
2952 1167 2990 1232 ).
3024 1167 3354 1235 Quamquam
3403 1169 3645 1239 discipuli

2060 1253 2159 1305 hoe
2190 1253 2524 1322 ignorarent;
2555 1271 2674 1308 nam
2705 1267 2858 1311 antea
2892 1257 3131 1310 rudiores
3161 1259 3265 1312 illi;
3291 1270 3444 1314 erant
3472 1278 3484 1312 :
3518 1278 3647 1330 qua-

2061 1352 2274 1412 propter
2306 1345 2358 1398 hi
2389 1361 2452 1399 ex
2494 1360 2585 1399 sua
2614 1347 2847 1416 ipsorum
2878 1351 3137 1403 sententia
3164 1350 3395 1404 damnati
3429 1363 3570 1406 sunt.

2129 1437 2182 1489 2.
2218 1436 2445 1490 Christus
2476 1454 2604 1501 vere,
2634 1449 2678 1490 et
2709 1456 2807 1492 non
2839 1441 3003 1509 specie
3031 1452 3224 1494 tantum
3259 1460 3438 1512 passas
3476 1454 3566 1506 est,
3593 1457 3647 1497 ut

2063 1529 2292 1581 Marcion
2317 1530 2661 1582 contendebat.
2679 1531 2881 1585 -Vide
2903 1541 3076 1586 autem
3105 1535 3370 1600 quomodo
3401 1535 3525 1589 illud
3553 1552 3644 1590 ac-

2059 1634 2240 1676 curate
2271 1623 2585 1678 subindicct.
2617 1623 2729 1678 Non
2753 1625 2893 1678 enim
2925 1625 3076 1690 dixit,
3114 1627 3162 1678 in
3207 1638 3343 1680 terra
3364 1667 3380 1692 ,
3413 1629 3504 1682 sed
3531 1669 3546 1693 ,
3579 1628 3646 1682 In

2059 1714 2208 1769 corde
2229 1725 2373 1767 ιρι-τω
2394 1730 2412 1776 ;
2437 1725 2490 1766 ut
2516 1724 2569 1768 et
2616 1715 2919 1784 sepulcrum
2945 1715 3223 1774 indicaret.
3250 1727 3304 1771 et
3335 1733 3491 1772 nemo
3532 1718 3646 1772 IIIIPC

2059 1807 2237 1875 specie
2271 1816 2474 1860 tantum
2506 1806 2640 1860 facta
2664 1809 3024 1876 suspicaretur
3049 1808 3146 1879 (ιι).
3182 1808 3312 1862 'I‘rcs
3333 1818 3507 1864 autem
3529 1809 3647 1865 dies

2061 1899 2180 1952 ideo
2225 1901 2506 1965 concessit,
2557 1910 2610 1952 ut
2643 1908 2907 1952 mortuum
2942 1899 3102 1953 fuisse
3133 1901 3278 1954 illum
3316 1901 3642 1957 crederetur.

2059 1990 2172 2043 Non
2204 1993 2344 2043 enim
2374 2007 2440 2044 ex
2469 2008 2625 2044 rruce
2662 2001 2862 2044 tantum
2892 1991 2940 2045 id
2982 1991 3328 2045 conﬁrmatur
3358 2003 3411 2048 ct
3435 2010 3497 2047 ex
3530 1995 3645 2048 visu

2059 2085 2331 2147 omnium,
2361 2085 2452 2138 sed
2497 2086 2654 2138 etiam
2687 2100 2749 2137 ex
2781 2084 2986 2138 diermn
3031 2100 3274 2138 numero.
3300 2085 3431 2138 Nam
3463 2103 3644 2140 resur-

2060 2177 2280 2232 rectioni
2311 2178 2465 2229 fidem
2498 2176 2672 2230 facere
2698 2175 2926 2230 debebat
2949 2187 3154 2246 tempus
3193 2192 3353 2231 omne
3386 2193 3642 2247 sequens;

2058 2283 2188 2321 crux
2219 2283 2342 2320 vero
2373 2268 2470 2320 nisi
2491 2267 2650 2321 multa
2685 2275 2810 2320 tunc
2855 2266 3129 2321 habuisset
3184 2269 3507 2334 testimonia,
3538 2287 3642 2322 non

2059 2356 2256 2409 credita
2300 2357 2484 2410 fuisset
2519 2356 2600 2410 :si
2641 2372 2744 2408 non
2775 2370 2925 2420 crux,
2974 2371 3072 2410 nec
3102 2359 3420 2413 resurrectio
3443 2359 3646 2414 credita

2061 2446 2266 2502 fuisset.
2302 2447 2425 2502 Ideo
2467 2448 2675 2518 signum
2701 2458 2851 2501 vocat
2882 2447 3032 2501 illud.
3075 2448 3128 2502 Si
3153 2459 3328 2503 autem
3361 2451 3646 2506 cruciﬁxus

2061 2558 2165 2594 non
2196 2539 2399 2607 fuisset,
2434 2556 2535 2594 no:t
2565 2540 2798 2595 dandum
2823 2541 2958 2595 foret
2999 2542 3228 2612 signum.
3273 2542 3394 2598 Ideo
3424 2544 3644 2614 figuram

2061 2635 2112 2688 in
2143 2634 2377 2690 medium
2421 2635 2654 2698 adducit,
2701 2643 2756 2688 ut
2800 2636 2993 2688 veritas
3039 2635 3309 2690 credatur.
3359 2638 3448 2691 Dic
3475 2631 3642 2705 niihi,

2059 2745 2261 2802 quiest),
2287 2747 2354 2784 an
2379 2731 2650 2801 phantasia
2675 2740 2785 2784 erat
2812 2729 2974 2784 Jonas
3004 2731 3052 2784 in
3081 2739 3264 2785 ventre
3288 2732 3428 2786 ceti?
3452 2731 3644 2786 Verum

2060 2824 2109 2878 id
2138 2823 2316 2878 dicere
2347 2840 2452 2877 non
2479 2824 2669 2892 possis.
2701 2823 2837 2893 Ergo
2870 2839 3040 2894 neque
3087 2823 3357 2878 Christum
3390 2824 3440 2879 in
3485 2824 3647 2879 corde

2063 2929 2216 2972 terra:
2246 2917 2408 2972 fuisse
2439 2932 2622 2986 neges.
2669 2914 2851 2985 Neque
2881 2916 3022 2971 enim
3065 2924 3220 2989 typus
3258 2916 3306 2969 in
3349 2916 3569 2971 veritate
3594 2927 3651 2971 ot

2061 3013 2257 3067 veritas
2295 3012 2344 3065 in
2395 3011 2667 3080 phantasia
2711 3019 2812 3064 est.
2843 3008 2964 3064 Ideo
3016 3009 3210 3082 ubique
3255 3017 3479 3064 mortem
3532 3009 3647 3079 ejus

2061 3106 2452 3166 annnntiamus,
2489 3102 2540 3158 in
2574 3101 2858 3173 mysteriis,
2901 3101 2950 3154 in
2983 3101 3320 3170 baptismate,
3351 3103 3402 3154 in
3425 3101 3648 3171 aliisque

2061 3199 2330 3251 omnibus.
2367 3197 2566 3252 Idcirco
2591 3206 2644 3250 et
2685 3195 2880 3251 Paulus
2923 3196 3198 3264 splendida
3250 3211 3378 3251 voce
3404 3197 3598 3252 clamat
3632 3214 3644 3249 :

2068 3290 2195 3342 Mihi
2223 3300 2389 3342 autem
2436 3289 2562 3343 absit
2591 3288 2802 3360 gloriari
2849 3290 2945 3347 nisi
2986 3290 3038 3344 in
3069 3305 3218 3344 cruce
3264 3289 3467 3343 Domini
3492 3293 3651 3345 nostri

2061 3381 2182 3436 Jcsu
2211 3382 2396 3437 Christi
2426 3381 2578 3452 (Gal.
2608 3383 2659 3436 6.
2707 3381 2829 3450 14).
2864 3381 3014 3439 Unde
3051 3382 3387 3440 manifestum
3405 3393 3506 3448 est,
3538 3383 3652 3438 dia-

2063 3473 2166 3526 boli
2200 3474 2336 3526 filios
2387 3488 2508 3528 esse
2535 3488 2629 3526 cos
2684 3473 2770 3543 qui
2823 3472 3102 3527 Marcionis
3145 3474 3328 3527 morbo
3373 3473 3648 3541 laborant,

2062 3582 2181 3619 cum
2219 3567 2301 3619 illa
2329 3565 2563 3631 deleant,
2601 3581 2718 3634 quin
2769 3581 2834 3619 ne
2864 3565 3204 3619 abolcrcntur
3242 3581 3452 3619 summo
3475 3566 3651 3620 studio

2062 3658 2304 3712 Christus
2332 3657 2556 3723 curavit,
2600 3672 2716 3725 qua:
2747 3664 2802 3709 ut
2859 3655 3204 3710 abolerentur
3225 3672 3435 3710 summo
3475 3657 3652 3710 studio

2063 3754 2306 3808 diabolus
2349 3762 2569 3807 conatus
2619 3761 2738 3818 est;
2789 3767 3000 3807 crucem
3055 3753 3174 3807 dico
3225 3763 3277 3808 et
3328 3753 3647 3822 passionem.

2062 3847 2416 3916 Quamobrem
2440 3845 2563 3900 alibi
2585 3845 2711 3899 dicit
2732 3845 2954 3900 :Solvite
2973 3846 3211 3916 templum
3233 3846 3346 3910 hoc,
3363 3855 3408 3897 et
3428 3847 3479 3898 in
3496 3845 3652 3900 tribas

2062 3940 2236 3993 diebus
2283 3940 2510 3992 excitabo
2546 3939 2676 3992 illud
2712 3936 2908 4008 (Joan.
2930 3938 2984 3990 ‘3.
3013 3939 3111 4006 19)
3152 3955 3165 4001 ;
3196 3947 3268 4002 ct,
3310 3939 3470 3991 Erunt
3504 3939 3610 3993 dies
3635 3981 3650 4003 ,

2061 4031 2262 4098 quando
2293 4032 2550 4099 auferetur
2573 4029 2635 4081 ab
2653 4030 2774 4094 ipsis
2795 4046 3011 4098 sponsus
3037 4030 3053 4097 (
3078 4029 3260 4081 Matth.
3292 4030 3344 4086 9.
3403 4031 3502 4099 15)
3532 4048 3546 4095 ;
3599 4042 3653 4086 et

2064 4123 2169 4185 hic,
2199 4120 2320 4175 Non
2363 4120 2566 4174 dabitur
2590 4119 2692 4172 illis
2717 4120 2938 4190 signum,
2973 4121 3065 4173 nisi
3091 4121 3290 4189 signum
3339 4120 3488 4174 Jonar
3533 4138 3652 4190 pro-

2064 4217 2261 4286 pheta';
2285 4212 2561 4270 declarans
2588 4227 2645 4265 se
2676 4227 2769 4281 pro
2797 4211 2898 4266 illis
2922 4227 3221 4284 passurum,
3277 4223 3330 4266 et
3379 4213 3498 4266 illos
3524 4213 3653 4268 nihil

2067 4306 2190 4360 inde
2219 4305 2348 4359 lucri
2378 4312 2694 4372 accepturos
2716 4319 2853 4358 esse.
2874 4302 2985 4356 IIoc
3011 4303 3150 4354 cuitu
3194 4314 3374 4372 postea
3411 4303 3651 4358 declara-

2064 4401 2158 4465 vit,
2190 4407 2244 4455 et
2267 4409 2444 4454 tamen
2473 4413 2592 4452 enm
2623 4397 2737 4452 ha-c
2763 4397 3195 4460 sciret,mortuus
3218 4407 3298 4450 est
3328 4414 3340 4449 :
3376 4405 3515 4450 tanta
3537 4407 3651 4452 erat

2065 4492 2179 4560 ejus
2202 4489 2552 4561 providentia.
2601 4489 2676 4543 Ne
2707 4500 2858 4559 putes
2885 4490 3027 4542 enim
3055 4489 3360 4542 ,Ιιιιιωοιιιιυ
3396 4489 3526 4542 tales
3551 4489 3650 4542 exi-

2068 4594 2149 4638 lns
2176 4587 2400 4649 futuros,
2429 4583 2611 4653 quales
2639 4582 2782 4635 fuere
2805 4581 3174 4642 Ninivitarum,
3208 4595 3270 4634 ac
3323 4579 3437 4634 fore
3472 4589 3528 4632 ut
3580 4579 3651 4635 illi

2065 4687 2444 4734 convertantur
2477 4693 2489 4730 :
2518 4692 2580 4730 ac
2605 4675 3050 4744 quemadmodum
3093 4673 3302 4728 illorum
3331 4672 3514 4726 urbem
3542 4672 3652 4741 jam

2067 4773 2330 4827 labantem
2359 4769 2556 4832 erexit,
2601 4766 2962 4835 barbarosque
3003 4765 3291 4830 convertit,
3338 4764 3416 4818 sic
3464 4772 3519 4818 et
3564 4763 3655 4817 Ju-

2067 4863 2211 4916 dteos
2258 4871 2375 4930 post
2414 4858 2860 4914 resurrectionem
2909 4855 3299 4911 convertendos
3337 4870 3460 4910 esse
3489 4873 3502 4909 :
3533 4854 3654 4908 audi
3691 4873 3714 4932 ι

2068 4953 2338 5025 quomodo
2377 4952 2701 5006 contrarium
2764 4964 2979 5017 prorsus
3035 4947 3288 5002 declaret.
3337 4947 3466 5000 Nam
3513 4948 3652 5016 quod
3693 4941 3700 4974 ⁵

2070 5048 2190 5102 inde
2215 5046 2340 5101 nihil
2379 5046 2582 5099 fruetus
2612 5043 2910 5114 percepturi
2960 5041 3065 5096 sint
3094 5042 3144 5096 in
3177 5041 3514 5105 beneﬁcimn,
3562 5042 3654 5094 sed

2070 5152 2123 5196 et
2151 5139 2492 5194 intolerabilia
2519 5137 2744 5208 passuri,
2773 5135 2823 5189 id
2849 5134 3039 5189 deinde
3061 5135 3347 5190 declaravit
3371 5149 3437 5188 ex
3460 5134 3654 5186 daemo-

2073 5235 2152 5286 nis
2179 5230 2444 5299 exemplo.
2477 5229 2688 5282 Interim
2722 5241 2848 5280 vero
2891 5226 2958 5280 de
2989 5226 3052 5278 iis
3105 5242 3222 5294 qua!
3277 5222 3477 5293 passuri
3505 5231 3655 5275 erant

2073 5342 2188 5381 sese
2214 5332 2420 5395 purgat,
2448 5323 2733 5376 ostendens
2771 5335 2864 5374 eos
2883 5319 3026 5388 jnste
3053 5331 3306 5390 passuros
3333 5332 3466 5368 esse.
3497 5313 3654 5368 Cala-

2135 5461 2207 5524 (a)
2252 5460 2399 5524 Erant
2437 5471 2464 5524 a
2505 5453 3010 5524 lrincipioEcclesize
3049 5449 3240 5524 quidam
3291 5447 3536 5524 [ιιιξνυιίρὶἸ
3572 5447 3654 5507 qui

2073 5509 2304 5588 putabant
2345 5509 2585 5588 Christltm
2631 5509 2797 5588 specie
2848 5521 3032 5569 tantum
3068 5509 3123 5558 in
3165 5510 3393 5588 mttndtun
3431 5509 3652 5588 venisse,

2075 5572 2230 5637 letiﬁca
2272 5572 2381 5650 qua:
2435 5583 2484 5636 in
2520 5572 2802 5650 Evangeliis
2840 5581 3092 5650 narrantur
3125 5572 3408 5650 perfecisse.
3447 5576 3520 5650 ne.
3551 5574 3656 5630 qui-

2075 5633 2164 5700 bus
2178 5633 2429 5699 hierje’ticis
2457 5633 2862 5704 ligtnuins'nartyr
2909 5635 3058 5704 Epist:
3082 5633 3478 5704 _ad_5m_yrn:eos,_
3510 5636 3656 5704 ltctn-_-

2073 5695 2171 5776 infe
2188 5695 2764 5775 Epist:ad'l‘ralliauos,
2803 5695 3017 5749 [remeas
3046 5695 3129 5744 hb.
3163 5697 3213 5756 ι,
3249 5695 3544 5759 Epiphanius
3563 5730 3576 5755 ,
3605 5699 3652 5744 ct

2076 5775 2173 5828 alii.
