4042 6218
406 345 513 403 459

405 473 616 530 mitates
641 481 815 527 autem
854 478 906 524 et
935 466 1316 522 desolationem
1371 481 1553 519 eorum
1601 463 1701 516 hoc
1743 461 1989 531 exemplo

407 572 786 636 reprzesentat;
819 561 1026 616 interim
1064 573 1188 611 vero
1214 558 1468 617 declarat,
1524 557 1642 609 illos
1693 554 1805 608 haec
1845 553 1987 621 jnste

407 674 655 728 passuros
682 673 799 712 esse
826 674 837 708 :
872 654 919 707 id
952 652 1088 723 quod
1117 652 1275 706 etiam
1317 651 1367 703 in
1402 647 1560 702 veteri
1602 649 1714 717 lege
1741 646 1984 701 faciebat.

402 750 534 805 Nam
561 749 786 805 Sodoma
812 747 1198 807 destructurus,
1247 742 1382 810 apud
1436 739 1793 804 Abrahamum
1842 737 1987 806 prius

402 859 522 899 sese
565 840 805 912 purgavit
849 838 1012 911 (Gen.
1070 836 1192 905 18),
1233 833 1520 888 ostendens
1548 847 1704 900 quam
1734 829 1884 898 pauci
1914 827 1983 881 :b’

401 934 582 989 virtuti
608 932 880 987 studerent
906 948 920 996 ;
946 946 1066 983 cum
1095 927 1234 982 enim
1268 927 1318 979 in
1350 935 1426 978 tot
1456 923 1672 977 urbibus
1699 936 1766 976 ue
1796 919 1981 975 deum

405 1025 621 1097 quidem
652 1024 1016 1094 reperirentur
1036 1021 1122 1087 qui
1149 1010 1507 1088 temperanter
1538 1016 1791 1070 viverent.
1821 1013 1983 1067 Item-

398 1135 501 1188 que
529 1134 649 1173 cuin
678 1117 811 1171 Loto
860 1114 1325 1184 inhospitalitatem
1356 1111 1589 1181 iPaOI'UIII
1618 1107 1980 1177 turpissimos-

396 1227 501 1281 que
544 1225 754 1264 amores
779 1210 1217 1270 demonstrasset,
1265 1205 1438 1275 ignem
1484 1202 1718 1256 immisit.
1751 1199 1980 1269 ldipsum

398 1304 522 1360 fecit
549 1305 600 1358 in
623 1304 841 1364 diluvio,
869 1317 987 1357 cum
1021 1316 1083 1354 ex
1124 1300 1251 1369 ipsis
1283 1296 1533 1367 operibus
1571 1309 1784 1349 causam
1831 1307 1979 1346 suam

394 1394 737 1450 defendisset.
772 1394 834 1446 Et
859 1391 995 1462 apud
1018 1389 1350 1445 Ezechielem
1381 1387 1642 1449 similiter,
1671 1401 1788 1438 eum
1813 1383 1983 1455 Baby—

397 1487 519 1539 lone
535 1485 746 1555 degenti
767 1499 883 1553 qua:
906 1482 1252 1553 Jcrosolymis
1281 1480 1467 1535 fierent
1488 1479 1622 1532 mala
1646 1487 1769 1531 ante
1798 1476 1980 1529 oculos

395 1578 569 1644 pnsnit
608 1576 831 1645 (Ezech.
860 1573 952 1646 5).
988 1574 1221 1643 Itemque
1245 1589 1366 1628 cum
1434 1571 1680 1627 Jcremize
1734 1568 1976 1635 dicebat,

392 1666 520 1723 Noli
572 1686 665 1738 pro
714 1668 837 1737 ipsis
891 1683 1058 1732 orare,
1116 1673 1172 1718 ut
1216 1679 1430 1720 causam
1476 1677 1624 1716 suam
1669 1659 1981 1714 defenderet

390 1760 521 1813 dixit
552 1777 564 1813 :
597 1761 673 1811 An
705 1775 803 1810 non
824 1757 957 1810 rides
984 1756 1103 1824 quid
1143 1756 1224 1809 isti
1250 1755 1441 1824 faciunt
1471 1751 1618 1825 (Jer.
1644 1752 1698 1805 7.
1727 1750 1811 1806 16.
1836 1747 1980 1819 i7)?

390 1848 455 1902 Et
488 1849 682 1918 ubique
707 1848 843 1902 idem
878 1847 998 1900 facit
1028 1863 1040 1898 :
1072 1846 1148 1898 sic
1174 1856 1227 1899 et
1253 1845 1353 1898 hoc
1386 1844 1523 1898 loco.
1553 1841 1686 1910 Quid
1711 1840 1850 1896 enim
1872 1840 1979 1894 ait‘t

388 1936 478 1989 4|.
519 1932 627 1986 Viri
658 1932 900 1986 Ninivita:
926 1941 1146 2002 surgent,
1181 1939 1226 1983 et
1254 1926 1653 1982 coudemnabunt
1697 1926 1978 1995 generatio-

389 2045 501 2080 nem
540 2027 711 2085 istam,
743 2027 859 2095 quia
906 2024 1242 2094 paenitentiam
1271 2030 1475 2091 egerunt
1523 2021 1574 2072 in
1621 2019 1978 2088 prazdicatione

386 2118 555 2172 Jonw.
584 2116 650 2169 Et
670 2132 780 2168 «τρε
803 2115 915 2184 plus
941 2130 1089 2183 quam
1106 2106 1267 2165 Jonas
1287 2110 1384 2165 hic.
1418 2110 1507 2164 ille
1536 2124 1762 2180 namque
1791 2124 1976 2163 servus

387 2217 519 2274 erat,
551 2225 650 2279 ego
701 2208 990 2271 llorniaus;
1027 2208 1111 2261 ille
1142 2222 1204 2259 es
1235 2217 1355 2259 ceto
1383 2204 1541 2260 exiit.
1572 2218 1670 2273 ego
1699 2219 1762 2257 ex
1804 2206 1979 2257 morte

385 2301 622 2363 surrexi;
649 2300 737 2353 ille
757 2299 1016 2352 excidium
1045 2295 1345 2367 prmdicavit
1366 2337 1379 2361 ,
1405 2310 1503 2361 ego
1529 2309 1749 2363 regnum
1769 2310 1976 2348 annun-

386 2394 523 2448 tians
549 2393 685 2447 veni.
737 2393 800 2446 Iit
829 2392 902 2444 illi
933 2389 1145 2460 quidem
1189 2388 1389 2457 absque
1416 2387 1567 2457 signo
1596 2386 1933 2440 crediderunt
1956 2429 1970 2452 ,

386 2500 483 2556 ego
512 2499 639 2539 vero
665 2484 826 2536 multa
857 2481 1069 2537 exhibui
1115 2481 1284 2550 signa.
1325 2477 1401 2531 Illi
1444 2477 1572 2531 nihil
1626 2476 1765 2530 aliud
1812 2492 1970 2547 quam

385 2579 471 2632 illa
521 2578 676 2632 verba
728 2575 1028 2637 audierunt,
1082 2587 1182 2643 ego
1226 2587 1353 2625 vero
1382 2569 1577 2624 nullam
1620 2584 1722 2622 non
1753 2566 1972 2623 adhibui

384 2670 733 2741 philosophiae
773 2667 1029 2738 speciem.
1065 2666 1155 2719 Ille
1204 2664 1443 2717 minister
1471 2663 1702 2721 advenit.
1734 2676 1833 2730 ego
1860 2661 1971 2730 ipse

385 2762 687 2817 dominator
711 2770 760 2815 et
785 2758 1019 2814 omnium
1049 2756 1303 2811 Dominus
1323 2755 1461 2819 veni,
1492 2770 1594 2805 non
1618 2752 1969 2815 comminans,

385 2870 489 2909 non
530 2854 765 2909 rationes
793 2860 1068 2922 expetens.
1117 2849 1211 2904 sed
1262 2848 1467 2902 veniam
1516 2846 1764 2901 afl‘crens.
1800 2844 1864 2898 Et
1895 2845 1971 2899 illi

383 2946 595 3018 quidem
644 2945 888 3011 barbari,
943 2942 995 2997 hi
1040 2958 1165 2997 vero
1212 2957 1330 2995 cuiu
1386 2941 1648 2993 sexcentis
1699 2937 1973 3009 pr0pbetis

384 3039 577 3093 versati
635 3048 774 3092 sunt.
833 3036 906 3092 De
947 3035 1040 3089 illo
1095 3033 1268 3087 nullus
1339 3031 1691 3101 praedixerat,
1766 3030 1833 3084 de
1887 3040 1972 3084 me

386 3146 577 3186 omnes
652 3129 1016 3200 prmdixerunt
1052 3170 1066 3191 ,
1126 3137 1178 3181 et
1259 3141 1418 3194 opera
1495 3123 1666 3178 verbis
1736 3137 1970 3176 consona

382 3218 547 3277 fuere.
594 3221 687 3276 Ille
735 3220 866 3289 fugit
907 3219 1141 3286 abiitque
1191 3232 1256 3270 ne
1306 3214 1668 3278 derideretur;
1723 3226 1823 3283 ego
1874 3212 1971 3265 ad-

382 3312 523 3376 veni,
569 3312 667 3365 etsi
708 3311 898 3364 scirem
935 3317 989 3363 et
1026 3322 1238 3362 crucem
1279 3314 1327 3359 et
1372 3304 1643 3359 irrisiones
1692 3318 1968 3373 passurum

382 3420 467 3457 me
496 3417 635 3457 esse.
672 3402 761 3455 Ille
797 3416 864 3455 ne
894 3398 1235 3469 opprobrium
1257 3396 1469 3468 quidem
1501 3396 1616 3449 tulit
1648 3411 1740 3465 pro
1775 3395 1838 3450 iis
1880 3395 1969 3465 qui

382 3495 573 3550 servati
604 3491 875 3547 ctlibcrati
904 3499 1044 3557 sunt,
1068 3504 1166 3561 ego
1188 3498 1411 3543 mortem
1441 3487 1688 3548 susﬁuui,
1718 3496 1972 3541 mortem-

382 3601 485 3657 que
517 3584 894 3655 turpissimam,
927 3593 980 3637 et
1032 3591 1151 3651 post
1205 3580 1317 3634 haec
1365 3579 1497 3634 alios
1547 3579 1718 3633 mitto.
1767 3579 1832 3632 Et
1882 3577 1971 3631 ille

381 3675 592 3745 quidem
622 3684 908 3729 extraneos
935 3681 1051 3727 erat
1077 3680 1130 3725 et
1152 3673 1382 3741 ignotus,
1410 3684 1509 3739 ego
1529 3667 1820 3723 secundum
1847 3683 1970 3721 car-

382 3783 503 3822 nem
524 3766 710 3819 iisdem
744 3763 1172 3835 progenitoribus
1202 3771 1348 3815 ortus
1385 3775 1523 3815 sum.
1556 3760 1710 3814 Plura
1733 3760 1830 3813 alia
1853 3761 1971 3829 quis

382 3858 726 3930 disquircndo
757 3871 1044 3926 congerere
1076 3856 1258 3926 possit.

450 3953 503 4008 5.
540 3952 653 4020 Ipse
689 3966 815 4005 vero
847 3964 951 4003 non
995 3947 1080 4002 hic
1109 3947 1329 4019 gradum
1365 3947 1523 4014 sistit,
1556 3948 1649 4003 sed
1675 3947 1816 4003 aliud
1850 3963 1972 4018 pro-

382 4045 528 4114 ponit
556 4044 877 4113 excmplum,
902 4041 1087 4096 dicens
1118 4059 1130 4095 :
1161 4040 1248 4095 42.
1282 4041 1476 4112 Regina
1518 4042 1689 4095 Austri
1720 4051 1890 4113 surget
1915 4041 1969 4096 in

369 4135 570 4204 judicio
613 4153 724 4191 cum
764 4136 1082 4207 generatione
1107 4136 1221 4199 ista,
1261 4144 1306 4189 et
1328 4135 1675 4189 condemnabit
1695 4152 1779 4190 eos
1804 4152 1825 4190 :
1852 4138 1972 4205 quia

384 4231 513 4284 venit
539 4248 568 4282 a
596 4229 781 4297 ﬁnibus
812 4238 959 4284 terrae
1000 4238 1055 4282 ut
1092 4229 1291 4283 audiret
1324 4230 1623 4298 sapientiam
1656 4229 1966 4285 Salomonis.

384 4322 450 4375 Et
471 4338 581 4376 ecce
610 4321 725 4391 plus
753 4337 902 4391 quam
930 4320 1176 4376 Salomon
1198 4320 1298 4374 hic.
1328 4319 1440 4375 Hoc
1473 4321 1646 4390 priore
1668 4322 1839 4390 majus
1866 4329 1966 4377 est.

384 4412 514 4466 Nam
545 4411 708 4466 Jonas
736 4411 801 4466 ad
830 4410 1091 4466 Ninivitas
1120 4412 1243 4466 abiit
1270 4430 1284 4477 ;
1308 4413 1487 4483 regina
1511 4428 1638 4467 vero
1664 4414 1839 4468 Austri
1865 4428 1970 4469 non

384 4504 714 4574 exspectavit
736 4512 793 4557 ut
820 4503 1074 4558 Salomon
1119 4504 1286 4575 ipsam
1318 4505 1509 4567 adiret,
1539 4506 1632 4559 sed
1679 4506 1765 4559 illa
1798 4506 1968 4575 ipsum

384 4595 534 4662 adiit,
571 4597 670 4652 etsi
689 4606 742 4651 et
770 4596 961 4651 mulier
997 4605 1050 4652 et
1079 4595 1333 4657 barbara,
1382 4604 1635 4666 tantoque
1679 4598 1851 4666 spatio
1882 4613 1968 4652 re-

385 4696 525 4742 mota
553 4694 714 4752 esset,
745 4703 848 4741 non
894 4687 1050 4741 minis
1095 4686 1433 4753 instantibus,
1482 4701 1588 4741 non
1636 4696 1859 4743 mortem
1903 4689 1969 4743 ti-

387 4794 575 4844 mens,
609 4779 700 4835 sed
730 4780 846 4833 solo
899 4780 1216 4850 sapientium
1271 4779 1558 4835 verborum
1615 4795 1816 4835 amore.
1863 4781 1969 4837 Sed

389 4870 521 4924 Ecce
543 4866 657 4939 plus
688 4887 837 4942 quam
871 4871 1117 4926 Salomon
1145 4872 1247 4924 hic.
1282 4868 1396 4925 lllic
1421 4871 1562 4927 enim
1590 4872 1780 4928 mulier
1805 4873 1970 4929 adve-

386 4964 483 5029 nit,
513 4962 616 5017 huc
635 4977 735 5034 ego
758 4963 900 5017 veni.
925 4962 1011 5018 Illa
1034 4981 1062 5017 a
1093 4963 1283 5017 finibus
1312 4974 1466 5017 terrae
1496 4963 1724 5033 profecta
1746 4974 1846 5027 est,
1872 4981 1971 5036 ego

390 5055 551 5109 urbes
579 5064 633 5109 et
654 5056 797 5109 vicos
819 5056 1106 5109 circumeo.
1135 5056 1197 5109 Et
1242 5056 1327 5109 illc
1357 5056 1571 5126 quidem
1600 5056 1666 5110 de
1687 5057 1969 5112 arboribus

383 5158 435 5202 ct
459 5147 651 5217 plantis
670 5147 983 5210 disserebat,
1004 5162 1122 5217 qua:
1140 5162 1245 5202 non
1271 5150 1491 5203 multum
1514 5149 1656 5202 illam
1679 5165 1739 5205 se
1764 5150 1969 5205 adeun-

387 5248 493 5293 tem
519 5238 706 5308 juvare
744 5246 1023 5307 poterant;
1055 5254 1154 5309 ego
1181 5255 1308 5294 vero
1338 5240 1405 5295 de
1436 5241 1784 5296 ineffabilibus
1811 5244 1970 5298 rebus

384 5340 437 5385 et
463 5332 753 5385 tremendis
778 5332 1066 5401 mysteriis.
1096 5331 1380 5401 Postquam
1429 5349 1558 5403 ergo
1592 5335 1711 5387 illos
1742 5335 1965 5389 damna-

380 5425 474 5487 vit,
509 5423 797 5478 ostendens
836 5424 902 5477 ab
930 5424 1075 5478 omni
1106 5425 1254 5478 venia
1281 5425 1435 5493 longe
1465 5427 1666 5481 alienos
1690 5444 1828 5495 esse,
1862 5429 1972 5484 illo-

380 5530 607 5585 rumque
628 5513 1044 5570 inobcdientiam
1070 5531 1134 5569 ex
1164 5515 1368 5584 ingrato
1398 5517 1607 5570 illorum
1632 5521 1830 5585 animo,
1859 5537 1965 5577 non

384 5622 447 5659 ex
478 5608 714 5662 doctoris
746 5608 1106 5663 imbecillitate
1144 5606 1442 5677 proficisci;
1497 5608 1705 5680 hocque
1745 5621 1852 5667 tum
1901 5630 1964 5669 ex

382 5698 501 5751 aliis
517 5698 717 5765 multis,
745 5706 855 5753 tum
878 5698 1123 5768 exetnplo
1147 5698 1496 5753 Ninivitarum
1525 5707 1581 5755 et
1601 5703 1797 5772 regina:
1816 5719 1963 5759 com-

386 5790 699 5843 monstravit
730 5808 743 5845 :
772 5800 896 5845 tunc
923 5789 1237 5861 supplicium
1285 5790 1427 5861 ipsos
1461 5800 1807 5863 excepturum
1835 5799 1964 5852 terri-

1077 342 1131 398 S.
1174 343 1448 398 JOANNIS
1486 340 1963 399 CilllYSOS'l'Olfl
2006 344 2319 404 AliClllEf’.
2364 351 2891 420 CONSTANTINOP.

3573 382 3684 441 460

2096 464 2322 530 gmatice
2361 483 2761 541 commemorat,
2792 477 3012 535 multum
3043 484 3093 539 in
3127 488 3392 544 narrando
3418 498 3686 552 terrorem

2098 552 2349 610 inferens.
2378 558 2509 614 Nam
2538 564 2642 617 ait:
2668 567 2755 621 45.
2787 569 2909 622 Cum
2934 572 3229 632 immundus
3276 581 3484 651 spiritus
3509 586 3691 642 exierit

2094 643 2155 696 ab
2177 648 2395 715 homine,
2418 655 2638 708 ambulat
2659 676 2749 726 per
2769 661 2880 713 loca
2900 652 3158 733 inm/uasa,
3182 687 3408 740 qucrrens
3438 680 3686 747 requiem,

2094 749 2139 791 et
2172 759 2269 796 non
2298 745 2570 817 inveniens,
2598 753 2684 806 44.
2705 756 2825 809 dicit
2850 774 2869 811 :
2902 758 3138 815 Revertar
3175 766 3224 819 in
3255 767 3462 823 domum
3494 790 3686 839 meam,

2092 834 2225 888 unde
2267 839 2413 891 exivi.
2464 841 2530 895 Et
2573 847 2791 914 veniens,
2824 851 3006 905 invenit
3054 872 3163 908 eam
3192 871 3446 916 uocantem
3469 906 3484 929 ,
3516 871 3692 935 scopis

2090 925 2404 997 mandatam,
2432 944 2478 984 et
2498 947 2748 992 ornatam.
2777 941 3016 997 45.Tunc
3036 946 3190 1012 vadit,
3215 960 3259 1001 et
3279 955 3489 1007 assumit
3512 971 3690 1009 secum

2090 1014 2217 1070 alios
2237 1032 2421 1088 septem
2459 1026 2667 1094 spiritus
2711 1033 2968 1100 nequiores
2993 1053 3064 1095 se.
3103 1049 3146 1091 et
3186 1041 3430 1098 intrantes
3457 1046 3688 1103 habitant

2088 1106 2157 1159 ibi
2179 1125 2197 1161 .'
2223 1121 2268 1163 et
2306 1113 2435 1180 ﬁunt
2465 1118 2732 1173 novissima
2777 1123 2993 1179 hominis
3042 1130 3182 1184 illius
3210 1134 3383 1203 pejora
3404 1139 3682 1205 prioribus.

2096 1199 2185 1253 Sic
2210 1204 2302 1256 erit
2330 1214 2375 1258 et
2405 1210 2714 1276 generationi
2755 1215 2886 1270 huic.
2938 1219 3069 1274 llinc
3118 1199 3372 1294 ostendit,
3425 1230 3546 1285 illos
3573 1249 3681 1288 nou

2089 1294 2140 1348 in
2172 1295 2348 1354 futuro
2395 1310 2597 1357 tantum
2630 1309 2847 1371 szeculo,
2880 1311 2974 1366 sed
3002 1314 3162 1368 etiam
3193 1317 3243 1370 in
3273 1324 3524 1387 praesenti
3556 1341 3682 1395 gra-

2088 1386 2301 1442 vissima
2335 1406 2583 1460 passuros
2612 1411 2752 1452 esse.
2791 1399 2926 1455 Nam
2967 1405 3086 1472 quia
3139 1386 3369 1477 dicebat,
3416 1386 3684 1472 Ninivitas

2087 1478 2478 1538 insnrrecturos
2504 1486 2555 1540 in
2581 1487 2803 1557 judicio,
2831 1506 2883 1547 et
2928 1493 3067 1551 hanc
3107 1502 3506 1568 generationem
3551 1522 3683 1562 con-

2085 1569 2427 1630 demuaturos
2459 1594 2472 1630 :
2503 1594 2572 1633 ne
2610 1581 2680 1635 ob
2721 1587 2976 1653 temporis
3026 1578 3429 1649 diuturnitatem
3472 1598 3523 1651 id
3548 1614 3683 1655 con-

2088 1663 2408 1722 temnerent,
2454 1671 2509 1716 et
2551 1665 2965 1735 riegligentiores
3000 1673 3309 1743 evaderent,
3361 1680 3543 1739 hacin
3573 1686 3679 1741 vita

2083 1748 2261 1817 gravia
2284 1750 2420 1804 mala
2448 1753 2577 1822 ipsis
2593 1756 2863 1812 subeunda
2891 1765 3093 1820 statuit.
3118 1766 3271 1834 Quod
3299 1773 3678 1832 comminando

2082 1841 2218 1896 Osce
2250 1843 2503 1913 propheta
2535 1846 2779 1905 dicebat:
2807 1850 2975 1909 Erunt
3016 1855 3084 1911 Ut
3126 1863 3374 1931 propheta
3400 1866 3454 1919 in
3496 1871 3676 1925 mentis

2081 1950 2307 2002 excessu,
2335 1947 2390 1991 ut
2417 1939 2566 1994 homo
2586 1958 2619 1995 a
2646 1945 2827 2014 spiritu
2852 1960 3111 2019 correptus
3161 1952 3181 2025 (
3209 1953 3337 2010 Osee
3378 1957 3429 2013 9.
3458 1959 3526 2021 7)
3552 1979 3567 2027 ;
3615 1964 3670 2018 id

2080 2036 2180 2087 est,
2204 2028 2338 2084 sicut
2361 2032 2835 2105 pseudoprophetze
2866 2042 3123 2110 furentes,
3176 2046 3559 2108 debacchantes
3583 2098 3596 2117 ,
3630 2072 3663 2112 a

2081 2118 2326 2189 malignis
2358 2124 2630 2191 Spiritibus
2665 2129 2865 2199 agitati.
2893 2132 3024 2188 Nam
3054 2136 3139 2191 hic
3168 2142 3473 2211 prophetam
3502 2147 3663 2203 intel-

2078 2209 2192 2280 ligit
2236 2222 2413 2270 mente
2461 2226 2694 2287 captum,
2745 2209 3290 2297 pseudoprOphctam,
3336 2237 3518 2304 quales
3547 2250 3673 2296 sunt

2078 2312 2243 2357 vates.
2276 2304 2391 2361 Hoc
2422 2308 2590 2376 ipsum
2624 2310 2870 2368 Christus
2897 2316 3203 2385 significans
3234 2323 3358 2378 dicit
3397 2328 3542 2397 ipsos
3572 2347 3671 2385 ex-

2079 2401 2245 2449 trema
2273 2408 2523 2464 passuros
2552 2415 2688 2456 esse.
2732 2403 2919 2460 Viden‘
2947 2424 3053 2478 quo
3084 2425 3237 2480 pacto
3268 2416 3410 2486 ipsos
3435 2422 3674 2491 undique

2079 2484 2313 2552 impellat
2342 2497 2399 2542 ut
2423 2489 2578 2545 dictis
2605 2490 2902 2562 attendant,
2933 2515 2961 2553 a
2999 2484 3360 2571 praseutibus,
3389 2526 3415 2561 a
3447 2484 3666 2579 futuris,

2076 2577 2143 2630 ab
2163 2578 2223 2631 iis
2250 2582 2336 2650 qui
2366 2581 2498 2638 bene
2534 2600 2645 2640 rem
2672 2601 2971 2657 gesserunt.
2993 2610 3020 2646 a
3040 2593 3302 2660 Ninivitis,
3334 2602 3580 2669 inquam,
3615 2577 3675 2662 et

2075 2685 2104 2760 a
2134 2670 2335 2760 regina,
2360 2674 2426 2728 ab
2453 2674 2517 2732 iis
2542 2672 2629 2747 qui
2658 2681 2881 2752 collapsi
2906 2698 3047 2751 sunt,
3065 2688 3238 2760 Tyriis
3264 2702 3314 2746 et
3338 2692 3631 2751 Sodomitis
3650 2700 3675 2752 τ

2075 2756 2224 2827 Quod
2253 2764 2411 2819 etiam
2447 2770 2716 2838 propheta:
2735 2772 3020 2845 faciebant,
3055 2756 3190 2834 filios
3214 2781 3484 2840 Rechabin
3512 2788 3669 2843 indu-

2075 2860 2256 2907 centes
2278 2864 2329 2909 et
2347 2871 2596 2926 sponsam
2619 2877 2738 2930 quae
2774 2876 2994 2922 ornatus
3016 2874 3216 2939 proprii
3262 2885 3316 2928 et
3364 2891 3512 2930 zonae
3557 2894 3672 2935 sua:

2076 2957 2180 2996 non
2208 2946 2558 3017 obliviscitur,
2586 2962 2638 3007 et
2674 2955 2863 3011 bovem
2892 2961 2980 3028 qui
3014 2965 3159 3017 novit
3191 2981 3586 3040 poSsessorem,
3615 2984 3674 3029 et

2074 3042 2281 3091 asinum
2312 3042 2399 3109 qui
2431 3058 2672 3115 praisepe
2702 3052 2869 3104 novit.
2903 3051 2994 3109 Sic
3023 3066 3076 3111 et
3105 3057 3206 3116 hoc
3242 3061 3361 3116 loco
3386 3080 3412 3116 a
3446 3081 3666 3136 compa-

2076 3129 2282 3229 ratione
2312 3132 2573 3203 ingratum
2602 3139 2809 3197 illorum
2856 3148 3090 3203 auinmm
3128 3151 3429 3221 declarans,
3460 3162 3671 3229 suppli-

2075 3219 2213 3274 cium
2245 3221 2496 3295 deinceps
2536 3236 2877 3298 praenuntiat.

2144 3307 2444 3370 Judworum
2488 3329 2601 3389 post
2639 3321 2892 3379 Chrisium
2929 3344 3115 3384 cwsum
3174 3335 3453 3390 (latitantia.
3497 3339 3673 3395 Jude

2074 3404 2165 3456 sub
2211 3404 2423 3461 .luliano
2468 3423 2701 3478 apostata
2741 3418 3007 3485 gentilibus
3032 3423 3215 3488 iuncti.
3243 3456 3315 3465 —
3345 3429 3479 3495 Quid
3513 3432 3675 3501 igitur

2074 3507 2157 3551 est
2209 3498 2257 3552 id
2298 3502 2437 3571 quod
2474 3504 2707 3560 dicitur?
2746 3509 2891 3565 Sicut
2919 3513 3234 3571 (ληκυθιιίηῶ
3258 3562 3273 3585 ,
3306 3522 3511 3589 inquit,
3537 3498 3672 3580 cum

2075 3588 2367 3646 liberantur
2394 3595 2462 3650 ab
2488 3596 2793 3656 infirmitate
2821 3619 2934 3667 sua,
2984 3608 3028 3658 si
3068 3610 3477 3680 negligentiores
3503 3615 3666 3681 fiant,

2074 3680 2373 3749 graviorem
2420 3686 2519 3740 sibi
2561 3691 2836 3746 attrahunt
2886 3695 3214 3765 phantasiam
3252 3720 3263 3755 :
3294 3705 3370 3757 sic
3398 3707 3541 3759 enim
3575 3723 3671 3761 vos

2074 3767 2264 3825 facitis.
2297 3772 2504 3828 Etenim
2532 3779 2767 3847 antehac
2786 3798 2813 3835 a
2842 3784 3085 3842 dmmone
3117 3788 3519 3859 detinebamini,
3545 3812 3668 3851 eum

2076 3857 2212 3914 idola
2244 3862 2561 3935 adoraretis,
2594 3879 2647 3924 et
2673 3870 2809 3928 ﬁlios
2855 3888 3061 3934 vesu'os
3103 3880 3450 3941 inunolarctis
3467 3887 3672 3942 dmmo-

2076 3952 2195 4018 niis,
2242 3971 2485 4027 magnam
2534 3960 2848 4031 exhibentes
2888 3968 3145 4026 insaniam
3190 3993 3203 4027 :
3237 3992 3334 4031 nec
3365 3987 3539 4033 tamen
3569 3980 3669 4034 de-

2076 4044 2265 4115 reliqui
2294 4063 2409 4114 vos,
2443 4051 2536 4105 sed
2569 4069 2663 4123 per
2685 4057 2973 4128 prophetas
3001 4063 3132 4129 ejeci
3156 4064 3452 4123 d:emonem
3479 4072 3628 4125 ilTum
3650 4117 3667 4137 ,

2076 4147 2129 4198 et
2175 4139 2286 4208 ipse
2333 4157 2517 4197 rursus
2574 4147 2713 4213 veni,
2761 4154 2815 4203 ut
2858 4167 2952 4207 vos
2989 4169 3250 4213 curarem.
3282 4161 3525 4233 Scdquia
3560 4180 3668 4218 nun

2075 4230 2236 4285 vultis
2262 4234 2563 4305 attendere,
2596 4255 2778 4296 verum
2822 4242 2872 4297 in
2905 4247 3164 4316 majorem
3212 4230 3497 4323 nequitiam
3539 4274 3669 4327 prn-

2076 4323 2292 4393 rupistis
2329 4324 2563 4399 (etenim
2590 4333 2754 4386 multo
2784 4337 2997 4405 gravius
3018 4340 3356 4411 deteriusque
3381 4358 3463 4400 est
3492 4323 3670 4417 ipsum

2078 4413 2356 4473 Dominum
2379 4421 2643 4492 jugulare,
2685 4442 2842 4497 quam
2873 4434 3161 4503 prophetas
3191 4438 3478 4509 occidere)
3501 4413 3525 4505 ,-
3548 4443 3672 4499 ideo

2074 4509 2319 4576 graviora
2373 4513 2640 4581 prioribus
2681 4520 2971 4587 patiemini,
3028 4542 3217 4596 nempe
3254 4530 3316 4583 iis
3354 4548 3473 4599 qua:
3523 4539 3670 4603 νει-δί

2076 4601 2207 4696 estis
2236 4603 2503 4676 Babylone
2524 4650 2538 4673 ,
2590 4610 2641 4663 in
2673 4609 2926 4683 Egypto,
2958 4626 3011 4671 et
3039 4620 3139 4672 sub
3176 4623 3441 4679 Antiocho
3467 4601 3667 4696 primo.

2076 4689 2204 4745 Nam
2260 4693 2416 4765 longe
2446 4697 2510 4750 iis
2558 4704 2828 4770 asperiora
2869 4700 3182 4765 acciderunt
3228 4712 3556 4785 Vespasiano
3614 4732 3672 4776 et

2076 4783 2195 4837 Tito
2230 4786 2472 4843 ducilms.
2535 4795 2871 4866 Quapropter
2918 4800 3132 4857 dicebat
3179 4823 3191 4858 :
3244 4783 3357 4861 Erit
3406 4812 3672 4866 tribulatio

2077 4893 2282 4946 magna,
2313 4881 2478 4949 qualis
2505 4900 2777 4954 numquam
2806 4890 2922 4960 fuit,
2957 4908 3116 4962 neque
3135 4895 3226 4948 erit
3246 4909 3415 4966 postea
3434 4900 3453 4973 (
3473 4900 3669 4958 Manli.

2074 4970 2164 5023 ΕΗ.
2193 4971 2252 5025 21
2278 4970 2319 5045 ).
2344 4974 2526 5045 Neque
2562 4977 2612 5032 id
2641 4980 2809 5033 solum
2841 4980 2942 5038 hoc
2970 4988 3213 5055 exemplo
3233 4970 3668 5061 significabatur;

2076 5063 2168 5115 sed
2209 5064 2366 5118 etiam
2414 5065 2526 5124 fore
2571 5070 2713 5139 ipsos
2740 5074 2885 5128 onmi
2919 5076 3110 5132 virtute
3140 5096 3356 5145 vacuos,
3388 5094 3445 5137 et
3486 5101 3516 5137 a
3551 5087 3670 5139 da:-

2078 5154 2321 5210 monibus
2375 5158 2585 5215 facilius
2624 5179 2779 5231 quam
2826 5175 2951 5221 ante.
3001 5168 3345 5225 invadendos.
3378 5172 3509 5227 Nam
3539 5184 3672 5233 tunc

2076 5245 2177 5298 etsi
2224 5259 2506 5316 peccarent
2529 5293 2544 5318 ,
2600 5261 2654 5306 at
2677 5262 2833 5308 erant
2861 5256 3000 5311 inter
3025 5272 3117 5312 eos
3155 5262 3362 5315 virtutis
3388 5263 3668 5334 cultores,

2076 5337 2260 5392 aderat
2284 5341 2371 5393 llci
2406 5342 2753 5411 providentia,
2778 5345 3112 5420 Spiritusque
3157 5354 3323 5422 gratia
3361 5356 3491 5425 ipsis
3544 5375 3674 5427 pro-

2076 5429 2281 5494 videns,
2317 5431 2460 5500 ipsos
2511 5436 2821 5504 emendatis,
2875 5453 3076 5510 suaque
3121 5445 3296 5498 omnia
3350 5456 3615 5514 praestans
3655 5472 3671 5507 :

2076 5537 2217 5576 nunc
2238 5536 2436 5592 autem,
2466 5527 2558 5589 ait,
2586 5528 2914 5595 providentia
2946 5534 3027 5587 illa
3051 5549 3269 5605 prorsus
3296 5540 3446 5594 vacui
3475 5554 3670 5608 erunt,

2075 5614 2145 5667 ita
2178 5625 2233 5668 ut
2263 5617 2431 5686 major
2461 5620 2530 5674 sit
2558 5636 2698 5675 nunc
2729 5623 2933 5679 virtutis
2963 5627 3177 5688 raritas.
3210 5628 3532 5687 calamitatis
3561 5635 3667 5698 vis,

2074 5714 2127 5758 et.
2150 5707 2449 5762 dit-manum
2480 5713 2750 5782 tyrannica
2776 5724 3025 5782 potestas.
3072 5715 3252 5773 Nostis
3294 5731 3441 5775 certe
3485 5723 3539 5776 in
3564 5738 3670 5793 ge-

2074 5801 2352 5858 neratione
2397 5801 2493 5860 hac
2523 5819 2642 5860 cum
2684 5805 2924 5863 Julianus
2953 5808 3170 5881 fureret,
3203 5812 3468 5884 quomodo
3491 5813 3670 5874 διιδεὶ
