4042 6218
243 337 343 392 431)

243 449 470 518 ἔρωτας,
504 445 625 498 τότε
662 446 856 514 ἐπάγει
894 445 951 497 τὸ
979 442 1105 515 πῦρ.
1149 447 1258 498 Kal
1281 447 1370 499 ἐπὶ
1399 448 1490 501 τοῦ
1516 445 1901 516 κατακλυσμοῦ

241 534 297 587 δὲ
320 534 378 587 τὸ
396 535 527 587 αὐτὸ
545 532 701 586 τοῦτο
729 532 970 603 ἐποίησε,
995 530 1082 584 διά
1102 531 1209 586 τῶν
1230 532 1405 604 ἔργων
1426 534 1903 604 ἀπολογησάμενος

242 617 321 689 τῷ
350 619 490 673 Νῶε.
509 620 613 672 Kal
637 618 712 689 τῷ
758 616 1011 687 ’ῐεζεχιὴλ
1043 616 1101 669 δέ
1127 617 1345 686 ὁμοίως,
1381 620 1467 671 ὅτε
1504 619 1618 673 ³⁸.³⁹
1643 622 1697 671 ἐν
1732 619 1904 671 Βαϐυ-

246 706 375 758 λῶνι
402 706 656 775 διάγοντα
696 706 764 759 τά
796 707 854 758 ἐν
897 704 1286 776 Ἱεροσολύμοις
1327 706 1451 759 ίδεῖν
1486 706 1706 777 ἐποίησε
1736 706 1899 760 κακά.

246 792 357 844 Καὶ
385 792 460 861 τῷ
500 792 735 863 Ἱερεμίᾳ
762 792 819 845 δέ
866 791 1045 852 πάλιν,
1076 792 1163 845 ὅτε
1201 791 1372 860 ἔλεγε,
1409 795 1463 845 Μ
1473 794 1505 859 ἡ
1536 793 1901 860 προσεύχου,

161 933 165 937 _
245 879 675 947 ἀπολογούμενος
696 878 878 946 ἔλεγεν
898 896 910 910 ·
935 881 1013 932 ’Ἡ
1028 880 1140 947 οὐχ
1185 878 1329 945 όρᾷς
1349 880 1405 931 τί
1430 875 1595 933 οὗτοι
1627 878 1903 942 ποιοῦσι;

247 964 353 1016 Kal
384 964 654 1035 πανταχοῦ
688 964 748 1018 τὸ
769 965 899 1017 αὐτὸ
921 964 1077 1018 τοῦτο
1108 968 1268 1030 ποιεῖ,
1292 966 1321 1017 ὃ
1355 965 1419 1036 δὴ
1453 966 1545 1018 καὶ
1566 965 1817 1018 ἐνταῦθα.
1839 966 1903 1017 Τί

244 1051 351 1120 γάρ
383 1066 581 1119 φησιν;
630 1050 873 1119 Ἄνδρες
914 1051 1213 1105 Νινευῗται
1267 1051 1760 1120 ἀναστήσονται,
1805 1052 1904 1105 καί

244 1136 667 1204 κατακρινοῦσι
713 1136 827 1204 τὴν
871 1138 1085 1206 γενεὰν
1116 1137 1374 1203 ταύτηνσ
1402 1137 1491 1190 ὅτι
1530 1140 1907 1207 μετενόησαν

245 1226 333 1288 εἰς
366 1222 430 1275 τὸ
461 1221 734 1292 κήρυγμα
777 1223 976 1278 Ἰωνᾶ’
1013 1224 1110 1278 καί
1141 1223 1272 1277 ἰδοὺ
1305 1224 1520 1277 πλεῖον
1568 1223 1737 1278 Ἰωνᾶ
1765 1217 1902 1279 ὦδε.

258 1310 315 1364 '0
351 1311 450 1380 μὲν
476 1311 585 1382 γὰρ
602 1312 807 1379 δοῦλος,
832 1312 942 1382 ἐγὼ
960 1314 1017 1367 δὲ
1041 1314 1341 1384 Δεσπότηςο
1374 1314 1468 1367 καὶ
1498 1315 1527 1365 6
1572 1314 1673 1384 μὲν
1701 1317 1765 1367 ἐκ
1802 1315 1906 1384 κή-

245 1414 369 1462 τους
404 1399 647 1469 ἐξῆλθεν,
695 1400 806 1468 ἐγὼ
841 1401 899 1454 δέ
937 1404 1002 1454 ἐκ
1057 1400 1287 1455 θανάτου
1320 1401 1577 1471 ἀνέστην
1613 1402 1706 1455 καί
1747 1404 1777 1455 6
1808 1401 1907 1472 μὲν

246 1486 621 1558 καταστροφὴν
647 1487 931 1559 ἐκήρυξεν,
963 1487 1072 1556 ἐγὼ
1092 1489 1147 1542 δὲ
1181 1488 1455 1557 βασιλείαν
1481 1484 1642 1560 ἦλθον
1675 1490 1907 1558 εὐαγγε-

245 1571 546 1642 λιζόμενος.
581 1574 691 1628 Kal
718 1575 768 1627 οί
800 1572 951 1645 [ibi]
980 1576 1077 1644 μὲν
1102 1575 1271 1645 χωρὶς
1302 1576 1528 1645 σημείου
1559 1576 1906 1642 ἐπίστευσαν,

246 1657 425 1726 ἐγὼδέ
453 1660 623 1714 πολλὰ
642 1664 842 1730 σημεῖα
858 1662 1239 1733 ἐπεδειξάμην.
1265 1662 1373 1715 Kal
1391 1666 1439 1716 οἱ
1461 1663 1558 1733 μὲν
1570 1664 1723 1716 οὐδὲν
1745 1664 1907 1717 πλέον

242 1744 479 1813 ἥκουσαν
502 1746 608 1799 τῶν
632 1748 891 1818 ῥημάτων
911 1748 1276 1816 ἐκείνων,ἐγὼ
1300 1750 1354 1802 δὲ
1377 1752 1550 1803 πᾶσαν
1577 1751 1804 1820 ἐκίνησα
1824 1768 1912 1818 φι-

243 1830 493 1899 λοσοφίας
519 1832 680 1885 ίξέαν.
714 1835 861 1887 Καὶὸ
886 1834 982 1903 μὲν
996 1834 1406 1905 διακονούμενος
1431 1837 1778 1906 παρεγένετο,
1804 1836 1913 1904 ἐγὼ

241 1917 294 1969 δὲ
319 1918 476 1981 αὐτὸς
489 1921 517 1972 6
534 1920 807 1990 Δεσπότης
832 1920 920 1972 καὶ
941 1923 967 1972 6
985 1921 1201 1973 πάντων
1226 1920 1423 1992 Κύριος
1436 1918 1618 1992 ἦλθον,
1638 1923 1736 1976 οὐκ
1752 1924 1910 1975 ἀπει-

242 2004 370 2070 λῶν,
420 2008 519 2059 οὐκ
546 2006 792 2060 ἀπαιτῶν
820 2007 1067 2069 εὐθύνας,
1102 2006 1234 2060 ἀλλά
1276 2008 1620 2078 συγχώρησιν
1650 2008 1908 2077 κομίζων.

244 2092 349 2144 Καὶ
376 2094 423 2144 οἱ
454 2092 551 2162 μὲν
574 2092 871 2163 βάρϐαροι,
892 2087 1037 2146 οὗτοι
1059 2093 1115 2145 δὲ
1136 2094 1439 2165 προφήταις
1466 2096 1906 2166 συνανεστράφη-

244 2196 343 2230 σαν
378 2179 420 2210 ³⁰
455 2181 687 2250 μυρίοις.
728 2181 838 2233 Kal
866 2182 996 2251 περὶ
1043 2181 1251 2234 ἐκείνου
1295 2182 1392 2250 μὲν
1414 2182 1589 2244 οὐδεὶς
1623 2185 1904 2252 προεῖπεν,

243 2267 371 2336 περὶ
394 2266 523 2336 ἐμοῦ
549 2268 605 2320 δέ
628 2268 885 2330 ἅπαντες,
911 2268 1007 2321 καὶ
1022 2267 1090 2319 τὰ
1111 2266 1247 2339 ἔργα
1270 2271 1383 2331 τοῖς
1400 2268 1575 2335 λόγοις
1604 2268 1906 2326 συνέϐαινε.

242 2352 507 2416 Κάκεῖνος
556 2354 651 2422 μὲν
691 2353 1109 2425 ἐδραπέτευσεν,
1141 2356 1361 2409 ἀπιέναι
1396 2355 1600 2426 μέλλων
1641 2357 1782 2428 ὑπὲρ
1813 2358 1907 2410 τοῦ

245 2438 319 2508 μὴ
350 2439 705 2507 γελασθῆναι·
738 2439 849 2509 ἐγὼ
882 2440 939 2494 δὲ
981 2440 1138 2504 εἰδὼς
1172 2443 1257 2495 ὅτι
1289 2442 1384 2495 καὶ
1420 2443 1779 2514 παυροῦσθαι
1816 2444 1910 2497 καὶ

241 2524 502 2592 γελᾶσθαι
557 2526 753 2595 μέλλω,
809 2528 1211 2599 παρεγενόμην.
1253 2531 1361 2583 Καὶ
1413 2531 1622 2594 ἐκεῖνος
1662 2531 1761 2601 μὲν
1787 2531 1908 2584 οὐδὲ

241 2613 600 2683 ὀνειδισθῆναι
632 2615 863 2685 ἤνεγκεν
904 2617 1041 2685 ὑπὲρ
1072 2616 1179 2669 τῶν
1202 2617 1524 2687 σωζομένων
1544 2634 1556 2647 ·
1588 2618 1699 2686 ἐγὼ
1727 2619 1783 2672 δέ
1813 2621 1909 2674 καὶ

244 2699 472 2753 θάνατον
529 2701 815 2770 ὑπέμεινα,
855 2702 950 2756 καὶ
982 2703 1025 2734 δι
1074 2702 1302 2757 θάνατον
1340 2704 1431 2757 τὸν
1484 2706 1777 2776 αἴσχιστον,
1813 2709 1908 2762 καὶ

246 2787 383 2857 μετά
416 2788 587 2841 ταῦτα
621 2790 783 2843 πάλιν
809 2791 1023 2862 ἐτέρους
1067 2792 1397 2846 ἀποστέλλω.
1430 2795 1540 2848 Kal
1567 2796 1595 2846 6
1633 2796 1728 2865 μὲν
1760 2796 1909 2861 ξένος

244 2893 327 2939 τις
352 2871 420 2947 ἧν
450 2877 544 2930 καὶ
581 2878 858 2949 ἀλλότριος
905 2880 998 2932 καὶ
1044 2879 1318 2947 ἄγνωστος
1341 2896 1354 2909 ⁸
1393 2882 1503 2951 ἐγὼ
1551 2883 1607 2936 δέ
1639 2884 1909 2955 συγγενὴς

244 2958 384 3011 κατὰ
414 2960 611 3030 σάρκα,
653 2960 746 3013 καὶ
799 2961 1072 3031 προγόνων
1100 2962 1207 3015 τῶν
1260 2963 1458 3017 αὐτῶν.
1509 2963 1614 3018 Καὶ
1647 2965 1819 3019 πολλὰ.
1848 2966 1907 3019 δέ

243 3045 402 3114 ἔτερα
427 3047 490 3101 ἄν
519 3064 601 3111 τις
624 3048 939 3117 συναγάγοι,
973 3046 1033 3102 τὸ
1070 3048 1227 3105 πλέον
1263 3052 1553 3123 ἐπιζητῶν.
1736 3056 1739 3061 ’

313 3131 382 3198 γ’.
407 3132 642 3195 Αὐτόςδέ
654 3134 771 3187 οὐδέ
790 3130 1021 3187 ἐνταῦθα
1039 3135 1276 3201 ἵσταται,
1294 3138 1430 3191 ἀλλά
1448 3140 1538 3192 καὶ
1551 3138 1735 3211 ἕτερον
1750 3158 1911 3211 προσ⁶

245 3217 424 3287 τίθησι
460 3221 826 3291 παράδειγμα,
859 3222 1031 3291 λέγων
1073 3227 1153 3279 ὅτι
1201 3226 1310 3279 Καὶ
1347 3227 1694 3289 βασίλισσα
1714 3230 1909 3283 Νότου

245 3304 629 3372 ἐγερθήσεται
663 3308 732 3359 ἐν
762 3307 837 3375 τῇ
876 3312 1071 3379 κρίσει
1102 3313 1253 3381 μετὰ
1278 3312 1386 3379 τῆς
1415 3312 1625 3381 γενεᾶς
1664 3316 1907 3382 ταύτης,

245 3391 343 3449 καὶ
392 3394 732 3466 κατακρινεῖ
772 3400 1023 3464 αὐτούς’
1051 3399 1138 3452 ὅτι
1169 3396 1356 3469 ἦλθεν
1379 3400 1446 3453 ἐκ
1495 3400 1612 3453 τῶν
1644 3401 1913 3469 περάτων

247 3482 355 3550 τῆς
376 3482 490 3552 γῆς
521 3484 779 3538 ἀκοῦσαι
814 3485 929 3552 τὴν
950 3486 1174 3554 σοφίαν
1206 3486 1556 3555 Σολομῶνος
1576 3504 1590 3519 ·
1640 3489 1735 3541 καὶ
1781 3488 1911 3542 ἰδοὺ

245 3569 457 3624 πλεῖον
483 3571 830 3641 Σολομῶνος
857 3567 993 3629 ὦδε.
1030 3573 1199 3628 Τοῦτο
1226 3574 1319 3628 τοῦ
1350 3575 1613 3646 προτέρου
1642 3576 1803 3630 πλέον
1819 3572 1909 3647 ἦν.

256 3656 316 3710 Ὀ
347 3658 444 3727 μὲν
466 3658 575 3729 γάρ
603 3660 786 3723 Ἰωνᾶς
826 3662 960 3730 πρὸς
1010 3662 1251 3725 ἐκείνους
1283 3662 1520 3732 ἀπῆλθεν
1540 3680 1553 3693 ·
1599 3664 1631 3734 ή
1670 3663 1726 3716 δὲ
1761 3663 1914 3734 βασί-

244 3744 401 3797 λισσα
425 3745 519 3798 τοῦ
542 3746 713 3800 Νότου
735 3748 835 3801 οὐκ
862 3748 1109 3818 ἀνέμεινε
1143 3749 1235 3802 τὸν
1258 3750 1547 3820 Σολομῶνα
1577 3751 1712 3822 πρὸς
1743 3752 1913 3820 αὐτὴν

247 3832 441 3895 ἐλθεῖν,
468 3833 581 3888 ἀλλ’
606 3834 744 3905 αὐτὴ
774 3836 907 3906 πρὸς
938 3836 1100 3888 αὐτὸν
1146 3836 1496 3907 παρεγένετο,
1528 3839 1619 3891 xal
1650 3837 1787 3908 γυνὴ
1818 3840 1912 3891 καὶ

250 3919 522 3992 βάρϐαρος
558 3916 710 3985 οὖσα,
741 3924 835 3975 καὶ
872 3923 1124 3977 τοσοῦτον
1150 3924 1486 3995 ἀφεστηκυῖα
1512 3966 1527 3990 ,
1559 3928 1657 3979 οὐκ
1684 3927 1913 3995 ἀπειλῆς

247 4009 619 4080 ἐπικειμένης,
652 4009 711 4061 οὐ
746 4008 972 4063 θάνατον
1000 4011 1289 4078 δεδοικυῖα,
1314 4012 1428 4065 ἀλλ’
1454 4013 1617 4084 ἔρωτι
1650 4015 1911 4083 ῥημάτων

249 4099 407 4168 μόνον
457 4099 655 4167 σοφῶν.
712 4100 848 4152 Ἀλλ’
904 4098 1011 4153 ίδοὺ
1055 4101 1148 4154 καὶ¹
1201 4100 1379 4155 πλεῖον
1430 4100 1742 4171 Σολομῶνος
1784 4097 1907 4157 ὦδε.

259 4185 403 4239 Ἐκεῖ
431 4187 527 4254 μὲν
559 4185 669 4257 γάρ
690 4189 725 4257 ἡ
751 4187 887 4260 γυνὴ
915 4188 1265 4259 παρεγένετο,
1303 4188 1538 4243 ἐνταῦθα
1580 4190 1637 4242 δέ
1666 4189 1776 4257 ἐγὼ
1811 4186 1910 4261 ἦλ-

245 4273 355 4327 θον.
393 4274 502 4326 Καὶ
533 4277 565 4344 ὴ
599 4274 695 4345 μὲν
721 4275 829 4329 ἀπὸ
851 4274 958 4328 τῶν
998 4275 1247 4346 περάτων
1287 4277 1383 4348 τῆς
1418 4279 1519 4347 γῆς
1552 4276 1772 4347 ἀνέστη,
1802 4274 1912 4344 ἐγὼ

244 4361 421 4414 δὲκαὶ
468 4361 649 4425 πόλεις
682 4363 775 4416 καὶ
828 4363 1020 4434 κώμας
1077 4364 1455 4435 περιέρχομαι.
1494 4364 1758 4426 Κάκεῖνος
1813 4364 1912 4432 μὲν

245 4448 385 4521 ὑπὲρ
410 4449 641 4521 δένδρων
679 4451 773 4503 καὶ
802 4449 972 4516 ξύλων
994 4451 1281 4520 διελέγετο,
1305 4451 1373 4504 τά
1408 4452 1573 4522 μηδὲν
1602 4452 1742 4522 μέγα
1774 4452 1915 4521 ὠφε-

242 4535 403 4605 λῆσαι
434 4536 528 4608 τὴν
552 4539 1001 4610 παραγενομένην
1030 4538 1301 4610 δυνάμενα
1323 4556 1337 4571 ’
1368 4538 1478 4608 ἐγὼ
1497 4539 1551 4593 δέ
1580 4540 1715 4611 ὑπὲρ
1744 4541 1913 4610 ἀπορο

247 4622 425 4692 ρήτων
446 4626 782 4693 πραγμάτων
806 4626 899 4678 καὶ
923 4628 1237 4699 μυστηρίων
1263 4626 1732 4698 φρικωδεστάτων.
1758 4626 1912 4680 Ἐπεὶ

243 4704 335 4761 οὖν
364 4709 562 4773 αὐτοὺς
595 4712 879 4781 κατέκρινε
900 4754 912 4775 ,
941 4702 1118 4779 δείξας
1156 4718 1219 4768 ἐκ
1254 4713 1448 4766 πολλοῦ
1489 4713 1582 4767 τοῦ
1630 4713 1911 4785 περιόντος

244 4796 603 4866 ἀσύγγνωστα
658 4799 1088 4871 ἁμαρτάνοντας,
1124 4802 1216 4855 καὶ
1247 4802 1344 4873 τῆς
1371 4801 1550 4855 αὐτῶν
1587 4802 1911 4872 ἀγνωμοσύ-

244 4902 361 4953 νης,
398 4886 458 4938 οὐ
497 4885 595 4957 τῆς
630 4885 727 4939 τοῦ
780 4888 1100 4941 διδασκάλου
1155 4887 1460 4952 ἀσθενείας,
1496 4889 1594 4959 τὴν
1628 4890 1910 4960 παρακοὴν

244 4964 429 5035 οὖσαν,
458 4969 551 5021 καὶ
576 4967 736 5023 τοῦτο
760 4970 868 5022 ἀπό
897 4988 956 5024 τε
990 4971 1166 5025 ἄλλων
1199 4971 1432 5035 πολλῶν,
1464 4974 1558 5025 καὶ
1577 4972 1684 5024 τῶν
1704 4972 1911 5025 Νινευῖο

243 5054 352 5108 τῶν
382 5057 477 5110 καὶ
511 5055 611 5126 τῆς
662 5056 979 5131 βασιλίσσης
1032 5059 1281 5124 ἀπέδειξε
1302 5077 1314 5091 ’
1346 5059 1468 5112 τότε
1514 5059 1661 5127 λέγει
1691 5062 1785 5113 καὶ
1811 5060 1910 5131 τὴν

245 5143 700 5217 καταληψομένην
750 5146 948 5207 αὐτοὺς
1000 5145 1221 5199 κόλασιν
1247 5163 1259 5176 ·
1311 5147 1724 5217 αἰνιγματωδῶς
1785 5148 1907 5216 μὲν,

243 5230 389 5298 λέγει
413 5232 468 5284 δέ
491 5234 661 5304 ὅμως,
684 5234 851 5287 πολὺν
873 5234 963 5286 τὸν
988 5234 1151 5304 φόϐον
1169 5234 1471 5303 ἐνυφαίνων
1496 5235 1573 5305 τῷ
1587 5236 1906 5306 διηγήματι.

247 5319 434 5371 Ὅταν
461 5320 587 5389 γὰρ,
618 5325 803 5393 φησὶν,
842 5322 1060 5391 ἐξέλθῃ
1115 5322 1180 5376 τὸ
1206 5321 1543 5392 ἀκάθαρτον
1570 5324 1806 5392 πνεῦμα
1840 5324 1909 5377 ἐκ

247 5403 350 5457 τοῦ
374 5404 706 5472 ἀνθρώπου,
730 5410 1039 5478 πορεύεται
1069 5409 1141 5462 δι’
1159 5409 1431 5478 ἀνύδρων
1450 5411 1666 5473 τόπων,
1697 5409 1911 5478 ζητοῦν

245 5491 621 5545 ἀνάπαυσιν·
648 5497 742 5547 καὶ
765 5496 851 5564 μη
872 5498 1176 5565 εὑρίσκον,
1200 5496 1362 5565 λέγει
1382 5515 1395 5529 ο
1434 5498 1805 5569 Ἐπιστρέψω
1817 5502 1906 5566 εἰς

249 5578 352 5633 τὸν
382 5574 548 5633 οἶκόν
582 5598 722 5648 μου,
767 5583 904 5636 ὅθεν
930 5584 1212 5654 ἐξῆλθον.
1251 5585 1362 5639 Καὶ
1402 5585 1606 5654 ἐλθὸν,
1636 5588 1904 5655 εὑρίσκει

244 5664 619 5736 σχολάζοντα
646 5668 743 5721 καὶ
772 5669 816 5700 δ’
844 5673 1267 5743 σεσαρωμένον
1291 5673 1388 5727 καὶ
1430 5673 1901 5744 κεκοσμημένον.

1312 328 1376 382 ΙΝ
1419 324 1831 383 ΜΑΤἸῊᾸΞΒΜ
1868 325 2099 381 HOMIL.
2141 322 2323 379 XLIII.
2361 322 2432 375 al.
2476 316 2656 373 XLIV.

3568 310 3675 367 ιοο

2011 447 2148 499 Τότε
2170 442 2501 511 πορεύεται,
2530 438 2626 492 καί
2658 433 3104 504 παραλαμϐάνει
3121 431 3247 501 μεθ’
3269 430 3483 485 ἑαυτοῦ
3505 433 3673 501 ἕτερα

2005 534 2155 587 ἑπτὰ
2180 531 2489 597 πνεύματα
2519 524 2886 592 πονηρότερα
2908 520 3145 582 ἑαυτοῦ,
3177 518 3276 573 καί
3320 522 3673 575 εἰσελθόντα

2005 604 2272 673 κατοικεῖ
2286 615 2428 676 ἐκεῖ,
2461 612 2809 681 καὶγίνεται
2850 608 2923 662 τὰ
2957 609 3184 675 ἔσχατα
3219 605 3325 659 τοῦ
3362 606 3673 673 ἀνθρώπου

2003 707 2240 759 ἐκείνου
2271 704 2510 772 χείρονα
2546 698 2662 752 τῶν
2715 694 2976 765 πρώτων.
3031 694 3229 759 Οὕτως
3256 693 3428 747 ἔσται
3474 695 3571 747 καί
3600 693 3675 762 τῇ

2005 790 2182 860 γενεᾷ
2226 792 2433 856 ταύτῃ.
2480 787 2757 841 Ἐντεῦθεν
2789 785 3078 847 δείκνυσιν,
3108 784 3189 836 ὃτι
3214 782 3314 834 οὐκ
3350 784 3406 834 ἐν
3432 782 3503 851 τῷ
3545 783 3675 852 μέλ-

2005 880 2149 932 λοντι
2196 878 2352 930 αἰῶνι
2389 878 2567 947 μόνον,
2618 874 2753 928 ἀλλά
2791 873 2886 925 καὶ
2914 870 3142 923 ἐνταῦθα
3172 869 3529 939 χαλεπώτατα
3554 868 3672 921 πεί-

2009 983 2212 1019 σονται.
2264 963 2482 1032 Ἐπειδὴ
2532 960 2635 1030 γὰρ
2682 958 2831 1031 [462]
2882 953 3055 1019 εἶπεν,
3112 956 3350 1023 Ἄνδρες
3378 954 3676 1009 Νινευῗται

2006 1052 2455 1118 ἀναστήσονται
2488 1050 2557 1102 ἐν
2582 1047 2656 1116 τῇ
2702 1049 2915 1115 κρίσει,
2948 1046 3043 1098 καὶ
3090 1044 3514 1112 καταχρυσοῦσι
3561 1043 3676 1111 τὴν

2008 1141 2222 1211 γενεὰν
2250 1139 2507 1204 ταύτην·
2546 1138 2633 1189 ἵνα
2678 1136 2754 1205 μὴ
2780 1135 2868 1188 διὰ
2913 1134 3012 1202 τὴν
3061 1131 3156 1186 τοῦ
3199 1133 3392 1202 χρόνου
3422 1131 3676 1202 μέλλησιν

2009 1228 2486 1298 καταφρονήσωσι,
2528 1225 2623 1278 καὶ
2681 1223 3043 1294 ῥαθυμότεροι
3098 1221 3381 1289 γένωνται,
3428 1218 3678 1272 ἐντεῦθεν

2008 1316 2293 1386 ἐφίστησιν
2347 1314 2530 1375 αὐτοῖς
2577 1312 2649 1365 τά
2683 1312 2851 1365 δεινά.
2891 1312 2955 1363 Ὃ
3003 1309 3096 1364 καὶ
3123 1311 3152 1363 6
3193 1308 3476 1379 προφήτης
3520 1306 3678 1375 Ὠσηέ

2010 1406 2194 1468 αὐτοῖς
2219 1400 2457 1456 ἀπειλῶν
2485 1401 2700 1469 ἔλεγεν,
2747 1400 2830 1453 ὅτι
2862 1397 3098 1461 ἔσονται,
3128 1397 3358 1462 ’Ὠσπερ
3380 1398 3413 1448 ό
3446 1391 3678 1461 προφή-

2008 1508 2121 1558 της
2145 1494 2177 1544 ό
2221 1486 2705 1557 παρεξεστηκὼς,
2738 1485 3045 1554 ἄνθρωπος
3078 1487 3111 1538 ό
3161 1480 3675 1551 πνευματοφόρος·

2008 1578 2307 1639 τουτέστιν,
2337 1576 2525 1646 ῶσπερ
2550 1577 2599 1628 οἱ
2642 1574 2954 1645 μαινόμενοι
3008 1572 3103 1625 καὶ
3138 1568 3525 1641 βακχευόμενοι
3576 1566 3680 1620 ὑπὸ

2009 1666 2118 1719 τῶν
2148 1664 2400 1735 πονηρῶν
2430 1665 2776 1734 πνευμάτων,
2803 1663 2851 1714 οἱ
2893 1659 3353 1730 ψευδοπροφῆται.
3388 1656 3678 1726 Προφήτην

2013 1754 2122 1824 γὰρ
2160 1751 2393 1806 ἐνταῦθα
2425 1750 2869 1823 παρεξεστηκότα
2898 1747 2990 1800 τὸν
3017 1746 3464 1817 ψευδοπροφήτην
3491 1743 3676 1811 φησὶν,

2011 1834 2113 1893 οἶοί
2154 1841 2291 1892 εἰσιν
2317 1838 2361 1871 ⁸⁸
2391 1840 2439 1891 οἱ
2472 1839 2711 1909 μάντεις.
2757 1836 2927 1889 Τοῦτο
2968 1834 3033 1904 δὴ
3064 1832 3157 1885 καὶ
3194 1833 3222 1884 6
3247 1830 3477 1901 Χριστὸς
3505 1828 3680 1897 δηλῶν

2013 1944 2197 1997 φησιν,
2229 1928 2311 1979 ὅτι
2339 1926 2410 1979 τά
2437 1926 2644 1995 ἔσχατα
2675 1925 2974 1978 πείσονται.
3010 1918 3160 1983 Εἶδες
3192 1920 3306 1981 πῶς
3348 1917 3679 1986 πανταχόθεν

2010 2014 2209 2076 αὐτοὺς
2241 2013 2373 2065 ὠθεῖ
2404 2013 2497 2065 ἐπὶ
2530 2014 2590 2064 τὸ
2619 2011 2908 2080 προσέχειν
2936 2010 3050 2068 τοῖς
3077 2006 3411 2075 λεγομένοις,
3442 2006 3547 2057 ἀπὸ
3571 2003 3680 2056 τῶν

2012 2097 2317 2165 παρόντων,
2346 2096 2455 2150 ἀπὸ
2484 2096 2591 2147 τῶν
2636 2094 2961 2164 μελλόντων,
3005 2091 3113 2144 ἀπὸ
3144 2090 3254 2142 τῶν
3276 2089 3681 2157 εὐδοκιμησάν-

2008 2202 2116 2238 των
2164 2183 2311 2255 (ἀπὸ
2357 2182 2467 2236 τῶν
2499 2179 2798 2235 Νινευῖτῶν
2840 2180 2987 2249 λέγω
3037 2179 3130 2231 καὶ
3173 2177 3272 2245 τῆς
3308 2174 3677 2245 βασιλίσσηῖ),

2010 2270 2119 2323 ἀπὸ
2154 2270 2264 2324 τῶν
2300 2269 2819 2341 προσκεκρουκότων
2844 2266 3057 2338 Τυρίων
3083 2266 3177 2319 καὶ
3227 2263 3576 2333 Σοδομηνῶν;
3615 2265 3680 2313 Ὃ

2010 2358 2106 2410 καὶ
2124 2358 2173 2410 οἱ
2204 2357 2478 2428 προφῆται
2511 2356 2750 2418 ἐποίουν,
2776 2356 2899 2416 τοὺς
2931 2354 3079 2414 υἱοὺς
3112 2349 3370 2421 Ῥηχαϐὶν
3402 2352 3681 2419 παράγονιο

2008 2461 2119 2508 τες,
2157 2445 2253 2497 καὶ
2292 2444 2389 2515 τὴν
2429 2444 2647 2516 νύμφην
2687 2442 2786 2513 τὴν
2834 2442 2937 2495 οὐκ
2964 2437 3458 2507 ἐπιλανθανομένην
3506 2436 3551 2467 ⁸³
3586 2435 3678 2488 τοῦ

2008 2533 2216 2603 κόσμου
2245 2535 2337 2587 τοῦ
2360 2534 2561 2586 οἰκείου
2592 2533 2686 2586 καὶ
2713 2535 2812 2603 τῆς
2843 2529 3280 2600 στηθοδεσμίδος,
3317 2527 3414 2580 καὶ
3442 2525 3531 2578 τὸν
3553 2523 3681 2593 βοῦν

2005 2621 2096 2674 τὸν
2120 2622 2299 2675 εἰδότα
2327 2620 2420 2674 τὸν
2447 2621 2810 2691 κτησάμενον,
2843 2620 2937 2672 καί
2964 2618 3053 2671 τὸν
3076 2618 3196 2670 δνον
3226 2616 3317 2668 τὸν
3344 2614 3442 2686 τὴν
3469 2614 3678 2683 φάτνην

2006 2708 2456 2777 ἐπιγινώσκοντα.
2505 2707 2660 2762 Οὕτω
2686 2708 2748 2777 δὴ
2782 2708 2877 2760 καὶ
2917 2705 3148 2760 ἐνταῦθα
3197 2704 3304 2757 ἀπὸ
3339 2702 3681 2773 συγκρίσεως

2008 2797 2366 2868 παραστήσας
2387 2795 2567 2849 αὐτῶν
2594 2795 2691 2866 τὴν
2727 2792 3141 2864 ἀγνωμοσύνην,
3171 2791 3320 2860 λέγει
3351 2790 3445 2844 καὶ
3477 2788 3574 2860 τὴν
3599 2805 3680 2842 τι-

2008 2884 2218 2956 μωρίαν
2256 2883 2459 2938 λοιπόν.

2076 2972 2142 3025 Τί
2190 2975 2306 3027 ποτ’
2337 2967 2430 3026 οὖν
2481 2974 2597 3024 ἐστι
2638 2970 2700 3024 τὺ
2745 2969 3071 3041 εἰρημένους
3128 2966 3397 3035 Καθάπερ
3417 2966 3465 3018 οἱ
3493 2964 3681 3034 δαιμο-

2007 3059 2225 3124 νῶντες,
2254 3060 2436 3130 φησὶν,
2468 3059 2597 3112 ὅταν
2620 3056 2971 3124 ἀπαλλαγῶσι
2990 3056 3088 3125 τῆς
3111 3054 3418 3126 ἀρρωστίας
3443 3051 3679 3120 ἐκείνης,

2009 3147 2075 3200 ἂν
2099 3147 2457 3219 ῥᾳθυμότεροι
2474 3146 2759 3215 γένωνται,
2782 3144 3169 3215 χαλεπωτέραν
3191 3141 3532 3194 ἐπισπῶνται
3552 3137 3674 3190 καθ’

2009 3232 2215 3286 ἑαυτῶν
2256 3232 2355 3302 τὴν
2384 3232 2713 3299 φαντασίαν·
2751 3230 2894 3284 οὓτω
2940 3230 3032 3282 καὶ
3064 3228 3147 3295 ἐφ’
3186 3227 3339 3296 ὑμῶν
3368 3226 3413 3256 ⁸⁸
3444 3225 3675 3292 γίνεται.

2011 3304 2121 3371 Kal
2146 3320 2252 3389 γὰρ
2277 3321 2369 3372 καὶ
2385 3318 2697 3390 ἔμπροσθεν
2724 3316 3038 3386 κατείχεσθε
3058 3315 3292 3384 δαίμονι,
3315 3315 3404 3365 ὅτε
3426 3312 3496 3365 τά
3529 3312 3680 3364 εἴδω-

2010 3405 2075 3458 λα
2101 3409 2503 3476 προσεκυνεῖτε,
2534 3407 2786 3467 καὶτοὺς
2831 3405 2978 3466 υἱοὺς
3022 3403 3174 3471 ὑμῶν
3226 3400 3519 3467 ἐσφάττετε
3567 3401 3680 3461 τοῖς

2011 3492 2327 3561 δαιμονίοις,
2376 3491 2573 3561 πολλὴν
2628 3488 3057 3559 ἐπιδεικνύμενοι
3115 3488 3313 3555 μανίαν
3338 3505 3351 3517 ·
3388 3486 3503 3538 ἀλλ’
3532 3487 3681 3555 ὅμως

2010 3581 2110 3631 οὐκ
2142 3577 2495 3644 ἐγκατέλιπον
2534 3577 2697 3647 ὑμᾶς,
2735 3575 2850 3628 ἀλλ’
2884 3574 3137 3639 ἐξέϐαλον
3158 3574 3249 3626 τὸν
3274 3572 3503 3641 δαίμονα
3534 3573 3680 3623 ἐκεῖ-

2012 3680 2101 3716 νον
2131 3663 2217 3715 διὰ
2246 3664 2354 3715 τῶν
2381 3662 2695 3732 προφητῶν,
2722 3662 2815 3714 καὶ
2842 3662 2911 3715 δι’
2945 3658 3182 3729 ἐμαυτοῦ
3209 3656 3368 3710 πάλιν
3397 3653 3559 3727 ἦλθον
3589 3656 3681 3708 ἐπὶ

2015 3751 2195 3804 πλεῖον
2230 3750 2534 3821 ἐκκαθᾶραι
2580 3750 2725 3819 ὑμᾶς
2761 3748 3100 3818 βουλόμενος.
3144 3746 3299 3800 ‘Ezsl
3337 3741 3429 3797 οὖν
3463 3744 3523 3795 οῦ
3560 3743 3683 3811 βού-

2010 3838 2166 3891 λεσθε
2195 3837 2500 3908 προσέχειν,
2526 3837 2659 3890 ἀλλά
2687 3835 2781 3890 καὶ
2807 3837 2885 3898 είς
2917 3834 3136 3887 πλείονα
3166 3832 3486 3897 ἐξωκείλατε
3518 3847 3681 3899 πονη-

2014 3926 2133 3996 ρίαν
2169 3924 2295 3994 (τοῦ
2338 3923 2446 3995 γάρ
2490 3925 2770 3994 προφήτας
2802 3922 3007 3975 ἀνελεῖν
3038 3919 3218 3989 πολλῷ
3249 3918 3432 3989 μεῖζον
3471 3918 3563 3971 καὶ
3585 3935 3682 3985 χα-

2011 4010 2215 4064 λεπὼτε
2225 4028 2313 4081 ρον
2336 4011 2396 4063 τὸ
2421 4012 2514 4063 καὶ
2534 4010 2695 4081 avg-:69
2724 4009 2769 4040 ⁸⁸
2789 4007 3132 4077 κατασφάξαι
3155 4008 3170 4073 )
3195 4024 3206 4035 ·
3234 4005 3320 4058 διά
3339 4004 3496 4057 τοῦτο
3520 4003 3680 4073 χαλε-

2013 4100 2234 4171 πώτερα
2287 4098 2541 4153 πείσεσθε
2594 4097 2700 4151 τῶν
2733 4096 3036 4168 προτέρων,
3071 4096 3178 4148 τῶν
3213 4094 3353 4148 κατά
3382 4091 3680 4145 Βαϐυλῶνα

2011 4190 2173 4259 λέγω,
2210 4188 2301 4241 καὶ
2327 4188 2447 4241 κατ’
2477 4188 2769 4256 Αἴγυπτον,
2809 4186 2903 4240 καὶ
2928 4185 3071 4238 κατά
3106 4185 3375 4254 Ἀντίοχον
3400 4184 3492 4236 τὸν
3525 4181 3679 4255 πρῶ-

2011 4297 2122 4333 τον.
2157 4277 2236 4331 Τά
2257 4276 2364 4349 γάρ
2395 4276 2487 4328 ἐπὶ
2516 4274 2920 4330 Οὐεσπασιανοῦ
2954 4275 3049 4329 καὶ
3072 4274 3231 4327 Τίτου
3272 4274 3553 4344 συμϐάντα
3578 4274 3679 4327 αύ-

2011 4370 2123 4429 τοῖς
2147 4364 2325 4435 πολλῷ
2359 4363 2557 4436 μᾶλλον
2586 4365 2630 4395 "
2662 4363 2866 4418 τούτων
2900 4363 3274 4435 χαλεπώτερα.
3309 4363 3400 4415 Διὸ
3439 4363 3532 4414 καὶ
3560 4361 3679 4413 ἕλε-

2012 4470 2137 4522 γεν·
2171 4455 2384 4506 Ἔσται
2417 4452 2621 4521 θλῖψις
2665 4449 2921 4523 μεγάλη,
2970 4452 3066 4506 οἵα
3095 4450 3383 4505 οὐδέποτε
3412 4448 3678 4518 γέγονεν,

2011 4540 2152 4595 οὐδὲ
2184 4540 2270 4609 μὴ
2303 4540 2495 4595 ἔσται.
2529 4540 2604 4592 Οὐ
2627 4539 2784 4593 τοῦτο
2806 4538 2863 4593 δὲ
2899 4538 3057 4611 μόνον
3091 4537 3241 4607 δηλοῖ
3265 4538 3327 4590 τὸ
3355 4536 3675 4605 ὑπόδειγμα,

2012 4629 2124 4682 ἀλλ’
2151 4629 2232 4682 ότι
2269 4628 2364 4681 καὶ
2389 4627 2592 4699 ἀρετῆς
2615 4628 2833 4698 ἀπάσης
2857 4628 3070 4681 ἔσονται
3092 4626 3287 4697 ἔρημοι
3310 4625 3559 4690 καθόλου,
3585 4625 3681 4677 καὶ

2009 4720 2077 4786 τῇ
2110 4716 2217 4770 τῶν
2236 4716 2505 4786 δαιμόνων
2530 4716 2781 4787 ἐνεργείᾳ
2809 4713 3210 4785 εὐεπιχείρητοι
3240 4713 3438 4782 μᾶλλον
3472 4712 3506 4783 ἢ
3533 4713 3675 4767 τότε.

2012 4806 2144 4859 Τότε
2169 4805 2266 4875 μὲν
2298 4803 2406 4875 γὰρ
2429 4805 2474 4856 εἰ
2502 4804 2597 4857 καὶ
2624 4803 2960 4873 ἡμάρτανον,
2996 4802 3110 4854 ἀλλ’
3150 4802 3300 4871 ὅμως
3328 4796 3468 4871 ἦσαν
3497 4801 3591 4854 xal
3627 4802 3679 4853 οἱ

2008 4893 2399 4962 κατορθοῦντες
2421 4892 2478 4945 ἐν
2511 4893 2714 4957 αὐτοῖς,
2746 4892 2842 4943 καὶ
2864 4892 3044 4963 παρῆν
3072 4893 3105 4961 ἡ
3138 4889 3233 4943 τοῦ
3267 4890 3401 4944 Θεοῦ
3428 4890 3681 4961 πρόνοια,

2011 4978 2104 5031 καὶ
2127 4979 2162 5045 ἡ
2188 4975 2281 5028 τοῦ
2305 4975 2620 5045 Πνεύματος
2640 4974 2820 5045 χάρις,
2851 4972 3277 5044 ἐπιμελουμένη,
3299 4972 3679 5043 διορθουμένη,

2009 5063 2079 5115 τά
2114 5063 2241 5134 παρ’
2272 5062 2471 5132 ἑαυτῆς
2523 5060 2739 5114 ἅπαντα
2769 5059 3053 5131 πληροῦσα
3076 5075 3091 5090 ·
3119 5060 3238 5112 νυνὶ
3278 5059 3335 5112 δέ
3363 5059 3457 5112 καὶ
3477 5058 3679 5127 ταύτης

2011 5149 2242 5203 καθόλου
2280 5148 2731 5219 ἐρημωθήσονται
2767 5151 2867 5219 τῆς
2915 5147 3261 5219 κηδεμονίας,
3321 5148 3504 5216 φησὶν,
3536 5144 3677 5198 ὥστε

2011 5237 2102 5290 καὶ
2127 5236 2329 5306 ἀρετῆς
2364 5235 2562 5289 πλείων
2596 5236 2791 5299 σπάνις
2819 5235 2934 5299 νῦν,
2976 5235 3072 5288 καὶ
3098 5235 3381 5305 συμφορᾶς
3407 5232 3673 5294 ἐπίτασις,

2010 5324 2106 5377 καὶ
2139 5323 2407 5394 δαιμόνων
2451 5322 2701 5394 ἐνέργεια
2737 5323 3195 5395 τυραννικωτέρα.
3256 5322 3398 5373 Ἰστε
3450 5315 3544 5371 οὖν
3583 5320 3676 5374 καὶ

2010 5412 2103 5464 ἐπὶ
2129 5412 2228 5481 τῆς
2251 5411 2443 5477 γενεᾶς
2470 5409 2571 5481 τῆς
2601 5408 2895 5481 ἡμετέρας,
2923 5410 3013 5464 ὅτε
3040 5411 3070 5462 6
3104 5408 3311 5468 πάντας
3338 5405 3564 5477 ἀσεϐείᾳ
3596 5422 3678 5457 νι-

2010 5500 2186 5570 κήσας
2218 5498 2503 5562 Ἰουλιανὸς
2528 5498 2914 5570 ἐξεϐακχεύθη,
2942 5498 3061 5558 πῶς
3096 5494 3230 5564 μετά
3253 5494 3360 5544 τῶν
3411 5493 3675 5564 Ἑλλήνων

2012 5588 2239 5650 ἑαυτοὺς
2262 5586 2499 5651 ἔταττον,
2522 5588 2637 5649 πῶς
2663 5586 2731 5639 τά
2753 5586 2973 5641 ἐκείνων
2998 5582 3347 5651 ἐθεράπευον.
3381 5580 3542 5635 Ὥστε
3572 5583 3675 5636 κᾶν

2015 5674 2162 5748 [465]
2196 5675 2392 5747 μικρόν
2416 5691 2469 5727 τι
2502 5674 2700 5728 δοκῶσι
2735 5672 3030 5742 σωφρονεῖν
3068 5669 3182 5734 νῦν,
3216 5668 3303 5723 διὰ
3335 5668 3423 5721 τὶν
3448 5669 3553 5723 τῶν
3580 5672 3675 5742 βα-

315 5807 435 5861 ³⁸.³⁹
454 5807 534 5859 ὅτι
557 5807 619 5859 Α.
641 5822 694 5876 p.
718 5823 770 5878 p.
792 5807 1025 5877 διάγοντι
1047 5812 1109 5866 Λ.
1131 5813 1197 5867 C.
1232 5814 1276 5847 ⁸ο
1296 5814 1776 5885 συνανετράφησαν
1796 5812 1893 5886 Ep.

334 5876 392 5958 If.
483 5876 688 5958 M951”.
715 5875 961 5958 ’βῆσαν
1083 5885 1587 5958 -δδέπιλαθομένην
1614 5886 1697 5958 ῌΛ.Δ
1722 5886 1781 5958 (2.
1811 5954 1837 5958 ι
1875 5884 1906 5915 ¹⁵¹

2010 5816 2330 5887 πετράφτσαν
2359 5815 2418 5870 F.
2460 5817 2497 5849 “
2525 5817 2617 5869 καί
2637 5814 2845 5870 accedit
2867 5828 2929 5865 ex
2954 5810 3111 5865 cmld.
3143 5810 3203 5866 C.
3234 5811 3275 5863 D
3364 5809 3408 5841 δ’
3436 5812 3529 5863 καί
3554 5830 3659 5866 mn.

2012 5887 2026 5907 ’
2056 5852 2228 5958 ὑμῶν]
2255 5888 2344 5941 Sic
2370 5887 2432 5940 Λ.
2453 5897 2504 5958 (fl
2526 5902 2667 5958 corr.
2702 5884 2756 5935 Ε.
2782 5885 2857 5958 είς)
2891 5882 3033 5958 ιιοίιίξ
3057 5883 3257 5958 aqua!
3280 5881 3374 5936 Ge.
3405 5881 3659 5958 637’6;1.:1'n

334 5876 392 5954 If.
483 5875 688 5954 Mgsq‘uj.
715 5875 793 5954 :3
811 5875 961 5954 ﬁaay
998 5883 1060 5933 A.
1084 5875 1584 5954 _“ém).a00p.éyﬁv
1610 5875 1691 5937 'A'.
1722 5886 1781 5939 (Σ.

1875 5884 1921 5915 ’⁵⁸
1941 5887 2026 5953 ἐφ’
2056 5884 2207 5957 ὑμῶν

2255 5888 2344 5941 Sic
2370 5887 2432 5940 Λ.
2453 5897 2504 5940 ει
2526 5902 2667 5941 corr.
2702 5884 2756 5935 Ε.
2782 5885 2857 5935 sic
2891 5882 3033 5935 vobis
3057 5883 3257 5933 arridet
3280 5881 3374 5936 Ge.
3405 5881 3490 5947 ὑφ’
3513 5884 3664 5951 ὑμέων

248 5945 306 6001 D.
337 5946 597 6017 ὑφ’ήμῶν
619 5945 679 6003 C.
715 5947 773 6002 F.
806 5945 888 6018 ἐφ’
932 5950 1058 6021 ὑμῖν
1083 5950 1177 6023 Ep.
1248 5955 1294 5985 δ’
1317 5945 1498 6025 αὐτόν]
1525 5945 1647 6010 illd.
1685 5955 1780 6025 ἐμέ
1806 5954 1869 6010 Ι).

2010 5945 2162 6012 ;οι1ὶικ
2205 5945 2425 6028 ﬂuidam
2460 5956 2631 6011 l'aris.
2668 5971 2753 6025 ap.
2788 5953 2911 6007 διν.
2987 5954 3028 5984 ⁸⁷
3051 5954 3246 6020 μᾶλλον
3270 5967 3375 6007 om.
3405 5945 3651 6013 Λζίῖξιῖιι
