4042 6218
431 372 524 427 ιϐι
1377 362 1443 418 lN
1486 358 1894 415 MATTIIASUM
1936 357 2161 413 llOMlL.
2208 356 2389 412 XLIII.
2435 360 2503 414 al.
2548 360 2730 415 XLIV.

430 503 549 543 sese
587 502 708 542 cum
740 482 1023 554 gentilibus
1045 477 1350 550 iungerent,
1396 487 1448 532 et
1479 478 1688 530 illormn
1719 488 1896 528 mores
1922 489 2009 526 se-

431 588 722 634 ctarentur.
750 574 928 642 Itaque
949 574 1156 628 etiamsi
1186 587 1322 625 nunc
1348 571 1607 624 tantillum
1632 567 2014 621 moderatiores

434 671 709 723 videantur
751 681 891 727 esse,
941 665 1060 734 quia
1091 661 1472 730 lmperatorum
1505 670 1649 714 metu
1695 659 2010 728 quiescunt:

432 772 579 817 certe
606 761 702 813 nisi
748 759 849 812 hoc
888 766 1049 819 esset,
1078 756 1241 808 multo
1267 755 1512 824 graviora
1542 768 1697 822 quam
1738 761 1860 804 ante
1897 748 2012 801 ausi

435 855 677 907 fuissent.
707 849 837 904 Nam
864 849 914 901 in
957 849 1073 901 aliis
1101 847 1350 915 operibus
1381 844 1534 897 malis
1557 843 1757 912 priscos
1779 841 1897 893 illos
1922 854 2013 891 su-

433 952 638 1014 perant,
673 942 724 995 in
755 940 1061 1010 praestigiis,
1095 937 1347 990 maleficis
1376 933 1594 1000 artibus,
1625 941 1673 990 et
1697 933 1746 984 in
1776 928 2012 992 lascivia,

432 1034 608 1087 omnia
637 1032 820 1086 isthmc
840 1044 996 1098 supra
1025 1027 1238 1082 modum
1261 1032 1592 1080 exercentes.
1616 1021 1781 1076 Etiam
1805 1021 1858 1074 in
1876 1019 2012 1081 aliis,

432 1127 531 1180 etsi
562 1125 662 1180 hoc
683 1121 836 1179 freno
859 1124 1216 1187 detineantur,
1245 1135 1385 1188 smpc
1405 1118 1693 1173 seditiones
1712 1119 2013 1177 moverunt,

433 1227 616 1270 contra
658 1215 1012 1284 Imperatores
1044 1215 1484 1276 insurrexerunt,
1520 1209 1590 1263 ita
1616 1217 1671 1262 ut
1698 1207 1750 1261 in
1780 1215 2016 1261 extrema

436 1309 814 1363 delaberentur
853 1309 1012 1361 mala.

506 1400 559 1452 4.
591 1398 812 1454 Ubinam
839 1413 967 1468 ergo
988 1406 1112 1452 sunt
1140 1397 1216 1451 illi
1241 1396 1329 1467 qui
1351 1395 1497 1466 signa
1520 1393 1791 1464 qureruut?
1814 1390 2014 1450 Sciant,

436 1490 603 1559 probo
631 1498 848 1559 etgrato
873 1503 1007 1559 opus
1032 1503 1150 1544 esse
1173 1488 1350 1542 animo
1379 1502 1394 1540 :
1418 1486 1505 1556 qui
1535 1485 1633 1539 nisi
1658 1484 1815 1547 adsit,
1841 1482 2019 1551 signo-

435 1597 552 1634 rum
585 1581 728 1635 nulla
754 1580 858 1636 erit
900 1580 1118 1634 utilitas.
1160 1577 1316 1634 Certe
1343 1577 1586 1631 Ninivitce
1616 1576 1816 1642 absque
1855 1572 2020 1640 signis

435 1669 776 1724 crediderunt
808 1688 820 1724 :
855 1668 907 1724 hi
935 1683 1062 1724 vero
1087 1679 1209 1738 post
1250 1676 1328 1721 tot
1356 1665 1611 1721 miracula
1647 1663 1858 1733 pejores
1895 1669 2021 1714 sunt

436 1765 653 1829 effecti,
695 1779 859 1834 seque
906 1764 1306 1817 innumerorum
1347 1759 1650 1814 daemonum
1687 1755 2017 1811 domicilium

436 1856 840 1916 constituerunt,
861 1863 915 1908 et
941 1863 1218 1909 sescentas
1241 1851 1338 1907 sibi
1360 1858 1678 1920 pepererunt
1695 1847 2022 1902 calamitates

435 1946 552 2016 jure
581 1946 916 2000 illatas.Cum
945 1945 1085 2000 enim
1111 1945 1228 2013 quis
1251 1959 1280 1996 a
1300 1942 1455 1996 malis
1481 1941 1735 1994 liberatus
1761 1953 1864 1992 non
1891 1937 2022 1991 resi-

435 2040 612 2110 piscit,
647 2040 800 2108 longe
826 2038 1066 2108 graviora
1101 2034 1365 2105 prioribus
1411 2032 1658 2102 patietur.
1711 2029 1836 2084 ideo
1879 2027 2018 2081 enim

436 2129 606 2192 dixit,
663 2128 780 2182 Non
809 2128 991 2180 invenit
1017 2127 1232 2196 requiem
1258 2167 1272 2190 ,
1302 2133 1360 2178 ut
1385 2121 1668 2186 ostendat,
1717 2120 2018 2174 daemonum

439 2220 656 2273 insidias
697 2220 836 2271 hunc
879 2217 1180 2271 necessario
1209 2223 1548 2282 correpturos
1592 2226 1731 2266 esse.
1779 2210 1912 2264 Nam
1956 2209 2023 2263 ab

440 2309 521 2362 his
549 2306 758 2362 duobus
782 2305 846 2360 ad
877 2321 1059 2360 sanam
1092 2312 1324 2358 mentem
1354 2301 1532 2356 reduci
1565 2301 1926 2368 oportuisset,
1970 2306 2025 2350 et

438 2399 576 2468 quod
605 2397 764 2466 passi,
789 2407 840 2452 et
861 2396 1000 2466 quod
1032 2395 1239 2449 liberati
1269 2401 1484 2458 essent;
1509 2392 1615 2446 imo
1648 2391 1860 2445 tertium
1891 2403 2024 2458 quo-

439 2506 542 2560 que
563 2489 734 2552 adest,
764 2503 959 2558 nempe
1001 2485 1346 2542 comminatio
1377 2500 1442 2539 ne
1472 2483 1595 2554 quid
1623 2482 1858 2537 deterius
1887 2495 2018 2535 cou-

440 2585 625 2652 tiugat.
660 2582 908 2637 Attamen
939 2596 1002 2635 ex
1033 2579 1175 2633 nullo
1205 2594 1390 2634 eorum
1422 2577 1670 2632 meliores
1715 2581 2022 2629 evaserunt.

441 2673 565 2728 llaec
609 2689 734 2727 vero
780 2688 885 2727 non
928 2671 994 2725 ad
1025 2671 1144 2725 illos
1180 2679 1380 2724 tantum
1406 2710 1421 2735 ,
1475 2666 1568 2722 sed
1608 2667 1766 2722 etiam
1812 2663 1878 2718 ad
1926 2679 2023 2717 nos

440 2768 580 2822 dicta
607 2765 772 2821 fuisse
798 2773 1095 2835 opportune
1124 2762 1403 2818 credamus
1426 2802 1442 2827 ,
1481 2759 1694 2830 quando
1742 2756 2024 2812 illuminati

439 2868 494 2912 ct
522 2874 550 2912 a
582 2857 768 2927 priscis
794 2856 960 2926 erepti
988 2855 1175 2920 malis,
1213 2867 1397 2907 rursus
1427 2851 1603 2906 cidem
1633 2848 1882 2919 nequitia:
1913 2847 2022 2901 ha:-

442 2963 620 3003 remus
653 2965 665 3001 :
701 2962 821 3001 nam
853 2945 922 3000 ob
960 2944 1189 3000 admissa
1239 2954 1359 3013 post
1387 2942 1499 2996 haec
1544 2950 1757 3010 peccata
1793 2938 2025 3006 graviori

441 3039 642 3092 ultione
683 3037 994 3108 plectemur.
1027 3035 1149 3090 Ideo
1178 3033 1466 3104 paralytico
1493 3031 1702 3087 dicebat
1738 3030 1978 3085 Christus
2008 3047 2020 3082 :

447 3132 595 3198 Ecce,
625 3147 778 3185 sanus
807 3133 972 3201 factus
1001 3143 1089 3203 es;
1121 3128 1226 3182 noli
1253 3126 1472 3196 amplius
1509 3139 1712 3195 peccare
1736 3163 1750 3185 ,
1801 3138 1863 3175 ne
1907 3121 2027 3191 quid

444 3222 532 3275 tibi
559 3221 774 3274 deterius
804 3220 1060 3289 contingat
1091 3216 1270 3286 (Joan.
1304 3217 1358 3272 5.
1387 3212 1487 3286 Η)
1533 3232 1544 3267 :
1574 3221 1628 3269 et
1674 3213 1786 3268 haec
1827 3213 2026 3266 homini

443 3314 582 3368 dicta
603 3322 744 3377 sunt,
768 3311 858 3383 qui
885 3309 1095 3381 triginta
1115 3319 1234 3364 octo
1255 3307 1408 3364 annis
1430 3321 1569 3378 ager
1589 3305 1779 3362 fuerat.
1800 3303 2024 3375 Ecquid,

447 3406 652 3477 inquies
675 3446 690 3471 ,
719 3404 930 3474 gravius
959 3417 1210 3471 passurus
1255 3411 1371 3456 erat
1397 3443 1410 3466 ,
1442 3415 1599 3470 quam
1629 3399 1822 3454 antea?
1849 3398 2029 3468 Longe

447 3497 627 3566 pejora
657 3505 709 3550 ct
735 3495 1002 3564 graviora.
1039 3492 1192 3546 Absit
1237 3492 1378 3546 enim
1415 3505 1483 3545 ne
1531 3499 1674 3544 tanta
1724 3484 1986 3558 patia'mur
2009 3528 2025 3551 ,

443 3598 641 3658 quanta
672 3588 776 3657 pati
807 3601 1108 3656 possumus.
1135 3584 1316 3653 Neque
1342 3583 1484 3637 enim
1510 3583 1618 3636 Deo
1644 3581 1900 3650 supplicia
1931 3581 2029 3634 de-

445 3691 590 3736 sunt.
622 3680 753 3736 Nam
786 3690 842 3734 ut
873 3693 1063 3748 magna
1102 3677 1468 3733 misericordia
1494 3675 1610 3745 ejus
1631 3718 1645 3741 ,
1676 3675 1745 3728 ita
1780 3683 1833 3728 et
1857 3672 2032 3743 gravis

447 3785 530 3829 est
557 3775 631 3828 ira
660 3775 794 3843 ejus.
827 3771 938 3827 Hac
965 3771 1032 3826 de
1054 3786 1112 3826 re
1128 3769 1514 3841 Jcrosolymam
1541 3768 1680 3837 apud
1699 3765 2029 3821 Ezeclticlcm

446 3873 677 3918 accusat.
724 3862 836 3916 Vidi
866 3863 998 3916 enim
1029 3871 1106 3926 te,
1139 3861 1340 3930 inquit,
1376 3861 1622 3930 pollutam
1660 3859 1906 3930 sanguine
1929 3898 1943 3919 .
1985 3866 2030 3911 et

449 3960 548 4013 lavi
573 3968 617 4012 et
667 3956 788 4010 unxi
817 3997 831 4019 ,
874 3965 920 4008 et
951 3958 1137 4024 factum
1160 3963 1231 4006 est
1259 3953 1345 4005 tibi
1374 3969 1552 4006 nomen
1578 3955 1629 4005 in
1662 3950 2034 4020 pulchritudine

449 4064 573 4116 tua;
600 4063 644 4104 et
665 4051 916 4120 fornicata
942 4065 993 4102 es
1017 4063 1129 4099 cum
1155 4045 1382 4115 ﬁnitimis
1412 4046 1511 4098 tuis
1539 4043 1747 4114 (Ezecli.
1776 4045 1858 4096 ili.
1894 4043 1947 4095 6.
1977 4041 2031 4100 9;

451 4145 538 4197 M.
567 4142 669 4212 26}
705 4159 718 4194 :
753 4139 872 4194 ideo
915 4138 1155 4208 graviora
1195 4137 1287 4190 tibi
1336 4133 1574 4204 peccanti
1603 4133 1853 4187 minatur.
1901 4132 2036 4185 lliuc

453 4250 580 4290 vero
608 4249 712 4288 non
741 4230 1057 4300 supplicium
1089 4236 1312 4292 t:mtum,
1345 4225 1436 4280 sed
1467 4225 1780 4278 immensam
1813 4223 1903 4276 Dei
1938 4237 2031 4291 pa-

453 4327 688 4382 tientiam
719 4335 893 4379 tecum
923 4331 1127 4392 reputa.
1159 4319 1312 4388 Saepe
1343 4332 1571 4387 namque
1601 4317 1652 4369 in
1679 4315 1865 4370 eadem
1899 4313 2033 4367 mala

451 4418 652 4488 delapsi
678 4431 883 4481 sumus,
909 4412 1140 4468 etadlmc
1159 4412 1246 4466 ille
1261 4425 1354 4464 nos
1370 4410 1576 4463 tolerat.
1596 4407 1787 4461 Verum
1821 4421 1886 4460 ne
1904 4420 2036 4460 con-

458 4510 702 4573 fidamus,
735 4507 828 4563 sed
859 4506 1032 4576 potius
1061 4504 1362 4559 timeamus.
1394 4499 1607 4554 Etenim
1635 4497 1862 4560 Pharao,
1895 4497 1938 4552 si
1966 4513 2032 4552 ex

457 4602 624 4671 prima
654 4600 802 4669 plaga
827 4597 1156 4667 resipuisset,
1191 4608 1294 4646 non
1325 4599 1609 4661 sequentes
1635 4597 1907 4658 expertus,
1937 4601 2037 4642 nec

456 4701 638 4763 postea
669 4705 788 4744 cum
818 4697 928 4743 toto
954 4687 1188 4742 exercitu
1228 4683 1507 4739 demersus
1546 4680 1752 4736 fuisset.
1788 4679 1912 4733 llmc
1941 4695 2037 4732 au-

458 4796 563 4840 tem
589 4784 728 4845 dico,
761 4783 880 4851 quia
912 4781 1107 4834 multos
1133 4778 1254 4832 novi
1285 4792 1426 4831 nunc
1450 4777 1587 4831 sicut
1616 4775 1822 4829 Pharao
1850 4773 2036 4828 dicen-

458 4883 539 4930 tes
561 4917 574 4940 ,
604 4872 718 4927 Non
753 4871 878 4924 novi
905 4870 1106 4929 Deum;
1157 4867 1244 4936 qui
1274 4867 1384 4920 luto
1408 4876 1462 4920 et
1505 4865 1760 4920 lateribus
1799 4863 2040 4917 subditos

457 4983 584 5023 suos
611 4964 882 5020 addicunt.
910 4962 1049 5027 Quot
1075 4959 1338 5024 homines,
1369 4957 1588 5026 jubente
1621 4956 1730 5010 Deo
1755 4955 1927 5008 minas
1955 4970 2041 5008 re-

459 5063 694 5124 mittere,
723 5074 790 5111 ne
818 5056 1057 5110 laborem
1095 5050 1310 5122 quidem
1342 5050 1581 5104 relaxare
1603 5048 1812 5101 volunt?
1841 5046 2038 5101 Verum

459 5172 564 5210 non
594 5160 676 5207 est
690 5151 799 5221 jam
827 5147 1065 5201 Rubrum
1094 5157 1239 5197 mare
1267 5139 1657 5209 trajiciendum.
1691 5137 1794 5192 Sed
1825 5138 2042 5207 pelagus

460 5249 598 5319 ignis
641 5253 724 5301 est
746 5286 761 5310 ,
802 5241 1022 5313 pelagus
1052 5252 1157 5290 non
1201 5250 1321 5289 cum
1353 5233 1444 5287 illo
1474 5230 1898 5295 conferendum,
1947 5227 2042 5283 sed

463 5341 628 5394 multo
669 5338 843 5408 majus
877 5343 935 5389 et
975 5330 1224 5386 acerbius
1249 5370 1262 5391 ,
1304 5326 1454 5397 cujus
1483 5325 1675 5379 fluctus
1715 5325 1850 5394 ignis
1878 5331 2038 5387 sunt;

465 5430 598 5495 ignis
635 5438 776 5482 certe
805 5441 972 5479 novus
997 5432 1051 5477 et
1094 5418 1410 5473 horrendus.
1441 5417 1681 5486 Abyssus
1719 5415 1824 5468 illic
1854 5429 2042 5484 magna

465 5531 547 5576 est
572 5519 797 5574 ﬂamma:
823 5516 1167 5588 gravissimar.
1199 5511 1274 5566 lbi
1313 5510 1454 5564 enim
1497 5509 1669 5578 ignem
1697 5521 1908 5575 seraper
1935 5507 2039 5559 cir-

465 5627 806 5668 cumcurrcre
831 5610 1012 5663 videre
1042 5616 1156 5674 est,
1198 5605 1322 5659 fera:
1362 5601 1760 5658 imn'ianissiune
1792 5601 2039 5654 similem.

467 5706 520 5759 Si
551 5703 689 5755 enim
715 5701 800 5754 ille
829 5700 1041 5754 sensilis
1065 5707 1119 5752 ct
1156 5694 1441 5751 matcrialis
1473 5693 1626 5760 ignis,
1660 5692 1807 5760 quasi
1838 5694 1942 5746 fern
1978 5707 2042 5745 ex

470 5798 683 5850 inritare
723 5793 973 5848 cxsiliens
997 5833 1010 5857 ,
1051 5790 1235 5845 insiliit
1264 5789 1312 5842 in
1353 5804 1444 5842 eos
1471 5787 1559 5856 qui
1596 5795 1742 5840 crura
1773 5785 2042 5840 fornacem

3594 369 3698 424 4ϋὲ

2116 481 2292 536 erant,
2325 474 2448 528 dum
2481 485 2585 529 tres
2612 476 2755 544 pueri
2793 478 2929 531 intus
2957 490 3134 533 essent
3164 481 3176 512 ¹
3213 497 3226 534 :
3257 482 3378 550 quid
3409 497 3512 536 non
3542 482 3700 538 faciet

2120 565 2255 632 ignis
2285 567 2374 620 ille
2401 568 2462 620 iis
2494 569 2581 637 qui
2611 571 2660 622 in
2690 571 2834 622 illum
2865 571 3098 626 incident
3118 574 3140 625 ?
3164 573 3297 627 Audi
3330 576 3614 644 prophetas
3635 576 3703 630 de

2122 660 2209 712 illo
2235 659 2322 714 die
2354 661 2632 729 loquentes
2669 680 2680 714 :
2720 661 2837 714 Dies
2874 663 3076 717 Domini
3100 668 3424 728 incurabilis,
3459 672 3630 739 furore
3657 677 3703 721 et

2118 753 2198 804 ira
2225 752 2400 821 plenus
2451 752 2600 820 (lsai.
2639 754 2721 807 15.
2759 755 2836 824 9).
2873 755 3036 810 Nemo
3073 759 3212 809 enim
3244 759 3340 811 erit
3373 761 3462 827 qui
3491 759 3700 824 adslet,

2122 857 2279 896 nemo
2323 844 2409 911 qui
2443 853 2630 906 eruat;
2663 861 2918 913 nusquam
2957 847 3025 899 ibi
3067 848 3263 901 Christi
3294 849 3478 902 faciem
3519 851 3702 904 mitem

2121 941 2174 985 et
2218 948 2462 987 serenam
2491 935 2831 1003 .conspieies.
2887 936 2992 991 Sed
3041 939 3487 1006 quemadmodum
3533 941 3566 994 ii
3615 942 3702 1011 qui

2123 1024 2334 1078 metalla
2363 1035 2610 1090 tractant,
2640 1029 2850 1081 acerbis
2874 1030 3152 1084 traduntur
3182 1031 3504 1096 hominibus,
3537 1036 3706 1088 nemi-

2124 1132 2349 1186 nemque
2377 1119 2669 1173 amicorum
2693 1162 2706 1184 ,
2735 1121 2827 1174 sed
2854 1135 2952 1177 eos
2977 1130 3178 1176 tantum
3207 1127 3292 1193 qui
3327 1134 3562 1192 pra‘sunt
3581 1168 3595 1190 ,
3625 1127 3706 1178 vi-

2122 1209 2250 1263 dent
2275 1229 2288 1264 :
2310 1212 2387 1264 sic
2415 1221 2469 1265 et
2501 1221 2654 1276 tunc;
2691 1213 2796 1267 imo
2826 1229 2929 1267 non
2957 1215 3053 1276 sic,
3078 1215 3169 1268 sed
3192 1214 3348 1284 longe
3371 1215 3709 1270 horribiliore

2123 1300 2302 1354 modo.
2337 1302 2458 1355 Istic
2479 1303 2620 1356 enim
2646 1302 3022 1371 Imperatorem
3056 1320 3338 1374 possumus
3367 1306 3515 1360 adire
3536 1315 3586 1360 et
3618 1323 3705 1359 ru-

2124 1407 2269 1461 gare,
2288 1400 2341 1446 et
2370 1393 2446 1446 sic
2470 1393 2779 1448 damnatum
2808 1395 3018 1450 solvere
3039 1414 3051 1449 :
3075 1396 3182 1450 illic
3209 1412 3336 1450 vero
3353 1411 3529 1450 secus.
3557 1395 3708 1450 Nulla

2125 1484 2267 1536 enim
2293 1485 2556 1547 remissio,
2580 1486 2672 1539 sed
2696 1494 2913 1541 manent
2940 1487 2989 1540 in
3013 1495 3159 1540 tanto
3179 1487 3413 1540 cruciatu
3432 1497 3482 1541 et
3498 1487 3708 1550 dolore,

2125 1574 2212 1643 qui
2244 1579 2347 1626 non
2384 1576 2549 1642 possit
2578 1575 2828 1644 exprimi.
2859 1577 2991 1631 Nam
3023 1580 3064 1632 si
3093 1593 3278 1632 eorum
3324 1580 3411 1648 qui
3445 1580 3530 1632 hic
3559 1595 3708 1634 com-

2126 1664 2386 1718 buruntur
2415 1677 2598 1721 acutos
2626 1667 2840 1722 dolores
2870 1669 3044 1722 nullus
3085 1677 3258 1737 potest
3289 1684 3468 1724 sermo
3507 1670 3708 1723 descri-

2126 1753 2251 1810 bere
2273 1796 2285 1818 .
2320 1757 2485 1810 multo
2522 1758 2695 1812 minus
2724 1759 2826 1812 illis
2853 1760 3029 1814 verbis
3071 1760 3297 1829 exprimi
3332 1769 3575 1828 possunt.
3614 1761 3710 1815 llic

2127 1847 2266 1900 enim
2297 1847 2443 1902 brevi
2477 1858 2714 1918 tempore
2745 1859 2911 1904 tottnn
2945 1849 3217 1919 perficitur

2126 1941 2318 2002 ltt'ilttl‘,
2352 1955 2456 1992 non
2485 1941 2838 1995 consumitur.

2200 2026 2277 2078 An
2296 2029 2357 2079 sil
2372 2029 2647 2082 consolatio
2663 2032 2822 2084 socios
2855 2032 3034 2084 habere
3064 2032 3531 2102 supplicii.—Quid
3557 2033 3714 2102 igitur

2130 2115 2200 2170 ibi
2221 2116 2511 2172 faciemus?
2535 2119 2792 2188 Meipsum
2814 2121 3010 2192 quippe
3029 2123 3289 2192 alloquor.
3309 2124 3362 2178 Si
3387 2135 3461 2186 tu,
3484 2125 3711 2192 inquies,

2128 2208 2314 2263 doctor
2342 2211 2567 2279 teipsum
2597 2211 2883 2282 alloqueris
2911 2256 2925 2278 ,
2958 2215 3099 2268 nttlla
3131 2216 3257 2268 mihi
3289 2231 3414 2269 cura
3446 2228 3713 2286 superest.

2129 2299 2266 2366 Quid
2298 2301 2488 2354 mirum
2519 2302 2661 2355 enim
2702 2304 2744 2356 si
2773 2312 2826 2356 et
2855 2319 2956 2373 ego
2981 2305 3220 2372 plectar?
3251 2305 3329 2360 Ne
3353 2347 3367 2371 ,
3398 2322 3579 2374 qowso
3604 2348 3617 2369 ,
3653 2324 3717 2359 ne

2129 2390 2250 2460 quis
2287 2389 2422 2444 hanc
2451 2402 2655 2460 quzerat
2685 2393 3132 2447 consolationem.
3163 2394 3344 2463 Neque
3374 2399 3515 2449 enim
3548 2397 3714 2448 ullmu

2131 2483 2202 2536 ibi
2237 2483 2508 2538 solatium.
2557 2484 2771 2550 Annon,
2799 2499 3014 2554 quzeso,
3052 2485 3360 2554 incorporea
3413 2487 3578 2540 virtus
3605 2499 3720 2541 erat

2129 2574 2419 2629 diabolus?
2479 2589 2654 2629 nonne
2706 2577 3044 2645 praestantior
3088 2575 3439 2640 hominibus?
3471 2579 3716 2633 Attamen

2131 2667 2311 2738 lapsus
2333 2677 2432 2721 est.
2472 2669 2552 2721 An
2588 2683 2714 2723 vero
2735 2669 2998 2738 quispiam
3029 2668 3152 2723 hinc
3177 2670 3594 2725 consolationem
3625 2688 3716 2725 ae-

2131 2758 2290 2826 cipiet
2316 2757 2456 2826 quod
2506 2773 2626 2812 cum
2679 2758 2771 2813 illo
2819 2759 3127 2813 crucietur?
3175 2759 3538 2829 Nequaquam.
3581 2763 3719 2828 Quid

2131 2864 2291 2918 porro
2322 2849 2557 2920 Aigyptii
2606 2851 2679 2904 illi
2728 2851 2956 2905 omnes?
3004 2867 3183 2906 annon
3231 2853 3510 2921 pra-lectos
3557 2854 3718 2907 etiam

2133 2941 2318 3010 plexos
2345 2940 2627 2995 viderunt?
2656 2950 2710 2996 et
2731 2941 2920 2996 domos
2942 2942 3181 3012 singulas
3209 2943 3258 2996 in
3289 2942 3457 2997 luctu?
3485 2943 3564 2996 An
3595 2943 3715 2996 ideo

2132 3033 2549 3088 consolationem
2563 3034 2994 3104 acceperunt,vel
3015 3035 3363 3103 reSpirarunt?
3384 3035 3596 3090 Minime
3612 3051 3721 3089 cer-

2136 3133 2186 3178 te
2219 3143 2232 3178 :
2261 3126 2310 3180 id
2341 3125 2481 3196 quod
2513 3125 2770 3196 liquidum
2792 3135 2959 3182 estex
2995 3127 3058 3180 iis
3083 3141 3199 3197 qua:
3224 3135 3406 3196 postea
3435 3126 3678 3181 fecerunt
3703 3167 3718 3192 ,

2133 3218 2281 3286 quasi
2311 3219 2520 3272 flatnma
2539 3217 2762 3287 quadam
2786 3217 3034 3288 ﬂagellati
3063 3233 3240 3289 regem
3255 3219 3518 3285 adierunt,
3536 3230 3589 3273 et
3617 3219 3720 3272 lle-

2135 3311 2400 3367 brteorum
2429 3309 2680 3382 populum
2708 3309 2952 3366 emittere
2975 3318 3283 3381 coegerunt.
3325 3308 3535 3382 Frigida
3575 3320 3722 3366 certe

2134 3404 2428 3458 consolatio
2450 3402 2836 3472 cruciati,quod
2853 3418 2970 3457 cum
2991 3403 3107 3456 aliis
3125 3401 3538 3472 puniatur,quod
3555 3405 3724 3471 possit

2136 3493 2540 3560 dicere,Eadem
2557 3493 2862 3548 comlitione
2877 3509 2995 3546 sum
3018 3509 3119 3562 qua
3147 3493 3256 3546 alii.
3279 3493 3382 3549 Sed
3400 3493 3524 3562 quid
3552 3493 3618 3547 de
3634 3508 3725 3563 ge-

2137 3583 2311 3639 henua
2338 3584 2570 3653 loquor?
2613 3582 2794 3652 Cogita
2813 3597 2907 3636 eos
2927 3584 3016 3652 qui
3048 3581 3277 3652 podagra
3310 3583 3554 3637 laborant
3587 3601 3600 3636 :
3626 3583 3717 3652 qui

2136 3691 2256 3731 cum
2278 3677 2448 3731 acutis
2472 3673 2744 3730 doloribus
2758 3673 3081 3739 cruciantur,
3104 3673 3309 3726 etiamsi
3331 3682 3610 3727 sexcentos
3630 3689 3724 3728 os-

2139 3767 2326 3822 tendas
2340 3766 2580 3838 graviora
2607 3765 2888 3836 patientes,
2903 3778 2970 3818 ne
2995 3762 3269 3817 attendere
3289 3763 3499 3832 quidem
3519 3764 3723 3818 volunt.

2141 3861 2232 3915 Vis
2259 3859 2455 3930 quippe
2483 3857 2684 3912 doloris
2712 3871 2778 3910 ne
2805 3857 2978 3910 locum
3008 3854 3222 3924 quidem
3249 3855 3373 3908 sinit
3395 3863 3446 3907 ut
3470 3855 3605 3909 alios
3627 3871 3720 3909 co-

2138 3956 2306 4025 gitent
2329 3993 2344 4018 ,
2392 3952 2621 4020 hincque
2644 3948 3066 4004 consolationem
3095 3946 3376 4014 accipiant.
3431 3946 3507 4000 Ne
3540 3948 3718 4015 itaque

2142 4046 2243 4099 hac
2269 4043 2456 4113 frigida
2484 4057 2577 4111 spe
2601 4041 2826 4104 alamur;
2859 4035 3157 4092 consolatio
3178 4036 3369 4104 quippe
3397 4035 3482 4088 illa
3501 4052 3562 4090 ex
3583 4037 3728 4105 ejus-

2139 4137 2262 4192 dem
2320 4135 2445 4189 mali
2491 4133 2828 4188 consortibus
2880 4140 3028 4202 parta
3057 4171 3070 4194 ,
3123 4131 3174 4183 in
3217 4129 3469 4184 mediocri
3520 4138 3724 4182 tantum

2141 4241 2378 4282 mrumna
2406 4227 2578 4280 locum
2607 4224 2764 4278 habet
2789 4241 2802 4290 ;
2844 4222 3057 4294 quando
3085 4232 3260 4275 autent
3289 4221 3458 4290 major
3492 4232 3571 4276 est
3598 4237 3727 4274 cru-

2141 4321 2331 4384 ciatus,
2354 4330 2406 4372 et
2436 4318 2684 4372 interiora
2712 4325 2789 4370 tot
2817 4315 3062 4370 fluctibus
3087 4314 3372 4383 agitantur,
3410 4323 3464 4366 ut
3494 4329 3558 4367 ne
3585 4317 3730 4381 seip-

2143 4428 2255 4468 sam
2289 4412 2454 4482 possit
2497 4412 2673 4465 anima
2717 4422 3061 4479 cognoscere,
3105 4405 3367 4461 undenam
3407 4406 3730 4461 consolatio-

2144 4521 2264 4560 nem
2286 4505 2548 4574 accipiet?

2216 4598 2268 4654 5.
2301 4597 2482 4667 Itaque
2519 4596 2742 4652 ridicula
2770 4605 2893 4651 sunt
2920 4595 3034 4651 huic
3065 4595 3240 4649 omnia
3271 4593 3429 4648 verba
3454 4634 3470 4658 ,
3508 4604 3560 4645 et
3587 4607 3715 4660 pue—

2145 4704 2326 4743 rorum
2355 4687 2716 4758 insipientium
2749 4686 2954 4741 fabulae.
2991 4686 3123 4740 Nam
3156 4685 3206 4739 id
3233 4727 3248 4753 ,
3284 4685 3424 4755 quod
3455 4683 3588 4737 dicis
3613 4725 3627 4748 ,
3676 4683 3724 4737 in

2146 4794 2379 4836 ιιιωιοιιο
2407 4778 2659 4833 mediocri
2687 4780 2857 4832 locum
2892 4777 3089 4844 habet,
3133 4793 3253 4832 cum
3305 4777 3466 4829 alium
3496 4775 3724 4844 idipsum

2145 4874 2254 4945 pati
2282 4873 2554 4936 audimus;
2583 4871 2690 4925 imo
2718 4885 3112 4939 nonnumquam
3149 4884 3214 4923 ne
3251 4869 3303 4922 in
3345 4883 3576 4922 interere
3605 4869 3726 4935 qui-

2146 4966 2290 5030 dem;
2322 4966 2592 5033 multoque
2610 4964 2784 5018 minus
2811 4963 2862 5016 in
2890 4963 3123 5016 cruciatu
3151 4962 3242 5015 illo
3274 4961 3546 5026 ineffabili,
3571 4976 3728 5030 quem

2147 5057 2343 5111 stridor
2368 5056 2605 5110 dentium
2649 5055 2919 5124 exprimit.
2948 5054 3078 5108 Novi
3105 5063 3252 5108 certe
3283 5053 3396 5107 lucc
3433 5054 3616 5106 dicens
3644 5067 3729 5103 me

2149 5150 2301 5204 vobis
2327 5149 2475 5202 oneri
2504 5162 2568 5202 ac
2597 5146 2768 5201 dolori
2795 5162 2914 5200 esse
2945 5145 3075 5200 :sed
3115 5145 3241 5216 quid
3271 5144 3496 5199 faciam?
3528 5141 3728 5194 Vellem

2149 5259 2255 5297 non
2287 5243 2402 5296 haec
2425 5239 2624 5302 dicere,
2655 5239 2746 5294 sed
2775 5249 2828 5294 et
2853 5255 2938 5295 me
2959 5250 3011 5294 et
3036 5254 3133 5293 vos
3159 5252 3345 5292 omnes
3369 5237 3613 5287 virtutem
3641 5247 3734 5285 Co-

2149 5337 2320 5392 lentes
2373 5335 2682 5404 censpicere
2712 5351 2724 5388 :
2757 5334 2879 5403 quia
2933 5349 3059 5388 vero
3100 5331 3338 5401 plerique
3387 5334 3628 5378 nostrum
3677 5324 3728 5377 in

2152 5430 2383 5501 peccatis
2407 5428 2648 5495 degimus
2668 5469 2682 5491 ,
2714 5428 2832 5496 quis
2865 5426 2991 5480 mihi
3021 5424 3263 5486 dederit,
3305 5429 3362 5473 ut
3391 5434 3484 5472 vos
3524 5433 3647 5471 vere
3679 5418 3732 5470 in

2150 5522 2388 5577 dolorem
2418 5520 2728 5588 conjiciam,
2773 5518 3178 5582 auditorumque
3219 5511 3451 5565 animum
3477 5510 3733 5579 tangam?

2153 5613 2299 5668 Tunc
2327 5612 2505 5679 utique
2534 5611 2691 5664 linem
2733 5607 2942 5662 dicendi
2967 5606 3216 5660 facerem.
3257 5605 3324 5657 At
3361 5618 3498 5655 nunc
3527 5603 3688 5653 linteo
3713 5640 3730 5665 ,

3258 1868 3273 1905 :
3313 1852 3416 1904 illic
3459 1868 3583 1905 vero
3624 1853 3710 1920 qui

2219 5721 2235 5753 ¹
2260 5720 2430 5769 (imre
2458 5719 2622 5767 Mantf.
2649 5720 2722 5766 ἐπὶ
2746 5720 2840 5765 τῶν
2861 5717 2999 5777 τριῶν
3023 5715 3221 5770 παίδων,
3239 5727 3367 5776 qum,
3386 5711 3499 5775 quia
3527 5709 3573 5760 in
3596 5712 3726 5774 epti-

2157 5781 2251 5832 mis
2274 5779 2508 5831 subsidiis
2529 5781 2729 5838 desunt,
2754 5775 3084 5840 negleximus.
3105 5777 3235 5825 Eutr.
