  <div class='ocr_page' id='page_1' title='image "/cluster/home/n/w/nwhite01/storage/ocr_20150623/57/hvd.32044073501934/391.png"; bbox 0 0 4042 6218; ppageno 0'>
   <div class='ocr_carea' id='block_1_1' title="bbox 293 353 398 408">
    <p class='ocr_par' dir='ltr' id='par_1_1' title="bbox 293 353 398 408">
     <span class='ocr_line' id='line_1_1' title="bbox 293 353 398 408; baseline -0.01 0"><span class='ocrx_word' id='word_1_1' title='bbox 293 353 398 408; x_wconf 63' lang='grc' dir='ltr'><strong>4(ιό</strong></span> 
     </span>
    </p>
   </div>
   <div class='ocr_carea' id='block_1_2' title="bbox 293 452 1874 534">
    <p class='ocr_par' dir='ltr' id='par_1_2' title="bbox 293 452 1874 534">
     <span class='ocr_line' id='line_1_2' title="bbox 293 452 1874 534; baseline -0.01 -15"><span class='ocrx_word' id='word_1_2' title='bbox 293 482 360 519; x_wconf 89' lang='lat' dir='ltr'><strong>ne</strong></span> <span class='ocrx_word' id='word_1_3' title='bbox 385 463 616 534; x_wconf 81' lang='lat' dir='ltr'><strong>quipiam</strong></span> <span class='ocrx_word' id='word_1_4' title='bbox 643 461 783 516; x_wconf 76' lang='lat' dir='ltr'><strong>dicta</strong></span> <span class='ocrx_word' id='word_1_5' title='bbox 803 465 1307 518; x_wconf 70' lang='lat' dir='ltr'><strong>contemnantmeve</strong></span> <span class='ocrx_word' id='word_1_6' title='bbox 1334 454 1403 508; x_wconf 89' lang='lat' dir='ltr'><strong>ob</strong></span> <span class='ocrx_word' id='word_1_7' title='bbox 1425 452 1749 506; x_wconf 79' lang='lat' dir='ltr'><strong>audientium</strong></span> <span class='ocrx_word' id='word_1_8' title='bbox 1782 465 1874 503; x_wconf 85' lang='lat' dir='ltr'><strong>ne-</strong></span> 
     </span>
    </p>
   </div>
   <div class='ocr_carea' id='block_1_3' title="bbox 290 541 1872 624">
    <p class='ocr_par' dir='ltr' id='par_1_3' title="bbox 290 541 1872 624">
     <span class='ocr_line' id='line_1_3' title="bbox 290 541 1872 624; baseline -0.009 -16"><span class='ocrx_word' id='word_1_9' title='bbox 290 556 596 624; x_wconf 71' lang='lat' dir='ltr'><strong>gligentiam</strong></span> <span class='ocrx_word' id='word_1_10' title='bbox 627 552 796 620; x_wconf 75' lang='lat' dir='ltr'><strong>majus</strong></span> <span class='ocrx_word' id='word_1_11' title='bbox 825 549 1140 619; x_wconf 78' lang='lat' dir='ltr'><strong>supplicium</strong></span> <span class='ocrx_word' id='word_1_12' title='bbox 1165 546 1375 602; x_wconf 85' lang='lat' dir='ltr'><strong>evadat.</strong></span> <span class='ocrx_word' id='word_1_13' title='bbox 1408 545 1590 615; x_wconf 86' lang='lat' dir='ltr'><strong>Neque</strong></span> <span class='ocrx_word' id='word_1_14' title='bbox 1615 543 1756 596; x_wconf 85' lang='lat' dir='ltr'><strong>enim</strong></span> <span class='ocrx_word' id='word_1_15' title='bbox 1789 541 1831 595; x_wconf 86' lang='lat' dir='ltr'><strong>si</strong></span> <span class='ocrx_word' id='word_1_16' title='bbox 1859 582 1872 604; x_wconf 88' lang='lat'><strong>,</strong></span> 
     </span>
    </p>
   </div>
   <div class='ocr_carea' id='block_1_4' title="bbox 294 637 1873 706">
    <p class='ocr_par' dir='ltr' id='par_1_4' title="bbox 294 637 1873 706">
     <span class='ocr_line' id='line_1_4' title="bbox 294 637 1873 706; baseline -0.007 -8"><span class='ocrx_word' id='word_1_17' title='bbox 294 647 424 700; x_wconf 89' lang='lat' dir='ltr'><strong>hero</strong></span> <span class='ocrx_word' id='word_1_18' title='bbox 469 646 639 698; x_wconf 87' lang='lat' dir='ltr'><strong>minas</strong></span> <span class='ocrx_word' id='word_1_19' title='bbox 685 645 978 696; x_wconf 88' lang='lat' dir='ltr'><strong>inteiitanle</strong></span> <span class='ocrx_word' id='word_1_20' title='bbox 1007 681 1022 705; x_wconf 94' lang='lat'><strong>,</strong></span> <span class='ocrx_word' id='word_1_21' title='bbox 1055 653 1332 693; x_wconf 86' lang='lat' dir='ltr'><strong>servorum</strong></span> <span class='ocrx_word' id='word_1_22' title='bbox 1370 637 1487 706; x_wconf 87' lang='lat' dir='ltr'><strong>quis</strong></span> <span class='ocrx_word' id='word_1_23' title='bbox 1527 643 1873 699; x_wconf 74' lang='lat' dir='ltr'><strong>contemnat,</strong></span> 
     </span>
    </p>
   </div>
   <div class='ocr_carea' id='block_1_5' title="bbox 293 727 1874 806">
    <p class='ocr_par' dir='ltr' id='par_1_5' title="bbox 293 727 1874 806">
     <span class='ocr_line' id='line_1_5' title="bbox 293 727 1874 806; baseline -0.01 -13"><span class='ocrx_word' id='word_1_24' title='bbox 293 743 508 806; x_wconf 86' lang='lat' dir='ltr'><strong>impune</strong></span> <span class='ocrx_word' id='word_1_25' title='bbox 538 736 731 796; x_wconf 88' lang='lat' dir='ltr'><strong>fuerit,</strong></span> <span class='ocrx_word' id='word_1_26' title='bbox 763 735 868 787; x_wconf 89' lang='lat' dir='ltr'><strong>imo</strong></span> <span class='ocrx_word' id='word_1_27' title='bbox 899 734 1012 785; x_wconf 75' lang='lat' dir='ltr'><strong>lia‘c</strong></span> <span class='ocrx_word' id='word_1_28' title='bbox 1043 731 1260 800; x_wconf 85' lang='lat' dir='ltr'><strong>majoris</strong></span> <span class='ocrx_word' id='word_1_29' title='bbox 1287 728 1526 796; x_wconf 70' lang='lat' dir='ltr'><strong>Simplicii</strong></span> <span class='ocrx_word' id='word_1_30' title='bbox 1567 741 1724 780; x_wconf 89' lang='lat' dir='ltr'><strong>causa</strong></span> <span class='ocrx_word' id='word_1_31' title='bbox 1753 727 1874 780; x_wconf 88' lang='lat' dir='ltr'><strong>crit.</strong></span> 
     </span>
    </p>
   </div>
   <div class='ocr_carea' id='block_1_6' title="bbox 291 820 1876 897">
    <p class='ocr_par' dir='ltr' id='par_1_6' title="bbox 291 820 1876 897">
     <span class='ocr_line' id='line_1_6' title="bbox 291 820 1876 897; baseline -0.008 -17"><span class='ocrx_word' id='word_1_32' title='bbox 291 829 644 897; x_wconf 85' lang='lat' dir='ltr'><strong>Quamobrem</strong></span> <span class='ocrx_word' id='word_1_33' title='bbox 675 841 806 895; x_wconf 88' lang='lat' dir='ltr'><strong>rogo</strong></span> <span class='ocrx_word' id='word_1_34' title='bbox 829 865 841 887; x_wconf 94' lang='lat'><strong>,</strong></span> <span class='ocrx_word' id='word_1_35' title='bbox 875 824 941 878; x_wconf 88' lang='lat' dir='ltr'><strong>de</strong></span> <span class='ocrx_word' id='word_1_36' title='bbox 968 822 1206 892; x_wconf 85' lang='lat' dir='ltr'><strong>gehenna</strong></span> <span class='ocrx_word' id='word_1_37' title='bbox 1251 820 1528 874; x_wconf 72' lang='lat' dir='ltr'><strong>audientes</strong></span> <span class='ocrx_word' id='word_1_38' title='bbox 1549 832 1876 886; x_wconf 83' lang='lat' dir='ltr'><strong>compunga-</strong></span> 
     </span>
    </p>
   </div>
   <div class='ocr_carea' id='block_1_7' title="bbox 292 910 1874 980">
    <p class='ocr_par' dir='ltr' id='par_1_7' title="bbox 292 910 1874 980">
     <span class='ocr_line' id='line_1_7' title="bbox 292 910 1874 980; baseline -0.008 -6"><span class='ocrx_word' id='word_1_39' title='bbox 292 937 426 974; x_wconf 91' lang='lat' dir='ltr'><strong>mur.</strong></span> <span class='ocrx_word' id='word_1_40' title='bbox 461 918 602 972; x_wconf 82' lang='lat' dir='ltr'><strong>Nihil</strong></span> <span class='ocrx_word' id='word_1_41' title='bbox 629 919 768 970; x_wconf 90' lang='lat' dir='ltr'><strong>enim</strong></span> <span class='ocrx_word' id='word_1_42' title='bbox 797 916 1001 970; x_wconf 83' lang='lat' dir='ltr'><strong>dulcius</strong></span> <span class='ocrx_word' id='word_1_43' title='bbox 1025 915 1124 968; x_wconf 91' lang='lat' dir='ltr'><strong>hoc</strong></span> <span class='ocrx_word' id='word_1_44' title='bbox 1152 928 1421 972; x_wconf 88' lang='lat' dir='ltr'><strong>sermone.</strong></span> <span class='ocrx_word' id='word_1_45' title='bbox 1454 911 1576 980; x_wconf 85' lang='lat' dir='ltr'><strong>quia</strong></span> <span class='ocrx_word' id='word_1_46' title='bbox 1610 910 1772 964; x_wconf 88' lang='lat' dir='ltr'><strong>rebus</strong></span> <span class='ocrx_word' id='word_1_47' title='bbox 1794 910 1874 978; x_wconf 85' lang='lat' dir='ltr'><strong>ip-</strong></span> 
     </span>
    </p>
   </div>
   <div class='ocr_carea' id='block_1_8' title="bbox 291 1003 1874 1078">
    <p class='ocr_par' dir='ltr' id='par_1_8' title="bbox 291 1003 1874 1078">
     <span class='ocr_line' id='line_1_8' title="bbox 291 1003 1874 1078; baseline -0.005 -14"><span class='ocrx_word' id='word_1_48' title='bbox 291 1016 364 1066; x_wconf 81' lang='lat' dir='ltr'><strong>sis</strong></span> <span class='ocrx_word' id='word_1_49' title='bbox 395 1013 521 1066; x_wconf 84' lang='lat' dir='ltr'><strong>nihil</strong></span> <span class='ocrx_word' id='word_1_50' title='bbox 549 1013 803 1065; x_wconf 89' lang='lat' dir='ltr'><strong>amarius.</strong></span> <span class='ocrx_word' id='word_1_51' title='bbox 837 1009 901 1062; x_wconf 89' lang='lat' dir='ltr'><strong>Et</strong></span> <span class='ocrx_word' id='word_1_52' title='bbox 933 1006 1200 1078; x_wconf 86' lang='lat' dir='ltr'><strong>quomodo</strong></span> <span class='ocrx_word' id='word_1_53' title='bbox 1229 1006 1386 1060; x_wconf 84' lang='lat' dir='ltr'><strong>dulce</strong></span> <span class='ocrx_word' id='word_1_54' title='bbox 1411 1005 1567 1059; x_wconf 91' lang='lat' dir='ltr'><strong>fuerit</strong></span> <span class='ocrx_word' id='word_1_55' title='bbox 1587 1045 1603 1070; x_wconf 94' lang='lat'><strong>,</strong></span> <span class='ocrx_word' id='word_1_56' title='bbox 1638 1003 1874 1072; x_wconf 75' lang='lat' dir='ltr'><strong>inquies,</strong></span> 
     </span>
    </p>
   </div>
   <div class='ocr_carea' id='block_1_9' title="bbox 290 1096 1876 1173">
    <p class='ocr_par' dir='ltr' id='par_1_9' title="bbox 290 1096 1876 1173">
     <span class='ocr_line' id='line_1_9' title="bbox 290 1096 1876 1173; baseline -0.004 -16"><span class='ocrx_word' id='word_1_57' title='bbox 290 1105 356 1157; x_wconf 82' lang='lat' dir='ltr'><strong>de</strong></span> <span class='ocrx_word' id='word_1_58' title='bbox 377 1106 616 1173; x_wconf 88' lang='lat' dir='ltr'><strong>gehenna</strong></span> <span class='ocrx_word' id='word_1_59' title='bbox 641 1103 860 1156; x_wconf 89' lang='lat' dir='ltr'><strong>audire?</strong></span> <span class='ocrx_word' id='word_1_60' title='bbox 889 1102 1020 1168; x_wconf 83' lang='lat' dir='ltr'><strong>Quia</strong></span> <span class='ocrx_word' id='word_1_61' title='bbox 1043 1099 1388 1168; x_wconf 83' lang='lat' dir='ltr'><strong>iojncimdurn</strong></span> <span class='ocrx_word' id='word_1_62' title='bbox 1409 1106 1490 1152; x_wconf 89' lang='lat' dir='ltr'><strong>est</strong></span> <span class='ocrx_word' id='word_1_63' title='bbox 1507 1099 1557 1151; x_wconf 92' lang='lat' dir='ltr'><strong>iu</strong></span> <span class='ocrx_word' id='word_1_64' title='bbox 1579 1096 1876 1167; x_wconf 84' lang='lat' dir='ltr'><strong>gehennam</strong></span> 
     </span>
    </p>
   </div>
   <div class='ocr_carea' id='block_1_10' title="bbox 292 1189 1879 1264">
    <p class='ocr_par' dir='ltr' id='par_1_10' title="bbox 292 1189 1879 1264">
     <span class='ocr_line' id='line_1_10' title="bbox 292 1189 1879 1264; baseline -0.004 -16"><span class='ocrx_word' id='word_1_65' title='bbox 292 1196 562 1258; x_wconf 79' lang='lat' dir='ltr'><strong>incidere,</strong></span> <span class='ocrx_word' id='word_1_66' title='bbox 597 1194 736 1264; x_wconf 88' lang='lat' dir='ltr'><strong>quod</strong></span> <span class='ocrx_word' id='word_1_67' title='bbox 769 1193 962 1246; x_wconf 88' lang='lat' dir='ltr'><strong>malum</strong></span> <span class='ocrx_word' id='word_1_68' title='bbox 1012 1200 1260 1248; x_wconf 65' lang='lat' dir='ltr'><strong>azzzovent</strong></span> <span class='ocrx_word' id='word_1_69' title='bbox 1289 1189 1448 1245; x_wconf 88' lang='lat' dir='ltr'><strong>verba</strong></span> <span class='ocrx_word' id='word_1_70' title='bbox 1481 1189 1565 1242; x_wconf 92' lang='lat' dir='ltr'><strong>illa</strong></span> <span class='ocrx_word' id='word_1_71' title='bbox 1592 1230 1607 1254; x_wconf 92' lang='lat'><strong>,</strong></span> <span class='ocrx_word' id='word_1_72' title='bbox 1653 1205 1771 1258; x_wconf 84' lang='lat' dir='ltr'><strong>quae</strong></span> <span class='ocrx_word' id='word_1_73' title='bbox 1799 1189 1846 1241; x_wconf 91' lang='lat' dir='ltr'><strong>vi</strong></span> <span class='ocrx_word' id='word_1_74' title='bbox 1867 1218 1879 1228; x_wconf 87' lang='lat'><strong>-</strong></span> 
     </span>
    </p>
   </div>
   <div class='ocr_carea' id='block_1_11' title="bbox 291 1278 1879 1352">
    <p class='ocr_par' dir='ltr' id='par_1_11' title="bbox 291 1278 1879 1352">
     <span class='ocr_line' id='line_1_11' title="bbox 291 1278 1879 1352; baseline -0.004 -12"><span class='ocrx_word' id='word_1_75' title='bbox 291 1288 481 1340; x_wconf 79' lang='lat' dir='ltr'><strong>dentur</strong></span> <span class='ocrx_word' id='word_1_76' title='bbox 506 1302 754 1349; x_wconf 87' lang='lat' dir='ltr'><strong>onerosa;</strong></span> <span class='ocrx_word' id='word_1_77' title='bbox 776 1285 932 1338; x_wconf 89' lang='lat' dir='ltr'><strong>aliam</strong></span> <span class='ocrx_word' id='word_1_78' title='bbox 955 1299 1079 1337; x_wconf 85' lang='lat' dir='ltr'><strong>vero</strong></span> <span class='ocrx_word' id='word_1_79' title='bbox 1103 1290 1355 1352; x_wconf 75' lang='lat' dir='ltr'><strong>praestant</strong></span> <span class='ocrx_word' id='word_1_80' title='bbox 1374 1281 1718 1350; x_wconf 79' lang='lat' dir='ltr'><strong>voluptatem,</strong></span> <span class='ocrx_word' id='word_1_81' title='bbox 1739 1278 1879 1349; x_wconf 87' lang='lat' dir='ltr'><strong>quod</strong></span> 
     </span>
    </p>
   </div>
   <div class='ocr_carea' id='block_1_12' title="bbox 292 1371 1878 1442">
    <p class='ocr_par' dir='ltr' id='par_1_12' title="bbox 292 1371 1878 1442">
     <span class='ocr_line' id='line_1_12' title="bbox 292 1371 1878 1442; baseline -0.003 -12"><span class='ocrx_word' id='word_1_82' title='bbox 292 1380 540 1433; x_wconf 71' lang='lat' dir='ltr'><strong>videlicet</strong></span> <span class='ocrx_word' id='word_1_83' title='bbox 581 1379 816 1432; x_wconf 89' lang='lat' dir='ltr'><strong>animum</strong></span> <span class='ocrx_word' id='word_1_84' title='bbox 848 1385 1180 1440; x_wconf 84' lang='lat' dir='ltr'><strong>convertant,</strong></span> <span class='ocrx_word' id='word_1_85' title='bbox 1215 1385 1268 1430; x_wconf 85' lang='lat' dir='ltr'><strong>et</strong></span> <span class='ocrx_word' id='word_1_86' title='bbox 1298 1373 1365 1428; x_wconf 90' lang='lat' dir='ltr'><strong>ad</strong></span> <span class='ocrx_word' id='word_1_87' title='bbox 1395 1374 1640 1442; x_wconf 91' lang='lat' dir='ltr'><strong>pietatem</strong></span> <span class='ocrx_word' id='word_1_88' title='bbox 1695 1371 1878 1426; x_wconf 85' lang='lat' dir='ltr'><strong>tradu-</strong></span> 
     </span>
    </p>
   </div>
   <div class='ocr_carea' id='block_1_13' title="bbox 291 1465 1880 1533">
    <p class='ocr_par' dir='ltr' id='par_1_13' title="bbox 291 1465 1880 1533">
     <span class='ocr_line' id='line_1_13' title="bbox 291 1465 1880 1533; baseline -0.003 -9"><span class='ocrx_word' id='word_1_89' title='bbox 291 1480 416 1525; x_wconf 88' lang='lat' dir='ltr'><strong>cant</strong></span> <span class='ocrx_word' id='word_1_90' title='bbox 440 1512 453 1533; x_wconf 94' lang='lat'><strong>,</strong></span> <span class='ocrx_word' id='word_1_91' title='bbox 496 1479 728 1525; x_wconf 91' lang='lat' dir='ltr'><strong>mentem</strong></span> <span class='ocrx_word' id='word_1_92' title='bbox 762 1469 1161 1532; x_wconf 88' lang='lat' dir='ltr'><strong>sublimiorem,</strong></span> <span class='ocrx_word' id='word_1_93' title='bbox 1210 1467 1549 1521; x_wconf 86' lang='lat' dir='ltr'><strong>ratiocinium</strong></span> <span class='ocrx_word' id='word_1_94' title='bbox 1579 1465 1880 1533; x_wconf 80' lang='lat' dir='ltr'><strong>expeditius</strong></span> 
     </span>
    </p>
   </div>
   <div class='ocr_carea' id='block_1_14' title="bbox 293 1556 1875 1630">
    <p class='ocr_par' dir='ltr' id='par_1_14' title="bbox 293 1556 1875 1630">
     <span class='ocr_line' id='line_1_14' title="bbox 293 1556 1875 1630; baseline -0.003 -16"><span class='ocrx_word' id='word_1_95' title='bbox 293 1565 563 1628; x_wconf 78' lang='lat' dir='ltr'><strong>efficiant,</strong></span> <span class='ocrx_word' id='word_1_96' title='bbox 611 1578 640 1616; x_wconf 86' lang='lat' dir='ltr'><strong>a</strong></span> <span class='ocrx_word' id='word_1_97' title='bbox 686 1560 1129 1630; x_wconf 80' lang='lat' dir='ltr'><strong>concupiscentiis</strong></span> <span class='ocrx_word' id='word_1_98' title='bbox 1159 1558 1432 1613; x_wconf 87' lang='lat' dir='ltr'><strong>obsessam</strong></span> <span class='ocrx_word' id='word_1_99' title='bbox 1460 1558 1691 1612; x_wconf 89' lang='lat' dir='ltr'><strong>animam</strong></span> <span class='ocrx_word' id='word_1_100' title='bbox 1741 1556 1875 1610; x_wconf 86' lang='lat' dir='ltr'><strong>libe-</strong></span> 
     </span>
    </p>
   </div>
   <div class='ocr_carea' id='block_1_15' title="bbox 290 1647 1880 1720">
    <p class='ocr_par' dir='ltr' id='par_1_15' title="bbox 290 1647 1880 1720">
     <span class='ocr_line' id='line_1_15' title="bbox 290 1647 1880 1720; baseline -0.004 -11"><span class='ocrx_word' id='word_1_101' title='bbox 290 1667 448 1709; x_wconf 84' lang='lat' dir='ltr'><strong>rent:</strong></span> <span class='ocrx_word' id='word_1_102' title='bbox 481 1655 594 1709; x_wconf 65' lang='lat' dir='ltr'><strong>haec</strong></span> <span class='ocrx_word' id='word_1_103' title='bbox 625 1670 750 1708; x_wconf 89' lang='lat' dir='ltr'><strong>vere</strong></span> <span class='ocrx_word' id='word_1_104' title='bbox 779 1652 1039 1706; x_wconf 86' lang='lat' dir='ltr'><strong>medicina</strong></span> <span class='ocrx_word' id='word_1_105' title='bbox 1078 1659 1178 1705; x_wconf 91' lang='lat' dir='ltr'><strong>est.</strong></span> <span class='ocrx_word' id='word_1_106' title='bbox 1227 1652 1560 1720; x_wconf 81' lang='lat' dir='ltr'><strong>Quapmpter</strong></span> <span class='ocrx_word' id='word_1_107' title='bbox 1601 1647 1880 1703; x_wconf 83' lang='lat' dir='ltr'><strong>concedite</strong></span> 
     </span>
    </p>
   </div>
   <div class='ocr_carea' id='block_1_16' title="bbox 295 1741 1878 1816">
    <p class='ocr_par' dir='ltr' id='par_1_16' title="bbox 295 1741 1878 1816">
     <span class='ocr_line' id='line_1_16' title="bbox 295 1741 1878 1816; baseline -0.004 -16"><span class='ocrx_word' id='word_1_108' title='bbox 295 1747 423 1800; x_wconf 84' lang='lat' dir='ltr'><strong>mihi</strong></span> <span class='ocrx_word' id='word_1_109' title='bbox 451 1755 507 1800; x_wconf 91' lang='lat' dir='ltr'><strong>ut</strong></span> <span class='ocrx_word' id='word_1_110' title='bbox 550 1757 828 1816; x_wconf 83' lang='lat' dir='ltr'><strong>postquam</strong></span> <span class='ocrx_word' id='word_1_111' title='bbox 852 1744 919 1798; x_wconf 88' lang='lat' dir='ltr'><strong>de</strong></span> <span class='ocrx_word' id='word_1_112' title='bbox 945 1743 1204 1813; x_wconf 87' lang='lat' dir='ltr'><strong>supplicio</strong></span> <span class='ocrx_word' id='word_1_113' title='bbox 1231 1743 1360 1808; x_wconf 81' lang='lat' dir='ltr'><strong>dixi,</strong></span> <span class='ocrx_word' id='word_1_114' title='bbox 1384 1742 1450 1796; x_wconf 89' lang='lat' dir='ltr'><strong>de</strong></span> <span class='ocrx_word' id='word_1_115' title='bbox 1487 1741 1687 1810; x_wconf 86' lang='lat' dir='ltr'><strong>pudore</strong></span> <span class='ocrx_word' id='word_1_116' title='bbox 1718 1741 1878 1796; x_wconf 89' lang='lat' dir='ltr'><strong>etiam</strong></span> 
     </span>
    </p>
   </div>
   <div class='ocr_carea' id='block_1_17' title="bbox 288 1834 1881 1894">
    <p class='ocr_par' dir='ltr' id='par_1_17' title="bbox 288 1834 1881 1894">
     <span class='ocr_line' id='line_1_17' title="bbox 288 1834 1881 1894; baseline -0.004 0"><span class='ocrx_word' id='word_1_117' title='bbox 288 1856 357 1894; x_wconf 68' lang='lat' dir='ltr'><strong>ac</strong></span> <span class='ocrx_word' id='word_1_118' title='bbox 381 1839 648 1893; x_wconf 87' lang='lat' dir='ltr'><strong>dedecore</strong></span> <span class='ocrx_word' id='word_1_119' title='bbox 675 1839 868 1892; x_wconf 87' lang='lat' dir='ltr'><strong>dicam.</strong></span> <span class='ocrx_word' id='word_1_120' title='bbox 907 1837 1040 1891; x_wconf 86' lang='lat' dir='ltr'><strong>Nam</strong></span> <span class='ocrx_word' id='word_1_121' title='bbox 1071 1838 1208 1892; x_wconf 85' lang='lat' dir='ltr'><strong>sicut</strong></span> <span class='ocrx_word' id='word_1_122' title='bbox 1234 1836 1475 1890; x_wconf 69' lang='lat' dir='ltr'><strong>Ninivitic</strong></span> <span class='ocrx_word' id='word_1_123' title='bbox 1515 1845 1639 1888; x_wconf 89' lang='lat' dir='ltr'><strong>tune</strong></span> <span class='ocrx_word' id='word_1_124' title='bbox 1665 1834 1881 1889; x_wconf 70' lang='lat' dir='ltr'><strong>Judaeos</strong></span> 
     </span>
    </p>
   </div>
   <div class='ocr_carea' id='block_1_18' title="bbox 285 1927 1878 1996">
    <p class='ocr_par' dir='ltr' id='par_1_18' title="bbox 285 1927 1878 1996">
     <span class='ocr_line' id='line_1_18' title="bbox 285 1927 1878 1996; baseline -0.003 -12"><span class='ocrx_word' id='word_1_125' title='bbox 285 1930 729 1985; x_wconf 64' lang='lat' dir='ltr'><strong>«condemnabam</strong></span> <span class='ocrx_word' id='word_1_126' title='bbox 752 1973 766 1995; x_wconf 96' lang='lat'><strong>,</strong></span> <span class='ocrx_word' id='word_1_127' title='bbox 797 1931 874 1984; x_wconf 81' lang='lat' dir='ltr'><strong>sic</strong></span> <span class='ocrx_word' id='word_1_128' title='bbox 905 1940 956 1983; x_wconf 90' lang='lat' dir='ltr'><strong>et</strong></span> <span class='ocrx_word' id='word_1_129' title='bbox 987 1945 1082 1983; x_wconf 94' lang='lat' dir='ltr'><strong>nos</strong></span> <span class='ocrx_word' id='word_1_130' title='bbox 1110 1929 1259 1982; x_wconf 86' lang='lat' dir='ltr'><strong>multi</strong></span> <span class='ocrx_word' id='word_1_131' title='bbox 1291 1927 1726 1982; x_wconf 89' lang='lat' dir='ltr'><strong>condemnabunt</strong></span> <span class='ocrx_word' id='word_1_132' title='bbox 1746 1967 1759 1988; x_wconf 90' lang='lat'><strong>,</strong></span> <span class='ocrx_word' id='word_1_133' title='bbox 1789 1928 1878 1996; x_wconf 93' lang='lat' dir='ltr'><strong>qui</strong></span> 
     </span>
    </p>
   </div>
   <div class='ocr_carea' id='block_1_19' title="bbox 295 2018 1881 2090">
    <p class='ocr_par' dir='ltr' id='par_1_19' title="bbox 295 2018 1881 2090">
     <span class='ocr_line' id='line_1_19' title="bbox 295 2018 1881 2090; baseline -0.002 -16"><span class='ocrx_word' id='word_1_134' title='bbox 295 2037 434 2074; x_wconf 87' lang='lat' dir='ltr'><strong>nunc</strong></span> <span class='ocrx_word' id='word_1_135' title='bbox 463 2022 708 2076; x_wconf 87' lang='lat' dir='ltr'><strong>videnlur</strong></span> <span class='ocrx_word' id='word_1_136' title='bbox 747 2021 900 2090; x_wconf 89' lang='lat' dir='ltr'><strong>longe</strong></span> <span class='ocrx_word' id='word_1_137' title='bbox 940 2020 1218 2073; x_wconf 90' lang='lat' dir='ltr'><strong>inferiores</strong></span> <span class='ocrx_word' id='word_1_138' title='bbox 1253 2033 1392 2073; x_wconf 89' lang='lat' dir='ltr'><strong>esse.</strong></span> <span class='ocrx_word' id='word_1_139' title='bbox 1426 2018 1728 2087; x_wconf 79' lang='lat' dir='ltr'><strong>Cogitemus</strong></span> <span class='ocrx_word' id='word_1_140' title='bbox 1753 2033 1881 2086; x_wconf 85' lang='lat' dir='ltr'><strong>ergo</strong></span> 
     </span>
    </p>
   </div>
   <div class='ocr_carea' id='block_1_20' title="bbox 294 2109 1876 2181">
    <p class='ocr_par' dir='ltr' id='par_1_20' title="bbox 294 2109 1876 2181">
     <span class='ocr_line' id='line_1_20' title="bbox 294 2109 1876 2181; baseline -0.002 -18"><span class='ocrx_word' id='word_1_141' title='bbox 294 2122 522 2181; x_wconf 90' lang='lat' dir='ltr'><strong>quantus</strong></span> <span class='ocrx_word' id='word_1_142' title='bbox 545 2113 702 2177; x_wconf 90' lang='lat' dir='ltr'><strong>risus,</strong></span> <span class='ocrx_word' id='word_1_143' title='bbox 724 2119 936 2180; x_wconf 73' lang='lat' dir='ltr'><strong>quanta:</strong></span> <span class='ocrx_word' id='word_1_144' title='bbox 953 2110 1319 2164; x_wconf 83' lang='lat' dir='ltr'><strong>damnationes</strong></span> <span class='ocrx_word' id='word_1_145' title='bbox 1343 2119 1500 2164; x_wconf 91' lang='lat' dir='ltr'><strong>erunt</strong></span> <span class='ocrx_word' id='word_1_146' title='bbox 1528 2127 1542 2162; x_wconf 91' lang='lat'><strong>:</strong></span> <span class='ocrx_word' id='word_1_147' title='bbox 1565 2109 1876 2177; x_wconf 87' lang='lat' dir='ltr'><strong>cogitemus,</strong></span> 
     </span>
    </p>
   </div>
   <div class='ocr_carea' id='block_1_21' title="bbox 301 2200 1876 2270">
    <p class='ocr_par' dir='ltr' id='par_1_21' title="bbox 301 2200 1876 2270">
     <span class='ocr_line' id='line_1_21' title="bbox 301 2200 1876 2270; baseline -0.002 -15"><span class='ocrx_word' id='word_1_148' title='bbox 301 2204 506 2257; x_wconf 90' lang='lat' dir='ltr'><strong>initium</strong></span> <span class='ocrx_word' id='word_1_149' title='bbox 538 2201 813 2268; x_wconf 87' lang='lat' dir='ltr'><strong>ducamus,</strong></span> <span class='ocrx_word' id='word_1_150' title='bbox 834 2201 1050 2270; x_wconf 89' lang='lat' dir='ltr'><strong>januam</strong></span> <span class='ocrx_word' id='word_1_151' title='bbox 1079 2201 1379 2269; x_wconf 87' lang='lat' dir='ltr'><strong>aperiamus</strong></span> <span class='ocrx_word' id='word_1_152' title='bbox 1403 2200 1468 2254; x_wconf 88' lang='lat' dir='ltr'><strong>ad</strong></span> <span class='ocrx_word' id='word_1_153' title='bbox 1493 2201 1876 2269; x_wconf 64' lang='lat' dir='ltr'><strong>paenitentiam.</strong></span> 
     </span>
    </p>
   </div>
   <div class='ocr_carea' id='block_1_22' title="bbox 298 2293 1881 2365">
    <p class='ocr_par' dir='ltr' id='par_1_22' title="bbox 298 2293 1881 2365">
     <span class='ocr_line' id='line_1_22' title="bbox 298 2293 1881 2365; baseline -0.003 -15"><span class='ocrx_word' id='word_1_154' title='bbox 298 2297 382 2351; x_wconf 87' lang='lat' dir='ltr'><strong>Me</strong></span> <span class='ocrx_word' id='word_1_155' title='bbox 429 2297 598 2365; x_wconf 87' lang='lat' dir='ltr'><strong>ipsum</strong></span> <span class='ocrx_word' id='word_1_156' title='bbox 647 2295 929 2363; x_wconf 88' lang='lat' dir='ltr'><strong>alloquor,</strong></span> <span class='ocrx_word' id='word_1_157' title='bbox 980 2311 1065 2347; x_wconf 87' lang='lat' dir='ltr'><strong>me</strong></span> <span class='ocrx_word' id='word_1_158' title='bbox 1114 2294 1344 2362; x_wconf 89' lang='lat' dir='ltr'><strong>primum</strong></span> <span class='ocrx_word' id='word_1_159' title='bbox 1386 2293 1570 2346; x_wconf 85' lang='lat' dir='ltr'><strong>hortor</strong></span> <span class='ocrx_word' id='word_1_160' title='bbox 1599 2309 1613 2345; x_wconf 90' lang='lat'><strong>:</strong></span> <span class='ocrx_word' id='word_1_161' title='bbox 1640 2307 1796 2346; x_wconf 89' lang='lat' dir='ltr'><strong>nemo</strong></span> <span class='ocrx_word' id='word_1_162' title='bbox 1824 2301 1881 2346; x_wconf 92' lang='lat' dir='ltr'><strong>ut</strong></span> 
     </span>
    </p>
   </div>
   <div class='ocr_carea' id='block_1_23' title="bbox 297 2384 1880 2455">
    <p class='ocr_par' dir='ltr' id='par_1_23' title="bbox 297 2384 1880 2455">
     <span class='ocr_line' id='line_1_23' title="bbox 297 2384 1880 2455; baseline -0.001 -15"><span class='ocrx_word' id='word_1_163' title='bbox 297 2389 578 2442; x_wconf 87' lang='lat' dir='ltr'><strong>damnatus</strong></span> <span class='ocrx_word' id='word_1_164' title='bbox 625 2388 902 2441; x_wconf 85' lang='lat' dir='ltr'><strong>irascatur.</strong></span> <span class='ocrx_word' id='word_1_165' title='bbox 953 2387 1244 2455; x_wconf 83' lang='lat' dir='ltr'><strong>Angustam</strong></span> <span class='ocrx_word' id='word_1_166' title='bbox 1287 2385 1424 2439; x_wconf 89' lang='lat' dir='ltr'><strong>viain</strong></span> <span class='ocrx_word' id='word_1_167' title='bbox 1466 2385 1739 2439; x_wconf 86' lang='lat' dir='ltr'><strong>adeamus.</strong></span> <span class='ocrx_word' id='word_1_168' title='bbox 1776 2384 1880 2439; x_wconf 86' lang='lat' dir='ltr'><strong>Us-</strong></span> 
     </span>
    </p>
   </div>
   <div class='ocr_carea' id='block_1_24' title="bbox 297 2474 1884 2547">
    <p class='ocr_par' dir='ltr' id='par_1_24' title="bbox 297 2474 1884 2547">
     <span class='ocr_line' id='line_1_24' title="bbox 297 2474 1884 2547; baseline 0 -19"><span class='ocrx_word' id='word_1_169' title='bbox 297 2493 506 2547; x_wconf 89' lang='lat' dir='ltr'><strong>quequo</strong></span> <span class='ocrx_word' id='word_1_170' title='bbox 533 2476 782 2531; x_wconf 67' lang='lat' dir='ltr'><strong>deliciae?</strong></span> <span class='ocrx_word' id='word_1_171' title='bbox 821 2490 1096 2545; x_wconf 88' lang='lat' dir='ltr'><strong>usquequo</strong></span> <span class='ocrx_word' id='word_1_172' title='bbox 1126 2474 1449 2530; x_wconf 87' lang='lat' dir='ltr'><strong>oscitantia?</strong></span> <span class='ocrx_word' id='word_1_173' title='bbox 1497 2490 1600 2527; x_wconf 90' lang='lat' dir='ltr'><strong>non</strong></span> <span class='ocrx_word' id='word_1_174' title='bbox 1627 2474 1884 2528; x_wconf 88' lang='lat' dir='ltr'><strong>satiamur</strong></span> 
     </span>
    </p>
   </div>
   <div class='ocr_carea' id='block_1_25' title="bbox 299 2564 1884 2635">
    <p class='ocr_par' dir='ltr' id='par_1_25' title="bbox 299 2564 1884 2635">
     <span class='ocr_line' id='line_1_25' title="bbox 299 2564 1884 2635; baseline 0.001 -16"><span class='ocrx_word' id='word_1_175' title='bbox 299 2567 521 2628; x_wconf 88' lang='lat' dir='ltr'><strong>desidia,</strong></span> <span class='ocrx_word' id='word_1_176' title='bbox 551 2567 805 2630; x_wconf 90' lang='lat' dir='ltr'><strong>ridentes,</strong></span> <span class='ocrx_word' id='word_1_177' title='bbox 839 2566 1314 2635; x_wconf 82' lang='lat' dir='ltr'><strong>procrastiuantes?</strong></span> <span class='ocrx_word' id='word_1_178' title='bbox 1342 2566 1425 2619; x_wconf 83' lang='lat' dir='ltr'><strong>An</strong></span> <span class='ocrx_word' id='word_1_179' title='bbox 1449 2564 1636 2620; x_wconf 86' lang='lat' dir='ltr'><strong>eadem</strong></span> <span class='ocrx_word' id='word_1_180' title='bbox 1667 2581 1884 2634; x_wconf 85' lang='lat' dir='ltr'><strong>semper</strong></span> 
     </span>
    </p>
   </div>
   <div class='ocr_carea' id='block_1_26' title="bbox 301 2655 1880 2725">
    <p class='ocr_par' dir='ltr' id='par_1_26' title="bbox 301 2655 1880 2725">
     <span class='ocr_line' id='line_1_26' title="bbox 301 2655 1880 2725; baseline 0 -15"><span class='ocrx_word' id='word_1_181' title='bbox 301 2666 474 2720; x_wconf 86' lang='lat' dir='ltr'><strong>erunt,</strong></span> <span class='ocrx_word' id='word_1_182' title='bbox 500 2672 702 2722; x_wconf 89' lang='lat' dir='ltr'><strong>mensa,</strong></span> <span class='ocrx_word' id='word_1_183' title='bbox 731 2656 948 2710; x_wconf 83' lang='lat' dir='ltr'><strong>satietas</strong></span> <span class='ocrx_word' id='word_1_184' title='bbox 968 2697 983 2718; x_wconf 91' lang='lat'><strong>,</strong></span> <span class='ocrx_word' id='word_1_185' title='bbox 1013 2655 1424 2724; x_wconf 88' lang='lat' dir='ltr'><strong>sumptuositas,</strong></span> <span class='ocrx_word' id='word_1_186' title='bbox 1454 2657 1692 2725; x_wconf 63' lang='lat' dir='ltr'><strong>pecuniae</strong></span> <span class='ocrx_word' id='word_1_187' title='bbox 1711 2699 1724 2721; x_wconf 92' lang='lat'><strong>,</strong></span> <span class='ocrx_word' id='word_1_188' title='bbox 1755 2672 1880 2725; x_wconf 86' lang='lat' dir='ltr'><strong>pos-</strong></span> 
     </span>
    </p>
   </div>
   <div class='ocr_carea' id='block_1_27' title="bbox 302 2746 1885 2816">
    <p class='ocr_par' dir='ltr' id='par_1_27' title="bbox 302 2746 1885 2816">
     <span class='ocr_line' id='line_1_27' title="bbox 302 2746 1885 2816; baseline 0.001 -17"><span class='ocrx_word' id='word_1_189' title='bbox 302 2749 568 2801; x_wconf 73' lang='lat' dir='ltr'><strong>sessiones</strong></span> <span class='ocrx_word' id='word_1_190' title='bbox 591 2790 605 2812; x_wconf 95' lang='lat'><strong>,</strong></span> <span class='ocrx_word' id='word_1_191' title='bbox 635 2746 896 2801; x_wconf 67' lang='lat' dir='ltr'><strong>mdilicia?</strong></span> <span class='ocrx_word' id='word_1_192' title='bbox 929 2747 1121 2816; x_wconf 85' lang='lat' dir='ltr'><strong>Ecquis</strong></span> <span class='ocrx_word' id='word_1_193' title='bbox 1150 2761 1336 2801; x_wconf 85' lang='lat' dir='ltr'><strong>eorum</strong></span> <span class='ocrx_word' id='word_1_194' title='bbox 1369 2746 1536 2800; x_wconf 83' lang='lat' dir='ltr'><strong>finis?</strong></span> <span class='ocrx_word' id='word_1_195' title='bbox 1565 2746 1724 2801; x_wconf 85' lang='lat' dir='ltr'><strong>Mors.</strong></span> <span class='ocrx_word' id='word_1_196' title='bbox 1756 2748 1885 2814; x_wconf 88' lang='lat' dir='ltr'><strong>Quis</strong></span> 
     </span>
    </p>
   </div>
   <div class='ocr_carea' id='block_1_28' title="bbox 304 2839 1884 2910">
    <p class='ocr_par' dir='ltr' id='par_1_28' title="bbox 304 2839 1884 2910">
     <span class='ocr_line' id='line_1_28' title="bbox 304 2839 1884 2910; baseline 0 -16"><span class='ocrx_word' id='word_1_197' title='bbox 304 2841 458 2894; x_wconf 77' lang='lat' dir='ltr'><strong>linis?</strong></span> <span class='ocrx_word' id='word_1_198' title='bbox 481 2840 646 2904; x_wconf 85' lang='lat' dir='ltr'><strong>Cinis,</strong></span> <span class='ocrx_word' id='word_1_199' title='bbox 677 2840 864 2908; x_wconf 89' lang='lat' dir='ltr'><strong>pulvis,</strong></span> <span class='ocrx_word' id='word_1_200' title='bbox 893 2840 1070 2904; x_wconf 89' lang='lat' dir='ltr'><strong>loculi,</strong></span> <span class='ocrx_word' id='word_1_201' title='bbox 1096 2854 1323 2894; x_wconf 88' lang='lat' dir='ltr'><strong>vermes.</strong></span> <span class='ocrx_word' id='word_1_202' title='bbox 1351 2839 1552 2893; x_wconf 89' lang='lat' dir='ltr'><strong>Novam</strong></span> <span class='ocrx_word' id='word_1_203' title='bbox 1570 2855 1701 2910; x_wconf 87' lang='lat' dir='ltr'><strong>ergo</strong></span> <span class='ocrx_word' id='word_1_204' title='bbox 1725 2841 1884 2894; x_wconf 90' lang='lat' dir='ltr'><strong>vitam</strong></span> 
     </span>
    </p>
   </div>
   <div class='ocr_carea' id='block_1_29' title="bbox 303 2929 1884 2986">
    <p class='ocr_par' dir='ltr' id='par_1_29' title="bbox 303 2929 1884 2986">
     <span class='ocr_line' id='line_1_29' title="bbox 303 2929 1884 2986; baseline -0.001 0"><span class='ocrx_word' id='word_1_205' title='bbox 303 2931 648 2986; x_wconf 75' lang='lat' dir='ltr'><strong>evhibcainus</strong></span> <span class='ocrx_word' id='word_1_206' title='bbox 681 2949 695 2985; x_wconf 91' lang='lat'><strong>:</strong></span> <span class='ocrx_word' id='word_1_207' title='bbox 727 2929 979 2984; x_wconf 82' lang='lat' dir='ltr'><strong>faciamus</strong></span> <span class='ocrx_word' id='word_1_208' title='bbox 1021 2940 1214 2986; x_wconf 85' lang='lat' dir='ltr'><strong>terrain</strong></span> <span class='ocrx_word' id='word_1_209' title='bbox 1261 2930 1448 2986; x_wconf 65' lang='lat' dir='ltr'><strong>caelum</strong></span> <span class='ocrx_word' id='word_1_210' title='bbox 1477 2949 1490 2985; x_wconf 89' lang='lat'><strong>:</strong></span> <span class='ocrx_word' id='word_1_211' title='bbox 1525 2929 1649 2985; x_wconf 91' lang='lat' dir='ltr'><strong>hinc</strong></span> <span class='ocrx_word' id='word_1_212' title='bbox 1702 2942 1884 2986; x_wconf 87' lang='lat' dir='ltr'><strong>osten-</strong></span> 
     </span>
    </p>
   </div>
   <div class='ocr_carea' id='block_1_30' title="bbox 305 3021 1892 3093">
    <p class='ocr_par' dir='ltr' id='par_1_30' title="bbox 305 3021 1892 3093">
     <span class='ocr_line' id='line_1_30' title="bbox 305 3021 1892 3093; baseline 0.002 -19"><span class='ocrx_word' id='word_1_213' title='bbox 305 3024 494 3076; x_wconf 91' lang='lat' dir='ltr'><strong>damus</strong></span> <span class='ocrx_word' id='word_1_214' title='bbox 521 3023 805 3093; x_wconf 89' lang='lat' dir='ltr'><strong>gentilibus</strong></span> <span class='ocrx_word' id='word_1_215' title='bbox 831 3033 958 3092; x_wconf 91' lang='lat' dir='ltr'><strong>quot</strong></span> <span class='ocrx_word' id='word_1_216' title='bbox 987 3032 1201 3076; x_wconf 85' lang='lat' dir='ltr'><strong>careant</strong></span> <span class='ocrx_word' id='word_1_217' title='bbox 1231 3022 1404 3076; x_wconf 90' lang='lat' dir='ltr'><strong>bonis.</strong></span> <span class='ocrx_word' id='word_1_218' title='bbox 1451 3021 1581 3076; x_wconf 89' lang='lat' dir='ltr'><strong>Nam</strong></span> <span class='ocrx_word' id='word_1_219' title='bbox 1627 3039 1747 3076; x_wconf 84' lang='lat' dir='ltr'><strong>eum</strong></span> <span class='ocrx_word' id='word_1_220' title='bbox 1793 3038 1892 3078; x_wconf 88' lang='lat' dir='ltr'><strong>nos</strong></span> 
     </span>
    </p>
   </div>
   <div class='ocr_carea' id='block_1_31' title="bbox 307 3112 1888 3182">
    <p class='ocr_par' dir='ltr' id='par_1_31' title="bbox 307 3112 1888 3182">
     <span class='ocr_line' id='line_1_31' title="bbox 307 3112 1888 3182; baseline 0.001 -17"><span class='ocrx_word' id='word_1_221' title='bbox 307 3112 560 3167; x_wconf 89' lang='lat' dir='ltr'><strong>videbunt</strong></span> <span class='ocrx_word' id='word_1_222' title='bbox 586 3120 728 3167; x_wconf 90' lang='lat' dir='ltr'><strong>recte</strong></span> <span class='ocrx_word' id='word_1_223' title='bbox 755 3114 914 3166; x_wconf 91' lang='lat' dir='ltr'><strong>vitam</strong></span> <span class='ocrx_word' id='word_1_224' title='bbox 945 3123 1184 3182; x_wconf 83' lang='lat' dir='ltr'><strong>agentes,</strong></span> <span class='ocrx_word' id='word_1_225' title='bbox 1219 3112 1406 3166; x_wconf 88' lang='lat' dir='ltr'><strong>eodem</strong></span> <span class='ocrx_word' id='word_1_226' title='bbox 1430 3121 1646 3180; x_wconf 87' lang='lat' dir='ltr'><strong>aspectu</strong></span> <span class='ocrx_word' id='word_1_227' title='bbox 1669 3128 1888 3182; x_wconf 81' lang='lat' dir='ltr'><strong>regnum</strong></span> 
     </span>
    </p>
   </div>
   <div class='ocr_carea' id='block_1_32' title="bbox 307 3203 1890 3273">
    <p class='ocr_par' dir='ltr' id='par_1_32' title="bbox 307 3203 1890 3273">
     <span class='ocr_line' id='line_1_32' title="bbox 307 3203 1890 3273; baseline 0.001 -15"><span class='ocrx_word' id='word_1_228' title='bbox 307 3205 562 3258; x_wconf 72' lang='lat' dir='ltr'><strong>Czclm‘um</strong></span> <span class='ocrx_word' id='word_1_229' title='bbox 601 3205 948 3273; x_wconf 75' lang='lat' dir='ltr'><strong>conspiciant.</strong></span> <span class='ocrx_word' id='word_1_230' title='bbox 1003 3203 1133 3258; x_wconf 89' lang='lat' dir='ltr'><strong>Cum</strong></span> <span class='ocrx_word' id='word_1_231' title='bbox 1177 3221 1275 3258; x_wconf 84' lang='lat' dir='ltr'><strong>nos</strong></span> <span class='ocrx_word' id='word_1_232' title='bbox 1315 3205 1543 3258; x_wconf 81' lang='lat' dir='ltr'><strong>viderint</strong></span> <span class='ocrx_word' id='word_1_233' title='bbox 1575 3205 1848 3260; x_wconf 90' lang='lat' dir='ltr'><strong>modestos</strong></span> <span class='ocrx_word' id='word_1_234' title='bbox 1877 3247 1890 3270; x_wconf 93' lang='lat'><strong>,</strong></span> 
     </span>
    </p>
   </div>
   <div class='ocr_carea' id='block_1_33' title="bbox 310 3295 1891 3364">
    <p class='ocr_par' dir='ltr' id='par_1_33' title="bbox 310 3295 1891 3364">
     <span class='ocr_line' id='line_1_33' title="bbox 310 3295 1891 3364; baseline 0.003 -18"><span class='ocrx_word' id='word_1_235' title='bbox 310 3311 506 3349; x_wconf 89' lang='lat' dir='ltr'><strong>vacuos</strong></span> <span class='ocrx_word' id='word_1_236' title='bbox 547 3295 640 3359; x_wconf 90' lang='lat' dir='ltr'><strong>ira,</strong></span> <span class='ocrx_word' id='word_1_237' title='bbox 671 3296 1098 3364; x_wconf 87' lang='lat' dir='ltr'><strong>concupiscentia</strong></span> <span class='ocrx_word' id='word_1_238' title='bbox 1125 3295 1284 3360; x_wconf 89' lang='lat' dir='ltr'><strong>mala,</strong></span> <span class='ocrx_word' id='word_1_239' title='bbox 1316 3295 1530 3358; x_wconf 86' lang='lat' dir='ltr'><strong>invidia,</strong></span> <span class='ocrx_word' id='word_1_240' title='bbox 1555 3297 1800 3359; x_wconf 87' lang='lat' dir='ltr'><strong>avaritia,</strong></span> <span class='ocrx_word' id='word_1_241' title='bbox 1841 3298 1891 3350; x_wconf 93' lang='lat' dir='ltr'><strong>in</strong></span> 
     </span>
    </p>
   </div>
   <div class='ocr_carea' id='block_1_34' title="bbox 310 3385 1896 3454">
    <p class='ocr_par' dir='ltr' id='par_1_34' title="bbox 310 3385 1896 3454">
     <span class='ocr_line' id='line_1_34' title="bbox 310 3385 1896 3454; baseline 0.004 -18"><span class='ocrx_word' id='word_1_242' title='bbox 310 3385 656 3454; x_wconf 74' lang='lat' dir='ltr'><strong>omnibusque</strong></span> <span class='ocrx_word' id='word_1_243' title='bbox 687 3385 906 3453; x_wconf 87' lang='lat' dir='ltr'><strong>probos,</strong></span> <span class='ocrx_word' id='word_1_244' title='bbox 934 3385 1148 3438; x_wconf 87' lang='lat' dir='ltr'><strong>dicent:</strong></span> <span class='ocrx_word' id='word_1_245' title='bbox 1172 3385 1225 3439; x_wconf 91' lang='lat' dir='ltr'><strong>Si</strong></span> <span class='ocrx_word' id='word_1_246' title='bbox 1263 3385 1348 3438; x_wconf 91' lang='lat' dir='ltr'><strong>hic</strong></span> <span class='ocrx_word' id='word_1_247' title='bbox 1370 3385 1546 3454; x_wconf 79' lang='lat' dir='ltr'><strong>angeli</strong></span> <span class='ocrx_word' id='word_1_248' title='bbox 1582 3385 1716 3442; x_wconf 88' lang='lat' dir='ltr'><strong>fiunt</strong></span> <span class='ocrx_word' id='word_1_249' title='bbox 1745 3387 1896 3442; x_wconf 85' lang='lat' dir='ltr'><strong>Chri-</strong></span> 
     </span>
    </p>
   </div>
   <div class='ocr_carea' id='block_1_35' title="bbox 315 3477 1894 3546">
    <p class='ocr_par' dir='ltr' id='par_1_35' title="bbox 315 3477 1894 3546">
     <span class='ocr_line' id='line_1_35' title="bbox 315 3477 1894 3546; baseline 0.004 -16"><span class='ocrx_word' id='word_1_250' title='bbox 315 3477 496 3542; x_wconf 78' lang='lat' dir='ltr'><strong>stiani,</strong></span> <span class='ocrx_word' id='word_1_251' title='bbox 527 3477 710 3546; x_wconf 81' lang='lat' dir='ltr'><strong>quales</strong></span> <span class='ocrx_word' id='word_1_252' title='bbox 740 3487 896 3532; x_wconf 90' lang='lat' dir='ltr'><strong>erunt</strong></span> <span class='ocrx_word' id='word_1_253' title='bbox 917 3486 1036 3546; x_wconf 84' lang='lat' dir='ltr'><strong>post</strong></span> <span class='ocrx_word' id='word_1_254' title='bbox 1060 3493 1333 3532; x_wconf 80' lang='lat' dir='ltr'><strong>excessum</strong></span> <span class='ocrx_word' id='word_1_255' title='bbox 1362 3494 1426 3534; x_wconf 79' lang='lat' dir='ltr'><strong>ex</strong></span> <span class='ocrx_word' id='word_1_256' title='bbox 1455 3478 1553 3534; x_wconf 88' lang='lat' dir='ltr'><strong>hac</strong></span> <span class='ocrx_word' id='word_1_257' title='bbox 1578 3479 1717 3534; x_wconf 90' lang='lat' dir='ltr'><strong>vita?</strong></span> <span class='ocrx_word' id='word_1_258' title='bbox 1745 3481 1787 3535; x_wconf 90' lang='lat' dir='ltr'><strong>si</strong></span> <span class='ocrx_word' id='word_1_259' title='bbox 1808 3482 1894 3536; x_wconf 91' lang='lat' dir='ltr'><strong>ubi</strong></span> 
     </span>
    </p>
   </div>
   <div class='ocr_carea' id='block_1_36' title="bbox 312 3567 1894 3642">
    <p class='ocr_par' dir='ltr' id='par_1_36' title="bbox 312 3567 1894 3642">
     <span class='ocr_line' id='line_1_36' title="bbox 312 3567 1894 3642; baseline 0.003 -20"><span class='ocrx_word' id='word_1_260' title='bbox 312 3567 578 3636; x_wconf 84' lang='lat' dir='ltr'><strong>peregrini</strong></span> <span class='ocrx_word' id='word_1_261' title='bbox 605 3577 762 3633; x_wconf 90' lang='lat' dir='ltr'><strong>sunt,</strong></span> <span class='ocrx_word' id='word_1_262' title='bbox 797 3569 865 3622; x_wconf 90' lang='lat' dir='ltr'><strong>ita</strong></span> <span class='ocrx_word' id='word_1_263' title='bbox 896 3569 1131 3638; x_wconf 83' lang='lat' dir='ltr'><strong>fulgent,</strong></span> <span class='ocrx_word' id='word_1_264' title='bbox 1177 3585 1296 3623; x_wconf 89' lang='lat' dir='ltr'><strong>cum</strong></span> <span class='ocrx_word' id='word_1_265' title='bbox 1328 3569 1552 3639; x_wconf 88' lang='lat' dir='ltr'><strong>patriam</strong></span> <span class='ocrx_word' id='word_1_266' title='bbox 1601 3571 1894 3642; x_wconf 85' lang='lat' dir='ltr'><strong>recipient,</strong></span> 
     </span>
    </p>
   </div>
   <div class='ocr_carea' id='block_1_37' title="bbox 312 3661 1898 3733">
    <p class='ocr_par' dir='ltr' id='par_1_37' title="bbox 312 3661 1898 3733">
     <span class='ocr_line' id='line_1_37' title="bbox 312 3661 1898 3733; baseline 0.004 -20"><span class='ocrx_word' id='word_1_267' title='bbox 312 3661 495 3729; x_wconf 89' lang='lat' dir='ltr'><strong>quales</strong></span> <span class='ocrx_word' id='word_1_268' title='bbox 516 3661 715 3715; x_wconf 88' lang='lat' dir='ltr'><strong>erunt?</strong></span> <span class='ocrx_word' id='word_1_269' title='bbox 745 3661 831 3717; x_wconf 84' lang='lat' dir='ltr'><strong>Sic</strong></span> <span class='ocrx_word' id='word_1_270' title='bbox 858 3670 914 3715; x_wconf 91' lang='lat' dir='ltr'><strong>et</strong></span> <span class='ocrx_word' id='word_1_271' title='bbox 942 3661 1016 3715; x_wconf 92' lang='lat' dir='ltr'><strong>illi</strong></span> <span class='ocrx_word' id='word_1_272' title='bbox 1046 3662 1292 3716; x_wconf 88' lang='lat' dir='ltr'><strong>meliores</strong></span> <span class='ocrx_word' id='word_1_273' title='bbox 1320 3663 1568 3729; x_wconf 86' lang='lat' dir='ltr'><strong>evadent,</strong></span> <span class='ocrx_word' id='word_1_274' title='bbox 1596 3675 1650 3719; x_wconf 93' lang='lat' dir='ltr'><strong>et</strong></span> <span class='ocrx_word' id='word_1_275' title='bbox 1689 3667 1898 3733; x_wconf 90' lang='lat' dir='ltr'><strong>pietatis</strong></span> 
     </span>
    </p>
   </div>
   <div class='ocr_carea' id='block_1_38' title="bbox 313 3753 1900 3821">
    <p class='ocr_par' dir='ltr' id='par_1_38' title="bbox 313 3753 1900 3821">
     <span class='ocr_line' id='line_1_38' title="bbox 313 3753 1900 3821; baseline 0.003 -18"><span class='ocrx_word' id='word_1_276' title='bbox 313 3767 492 3806; x_wconf 84' lang='lat' dir='ltr'><strong>sermo</strong></span> <span class='ocrx_word' id='word_1_277' title='bbox 512 3761 707 3815; x_wconf 89' lang='lat' dir='ltr'><strong>curret,</strong></span> <span class='ocrx_word' id='word_1_278' title='bbox 730 3767 834 3806; x_wconf 89' lang='lat' dir='ltr'><strong>non</strong></span> <span class='ocrx_word' id='word_1_279' title='bbox 854 3753 1027 3806; x_wconf 90' lang='lat' dir='ltr'><strong>minus</strong></span> <span class='ocrx_word' id='word_1_280' title='bbox 1047 3768 1203 3821; x_wconf 89' lang='lat' dir='ltr'><strong>quam</strong></span> <span class='ocrx_word' id='word_1_281' title='bbox 1226 3753 1591 3820; x_wconf 87' lang='lat' dir='ltr'><strong>apostolorum</strong></span> <span class='ocrx_word' id='word_1_282' title='bbox 1609 3770 1739 3809; x_wconf 68' lang='lat' dir='ltr'><strong>aevo.</strong></span> <span class='ocrx_word' id='word_1_283' title='bbox 1765 3755 1900 3808; x_wconf 89' lang='lat' dir='ltr'><strong>Nam</strong></span> 
     </span>
    </p>
   </div>
   <div class='ocr_carea' id='block_1_39' title="bbox 315 3840 1899 3914">
    <p class='ocr_par' dir='ltr' id='par_1_39' title="bbox 315 3840 1899 3914">
     <span class='ocr_line' id='line_1_39' title="bbox 315 3840 1899 3914; baseline 0.005 -24"><span class='ocrx_word' id='word_1_284' title='bbox 315 3840 358 3891; x_wconf 87' lang='lat' dir='ltr'><strong>si</strong></span> <span class='ocrx_word' id='word_1_285' title='bbox 394 3840 465 3892; x_wconf 91' lang='lat' dir='ltr'><strong>illi</strong></span> <span class='ocrx_word' id='word_1_286' title='bbox 497 3855 616 3894; x_wconf 90' lang='lat' dir='ltr'><strong>cum</strong></span> <span class='ocrx_word' id='word_1_287' title='bbox 645 3841 922 3896; x_wconf 88' lang='lat' dir='ltr'><strong>duodecim</strong></span> <span class='ocrx_word' id='word_1_288' title='bbox 945 3841 1117 3896; x_wconf 90' lang='lat' dir='ltr'><strong>solum</strong></span> <span class='ocrx_word' id='word_1_289' title='bbox 1141 3851 1340 3907; x_wconf 88' lang='lat' dir='ltr'><strong>essent,</strong></span> <span class='ocrx_word' id='word_1_290' title='bbox 1375 3842 1615 3898; x_wconf 81' lang='lat' dir='ltr'><strong>civitates</strong></span> <span class='ocrx_word' id='word_1_291' title='bbox 1647 3845 1899 3914; x_wconf 85' lang='lat' dir='ltr'><strong>integras,</strong></span> 
     </span>
    </p>
   </div>
   <div class='ocr_carea' id='block_1_40' title="bbox 315 3931 1902 4001">
    <p class='ocr_par' dir='ltr' id='par_1_40' title="bbox 315 3931 1902 4001">
     <span class='ocr_line' id='line_1_40' title="bbox 315 3931 1902 4001; baseline 0.005 -18"><span class='ocrx_word' id='word_1_292' title='bbox 315 3931 664 4001; x_wconf 79' lang='lat' dir='ltr'><strong>regionesque</strong></span> <span class='ocrx_word' id='word_1_293' title='bbox 689 3943 1090 3997; x_wconf 89' lang='lat' dir='ltr'><strong>converterunt;</strong></span> <span class='ocrx_word' id='word_1_294' title='bbox 1123 3934 1166 3986; x_wconf 91' lang='lat' dir='ltr'><strong>si</strong></span> <span class='ocrx_word' id='word_1_295' title='bbox 1196 3949 1388 3987; x_wconf 89' lang='lat' dir='ltr'><strong>omnes</strong></span> <span class='ocrx_word' id='word_1_296' title='bbox 1415 3950 1479 3988; x_wconf 81' lang='lat' dir='ltr'><strong>ex</strong></span> <span class='ocrx_word' id='word_1_297' title='bbox 1511 3945 1755 3990; x_wconf 82' lang='lat' dir='ltr'><strong>accurata</strong></span> <span class='ocrx_word' id='word_1_298' title='bbox 1778 3937 1902 3991; x_wconf 78' lang='lat' dir='ltr'><strong>vita:</strong></span> 
     </span>
    </p>
   </div>
   <div class='ocr_carea' id='block_1_41' title="bbox 319 4022 1902 4094">
    <p class='ocr_par' dir='ltr' id='par_1_41' title="bbox 319 4022 1902 4094">
     <span class='ocr_line' id='line_1_41' title="bbox 319 4022 1902 4094; baseline 0.004 -20"><span class='ocrx_word' id='word_1_299' title='bbox 319 4022 525 4076; x_wconf 87' lang='lat' dir='ltr'><strong>ratione</strong></span> <span class='ocrx_word' id='word_1_300' title='bbox 549 4022 798 4078; x_wconf 90' lang='lat' dir='ltr'><strong>doctores</strong></span> <span class='ocrx_word' id='word_1_301' title='bbox 825 4023 1142 4086; x_wconf 87' lang='lat' dir='ltr'><strong>efficiamur,</strong></span> <span class='ocrx_word' id='word_1_302' title='bbox 1166 4027 1335 4094; x_wconf 83' lang='lat' dir='ltr'><strong>cogita</strong></span> <span class='ocrx_word' id='word_1_303' title='bbox 1369 4036 1620 4094; x_wconf 87' lang='lat' dir='ltr'><strong>quantam</strong></span> <span class='ocrx_word' id='word_1_304' title='bbox 1645 4027 1710 4080; x_wconf 88' lang='lat' dir='ltr'><strong>ad</strong></span> <span class='ocrx_word' id='word_1_305' title='bbox 1741 4028 1902 4081; x_wconf 86' lang='lat' dir='ltr'><strong>subli-</strong></span> 
     </span>
    </p>
   </div>
   <div class='ocr_carea' id='block_1_42' title="bbox 319 4113 1902 4188">
    <p class='ocr_par' dir='ltr' id='par_1_42' title="bbox 319 4113 1902 4188">
     <span class='ocr_line' id='line_1_42' title="bbox 319 4113 1902 4188; baseline 0.006 -24"><span class='ocrx_word' id='word_1_306' title='bbox 319 4113 557 4168; x_wconf 88' lang='lat' dir='ltr'><strong>mitatem</strong></span> <span class='ocrx_word' id='word_1_307' title='bbox 588 4124 768 4169; x_wconf 88' lang='lat' dir='ltr'><strong>nostra</strong></span> <span class='ocrx_word' id='word_1_308' title='bbox 795 4116 901 4169; x_wconf 91' lang='lat' dir='ltr'><strong>sint</strong></span> <span class='ocrx_word' id='word_1_309' title='bbox 930 4131 1233 4170; x_wconf 88' lang='lat' dir='ltr'><strong>ascensura.</strong></span> <span class='ocrx_word' id='word_1_310' title='bbox 1273 4116 1454 4186; x_wconf 76' lang='lat' dir='ltr'><strong>Neque</strong></span> <span class='ocrx_word' id='word_1_311' title='bbox 1479 4118 1621 4172; x_wconf 89' lang='lat' dir='ltr'><strong>enim</strong></span> <span class='ocrx_word' id='word_1_312' title='bbox 1649 4120 1902 4188; x_wconf 85' lang='lat' dir='ltr'><strong>gentilem</strong></span> 
     </span>
    </p>
   </div>
   <div class='ocr_carea' id='block_1_43' title="bbox 1038 330 2850 399">
    <p class='ocr_par' dir='ltr' id='par_1_43' title="bbox 1038 330 2850 399">
     <span class='ocr_line' id='line_1_43' title="bbox 1038 330 2850 399; baseline -0.007 0"><span class='ocrx_word' id='word_1_313' title='bbox 1038 345 1094 399; x_wconf 87' lang='lat' dir='ltr'><strong>S.</strong></span> <span class='ocrx_word' id='word_1_314' title='bbox 1134 341 1409 399; x_wconf 75' lang='lat' dir='ltr'><strong>JOANNIS</strong></span> <span class='ocrx_word' id='word_1_315' title='bbox 1446 334 1920 395; x_wconf 78' lang='lat' dir='ltr'><strong>CIIRYSOSTOMI</strong></span> <span class='ocrx_word' id='word_1_316' title='bbox 1959 332 2274 392; x_wconf 78' lang='lat' dir='ltr'><strong>ARCllIEP.</strong></span> <span class='ocrx_word' id='word_1_317' title='bbox 2316 330 2850 391; x_wconf 76' lang='lat' dir='ltr'><strong>CONSTANTINOP.</strong></span> 
     </span>
    </p>
   </div>
   <div class='ocr_carea' id='block_1_44' title="bbox 3465 335 3568 390">
    <p class='ocr_par' dir='ltr' id='par_1_44' title="bbox 3465 335 3568 390">
     <span class='ocr_line' id='line_1_44' title="bbox 3465 335 3568 390; baseline 0.019 -2"><span class='ocrx_word' id='word_1_318' title='bbox 3465 335 3568 390; x_wconf 66' lang='grc'><strong>461</strong></span> 
     </span>
    </p>
   </div>
   <div class='ocr_carea' id='block_1_45' title="bbox 1986 445 3572 514">
    <p class='ocr_par' dir='ltr' id='par_1_45' title="bbox 1986 445 3572 514">
     <span class='ocr_line' id='line_1_45' title="bbox 1986 445 3572 514; baseline 0.001 -14"><span class='ocrx_word' id='word_1_319' title='bbox 1986 447 2064 502; x_wconf 84' lang='lat' dir='ltr'><strong>sic</strong></span> <span class='ocrx_word' id='word_1_320' title='bbox 2096 447 2313 501; x_wconf 89' lang='lat' dir='ltr'><strong>attrahit</strong></span> <span class='ocrx_word' id='word_1_321' title='bbox 2345 457 2586 501; x_wconf 91' lang='lat' dir='ltr'><strong>mortuus</strong></span> <span class='ocrx_word' id='word_1_322' title='bbox 2612 447 2970 510; x_wconf 87' lang='lat' dir='ltr'><strong>redivivus,ut</strong></span> <span class='ocrx_word' id='word_1_323' title='bbox 2995 445 3073 498; x_wconf 88' lang='lat' dir='ltr'><strong>vir</strong></span> <span class='ocrx_word' id='word_1_324' title='bbox 3095 446 3462 514; x_wconf 84' lang='lat' dir='ltr'><strong>philosophice</strong></span> <span class='ocrx_word' id='word_1_325' title='bbox 3492 451 3572 502; x_wconf 61' lang='grc' dir='ltr'><strong>τι-</strong></span> 
     </span>
    </p>
   </div>
   <div class='ocr_carea' id='block_1_46' title="bbox 1984 539 3572 608">
    <p class='ocr_par' dir='ltr' id='par_1_46' title="bbox 1984 539 3572 608">
     <span class='ocr_line' id='line_1_46' title="bbox 1984 539 3572 608; baseline 0.002 -16"><span class='ocrx_word' id='word_1_326' title='bbox 1984 555 2132 593; x_wconf 88' lang='lat' dir='ltr'><strong>vens.</strong></span> <span class='ocrx_word' id='word_1_327' title='bbox 2187 540 2268 593; x_wconf 85' lang='lat' dir='ltr'><strong>Ad</strong></span> <span class='ocrx_word' id='word_1_328' title='bbox 2316 540 2444 595; x_wconf 92' lang='lat' dir='ltr'><strong>illud</strong></span> <span class='ocrx_word' id='word_1_329' title='bbox 2477 541 2615 593; x_wconf 89' lang='lat' dir='ltr'><strong>enim</strong></span> <span class='ocrx_word' id='word_1_330' title='bbox 2666 540 3026 608; x_wconf 84' lang='lat' dir='ltr'><strong>spectaculum</strong></span> <span class='ocrx_word' id='word_1_331' title='bbox 3065 539 3338 607; x_wconf 85' lang='lat' dir='ltr'><strong>stupebit-,</strong></span> <span class='ocrx_word' id='word_1_332' title='bbox 3368 541 3436 594; x_wconf 86' lang='lat' dir='ltr'><strong>ab</strong></span> <span class='ocrx_word' id='word_1_333' title='bbox 3467 541 3572 596; x_wconf 88' lang='lat' dir='ltr'><strong>hoc</strong></span> 
     </span>
    </p>
   </div>
   <div class='ocr_carea' id='block_1_47' title="bbox 1980 627 3573 694">
    <p class='ocr_par' dir='ltr' id='par_1_47' title="bbox 1980 627 3573 694">
     <span class='ocr_line' id='line_1_47' title="bbox 1980 627 3573 694; baseline 0.001 -12"><span class='ocrx_word' id='word_1_334' title='bbox 1980 638 2157 684; x_wconf 87' lang='lat' dir='ltr'><strong>autem</strong></span> <span class='ocrx_word' id='word_1_335' title='bbox 2189 630 2390 682; x_wconf 77' lang='lat' dir='ltr'><strong>lucrum</strong></span> <span class='ocrx_word' id='word_1_336' title='bbox 2417 629 2590 682; x_wconf 81' lang='lat' dir='ltr'><strong>faciet.</strong></span> <span class='ocrx_word' id='word_1_337' title='bbox 2621 628 2753 682; x_wconf 81' lang='lat' dir='ltr'><strong>illud</strong></span> <span class='ocrx_word' id='word_1_338' title='bbox 2777 627 2970 682; x_wconf 88' lang='lat' dir='ltr'><strong>factum</strong></span> <span class='ocrx_word' id='word_1_339' title='bbox 2999 639 3100 691; x_wconf 87' lang='lat' dir='ltr'><strong>est,</strong></span> <span class='ocrx_word' id='word_1_340' title='bbox 3129 639 3181 682; x_wconf 87' lang='lat' dir='ltr'><strong>et</strong></span> <span class='ocrx_word' id='word_1_341' title='bbox 3215 631 3446 694; x_wconf 86' lang='lat' dir='ltr'><strong>transiit;</strong></span> <span class='ocrx_word' id='word_1_342' title='bbox 3468 629 3573 685; x_wconf 89' lang='lat' dir='ltr'><strong>hoc</strong></span> 
     </span>
    </p>
   </div>
   <div class='ocr_carea' id='block_1_48' title="bbox 1984 720 3568 791">
    <p class='ocr_par' dir='ltr' id='par_1_48' title="bbox 1984 720 3568 791">
     <span class='ocr_line' id='line_1_48' title="bbox 1984 720 3568 791; baseline 0.001 -17"><span class='ocrx_word' id='word_1_343' title='bbox 1984 732 2178 786; x_wconf 88' lang='lat' dir='ltr'><strong>manet,</strong></span> <span class='ocrx_word' id='word_1_344' title='bbox 2211 733 2264 775; x_wconf 88' lang='lat' dir='ltr'><strong>et</strong></span> <span class='ocrx_word' id='word_1_345' title='bbox 2288 737 2500 791; x_wconf 84' lang='lat' dir='ltr'><strong>semper</strong></span> <span class='ocrx_word' id='word_1_346' title='bbox 2529 723 2667 776; x_wconf 87' lang='lat' dir='ltr'><strong>illius</strong></span> <span class='ocrx_word' id='word_1_347' title='bbox 2697 721 2928 774; x_wconf 87' lang='lat' dir='ltr'><strong>animam</strong></span> <span class='ocrx_word' id='word_1_348' title='bbox 2967 721 3177 774; x_wconf 70' lang='lat' dir='ltr'><strong>excolit.</strong></span> <span class='ocrx_word' id='word_1_349' title='bbox 3211 720 3405 775; x_wconf 85' lang='lat' dir='ltr'><strong>Curam</strong></span> <span class='ocrx_word' id='word_1_350' title='bbox 3438 738 3568 791; x_wconf 79' lang='lat' dir='ltr'><strong>ergo</strong></span> 
     </span>
    </p>
   </div>
   <div class='ocr_carea' id='block_1_49' title="bbox 1985 813 3057 884">
    <p class='ocr_par' dir='ltr' id='par_1_49' title="bbox 1985 813 3057 884">
     <span class='ocr_line' id='line_1_49' title="bbox 1985 813 3057 884; baseline -0.003 -17"><span class='ocrx_word' id='word_1_351' title='bbox 1985 815 2153 867; x_wconf 71' lang='lat' dir='ltr'><strong>nostri</strong></span> <span class='ocrx_word' id='word_1_352' title='bbox 2190 830 2430 884; x_wconf 83' lang='lat' dir='ltr'><strong>agamus,</strong></span> <span class='ocrx_word' id='word_1_353' title='bbox 2459 823 2512 867; x_wconf 91' lang='lat' dir='ltr'><strong>ut</strong></span> <span class='ocrx_word' id='word_1_354' title='bbox 2541 825 2591 868; x_wconf 91' lang='lat' dir='ltr'><strong>et</strong></span> <span class='ocrx_word' id='word_1_355' title='bbox 2625 813 2744 867; x_wconf 90' lang='lat' dir='ltr'><strong>illos</strong></span> <span class='ocrx_word' id='word_1_356' title='bbox 2770 813 3057 867; x_wconf 88' lang='lat' dir='ltr'><strong>lucremur.</strong></span> 
     </span>
    </p>
   </div>
   <div class='ocr_carea' id='block_1_50' title="bbox 2067 901 3572 970">
    <p class='ocr_par' dir='ltr' id='par_1_50' title="bbox 2067 901 3572 970">
     <span class='ocr_line' id='line_1_50' title="bbox 2067 901 3572 970; baseline 0.005 -18"><span class='ocrx_word' id='word_1_357' title='bbox 2067 903 2233 958; x_wconf 70' lang='lat' dir='ltr'><strong>Virtus</strong></span> <span class='ocrx_word' id='word_1_358' title='bbox 2261 905 2311 956; x_wconf 90' lang='lat' dir='ltr'><strong>in</strong></span> <span class='ocrx_word' id='word_1_359' title='bbox 2334 905 2467 956; x_wconf 88' lang='lat' dir='ltr'><strong>omni</strong></span> <span class='ocrx_word' id='word_1_360' title='bbox 2495 905 2777 957; x_wconf 84' lang='lat' dir='ltr'><strong>conditione</strong></span> <span class='ocrx_word' id='word_1_361' title='bbox 2814 903 2912 955; x_wconf 87' lang='lat' dir='ltr'><strong>coli</strong></span> <span class='ocrx_word' id='word_1_362' title='bbox 2945 901 3341 970; x_wconf 59' lang='lat' dir='ltr'><strong>potest—Nihil</strong></span> <span class='ocrx_word' id='word_1_363' title='bbox 3371 919 3572 959; x_wconf 87' lang='lat' dir='ltr'><strong>onero-</strong></span> 
     </span>
    </p>
   </div>
   <div class='ocr_carea' id='block_1_51' title="bbox 1983 994 3572 1066">
    <p class='ocr_par' dir='ltr' id='par_1_51' title="bbox 1983 994 3572 1066">
     <span class='ocr_line' id='line_1_51' title="bbox 1983 994 3572 1066; baseline 0.001 -18"><span class='ocrx_word' id='word_1_364' title='bbox 1983 1010 2098 1048; x_wconf 88' lang='lat' dir='ltr'><strong>sum</strong></span> <span class='ocrx_word' id='word_1_365' title='bbox 2130 997 2317 1066; x_wconf 80' lang='lat' dir='ltr'><strong>loquor</strong></span> <span class='ocrx_word' id='word_1_366' title='bbox 2348 1014 2360 1050; x_wconf 93' lang='lat'><strong>:</strong></span> <span class='ocrx_word' id='word_1_367' title='bbox 2391 1011 2496 1052; x_wconf 86' lang='lat' dir='ltr'><strong>non</strong></span> <span class='ocrx_word' id='word_1_368' title='bbox 2517 995 2654 1056; x_wconf 86' lang='lat' dir='ltr'><strong>dico,</strong></span> <span class='ocrx_word' id='word_1_369' title='bbox 2691 994 2766 1048; x_wconf 92' lang='lat' dir='ltr'><strong>Ne</strong></span> <span class='ocrx_word' id='word_1_370' title='bbox 2796 1010 3014 1048; x_wconf 81' lang='lat' dir='ltr'><strong>uxorem</strong></span> <span class='ocrx_word' id='word_1_371' title='bbox 3046 994 3210 1048; x_wconf 81' lang='lat' dir='ltr'><strong>ducas</strong></span> <span class='ocrx_word' id='word_1_372' title='bbox 3234 1036 3246 1056; x_wconf 89' lang='lat'><em>.</em></span> <span class='ocrx_word' id='word_1_373' title='bbox 3282 995 3441 1049; x_wconf 83' lang='lat' dir='ltr'><strong>urbes</strong></span> <span class='ocrx_word' id='word_1_374' title='bbox 3481 1012 3539 1050; x_wconf 91' lang='lat' dir='ltr'><strong>re</strong></span> <span class='ocrx_word' id='word_1_375' title='bbox 3559 1028 3572 1036; x_wconf 89' lang='lat'><strong>-</strong></span> 
     </span>
    </p>
   </div>
   <div class='ocr_carea' id='block_1_52' title="bbox 1984 1085 3571 1153">
    <p class='ocr_par' dir='ltr' id='par_1_52' title="bbox 1984 1085 3571 1153">
     <span class='ocr_line' id='line_1_52' title="bbox 1984 1085 3571 1153; baseline 0.001 -15"><span class='ocrx_word' id='word_1_376' title='bbox 1984 1087 2182 1153; x_wconf 83' lang='lat' dir='ltr'><strong>linque,</strong></span> <span class='ocrx_word' id='word_1_377' title='bbox 2211 1101 2242 1138; x_wconf 92' lang='lat' dir='ltr'><strong>a</strong></span> <span class='ocrx_word' id='word_1_378' title='bbox 2269 1086 2430 1142; x_wconf 85' lang='lat' dir='ltr'><strong>rebus</strong></span> <span class='ocrx_word' id='word_1_379' title='bbox 2472 1086 2688 1140; x_wconf 92' lang='lat' dir='ltr'><strong>urbanis</strong></span> <span class='ocrx_word' id='word_1_380' title='bbox 2719 1095 2770 1140; x_wconf 89' lang='lat' dir='ltr'><strong>te</strong></span> <span class='ocrx_word' id='word_1_381' title='bbox 2801 1100 3018 1140; x_wconf 87' lang='lat' dir='ltr'><strong>remove</strong></span> <span class='ocrx_word' id='word_1_382' title='bbox 3054 1104 3064 1136; x_wconf 95' lang='lat'>:</span> <span class='ocrx_word' id='word_1_383' title='bbox 3100 1085 3212 1147; x_wconf 90' lang='lat' dir='ltr'><strong>sed,</strong></span> <span class='ocrx_word' id='word_1_384' title='bbox 3250 1085 3305 1139; x_wconf 92' lang='lat' dir='ltr'><strong>In</strong></span> <span class='ocrx_word' id='word_1_385' title='bbox 3337 1086 3419 1140; x_wconf 91' lang='lat' dir='ltr'><strong>his</strong></span> <span class='ocrx_word' id='word_1_386' title='bbox 3447 1101 3571 1140; x_wconf 86' lang='lat' dir='ltr'><strong>ver-</strong></span> 
     </span>
    </p>
   </div>
   <div class='ocr_carea' id='block_1_53' title="bbox 1983 1179 3575 1248">
    <p class='ocr_par' dir='ltr' id='par_1_53' title="bbox 1983 1179 3575 1248">
     <span class='ocr_line' id='line_1_53' title="bbox 1983 1179 3575 1248; baseline 0.001 -16"><span class='ocrx_word' id='word_1_387' title='bbox 1983 1193 2106 1233; x_wconf 72' lang='lat' dir='ltr'><strong>satis</strong></span> <span class='ocrx_word' id='word_1_388' title='bbox 2135 1180 2377 1233; x_wconf 82' lang='lat' dir='ltr'><strong>virtutem</strong></span> <span class='ocrx_word' id='word_1_389' title='bbox 2410 1179 2624 1235; x_wconf 76' lang='lat' dir='ltr'><strong>exhibe.</strong></span> <span class='ocrx_word' id='word_1_390' title='bbox 2657 1179 2864 1234; x_wconf 82' lang='lat' dir='ltr'><strong>Mallem</strong></span> <span class='ocrx_word' id='word_1_391' title='bbox 2891 1179 3089 1248; x_wconf 85' lang='lat' dir='ltr'><strong>quippe</strong></span> <span class='ocrx_word' id='word_1_392' title='bbox 3129 1193 3224 1233; x_wconf 87' lang='lat' dir='ltr'><strong>eos</strong></span> <span class='ocrx_word' id='word_1_393' title='bbox 3251 1181 3341 1246; x_wconf 91' lang='lat' dir='ltr'><strong>qui</strong></span> <span class='ocrx_word' id='word_1_394' title='bbox 3379 1181 3429 1233; x_wconf 94' lang='lat' dir='ltr'><strong>in</strong></span> <span class='ocrx_word' id='word_1_395' title='bbox 3459 1196 3575 1235; x_wconf 89' lang='lat' dir='ltr'><strong>me-</strong></span> 
     </span>
    </p>
   </div>
   <div class='ocr_carea' id='block_1_54' title="bbox 1987 1269 3572 1342">
    <p class='ocr_par' dir='ltr' id='par_1_54' title="bbox 1987 1269 3572 1342">
     <span class='ocr_line' id='line_1_54' title="bbox 1987 1269 3572 1342; baseline 0.002 -19"><span class='ocrx_word' id='word_1_396' title='bbox 1987 1269 2090 1323; x_wconf 91' lang='lat' dir='ltr'><strong>diis</strong></span> <span class='ocrx_word' id='word_1_397' title='bbox 2121 1270 2334 1324; x_wconf 91' lang='lat' dir='ltr'><strong>urbibus</strong></span> <span class='ocrx_word' id='word_1_398' title='bbox 2365 1282 2644 1325; x_wconf 87' lang='lat' dir='ltr'><strong>versantur</strong></span> <span class='ocrx_word' id='word_1_399' title='bbox 2676 1272 2872 1325; x_wconf 89' lang='lat' dir='ltr'><strong>virtute</strong></span> <span class='ocrx_word' id='word_1_400' title='bbox 2904 1270 3096 1326; x_wconf 83' lang='lat' dir='ltr'><strong>ﬂorere</strong></span> <span class='ocrx_word' id='word_1_401' title='bbox 3118 1313 3132 1336; x_wconf 95' lang='lat'><strong>,</strong></span> <span class='ocrx_word' id='word_1_402' title='bbox 3165 1287 3324 1340; x_wconf 88' lang='lat' dir='ltr'><strong>quam</strong></span> <span class='ocrx_word' id='word_1_403' title='bbox 3357 1287 3455 1327; x_wconf 84' lang='lat' dir='ltr'><strong>eos</strong></span> <span class='ocrx_word' id='word_1_404' title='bbox 3480 1275 3572 1342; x_wconf 88' lang='lat' dir='ltr'><strong>qui</strong></span> 
     </span>
    </p>
   </div>
   <div class='ocr_carea' id='block_1_55' title="bbox 1985 1362 3569 1430">
    <p class='ocr_par' dir='ltr' id='par_1_55' title="bbox 1985 1362 3569 1430">
     <span class='ocr_line' id='line_1_55' title="bbox 1985 1362 3569 1430; baseline 0.004 -18"><span class='ocrx_word' id='word_1_405' title='bbox 1985 1373 2194 1416; x_wconf 70' lang='lat' dir='ltr'><strong>montes</strong></span> <span class='ocrx_word' id='word_1_406' title='bbox 2219 1372 2498 1430; x_wconf 84' lang='lat' dir='ltr'><strong>occupant.</strong></span> <span class='ocrx_word' id='word_1_407' title='bbox 2523 1362 2734 1429; x_wconf 84' lang='lat' dir='ltr'><strong>Quare?</strong></span> <span class='ocrx_word' id='word_1_408' title='bbox 2758 1362 2893 1430; x_wconf 78' lang='lat' dir='ltr'><strong>Quia</strong></span> <span class='ocrx_word' id='word_1_409' title='bbox 2925 1363 3046 1418; x_wconf 83' lang='lat' dir='ltr'><strong>hinc</strong></span> <span class='ocrx_word' id='word_1_410' title='bbox 3074 1363 3294 1416; x_wconf 92' lang='lat' dir='ltr'><strong>multum</strong></span> <span class='ocrx_word' id='word_1_411' title='bbox 3319 1365 3448 1418; x_wconf 91' lang='lat' dir='ltr'><strong>lucri</strong></span> <span class='ocrx_word' id='word_1_412' title='bbox 3478 1380 3569 1418; x_wconf 88' lang='lat' dir='ltr'><strong>ac-</strong></span> 
     </span>
    </p>
   </div>
   <div class='ocr_carea' id='block_1_56' title="bbox 1983 1454 3573 1524">
    <p class='ocr_par' dir='ltr' id='par_1_56' title="bbox 1983 1454 3573 1524">
     <span class='ocr_line' id='line_1_56' title="bbox 1983 1454 3573 1524; baseline 0.001 -14"><span class='ocrx_word' id='word_1_413' title='bbox 1983 1457 2142 1510; x_wconf 89' lang='lat' dir='ltr'><strong>cedit.</strong></span> <span class='ocrx_word' id='word_1_414' title='bbox 2177 1454 2340 1508; x_wconf 79' lang='lat' dir='ltr'><strong>Nemo</strong></span> <span class='ocrx_word' id='word_1_415' title='bbox 2369 1457 2507 1509; x_wconf 90' lang='lat' dir='ltr'><strong>enim</strong></span> <span class='ocrx_word' id='word_1_416' title='bbox 2537 1456 2793 1509; x_wconf 76' lang='lat' dir='ltr'><strong>lucernam</strong></span> <span class='ocrx_word' id='word_1_417' title='bbox 2828 1455 3068 1520; x_wconf 82' lang='lat' dir='ltr'><strong>accendit,</strong></span> <span class='ocrx_word' id='word_1_418' title='bbox 3097 1465 3141 1508; x_wconf 85' lang='lat' dir='ltr'><strong>et</strong></span> <span class='ocrx_word' id='word_1_419' title='bbox 3169 1457 3308 1524; x_wconf 84' lang='lat' dir='ltr'><strong>ponit</strong></span> <span class='ocrx_word' id='word_1_420' title='bbox 3339 1474 3450 1510; x_wconf 82' lang='lat' dir='ltr'><strong>eam</strong></span> <span class='ocrx_word' id='word_1_421' title='bbox 3481 1459 3573 1511; x_wconf 82' lang='lat' dir='ltr'><strong>sub</strong></span> 
     </span>
    </p>
   </div>
   <div class='ocr_carea' id='block_1_57' title="bbox 1983 1547 3573 1617">
    <p class='ocr_par' dir='ltr' id='par_1_57' title="bbox 1983 1547 3573 1617">
     <span class='ocr_line' id='line_1_57' title="bbox 1983 1547 3573 1617; baseline 0.001 -17"><span class='ocrx_word' id='word_1_422' title='bbox 1983 1547 2152 1600; x_wconf 83' lang='lat' dir='ltr'><strong>modio</strong></span> <span class='ocrx_word' id='word_1_423' title='bbox 2179 1547 2388 1617; x_wconf 71' lang='lat' dir='ltr'><strong>(Matth.</strong></span> <span class='ocrx_word' id='word_1_424' title='bbox 2422 1547 2476 1601; x_wconf 82' lang='lat'><strong>5.</strong></span> <span class='ocrx_word' id='word_1_425' title='bbox 2513 1548 2620 1616; x_wconf 72' lang='grc' dir='ltr'><strong>ιδ).</strong></span> <span class='ocrx_word' id='word_1_426' title='bbox 2655 1547 2858 1600; x_wconf 84' lang='lat' dir='ltr'><strong>Idcirco</strong></span> <span class='ocrx_word' id='word_1_427' title='bbox 2891 1547 3079 1600; x_wconf 84' lang='lat' dir='ltr'><strong>vellem</strong></span> <span class='ocrx_word' id='word_1_428' title='bbox 3109 1562 3299 1601; x_wconf 89' lang='lat' dir='ltr'><strong>omnes</strong></span> <span class='ocrx_word' id='word_1_429' title='bbox 3324 1547 3573 1602; x_wconf 88' lang='lat' dir='ltr'><strong>lucernas</strong></span> 
     </span>
    </p>
   </div>
   <div class='ocr_carea' id='block_1_58' title="bbox 1983 1637 3576 1706">
    <p class='ocr_par' dir='ltr' id='par_1_58' title="bbox 1983 1637 3576 1706">
     <span class='ocr_line' id='line_1_58' title="bbox 1983 1637 3576 1706; baseline 0.003 -16"><span class='ocrx_word' id='word_1_430' title='bbox 1983 1653 2140 1706; x_wconf 89' lang='lat' dir='ltr'><strong>supra</strong></span> <span class='ocrx_word' id='word_1_431' title='bbox 2167 1637 2480 1692; x_wconf 88' lang='lat' dir='ltr'><strong>candelabra</strong></span> <span class='ocrx_word' id='word_1_432' title='bbox 2505 1653 2644 1698; x_wconf 87' lang='lat' dir='ltr'><strong>esse.</strong></span> <span class='ocrx_word' id='word_1_433' title='bbox 2675 1647 2729 1692; x_wconf 82' lang='lat' dir='ltr'><strong>ut</strong></span> <span class='ocrx_word' id='word_1_434' title='bbox 2751 1637 2913 1692; x_wconf 85' lang='lat' dir='ltr'><strong>multa</strong></span> <span class='ocrx_word' id='word_1_435' title='bbox 2937 1639 3024 1692; x_wconf 80' lang='lat' dir='ltr'><strong>lux</strong></span> <span class='ocrx_word' id='word_1_436' title='bbox 3053 1637 3437 1693; x_wconf 81' lang='lat' dir='ltr'><strong>effunderetur.</strong></span> <span class='ocrx_word' id='word_1_437' title='bbox 3471 1643 3576 1695; x_wconf 84' lang='lat' dir='ltr'><strong>Ac-</strong></span> 
     </span>
    </p>
   </div>
   <div class='ocr_carea' id='block_1_59' title="bbox 1983 1729 3573 1799">
    <p class='ocr_par' dir='ltr' id='par_1_59' title="bbox 1983 1729 3573 1799">
     <span class='ocr_line' id='line_1_59' title="bbox 1983 1729 3573 1799; baseline 0.001 -15"><span class='ocrx_word' id='word_1_438' title='bbox 1983 1730 2270 1786; x_wconf 80' lang='lat' dir='ltr'><strong>cendamiis</strong></span> <span class='ocrx_word' id='word_1_439' title='bbox 2312 1729 2490 1798; x_wconf 85' lang='lat' dir='ltr'><strong>itaque</strong></span> <span class='ocrx_word' id='word_1_440' title='bbox 2519 1729 2693 1799; x_wconf 86' lang='lat' dir='ltr'><strong>ignem</strong></span> <span class='ocrx_word' id='word_1_441' title='bbox 2729 1729 2897 1793; x_wconf 89' lang='lat' dir='ltr'><strong>illum,</strong></span> <span class='ocrx_word' id='word_1_442' title='bbox 2940 1729 2989 1783; x_wconf 91' lang='lat' dir='ltr'><strong>id</strong></span> <span class='ocrx_word' id='word_1_443' title='bbox 3019 1729 3314 1784; x_wconf 78' lang='lat' dir='ltr'><strong>efficiamus</strong></span> <span class='ocrx_word' id='word_1_444' title='bbox 3338 1741 3395 1783; x_wconf 91' lang='lat' dir='ltr'><strong>ut</strong></span> <span class='ocrx_word' id='word_1_445' title='bbox 3424 1732 3455 1784; x_wconf 92' lang='lat' dir='ltr'><strong>ii</strong></span> <span class='ocrx_word' id='word_1_446' title='bbox 3484 1735 3573 1799; x_wconf 91' lang='lat' dir='ltr'><strong>qui</strong></span> 
     </span>
    </p>
   </div>
   <div class='ocr_carea' id='block_1_60' title="bbox 1985 1820 3573 1883">
    <p class='ocr_par' dir='ltr' id='par_1_60' title="bbox 1985 1820 3573 1883">
     <span class='ocr_line' id='line_1_60' title="bbox 1985 1820 3573 1883; baseline 0.001 -7"><span class='ocrx_word' id='word_1_447' title='bbox 1985 1824 2037 1876; x_wconf 91' lang='lat' dir='ltr'><strong>in</strong></span> <span class='ocrx_word' id='word_1_448' title='bbox 2067 1822 2300 1877; x_wconf 86' lang='lat' dir='ltr'><strong>tenebris</strong></span> <span class='ocrx_word' id='word_1_449' title='bbox 2330 1821 2520 1876; x_wconf 85' lang='lat' dir='ltr'><strong>sedent</strong></span> <span class='ocrx_word' id='word_1_450' title='bbox 2545 1865 2558 1883; x_wconf 86' lang='lat'><strong><em>.</em></strong></span> <span class='ocrx_word' id='word_1_451' title='bbox 2587 1822 2654 1875; x_wconf 90' lang='lat' dir='ltr'><strong>ab</strong></span> <span class='ocrx_word' id='word_1_452' title='bbox 2675 1837 2858 1876; x_wconf 88' lang='lat' dir='ltr'><strong>errore</strong></span> <span class='ocrx_word' id='word_1_453' title='bbox 2882 1821 3191 1876; x_wconf 83' lang='lat' dir='ltr'><strong>liberentur.</strong></span> <span class='ocrx_word' id='word_1_454' title='bbox 3227 1820 3305 1876; x_wconf 84' lang='lat' dir='ltr'><strong>Ne</strong></span> <span class='ocrx_word' id='word_1_455' title='bbox 3337 1822 3462 1876; x_wconf 90' lang='lat' dir='ltr'><strong>mihi</strong></span> <span class='ocrx_word' id='word_1_456' title='bbox 3488 1823 3573 1877; x_wconf 84' lang='lat' dir='ltr'><strong>di—</strong></span> 
     </span>
    </p>
   </div>
   <div class='ocr_carea' id='block_1_61' title="bbox 1983 1911 3573 1980">
    <p class='ocr_par' dir='ltr' id='par_1_61' title="bbox 1983 1911 3573 1980">
     <span class='ocr_line' id='line_1_61' title="bbox 1983 1911 3573 1980; baseline 0.001 -12"><span class='ocrx_word' id='word_1_457' title='bbox 1983 1929 2074 1968; x_wconf 80' lang='lat' dir='ltr'><strong>eas</strong></span> <span class='ocrx_word' id='word_1_458' title='bbox 2104 1931 2116 1966; x_wconf 90' lang='lat'><strong>:</strong></span> <span class='ocrx_word' id='word_1_459' title='bbox 2146 1913 2374 1967; x_wconf 71' lang='lat' dir='ltr'><strong>UXorem</strong></span> <span class='ocrx_word' id='word_1_460' title='bbox 2402 1913 2592 1972; x_wconf 85' lang='lat' dir='ltr'><strong>habeo,</strong></span> <span class='ocrx_word' id='word_1_461' title='bbox 2636 1911 2794 1975; x_wconf 81' lang='lat' dir='ltr'><strong>filios,</strong></span> <span class='ocrx_word' id='word_1_462' title='bbox 2817 1912 3057 1972; x_wconf 87' lang='lat' dir='ltr'><strong>domum,</strong></span> <span class='ocrx_word' id='word_1_463' title='bbox 3088 1927 3186 1966; x_wconf 87' lang='lat' dir='ltr'><strong>nec</strong></span> <span class='ocrx_word' id='word_1_464' title='bbox 3215 1927 3428 1980; x_wconf 87' lang='lat' dir='ltr'><strong>possum</strong></span> <span class='ocrx_word' id='word_1_465' title='bbox 3459 1913 3573 1969; x_wconf 80' lang='lat' dir='ltr'><strong>ha-c</strong></span> 
     </span>
    </p>
   </div>
   <div class='ocr_carea' id='block_1_62' title="bbox 1984 2003 3568 2074">
    <p class='ocr_par' dir='ltr' id='par_1_62' title="bbox 1984 2003 3568 2074">
     <span class='ocr_line' id='line_1_62' title="bbox 1984 2003 3568 2074; baseline 0.001 -15"><span class='ocrx_word' id='word_1_466' title='bbox 1984 2014 2255 2074; x_wconf 66' lang='lat' dir='ltr'><strong>praistare.</strong></span> <span class='ocrx_word' id='word_1_467' title='bbox 2282 2005 2504 2058; x_wconf 89' lang='lat' dir='ltr'><strong>Etiamsi</strong></span> <span class='ocrx_word' id='word_1_468' title='bbox 2528 2005 2669 2058; x_wconf 90' lang='lat' dir='ltr'><strong>enim</strong></span> <span class='ocrx_word' id='word_1_469' title='bbox 2699 2004 2882 2057; x_wconf 91' lang='lat' dir='ltr'><strong>horum</strong></span> <span class='ocrx_word' id='word_1_470' title='bbox 2913 2003 3040 2057; x_wconf 79' lang='lat' dir='ltr'><strong>nihil</strong></span> <span class='ocrx_word' id='word_1_471' title='bbox 3061 2004 3307 2066; x_wconf 86' lang='lat' dir='ltr'><strong>haberes,</strong></span> <span class='ocrx_word' id='word_1_472' title='bbox 3327 2005 3369 2057; x_wconf 89' lang='lat' dir='ltr'><strong>si</strong></span> <span class='ocrx_word' id='word_1_473' title='bbox 3395 2007 3568 2074; x_wconf 82' lang='lat' dir='ltr'><strong>segnis</strong></span> 
     </span>
    </p>
   </div>
   <div class='ocr_carea' id='block_1_63' title="bbox 1984 2097 3564 2164">
    <p class='ocr_par' dir='ltr' id='par_1_63' title="bbox 1984 2097 3564 2164">
     <span class='ocr_line' id='line_1_63' title="bbox 1984 2097 3564 2164; baseline 0 -12"><span class='ocrx_word' id='word_1_474' title='bbox 1984 2098 2334 2161; x_wconf 75' lang='lat' dir='ltr'><strong>esses,omiiia</strong></span> <span class='ocrx_word' id='word_1_475' title='bbox 2352 2098 2548 2164; x_wconf 89' lang='lat' dir='ltr'><strong>pariter</strong></span> <span class='ocrx_word' id='word_1_476' title='bbox 2568 2097 2935 2160; x_wconf 86' lang='lat' dir='ltr'><strong>abscederent;</strong></span> <span class='ocrx_word' id='word_1_477' title='bbox 2956 2097 2998 2151; x_wconf 89' lang='lat' dir='ltr'><strong>si</strong></span> <span class='ocrx_word' id='word_1_478' title='bbox 3025 2097 3140 2150; x_wconf 67' lang='lat' dir='ltr'><strong>hinc</strong></span> <span class='ocrx_word' id='word_1_479' title='bbox 3155 2099 3332 2150; x_wconf 91' lang='lat' dir='ltr'><strong>omnia</strong></span> <span class='ocrx_word' id='word_1_480' title='bbox 3354 2098 3564 2161; x_wconf 84' lang='lat' dir='ltr'><strong>habeas,</strong></span> 
     </span>
    </p>
   </div>
   <div class='ocr_carea' id='block_1_64' title="bbox 1984 2190 3565 2262">
    <p class='ocr_par' dir='ltr' id='par_1_64' title="bbox 1984 2190 3565 2262">
     <span class='ocr_line' id='line_1_64' title="bbox 1984 2190 3565 2262; baseline -0.001 -17"><span class='ocrx_word' id='word_1_481' title='bbox 1984 2201 2336 2262; x_wconf 87' lang='lat' dir='ltr'><strong>strenuusque</strong></span> <span class='ocrx_word' id='word_1_482' title='bbox 2365 2192 2439 2246; x_wconf 88' lang='lat' dir='ltr'><strong>sis</strong></span> <span class='ocrx_word' id='word_1_483' title='bbox 2467 2203 2626 2260; x_wconf 91' lang='lat' dir='ltr'><strong>atque</strong></span> <span class='ocrx_word' id='word_1_484' title='bbox 2655 2190 2881 2258; x_wconf 80' lang='lat' dir='ltr'><strong>probus,</strong></span> <span class='ocrx_word' id='word_1_485' title='bbox 2914 2190 3166 2242; x_wconf 89' lang='lat' dir='ltr'><strong>virtutem</strong></span> <span class='ocrx_word' id='word_1_486' title='bbox 3195 2191 3357 2243; x_wconf 88' lang='lat' dir='ltr'><strong>coles.</strong></span> <span class='ocrx_word' id='word_1_487' title='bbox 3391 2190 3565 2245; x_wconf 86' lang='lat' dir='ltr'><strong>Unum</strong></span> 
     </span>
    </p>
   </div>
   <div class='ocr_carea' id='block_1_65' title="bbox 1985 2279 3567 2352">
    <p class='ocr_par' dir='ltr' id='par_1_65' title="bbox 1985 2279 3567 2352">
     <span class='ocr_line' id='line_1_65' title="bbox 1985 2279 3567 2352; baseline -0.001 -17"><span class='ocrx_word' id='word_1_488' title='bbox 1985 2283 2239 2352; x_wconf 78' lang='lat' dir='ltr'><strong>queritur</strong></span> <span class='ocrx_word' id='word_1_489' title='bbox 2269 2323 2282 2346; x_wconf 97' lang='lat'><strong>,</strong></span> <span class='ocrx_word' id='word_1_490' title='bbox 2324 2282 2514 2334; x_wconf 79' lang='lat' dir='ltr'><strong>anima:</strong></span> <span class='ocrx_word' id='word_1_491' title='bbox 2545 2295 2818 2349; x_wconf 67' lang='lat' dir='ltr'><strong>generosa:</strong></span> <span class='ocrx_word' id='word_1_492' title='bbox 2849 2279 3096 2332; x_wconf 88' lang='lat' dir='ltr'><strong>alacritas</strong></span> <span class='ocrx_word' id='word_1_493' title='bbox 3127 2296 3140 2330; x_wconf 94' lang='lat'>:</span> <span class='ocrx_word' id='word_1_494' title='bbox 3171 2288 3224 2332; x_wconf 89' lang='lat' dir='ltr'><strong>et</strong></span> <span class='ocrx_word' id='word_1_495' title='bbox 3269 2295 3367 2332; x_wconf 90' lang='lat' dir='ltr'><strong>nec</strong></span> <span class='ocrx_word' id='word_1_496' title='bbox 3398 2289 3529 2334; x_wconf 65' lang='lat' dir='ltr'><strong>ictas</strong></span> <span class='ocrx_word' id='word_1_497' title='bbox 3551 2323 3567 2347; x_wconf 93' lang='lat'><strong>,</strong></span> 
     </span>
    </p>
   </div>
   <div class='ocr_carea' id='block_1_66' title="bbox 1986 2371 3571 2443">
    <p class='ocr_par' dir='ltr' id='par_1_66' title="bbox 1986 2371 3571 2443">
     <span class='ocr_line' id='line_1_66' title="bbox 1986 2371 3571 2443; baseline -0.002 -15"><span class='ocrx_word' id='word_1_498' title='bbox 1986 2391 2086 2429; x_wconf 90' lang='lat' dir='ltr'><strong>nec</strong></span> <span class='ocrx_word' id='word_1_499' title='bbox 2114 2384 2398 2443; x_wconf 83' lang='lat' dir='ltr'><strong>paupertas</strong></span> <span class='ocrx_word' id='word_1_500' title='bbox 2419 2414 2432 2436; x_wconf 93' lang='lat'><strong>,</strong></span> <span class='ocrx_word' id='word_1_501' title='bbox 2462 2387 2562 2427; x_wconf 90' lang='lat' dir='ltr'><strong>nec</strong></span> <span class='ocrx_word' id='word_1_502' title='bbox 2591 2371 2786 2424; x_wconf 73' lang='lat' dir='ltr'><strong>divitia:</strong></span> <span class='ocrx_word' id='word_1_503' title='bbox 2813 2411 2826 2435; x_wconf 93' lang='lat'><strong>,</strong></span> <span class='ocrx_word' id='word_1_504' title='bbox 2877 2386 2974 2424; x_wconf 89' lang='lat' dir='ltr'><strong>nec</strong></span> <span class='ocrx_word' id='word_1_505' title='bbox 3003 2371 3167 2425; x_wconf 85' lang='lat' dir='ltr'><strong>moles</strong></span> <span class='ocrx_word' id='word_1_506' title='bbox 3199 2372 3528 2441; x_wconf 88' lang='lat' dir='ltr'><strong>negotiorum</strong></span> <span class='ocrx_word' id='word_1_507' title='bbox 3557 2415 3571 2435; x_wconf 94' lang='lat'><strong>,</strong></span> 
     </span>
    </p>
   </div>
   <div class='ocr_carea' id='block_1_67' title="bbox 1984 2461 3560 2535">
    <p class='ocr_par' dir='ltr' id='par_1_67' title="bbox 1984 2461 3560 2535">
     <span class='ocr_line' id='line_1_67' title="bbox 1984 2461 3560 2535; baseline -0.002 -15"><span class='ocrx_word' id='word_1_508' title='bbox 1984 2466 2072 2520; x_wconf 87' lang='lat' dir='ltr'><strong>vel</strong></span> <span class='ocrx_word' id='word_1_509' title='bbox 2101 2465 2384 2535; x_wconf 85' lang='lat' dir='ltr'><strong>quidquam</strong></span> <span class='ocrx_word' id='word_1_510' title='bbox 2411 2463 2576 2529; x_wconf 88' lang='lat' dir='ltr'><strong>aliud,</strong></span> <span class='ocrx_word' id='word_1_511' title='bbox 2605 2461 2987 2530; x_wconf 87' lang='lat' dir='ltr'><strong>impedimento</strong></span> <span class='ocrx_word' id='word_1_512' title='bbox 3019 2473 3191 2516; x_wconf 89' lang='lat' dir='ltr'><strong>erunt.</strong></span> <span class='ocrx_word' id='word_1_513' title='bbox 3220 2462 3346 2515; x_wconf 85' lang='lat' dir='ltr'><strong>Nam</strong></span> <span class='ocrx_word' id='word_1_514' title='bbox 3373 2479 3560 2530; x_wconf 85' lang='lat' dir='ltr'><strong>senes,</strong></span> 
     </span>
    </p>
   </div>
   <div class='ocr_carea' id='block_1_68' title="bbox 1983 2554 3570 2627">
    <p class='ocr_par' dir='ltr' id='par_1_68' title="bbox 1983 2554 3570 2627">
     <span class='ocr_line' id='line_1_68' title="bbox 1983 2554 3570 2627; baseline -0.001 -17"><span class='ocrx_word' id='word_1_515' title='bbox 1983 2557 2226 2627; x_wconf 89' lang='lat' dir='ltr'><strong>juvenes,</strong></span> <span class='ocrx_word' id='word_1_516' title='bbox 2254 2555 2540 2626; x_wconf 73' lang='lat' dir='ltr'><strong>coniugati,</strong></span> <span class='ocrx_word' id='word_1_517' title='bbox 2577 2555 2774 2608; x_wconf 87' lang='lat' dir='ltr'><strong>liberos</strong></span> <span class='ocrx_word' id='word_1_518' title='bbox 2801 2554 3110 2620; x_wconf 84' lang='lat' dir='ltr'><strong>eiliicantes,</strong></span> <span class='ocrx_word' id='word_1_519' title='bbox 3139 2554 3386 2619; x_wconf 85' lang='lat' dir='ltr'><strong>artifices,</strong></span> <span class='ocrx_word' id='word_1_520' title='bbox 3421 2555 3570 2608; x_wconf 67' lang='lat' dir='ltr'><strong>milio</strong></span> 
     </span>
    </p>
   </div>
   <div class='ocr_carea' id='block_1_69' title="bbox 1990 2647 3577 2720">
    <p class='ocr_par' dir='ltr' id='par_1_69' title="bbox 1990 2647 3577 2720">
     <span class='ocr_line' id='line_1_69' title="bbox 1990 2647 3577 2720; baseline -0.001 -16"><span class='ocrx_word' id='word_1_521' title='bbox 1990 2660 2089 2717; x_wconf 84' lang='lat' dir='ltr'><strong>tes,</strong></span> <span class='ocrx_word' id='word_1_522' title='bbox 2119 2658 2379 2720; x_wconf 76' lang='lat' dir='ltr'><strong>praiccpta</strong></span> <span class='ocrx_word' id='word_1_523' title='bbox 2409 2650 2584 2703; x_wconf 88' lang='lat' dir='ltr'><strong>omnia</strong></span> <span class='ocrx_word' id='word_1_524' title='bbox 2617 2648 2992 2717; x_wconf 85' lang='lat' dir='ltr'><strong>impleverunt.</strong></span> <span class='ocrx_word' id='word_1_525' title='bbox 3028 2648 3237 2701; x_wconf 82' lang='lat' dir='ltr'><strong>Etenim</strong></span> <span class='ocrx_word' id='word_1_526' title='bbox 3281 2647 3466 2702; x_wconf 87' lang='lat' dir='ltr'><strong>Daniel</strong></span> <span class='ocrx_word' id='word_1_527' title='bbox 3489 2649 3577 2716; x_wconf 85' lang='lat' dir='ltr'><strong>ju-</strong></span> 
     </span>
    </p>
   </div>
   <div class='ocr_carea' id='block_1_70' title="bbox 1989 2741 3572 2810">
    <p class='ocr_par' dir='ltr' id='par_1_70' title="bbox 1989 2741 3572 2810">
     <span class='ocr_line' id='line_1_70' title="bbox 1989 2741 3572 2810; baseline -0.002 -13"><span class='ocrx_word' id='word_1_528' title='bbox 1989 2743 2139 2797; x_wconf 88' lang='lat' dir='ltr'><strong>venis</strong></span> <span class='ocrx_word' id='word_1_529' title='bbox 2162 2751 2276 2797; x_wconf 88' lang='lat' dir='ltr'><strong>erat</strong></span> <span class='ocrx_word' id='word_1_530' title='bbox 2295 2785 2308 2805; x_wconf 90' lang='lat'><strong>,</strong></span> <span class='ocrx_word' id='word_1_531' title='bbox 2336 2741 2532 2810; x_wconf 84' lang='lat' dir='ltr'><strong>Joseph</strong></span> <span class='ocrx_word' id='word_1_532' title='bbox 2561 2756 2748 2795; x_wconf 87' lang='lat' dir='ltr'><strong>servus</strong></span> <span class='ocrx_word' id='word_1_533' title='bbox 2773 2782 2787 2806; x_wconf 93' lang='lat'><strong>,</strong></span> <span class='ocrx_word' id='word_1_534' title='bbox 2835 2741 3021 2810; x_wconf 82' lang='lat' dir='ltr'><strong>Aquila</strong></span> <span class='ocrx_word' id='word_1_535' title='bbox 3051 2750 3218 2794; x_wconf 88' lang='lat' dir='ltr'><strong>artem</strong></span> <span class='ocrx_word' id='word_1_536' title='bbox 3245 2741 3530 2795; x_wconf 78' lang='lat' dir='ltr'><strong>exercebat</strong></span> <span class='ocrx_word' id='word_1_537' title='bbox 3559 2779 3572 2799; x_wconf 87' lang='lat'><strong>,</strong></span> 
     </span>
    </p>
   </div>
   <div class='ocr_carea' id='block_1_71' title="bbox 1992 2832 3582 2905">
    <p class='ocr_par' dir='ltr' id='par_1_71' title="bbox 1992 2832 3582 2905">
     <span class='ocr_line' id='line_1_71' title="bbox 1992 2832 3582 2905; baseline -0.003 -17"><span class='ocrx_word' id='word_1_538' title='bbox 1992 2836 2302 2905; x_wconf 88' lang='lat' dir='ltr'><strong>purpuraria</strong></span> <span class='ocrx_word' id='word_1_539' title='bbox 2335 2835 2410 2905; x_wconf 91' lang='lat' dir='ltr'><strong>(a)</strong></span> <span class='ocrx_word' id='word_1_540' title='bbox 2441 2833 2670 2888; x_wconf 81' lang='lat' dir='ltr'><strong>officinae</strong></span> <span class='ocrx_word' id='word_1_541' title='bbox 2697 2841 2942 2902; x_wconf 70' lang='lat' dir='ltr'><strong>prmerat,</strong></span> <span class='ocrx_word' id='word_1_542' title='bbox 2976 2832 3111 2886; x_wconf 89' lang='lat' dir='ltr'><strong>alios</strong></span> <span class='ocrx_word' id='word_1_543' title='bbox 3142 2841 3326 2886; x_wconf 88' lang='lat' dir='ltr'><strong>custos</strong></span> <span class='ocrx_word' id='word_1_544' title='bbox 3346 2833 3582 2886; x_wconf 85' lang='lat' dir='ltr'><strong>carceris</strong></span> 
     </span>
    </p>
   </div>
   <div class='ocr_carea' id='block_1_72' title="bbox 1993 2921 3587 2990">
    <p class='ocr_par' dir='ltr' id='par_1_72' title="bbox 1993 2921 3587 2990">
     <span class='ocr_line' id='line_1_72' title="bbox 1993 2921 3587 2990; baseline -0.005 -8"><span class='ocrx_word' id='word_1_545' title='bbox 1993 2937 2126 2990; x_wconf 91' lang='lat' dir='ltr'><strong>erat,</strong></span> <span class='ocrx_word' id='word_1_546' title='bbox 2165 2927 2302 2980; x_wconf 89' lang='lat' dir='ltr'><strong>alius</strong></span> <span class='ocrx_word' id='word_1_547' title='bbox 2332 2925 2595 2988; x_wconf 89' lang='lat' dir='ltr'><strong>centurio,</strong></span> <span class='ocrx_word' id='word_1_548' title='bbox 2631 2935 2686 2976; x_wconf 91' lang='lat' dir='ltr'><strong>ut</strong></span> <span class='ocrx_word' id='word_1_549' title='bbox 2713 2921 3442 2984; x_wconf 86' lang='lat' dir='ltr'><strong>Cornelius;aliiisinlirmus</strong></span> <span class='ocrx_word' id='word_1_550' title='bbox 3466 2963 3479 2982; x_wconf 87' lang='lat'><strong>,</strong></span> <span class='ocrx_word' id='word_1_551' title='bbox 3527 2929 3587 2974; x_wconf 90' lang='lat' dir='ltr'><strong>ut</strong></span> 
     </span>
    </p>
   </div>
   <div class='ocr_carea' id='block_1_73' title="bbox 1994 3011 3586 3084">
    <p class='ocr_par' dir='ltr' id='par_1_73' title="bbox 1994 3011 3586 3084">
     <span class='ocr_line' id='line_1_73' title="bbox 1994 3011 3586 3084; baseline -0.004 -11"><span class='ocrx_word' id='word_1_552' title='bbox 1994 3018 2342 3078; x_wconf 84' lang='lat' dir='ltr'><strong>Timotheus;</strong></span> <span class='ocrx_word' id='word_1_553' title='bbox 2393 3017 2529 3070; x_wconf 89' lang='lat' dir='ltr'><strong>alius</strong></span> <span class='ocrx_word' id='word_1_554' title='bbox 2560 3015 2807 3084; x_wconf 78' lang='lat' dir='ltr'><strong>fugitivus</strong></span> <span class='ocrx_word' id='word_1_555' title='bbox 2833 3056 2845 3078; x_wconf 92' lang='lat'><strong>,</strong></span> <span class='ocrx_word' id='word_1_556' title='bbox 2881 3025 2936 3066; x_wconf 92' lang='lat' dir='ltr'><strong>iit</strong></span> <span class='ocrx_word' id='word_1_557' title='bbox 2966 3013 3250 3068; x_wconf 87' lang='lat' dir='ltr'><strong>Onesimus</strong></span> <span class='ocrx_word' id='word_1_558' title='bbox 3277 3031 3288 3064; x_wconf 90' lang='lat'><strong>:</strong></span> <span class='ocrx_word' id='word_1_559' title='bbox 3321 3011 3417 3066; x_wconf 90' lang='lat' dir='ltr'><strong>sed</strong></span> <span class='ocrx_word' id='word_1_560' title='bbox 3449 3013 3586 3066; x_wconf 91' lang='lat' dir='ltr'><strong>nihil</strong></span> 
     </span>
    </p>
   </div>
   <div class='ocr_carea' id='block_1_74' title="bbox 1999 3106 3590 3177">
    <p class='ocr_par' dir='ltr' id='par_1_74' title="bbox 1999 3106 3590 3177">
     <span class='ocr_line' id='line_1_74' title="bbox 1999 3106 3590 3177; baseline -0.003 -14"><span class='ocrx_word' id='word_1_561' title='bbox 1999 3111 2189 3163; x_wconf 88' lang='lat' dir='ltr'><strong>horqu</strong></span> <span class='ocrx_word' id='word_1_562' title='bbox 2217 3109 2446 3177; x_wconf 86' lang='lat' dir='ltr'><strong>cuipiam</strong></span> <span class='ocrx_word' id='word_1_563' title='bbox 2476 3124 2660 3162; x_wconf 89' lang='lat' dir='ltr'><strong>eorum</strong></span> <span class='ocrx_word' id='word_1_564' title='bbox 2688 3106 2878 3171; x_wconf 88' lang='lat' dir='ltr'><strong>obfuit,</strong></span> <span class='ocrx_word' id='word_1_565' title='bbox 2911 3107 3038 3174; x_wconf 91' lang='lat' dir='ltr'><strong>quin</strong></span> <span class='ocrx_word' id='word_1_566' title='bbox 3067 3115 3214 3160; x_wconf 89' lang='lat' dir='ltr'><strong>recte</strong></span> <span class='ocrx_word' id='word_1_567' title='bbox 3243 3107 3402 3158; x_wconf 87' lang='lat' dir='ltr'><strong>vitam</strong></span> <span class='ocrx_word' id='word_1_568' title='bbox 3434 3106 3590 3159; x_wconf 89' lang='lat' dir='ltr'><strong>iusti-</strong></span> 
     </span>
    </p>
   </div>
   <div class='ocr_carea' id='block_1_75' title="bbox 1999 3201 3578 3270">
    <p class='ocr_par' dir='ltr' id='par_1_75' title="bbox 1999 3201 3578 3270">
     <span class='ocr_line' id='line_1_75' title="bbox 1999 3201 3578 3270; baseline -0.003 -13"><span class='ocrx_word' id='word_1_569' title='bbox 1999 3213 2225 3266; x_wconf 88' lang='lat' dir='ltr'><strong>tuereut,</strong></span> <span class='ocrx_word' id='word_1_570' title='bbox 2257 3213 2309 3256; x_wconf 92' lang='lat' dir='ltr'><strong>et</strong></span> <span class='ocrx_word' id='word_1_571' title='bbox 2329 3202 2552 3270; x_wconf 88' lang='lat' dir='ltr'><strong>juvenes</strong></span> <span class='ocrx_word' id='word_1_572' title='bbox 2579 3211 2630 3254; x_wconf 82' lang='lat' dir='ltr'><strong>et</strong></span> <span class='ocrx_word' id='word_1_573' title='bbox 2653 3217 2808 3255; x_wconf 83' lang='lat' dir='ltr'><strong>senes</strong></span> <span class='ocrx_word' id='word_1_574' title='bbox 2831 3243 2845 3264; x_wconf 93' lang='lat'><strong>,</strong></span> <span class='ocrx_word' id='word_1_575' title='bbox 2879 3211 2928 3254; x_wconf 93' lang='lat' dir='ltr'><strong>et</strong></span> <span class='ocrx_word' id='word_1_576' title='bbox 2966 3202 3102 3254; x_wconf 90' lang='lat' dir='ltr'><strong>servi</strong></span> <span class='ocrx_word' id='word_1_577' title='bbox 3151 3209 3204 3254; x_wconf 82' lang='lat' dir='ltr'><strong>et</strong></span> <span class='ocrx_word' id='word_1_578' title='bbox 3233 3201 3406 3264; x_wconf 89' lang='lat' dir='ltr'><strong>liberi,</strong></span> <span class='ocrx_word' id='word_1_579' title='bbox 3437 3201 3578 3253; x_wconf 92' lang='lat' dir='ltr'><strong>mili-</strong></span> 
     </span>
    </p>
   </div>
   <div class='ocr_carea' id='block_1_76' title="bbox 2003 3292 3589 3362">
    <p class='ocr_par' dir='ltr' id='par_1_76' title="bbox 2003 3292 3589 3362">
     <span class='ocr_line' id='line_1_76' title="bbox 2003 3292 3589 3362; baseline -0.001 -14"><span class='ocrx_word' id='word_1_580' title='bbox 2003 3306 2079 3348; x_wconf 90' lang='lat' dir='ltr'><strong>tes</strong></span> <span class='ocrx_word' id='word_1_581' title='bbox 2125 3304 2178 3348; x_wconf 90' lang='lat' dir='ltr'><strong>et</strong></span> <span class='ocrx_word' id='word_1_582' title='bbox 2205 3295 2402 3348; x_wconf 75' lang='lat' dir='ltr'><strong>idionc.</strong></span> <span class='ocrx_word' id='word_1_583' title='bbox 2436 3294 2513 3346; x_wconf 85' lang='lat' dir='ltr'><strong>Ne</strong></span> <span class='ocrx_word' id='word_1_584' title='bbox 2540 3295 2715 3362; x_wconf 87' lang='lat' dir='ltr'><strong>itaque</strong></span> <span class='ocrx_word' id='word_1_585' title='bbox 2760 3308 2924 3346; x_wconf 91' lang='lat' dir='ltr'><strong>vanos</strong></span> <span class='ocrx_word' id='word_1_586' title='bbox 2951 3308 3256 3362; x_wconf 68' lang='lat' dir='ltr'><strong>quaeramus</strong></span> <span class='ocrx_word' id='word_1_587' title='bbox 3296 3292 3548 3346; x_wconf 87' lang='lat' dir='ltr'><strong>obtentus</strong></span> <span class='ocrx_word' id='word_1_588' title='bbox 3573 3334 3589 3359; x_wconf 92' lang='lat'><strong>,</strong></span> 
     </span>
    </p>
   </div>
   <div class='ocr_carea' id='block_1_77' title="bbox 2001 3383 3591 3456">
    <p class='ocr_par' dir='ltr' id='par_1_77' title="bbox 2001 3383 3591 3456">
     <span class='ocr_line' id='line_1_77' title="bbox 2001 3383 3591 3456; baseline -0.003 -15"><span class='ocrx_word' id='word_1_589' title='bbox 2001 3387 2092 3441; x_wconf 87' lang='lat' dir='ltr'><strong>sed</strong></span> <span class='ocrx_word' id='word_1_590' title='bbox 2127 3387 2450 3456; x_wconf 84' lang='lat' dir='ltr'><strong>prepositum</strong></span> <span class='ocrx_word' id='word_1_591' title='bbox 2499 3385 2785 3438; x_wconf 86' lang='lat' dir='ltr'><strong>voluntatis</strong></span> <span class='ocrx_word' id='word_1_592' title='bbox 2815 3399 3060 3452; x_wconf 88' lang='lat' dir='ltr'><strong>pareinus</strong></span> <span class='ocrx_word' id='word_1_593' title='bbox 3089 3384 3371 3452; x_wconf 89' lang='lat' dir='ltr'><strong>optimum.</strong></span> <span class='ocrx_word' id='word_1_594' title='bbox 3401 3383 3591 3451; x_wconf 84' lang='lat' dir='ltr'><strong>Cujus-</strong></span> 
     </span>
    </p>
   </div>
   <div class='ocr_carea' id='block_1_78' title="bbox 2001 3478 3591 3546">
    <p class='ocr_par' dir='ltr' id='par_1_78' title="bbox 2001 3478 3591 3546">
     <span class='ocr_line' id='line_1_78' title="bbox 2001 3478 3591 3546; baseline -0.003 -12"><span class='ocrx_word' id='word_1_595' title='bbox 2001 3482 2080 3534; x_wconf 75' lang='lat' dir='ltr'><strong>vis</strong></span> <span class='ocrx_word' id='word_1_596' title='bbox 2109 3479 2428 3534; x_wconf 86' lang='lat' dir='ltr'><strong>conditionis</strong></span> <span class='ocrx_word' id='word_1_597' title='bbox 2467 3479 2652 3544; x_wconf 86' lang='lat' dir='ltr'><strong>simus,</strong></span> <span class='ocrx_word' id='word_1_598' title='bbox 2685 3479 2928 3530; x_wconf 87' lang='lat' dir='ltr'><strong>virtutem</strong></span> <span class='ocrx_word' id='word_1_599' title='bbox 2966 3478 3182 3530; x_wconf 77' lang='lat' dir='ltr'><strong>omnino</strong></span> <span class='ocrx_word' id='word_1_600' title='bbox 3210 3491 3555 3546; x_wconf 84' lang='lat' dir='ltr'><strong>capessamus</strong></span> <span class='ocrx_word' id='word_1_601' title='bbox 3575 3517 3591 3539; x_wconf 86' lang='lat'><strong>,</strong></span> 
     </span>
    </p>
   </div>
   <div class='ocr_carea' id='block_1_79' title="bbox 2005 3567 3597 3638">
    <p class='ocr_par' dir='ltr' id='par_1_79' title="bbox 2005 3567 3597 3638">
     <span class='ocr_line' id='line_1_79' title="bbox 2005 3567 3597 3638; baseline -0.002 -13"><span class='ocrx_word' id='word_1_602' title='bbox 2005 3582 2057 3626; x_wconf 90' lang='lat' dir='ltr'><strong>ct</strong></span> <span class='ocrx_word' id='word_1_603' title='bbox 2102 3574 2270 3624; x_wconf 87' lang='lat' dir='ltr'><strong>futura</strong></span> <span class='ocrx_word' id='word_1_604' title='bbox 2316 3585 2707 3638; x_wconf 78' lang='lat' dir='ltr'><strong>consequamur</strong></span> <span class='ocrx_word' id='word_1_605' title='bbox 2753 3569 2929 3633; x_wconf 89' lang='lat' dir='ltr'><strong>bona,</strong></span> <span class='ocrx_word' id='word_1_606' title='bbox 2971 3569 3138 3637; x_wconf 77' lang='lat' dir='ltr'><strong>gratia</strong></span> <span class='ocrx_word' id='word_1_607' title='bbox 3172 3579 3225 3621; x_wconf 88' lang='lat' dir='ltr'><strong>et</strong></span> <span class='ocrx_word' id='word_1_608' title='bbox 3267 3567 3597 3636; x_wconf 81' lang='lat' dir='ltr'><strong>benignitate</strong></span> 
     </span>
    </p>
   </div>
   <div class='ocr_carea' id='block_1_80' title="bbox 2008 3658 3594 3728">
    <p class='ocr_par' dir='ltr' id='par_1_80' title="bbox 2008 3658 3594 3728">
     <span class='ocr_line' id='line_1_80' title="bbox 2008 3658 3594 3728; baseline -0.001 -13"><span class='ocrx_word' id='word_1_609' title='bbox 2008 3661 2213 3715; x_wconf 87' lang='lat' dir='ltr'><strong>Domini</strong></span> <span class='ocrx_word' id='word_1_610' title='bbox 2265 3662 2431 3714; x_wconf 86' lang='lat' dir='ltr'><strong>nostri</strong></span> <span class='ocrx_word' id='word_1_611' title='bbox 2462 3661 2584 3713; x_wconf 85' lang='lat' dir='ltr'><strong>.lesu</strong></span> <span class='ocrx_word' id='word_1_612' title='bbox 2616 3659 2835 3721; x_wconf 90' lang='lat' dir='ltr'><strong>Christi,</strong></span> <span class='ocrx_word' id='word_1_613' title='bbox 2872 3659 3085 3728; x_wconf 92' lang='lat' dir='ltr'><strong>quicum</strong></span> <span class='ocrx_word' id='word_1_614' title='bbox 3123 3659 3261 3712; x_wconf 83' lang='lat' dir='ltr'><strong>Patri</strong></span> <span class='ocrx_word' id='word_1_615' title='bbox 3291 3670 3344 3714; x_wconf 93' lang='lat' dir='ltr'><strong>et</strong></span> <span class='ocrx_word' id='word_1_616' title='bbox 3369 3658 3594 3728; x_wconf 87' lang='lat' dir='ltr'><strong>Spiritui</strong></span> 
     </span>
    </p>
   </div>
   <div class='ocr_carea' id='block_1_81' title="bbox 2006 3751 3596 3820">
    <p class='ocr_par' dir='ltr' id='par_1_81' title="bbox 2006 3751 3596 3820">
     <span class='ocr_line' id='line_1_81' title="bbox 2006 3751 3596 3820; baseline -0.001 -14"><span class='ocrx_word' id='word_1_617' title='bbox 2006 3764 2190 3807; x_wconf 88' lang='lat' dir='ltr'><strong>sancto</strong></span> <span class='ocrx_word' id='word_1_618' title='bbox 2216 3751 2378 3820; x_wconf 81' lang='lat' dir='ltr'><strong>gloria</strong></span> <span class='ocrx_word' id='word_1_619' title='bbox 2408 3762 2458 3804; x_wconf 89' lang='lat' dir='ltr'><strong>et</strong></span> <span class='ocrx_word' id='word_1_620' title='bbox 2499 3751 2778 3819; x_wconf 88' lang='lat' dir='ltr'><strong>imperium</strong></span> <span class='ocrx_word' id='word_1_621' title='bbox 2805 3791 2818 3813; x_wconf 89' lang='lat'><strong>,</strong></span> <span class='ocrx_word' id='word_1_622' title='bbox 2872 3752 3040 3804; x_wconf 92' lang='lat' dir='ltr'><strong>honor</strong></span> <span class='ocrx_word' id='word_1_623' title='bbox 3080 3766 3221 3804; x_wconf 86' lang='lat' dir='ltr'><strong>nunc</strong></span> <span class='ocrx_word' id='word_1_624' title='bbox 3259 3759 3313 3804; x_wconf 90' lang='lat' dir='ltr'><strong>et</strong></span> <span class='ocrx_word' id='word_1_625' title='bbox 3341 3765 3556 3820; x_wconf 87' lang='lat' dir='ltr'><strong>semper</strong></span> <span class='ocrx_word' id='word_1_626' title='bbox 3578 3793 3596 3818; x_wconf 92' lang='lat'><strong>,</strong></span> 
     </span>
    </p>
   </div>
   <div class='ocr_carea' id='block_1_82' title="bbox 2007 3845 2930 3900">
    <p class='ocr_par' dir='ltr' id='par_1_82' title="bbox 2007 3845 2930 3900">
     <span class='ocr_line' id='line_1_82' title="bbox 2007 3845 2930 3900; baseline -0.003 -1"><span class='ocrx_word' id='word_1_627' title='bbox 2007 3854 2062 3900; x_wconf 91' lang='lat' dir='ltr'><strong>et</strong></span> <span class='ocrx_word' id='word_1_628' title='bbox 2089 3846 2138 3898; x_wconf 94' lang='lat' dir='ltr'><strong>in</strong></span> <span class='ocrx_word' id='word_1_629' title='bbox 2165 3846 2356 3900; x_wconf 73' lang='lat' dir='ltr'><strong>smeula</strong></span> <span class='ocrx_word' id='word_1_630' title='bbox 2373 3845 2708 3897; x_wconf 54' lang='lat' dir='ltr'><strong>surculorum.</strong></span> <span class='ocrx_word' id='word_1_631' title='bbox 2739 3846 2930 3897; x_wconf 83' lang='lat' dir='ltr'><strong>Amen.</strong></span> 
     </span>
    </p>
   </div>
   <div class='ocr_carea' id='block_1_83' title="bbox 2011 4068 3600 4179">
    <p class='ocr_par' dir='ltr' id='par_1_83' title="bbox 2011 4068 3600 4179">
     <span class='ocr_line' id='line_1_83' title="bbox 2011 4068 3600 4179; baseline 0.001 -62"><span class='ocrx_word' id='word_1_632' title='bbox 2011 4129 2026 4178; x_wconf 70' lang='grc' dir='ltr'><strong>Ι</strong></span> <span class='ocrx_word' id='word_1_633' title='bbox 2075 4070 2146 4127; x_wconf 85' lang='lat' dir='ltr'><strong>(a)</strong></span> <span class='ocrx_word' id='word_1_634' title='bbox 2182 4069 2465 4179; x_wconf 49' lang='lat' dir='ltr'><strong>tigrpiu‘raria</strong></span> <span class='ocrx_word' id='word_1_635' title='bbox 2490 4069 2568 4117; x_wconf 87' lang='lat' dir='ltr'><strong>illa</strong></span> <span class='ocrx_word' id='word_1_636' title='bbox 2593 4069 2898 4131; x_wconf 78' lang='lat' dir='ltr'><strong>&#39;I&#39;liyatirena,</strong></span> <span class='ocrx_word' id='word_1_637' title='bbox 2919 4068 2982 4116; x_wconf 87' lang='lat' dir='ltr'><strong>de</strong></span> <span class='ocrx_word' id='word_1_638' title='bbox 3007 4068 3166 4129; x_wconf 89' lang='lat' dir='ltr'><strong>quain</strong></span> <span class='ocrx_word' id='word_1_639' title='bbox 3192 4069 3384 4116; x_wconf 76' lang='lat' dir='ltr'><strong>Actibus</strong></span> <span class='ocrx_word' id='word_1_640' title='bbox 3407 4075 3600 4130; x_wconf 85' lang='lat' dir='ltr'><strong>aposto-</strong></span> 
     </span>
     <span class='ocr_line' id='line_1_84' title="bbox 2031 4144 2374 4179; baseline 0 0"><span class='ocrx_word' id='word_1_641' title='bbox 2031 4144 2167 4179; x_wconf 90' lang='lat' dir='ltr'><strong>orum</strong></span> <span class='ocrx_word' id='word_1_642' title='bbox 2255 4168 2268 4179; x_wconf 89' lang='lat'><strong>.</strong></span> <span class='ocrx_word' id='word_1_643' title='bbox 2363 4167 2374 4179; x_wconf 92' lang='lat'><strong>.</strong></span> 
     </span>
    </p>
   </div>
   <div class='ocr_carea' id='block_1_84' title="bbox 2031 4144 2374 4192">
    <p class='ocr_par' dir='ltr' id='par_1_84' title="bbox 2031 4144 2374 4192">
     <span class='ocr_line' id='line_1_85' title="bbox 2031 4144 2374 4192; baseline -0.003 -12"><span class='ocrx_word' id='word_1_644' title='bbox 2031 4144 2167 4180; x_wconf 90' lang='lat' dir='ltr'><strong>orum</strong></span> <span class='ocrx_word' id='word_1_645' title='bbox 2192 4144 2268 4192; x_wconf 71' lang='grc' dir='ltr'><strong>ιθ,</strong></span> <span class='ocrx_word' id='word_1_646' title='bbox 2295 4144 2374 4179; x_wconf 70' lang='grc'><strong>14.</strong></span> 
     </span>
    </p>
   </div>
   <div class='ocr_carea' id='block_1_85' title="bbox 1433 4324 2444 4391">
    <p class='ocr_par' dir='ltr' id='par_1_85' title="bbox 1433 4324 2444 4391">
     <span class='ocr_line' id='line_1_86' title="bbox 1433 4324 2444 4391; baseline 0.007 -8"><span class='ocrx_word' id='word_1_647' title='bbox 1433 4324 1809 4385; x_wconf 76' lang='lat' dir='ltr'><strong>HOMHLIA</strong></span> <span class='ocrx_word' id='word_1_648' title='bbox 1856 4327 2077 4390; x_wconf 81' lang='lat' dir='ltr'><strong>XLIV.</strong></span> <span class='ocrx_word' id='word_1_649' title='bbox 2127 4330 2210 4391; x_wconf 85' lang='lat' dir='ltr'><strong>al.</strong></span> <span class='ocrx_word' id='word_1_650' title='bbox 2252 4330 2444 4390; x_wconf 82' lang='lat' dir='ltr'><strong>XLV.</strong></span> 
     </span>
    </p>
   </div>
   <div class='ocr_carea' id='block_1_86' title="bbox 322 4465 1896 4536">
    <p class='ocr_par' dir='ltr' id='par_1_86' title="bbox 322 4465 1896 4536">
     <span class='ocr_line' id='line_1_87' title="bbox 322 4465 1896 4536; baseline 0.001 -16"><span class='ocrx_word' id='word_1_651' title='bbox 322 4467 449 4522; x_wconf 77' lang='lat' dir='ltr'><strong>CAP.</strong></span> <span class='ocrx_word' id='word_1_652' title='bbox 483 4465 565 4520; x_wconf 73' lang='grc'><strong>12.</strong></span> <span class='ocrx_word' id='word_1_653' title='bbox 604 4482 653 4518; x_wconf 90' lang='lat' dir='ltr'><strong>v.</strong></span> <span class='ocrx_word' id='word_1_654' title='bbox 687 4467 776 4520; x_wconf 69' lang='grc'><strong>46.</strong></span> <span class='ocrx_word' id='word_1_655' title='bbox 830 4465 1006 4518; x_wconf 83' lang='lat' dir='ltr'><strong>Adliuc</strong></span> <span class='ocrx_word' id='word_1_656' title='bbox 1040 4475 1208 4518; x_wconf 79' lang='lat' dir='ltr'><strong>autent</strong></span> <span class='ocrx_word' id='word_1_657' title='bbox 1239 4483 1294 4518; x_wconf 83' lang='lat' dir='ltr'><strong>eo</strong></span> <span class='ocrx_word' id='word_1_658' title='bbox 1323 4467 1551 4536; x_wconf 87' lang='lat' dir='ltr'><strong>loquente</strong></span> <span class='ocrx_word' id='word_1_659' title='bbox 1594 4467 1660 4520; x_wconf 87' lang='lat' dir='ltr'><strong>ad</strong></span> <span class='ocrx_word' id='word_1_660' title='bbox 1701 4469 1896 4531; x_wconf 80' lang='lat' dir='ltr'><strong>turbas,</strong></span> 
     </span>
    </p>
   </div>
   <div class='ocr_carea' id='block_1_87' title="bbox 395 4559 1904 4630">
    <p class='ocr_par' dir='ltr' id='par_1_87' title="bbox 395 4559 1904 4630">
     <span class='ocr_line' id='line_1_88' title="bbox 395 4559 1904 4630; baseline 0.002 -18"><span class='ocrx_word' id='word_1_661' title='bbox 395 4576 505 4612; x_wconf 86' lang='lat' dir='ltr'><strong>ecce</strong></span> <span class='ocrx_word' id='word_1_662' title='bbox 528 4567 686 4612; x_wconf 87' lang='lat' dir='ltr'><strong>mater</strong></span> <span class='ocrx_word' id='word_1_663' title='bbox 715 4569 762 4611; x_wconf 83' lang='lat' dir='ltr'><strong>et</strong></span> <span class='ocrx_word' id='word_1_664' title='bbox 788 4563 971 4630; x_wconf 76' lang='lat' dir='ltr'><strong>fratres</strong></span> <span class='ocrx_word' id='word_1_665' title='bbox 999 4563 1108 4628; x_wconf 79' lang='lat' dir='ltr'><strong>ejus</strong></span> <span class='ocrx_word' id='word_1_666' title='bbox 1133 4559 1331 4612; x_wconf 78' lang='lat' dir='ltr'><strong>stabant</strong></span> <span class='ocrx_word' id='word_1_667' title='bbox 1363 4560 1489 4629; x_wconf 81' lang='lat' dir='ltr'><strong>foris</strong></span> <span class='ocrx_word' id='word_1_668' title='bbox 1510 4603 1524 4625; x_wconf 90' lang='lat'><strong>,</strong></span> <span class='ocrx_word' id='word_1_669' title='bbox 1557 4572 1834 4626; x_wconf 67' lang='lat' dir='ltr'><strong>quivi-cutes</strong></span> <span class='ocrx_word' id='word_1_670' title='bbox 1859 4563 1904 4615; x_wconf 87' lang='lat' dir='ltr'><strong>ei</strong></span> 
     </span>
    </p>
   </div>
   <div class='ocr_carea' id='block_1_88' title="bbox 397 4651 1909 4721">
    <p class='ocr_par' dir='ltr' id='par_1_88' title="bbox 397 4651 1909 4721">
     <span class='ocr_line' id='line_1_89' title="bbox 397 4651 1909 4721; baseline 0.002 -16"><span class='ocrx_word' id='word_1_671' title='bbox 397 4653 550 4720; x_wconf 82' lang='lat' dir='ltr'><strong>loqui.</strong></span> <span class='ocrx_word' id='word_1_672' title='bbox 582 4653 672 4707; x_wconf 67' lang='grc'><strong>47.</strong></span> <span class='ocrx_word' id='word_1_673' title='bbox 706 4651 853 4705; x_wconf 77' lang='lat' dir='ltr'><strong>Dixit</strong></span> <span class='ocrx_word' id='word_1_674' title='bbox 891 4662 1058 4706; x_wconf 87' lang='lat' dir='ltr'><strong>autem</strong></span> <span class='ocrx_word' id='word_1_675' title='bbox 1089 4652 1294 4721; x_wconf 89' lang='lat' dir='ltr'><strong>quidam</strong></span> <span class='ocrx_word' id='word_1_676' title='bbox 1325 4653 1366 4706; x_wconf 82' lang='lat' dir='ltr'><strong>ei</strong></span> <span class='ocrx_word' id='word_1_677' title='bbox 1411 4669 1428 4706; x_wconf 92' lang='lat'><strong><em>:</em></strong></span> <span class='ocrx_word' id='word_1_678' title='bbox 1477 4653 1609 4706; x_wconf 79' lang='lat' dir='ltr'><strong>Ecce</strong></span> <span class='ocrx_word' id='word_1_679' title='bbox 1639 4664 1796 4707; x_wconf 86' lang='lat' dir='ltr'><strong>mater</strong></span> <span class='ocrx_word' id='word_1_680' title='bbox 1824 4666 1909 4708; x_wconf 86' lang='lat' dir='ltr'><strong>tua</strong></span> 
     </span>
    </p>
   </div>
   <div class='ocr_carea' id='block_1_89' title="bbox 397 4743 1902 4814">
    <p class='ocr_par' dir='ltr' id='par_1_89' title="bbox 397 4743 1902 4814">
     <span class='ocr_line' id='line_1_90' title="bbox 397 4743 1902 4814; baseline 0.001 -17"><span class='ocrx_word' id='word_1_681' title='bbox 397 4755 441 4797; x_wconf 86' lang='lat' dir='ltr'><strong>et</strong></span> <span class='ocrx_word' id='word_1_682' title='bbox 487 4747 668 4814; x_wconf 77' lang='lat' dir='ltr'><strong>fratres</strong></span> <span class='ocrx_word' id='word_1_683' title='bbox 718 4745 789 4796; x_wconf 85' lang='lat' dir='ltr'><strong>tui</strong></span> <span class='ocrx_word' id='word_1_684' title='bbox 819 4743 945 4813; x_wconf 82' lang='lat' dir='ltr'><strong>foris</strong></span> <span class='ocrx_word' id='word_1_685' title='bbox 991 4753 1154 4808; x_wconf 84' lang='lat' dir='ltr'><strong>stant,</strong></span> <span class='ocrx_word' id='word_1_686' title='bbox 1185 4754 1464 4814; x_wconf 72' lang='lat' dir='ltr'><strong>qumrentei:</strong></span> <span class='ocrx_word' id='word_1_687' title='bbox 1510 4744 1599 4798; x_wconf 82' lang='lat' dir='ltr'><strong>tibi</strong></span> <span class='ocrx_word' id='word_1_688' title='bbox 1629 4744 1782 4813; x_wconf 82' lang='lat' dir='ltr'><strong>loqui.</strong></span> <span class='ocrx_word' id='word_1_689' title='bbox 1815 4745 1902 4800; x_wconf 68' lang='grc'><strong>48.</strong></span> 
     </span>
    </p>
   </div>
   <div class='ocr_carea' id='block_1_90' title="bbox 317 4837 1909 4910">
    <p class='ocr_par' dir='ltr' id='par_1_90' title="bbox 317 4837 1909 4910">
     <span class='ocr_line' id='line_1_91' title="bbox 317 4837 1909 4910; baseline 0.005 -23"><span class='ocrx_word' id='word_1_690' title='bbox 317 4870 345 4887; x_wconf 57' lang='grc' dir='ltr'><strong>κ</strong></span> <span class='ocrx_word' id='word_1_691' title='bbox 403 4837 522 4908; x_wconf 83' lang='lat' dir='ltr'><strong>Ipse</strong></span> <span class='ocrx_word' id='word_1_692' title='bbox 577 4850 742 4892; x_wconf 84' lang='lat' dir='ltr'><strong>autem</strong></span> <span class='ocrx_word' id='word_1_693' title='bbox 799 4839 1108 4910; x_wconf 81' lang='lat' dir='ltr'><strong>respondens</strong></span> <span class='ocrx_word' id='word_1_694' title='bbox 1161 4839 1345 4892; x_wconf 86' lang='lat' dir='ltr'><strong>dicenti</strong></span> <span class='ocrx_word' id='word_1_695' title='bbox 1369 4840 1464 4893; x_wconf 85' lang='lat' dir='ltr'><strong>sibi</strong></span> <span class='ocrx_word' id='word_1_696' title='bbox 1515 4842 1626 4895; x_wconf 90' lang='lat' dir='ltr'><strong>ait:</strong></span> <span class='ocrx_word' id='word_1_697' title='bbox 1662 4841 1788 4907; x_wconf 72' lang='lat' dir='ltr'><strong>Qua:</strong></span> <span class='ocrx_word' id='word_1_698' title='bbox 1838 4851 1909 4896; x_wconf 85' lang='lat' dir='ltr'><strong>est</strong></span> 
     </span>
    </p>
   </div>
   <div class='ocr_carea' id='block_1_91' title="bbox 401 4933 1912 5003">
    <p class='ocr_par' dir='ltr' id='par_1_91' title="bbox 401 4933 1912 5003">
     <span class='ocr_line' id='line_1_92' title="bbox 401 4933 1912 5003; baseline 0.002 -18"><span class='ocrx_word' id='word_1_699' title='bbox 401 4942 563 4985; x_wconf 86' lang='lat' dir='ltr'><strong>mater</strong></span> <span class='ocrx_word' id='word_1_700' title='bbox 584 4949 715 4998; x_wconf 87' lang='lat' dir='ltr'><strong>mea,</strong></span> <span class='ocrx_word' id='word_1_701' title='bbox 740 4941 784 4986; x_wconf 88' lang='lat' dir='ltr'><strong>et</strong></span> <span class='ocrx_word' id='word_1_702' title='bbox 809 4934 893 5002; x_wconf 88' lang='lat' dir='ltr'><strong>qui</strong></span> <span class='ocrx_word' id='word_1_703' title='bbox 919 4943 1035 4986; x_wconf 81' lang='lat' dir='ltr'><strong>sunt</strong></span> <span class='ocrx_word' id='word_1_704' title='bbox 1057 4937 1238 5003; x_wconf 81' lang='lat' dir='ltr'><strong>fratres</strong></span> <span class='ocrx_word' id='word_1_705' title='bbox 1274 4934 1411 4988; x_wconf 85' lang='lat' dir='ltr'><strong>mei?</strong></span> <span class='ocrx_word' id='word_1_706' title='bbox 1434 4933 1520 4988; x_wconf 63' lang='lat'><strong>.59.</strong></span> <span class='ocrx_word' id='word_1_707' title='bbox 1550 4933 1615 4988; x_wconf 85' lang='lat' dir='ltr'><strong>Et</strong></span> <span class='ocrx_word' id='word_1_708' title='bbox 1640 4935 1912 4988; x_wconf 75' lang='lat' dir='ltr'><strong>extendens</strong></span> 
     </span>
    </p>
   </div>
   <div class='ocr_carea' id='block_1_92' title="bbox 402 5025 1914 5094">
    <p class='ocr_par' dir='ltr' id='par_1_92' title="bbox 402 5025 1914 5094">
     <span class='ocr_line' id='line_1_93' title="bbox 402 5025 1914 5094; baseline -0.001 -13"><span class='ocrx_word' id='word_1_709' title='bbox 402 5041 606 5081; x_wconf 86' lang='lat' dir='ltr'><strong>manuni</strong></span> <span class='ocrx_word' id='word_1_710' title='bbox 646 5025 697 5078; x_wconf 90' lang='lat' dir='ltr'><strong>in</strong></span> <span class='ocrx_word' id='word_1_711' title='bbox 741 5025 1017 5094; x_wconf 83' lang='lat' dir='ltr'><strong>discipulos</strong></span> <span class='ocrx_word' id='word_1_712' title='bbox 1046 5043 1184 5092; x_wconf 75' lang='lat' dir='ltr'><strong>suos,</strong></span> <span class='ocrx_word' id='word_1_713' title='bbox 1213 5027 1340 5081; x_wconf 78' lang='lat' dir='ltr'><strong>dixit</strong></span> <span class='ocrx_word' id='word_1_714' title='bbox 1373 5043 1392 5080; x_wconf 90' lang='lat'><strong><em>:</em></strong></span> <span class='ocrx_word' id='word_1_715' title='bbox 1433 5025 1567 5080; x_wconf 87' lang='lat' dir='ltr'><strong>Ecce</strong></span> <span class='ocrx_word' id='word_1_716' title='bbox 1609 5037 1765 5081; x_wconf 83' lang='lat' dir='ltr'><strong>muter</strong></span> <span class='ocrx_word' id='word_1_717' title='bbox 1804 5044 1914 5080; x_wconf 83' lang='lat' dir='ltr'><strong>mea</strong></span> 
     </span>
    </p>
   </div>
   <div class='ocr_carea' id='block_1_93' title="bbox 405 5114 812 5185">
    <p class='ocr_par' dir='ltr' id='par_1_93' title="bbox 405 5114 812 5185">
     <span class='ocr_line' id='line_1_94' title="bbox 405 5114 812 5185; baseline 0 -17"><span class='ocrx_word' id='word_1_718' title='bbox 405 5126 451 5168; x_wconf 80' lang='lat' dir='ltr'><strong>et</strong></span> <span class='ocrx_word' id='word_1_719' title='bbox 481 5119 667 5185; x_wconf 79' lang='lat' dir='ltr'><strong>fratres</strong></span> <span class='ocrx_word' id='word_1_720' title='bbox 696 5114 812 5168; x_wconf 86' lang='lat' dir='ltr'><strong>mei.</strong></span> 
     </span>
    </p>
   </div>
   <div class='ocr_carea' id='block_1_94' title="bbox 407 5206 1912 5278">
    <p class='ocr_par' dir='ltr' id='par_1_94' title="bbox 407 5206 1912 5278">
     <span class='ocr_line' id='line_1_95' title="bbox 407 5206 1912 5278; baseline 0.001 -16"><span class='ocrx_word' id='word_1_721' title='bbox 407 5209 458 5262; x_wconf 79' lang='lat' dir='ltr'><strong>l.</strong></span> <span class='ocrx_word' id='word_1_722' title='bbox 490 5206 641 5275; x_wconf 87' lang='lat' dir='ltr'><strong>Quod</strong></span> <span class='ocrx_word' id='word_1_723' title='bbox 678 5222 846 5275; x_wconf 89' lang='lat' dir='ltr'><strong>nuper</strong></span> <span class='ocrx_word' id='word_1_724' title='bbox 876 5206 1116 5260; x_wconf 89' lang='lat' dir='ltr'><strong>dicebam</strong></span> <span class='ocrx_word' id='word_1_725' title='bbox 1147 5209 1264 5263; x_wconf 89' lang='lat' dir='ltr'><strong>sine</strong></span> <span class='ocrx_word' id='word_1_726' title='bbox 1291 5209 1487 5264; x_wconf 88' lang='lat' dir='ltr'><strong>virtute</strong></span> <span class='ocrx_word' id='word_1_727' title='bbox 1509 5210 1687 5263; x_wconf 91' lang='lat' dir='ltr'><strong>omnia</strong></span> <span class='ocrx_word' id='word_1_728' title='bbox 1717 5225 1912 5278; x_wconf 86' lang='lat' dir='ltr'><strong>supcr-</strong></span> 
     </span>
    </p>
   </div>
   <div class='ocr_carea' id='block_1_95' title="bbox 334 5298 1915 5366">
    <p class='ocr_par' dir='ltr' id='par_1_95' title="bbox 334 5298 1915 5366">
     <span class='ocr_line' id='line_1_96' title="bbox 334 5298 1915 5366; baseline 0.002 -15"><span class='ocrx_word' id='word_1_729' title='bbox 334 5300 433 5351; x_wconf 86' lang='lat' dir='ltr'><strong>llua</strong></span> <span class='ocrx_word' id='word_1_730' title='bbox 462 5314 600 5360; x_wconf 85' lang='lat' dir='ltr'><strong>esse.</strong></span> <span class='ocrx_word' id='word_1_731' title='bbox 637 5298 738 5353; x_wconf 92' lang='lat' dir='ltr'><strong>hoc</strong></span> <span class='ocrx_word' id='word_1_732' title='bbox 767 5313 906 5352; x_wconf 91' lang='lat' dir='ltr'><strong>nunc</strong></span> <span class='ocrx_word' id='word_1_733' title='bbox 934 5299 1269 5366; x_wconf 85' lang='lat' dir='ltr'><strong>apertissime</strong></span> <span class='ocrx_word' id='word_1_734' title='bbox 1300 5300 1719 5355; x_wconf 88' lang='lat' dir='ltr'><strong>demonstratur.</strong></span> <span class='ocrx_word' id='word_1_735' title='bbox 1756 5300 1915 5354; x_wconf 89' lang='lat' dir='ltr'><strong>Dice—</strong></span> 
     </span>
    </p>
   </div>
   <div class='ocr_carea' id='block_1_96' title="bbox 335 5392 1913 5460">
    <p class='ocr_par' dir='ltr' id='par_1_96' title="bbox 335 5392 1913 5460">
     <span class='ocr_line' id='line_1_97' title="bbox 335 5392 1913 5460; baseline 0.001 -18"><span class='ocrx_word' id='word_1_736' title='bbox 335 5392 455 5443; x_wconf 87' lang='lat' dir='ltr'><strong>bam</strong></span> <span class='ocrx_word' id='word_1_737' title='bbox 496 5407 594 5460; x_wconf 87' lang='lat' dir='ltr'><strong>cgo</strong></span> <span class='ocrx_word' id='word_1_738' title='bbox 615 5433 630 5456; x_wconf 96' lang='lat'><strong>,</strong></span> <span class='ocrx_word' id='word_1_739' title='bbox 664 5401 877 5446; x_wconf 65' lang='lat' dir='ltr'><strong>artatein</strong></span> <span class='ocrx_word' id='word_1_740' title='bbox 900 5432 914 5457; x_wconf 94' lang='lat'><strong>,</strong></span> <span class='ocrx_word' id='word_1_741' title='bbox 951 5401 1190 5445; x_wconf 85' lang='lat' dir='ltr'><strong>naturam</strong></span> <span class='ocrx_word' id='word_1_742' title='bbox 1217 5433 1230 5456; x_wconf 93' lang='lat'><strong>,</strong></span> <span class='ocrx_word' id='word_1_743' title='bbox 1261 5392 1458 5446; x_wconf 82' lang='lat' dir='ltr'><strong>deserti</strong></span> <span class='ocrx_word' id='word_1_744' title='bbox 1509 5393 1913 5457; x_wconf 86' lang='lat' dir='ltr'><strong>habitationem,</strong></span> 
     </span>
    </p>
   </div>
   <div class='ocr_carea' id='block_1_97' title="bbox 333 5484 1912 5554">
    <p class='ocr_par' dir='ltr' id='par_1_97' title="bbox 333 5484 1912 5554">
     <span class='ocr_line' id='line_1_98' title="bbox 333 5484 1912 5554; baseline 0.001 -17"><span class='ocrx_word' id='word_1_745' title='bbox 333 5493 635 5552; x_wconf 66' lang='lat' dir='ltr'><strong>eademque</strong></span> <span class='ocrx_word' id='word_1_746' title='bbox 665 5484 965 5552; x_wconf 67' lang='lat' dir='ltr'><strong>huiusmodi</strong></span> <span class='ocrx_word' id='word_1_747' title='bbox 994 5485 1196 5540; x_wconf 88' lang='lat' dir='ltr'><strong>inutilia</strong></span> <span class='ocrx_word' id='word_1_748' title='bbox 1227 5502 1366 5549; x_wconf 84' lang='lat' dir='ltr'><strong>esse,</strong></span> <span class='ocrx_word' id='word_1_749' title='bbox 1389 5487 1432 5541; x_wconf 90' lang='lat' dir='ltr'><strong>si</strong></span> <span class='ocrx_word' id='word_1_750' title='bbox 1462 5488 1755 5540; x_wconf 87' lang='lat' dir='ltr'><strong>voluntatis</strong></span> <span class='ocrx_word' id='word_1_751' title='bbox 1786 5503 1912 5554; x_wconf 74' lang='lat' dir='ltr'><strong>pro-</strong></span> 
     </span>
    </p>
   </div>
   <div class='ocr_carea' id='block_1_98' title="bbox 338 5576 1919 5649">
    <p class='ocr_par' dir='ltr' id='par_1_98' title="bbox 338 5576 1919 5649">
     <span class='ocr_line' id='line_1_99' title="bbox 338 5576 1919 5649; baseline 0.005 -26"><span class='ocrx_word' id='word_1_752' title='bbox 338 5576 566 5642; x_wconf 87' lang='lat' dir='ltr'><strong>positum</strong></span> <span class='ocrx_word' id='word_1_753' title='bbox 603 5591 706 5629; x_wconf 87' lang='lat' dir='ltr'><strong>non</strong></span> <span class='ocrx_word' id='word_1_754' title='bbox 736 5577 804 5631; x_wconf 91' lang='lat' dir='ltr'><strong>sit</strong></span> <span class='ocrx_word' id='word_1_755' title='bbox 844 5578 1041 5634; x_wconf 89' lang='lat' dir='ltr'><strong>bonum</strong></span> <span class='ocrx_word' id='word_1_756' title='bbox 1072 5598 1083 5634; x_wconf 89' lang='lat'><strong>:</strong></span> <span class='ocrx_word' id='word_1_757' title='bbox 1115 5577 1274 5634; x_wconf 89' lang='lat' dir='ltr'><strong>hodie</strong></span> <span class='ocrx_word' id='word_1_758' title='bbox 1313 5594 1440 5633; x_wconf 87' lang='lat' dir='ltr'><strong>vero</strong></span> <span class='ocrx_word' id='word_1_759' title='bbox 1464 5579 1662 5649; x_wconf 89' lang='lat' dir='ltr'><strong>aliquid</strong></span> <span class='ocrx_word' id='word_1_760' title='bbox 1690 5579 1919 5648; x_wconf 88' lang='lat' dir='ltr'><strong>amplius</strong></span> 
     </span>
    </p>
   </div>
   <div class='ocr_carea' id='block_1_99' title="bbox 335 5669 1918 5743">
    <p class='ocr_par' dir='ltr' id='par_1_99' title="bbox 335 5669 1918 5743">
     <span class='ocr_line' id='line_1_100' title="bbox 335 5669 1918 5743; baseline 0.002 -25"><span class='ocrx_word' id='word_1_761' title='bbox 335 5669 588 5722; x_wconf 58' lang='lat' dir='ltr'><strong>discimus</strong></span> <span class='ocrx_word' id='word_1_762' title='bbox 611 5711 625 5733; x_wconf 93' lang='lat'><strong>,</strong></span> <span class='ocrx_word' id='word_1_763' title='bbox 659 5684 726 5722; x_wconf 90' lang='lat' dir='ltr'><strong>ne</strong></span> <span class='ocrx_word' id='word_1_764' title='bbox 752 5669 962 5737; x_wconf 88' lang='lat' dir='ltr'><strong>quidem</strong></span> <span class='ocrx_word' id='word_1_765' title='bbox 992 5673 1259 5727; x_wconf 81' lang='lat' dir='ltr'><strong>Christum</strong></span> <span class='ocrx_word' id='word_1_766' title='bbox 1291 5673 1565 5743; x_wconf 85' lang='lat' dir='ltr'><strong>peperisse</strong></span> <span class='ocrx_word' id='word_1_767' title='bbox 1607 5682 1660 5725; x_wconf 92' lang='lat' dir='ltr'><strong>ct</strong></span> <span class='ocrx_word' id='word_1_768' title='bbox 1706 5670 1918 5725; x_wconf 86' lang='lat' dir='ltr'><strong>mirabi-</strong></span> 
     </span>
    </p>
   </div>
   <div class='ocr_carea' id='block_1_100' title="bbox 337 5760 1918 5834">
    <p class='ocr_par' dir='ltr' id='par_1_100' title="bbox 337 5760 1918 5834">
     <span class='ocr_line' id='line_1_101' title="bbox 337 5760 1918 5834; baseline 0.001 -20"><span class='ocrx_word' id='word_1_769' title='bbox 337 5760 494 5814; x_wconf 86' lang='lat' dir='ltr'><strong>bilem</strong></span> <span class='ocrx_word' id='word_1_770' title='bbox 521 5760 666 5814; x_wconf 91' lang='lat' dir='ltr'><strong>illum</strong></span> <span class='ocrx_word' id='word_1_771' title='bbox 701 5769 907 5830; x_wconf 86' lang='lat' dir='ltr'><strong>partum</strong></span> <span class='ocrx_word' id='word_1_772' title='bbox 942 5762 1194 5832; x_wconf 83' lang='lat' dir='ltr'><strong>edidisse,</strong></span> <span class='ocrx_word' id='word_1_773' title='bbox 1222 5764 1420 5834; x_wconf 74' lang='lat' dir='ltr'><strong>aliquid</strong></span> <span class='ocrx_word' id='word_1_774' title='bbox 1449 5763 1691 5819; x_wconf 87' lang='lat' dir='ltr'><strong>utilitatis</strong></span> <span class='ocrx_word' id='word_1_775' title='bbox 1723 5762 1918 5818; x_wconf 84' lang='lat' dir='ltr'><strong>habere</strong></span> 
     </span>
    </p>
   </div>
   <div class='ocr_carea' id='block_1_101' title="bbox 2014 4471 3604 4542">
    <p class='ocr_par' dir='ltr' id='par_1_101' title="bbox 2014 4471 3604 4542">
     <span class='ocr_line' id='line_1_102' title="bbox 2014 4471 3604 4542; baseline 0.004 -16"><span class='ocrx_word' id='word_1_776' title='bbox 2014 4474 2126 4527; x_wconf 89' lang='lat' dir='ltr'><strong>sine</strong></span> <span class='ocrx_word' id='word_1_777' title='bbox 2158 4474 2371 4528; x_wconf 88' lang='lat' dir='ltr'><strong>virtuie.</strong></span> <span class='ocrx_word' id='word_1_778' title='bbox 2409 4472 2462 4526; x_wconf 90' lang='lat' dir='ltr'><strong>ld</strong></span> <span class='ocrx_word' id='word_1_779' title='bbox 2495 4487 2622 4526; x_wconf 89' lang='lat' dir='ltr'><strong>vero</strong></span> <span class='ocrx_word' id='word_1_780' title='bbox 2651 4471 2774 4527; x_wconf 91' lang='lat' dir='ltr'><strong>hinc</strong></span> <span class='ocrx_word' id='word_1_781' title='bbox 2802 4472 3029 4526; x_wconf 76' lang='lat' dir='ltr'><strong>maxime</strong></span> <span class='ocrx_word' id='word_1_782' title='bbox 3056 4473 3309 4542; x_wconf 86' lang='lat' dir='ltr'><strong>liquidum</strong></span> <span class='ocrx_word' id='word_1_783' title='bbox 3327 4483 3408 4528; x_wconf 87' lang='lat' dir='ltr'><strong>est</strong></span> <span class='ocrx_word' id='word_1_784' title='bbox 3437 4493 3448 4527; x_wconf 87' lang='lat'><strong>:</strong></span> <span class='ocrx_word' id='word_1_785' title='bbox 3477 4491 3604 4532; x_wconf 88' lang='lat' dir='ltr'><strong>nam</strong></span> 
     </span>
    </p>
   </div>
   <div class='ocr_carea' id='block_1_102' title="bbox 2017 4563 3601 4634">
    <p class='ocr_par' dir='ltr' id='par_1_102' title="bbox 2017 4563 3601 4634">
     <span class='ocr_line' id='line_1_103' title="bbox 2017 4563 3601 4634; baseline 0.003 -15"><span class='ocrx_word' id='word_1_786' title='bbox 2017 4565 2147 4619; x_wconf 87' lang='lat' dir='ltr'><strong>dicit</strong></span> <span class='ocrx_word' id='word_1_787' title='bbox 2180 4584 2192 4618; x_wconf 89' lang='lat'><strong>:</strong></span> <span class='ocrx_word' id='word_1_788' title='bbox 2218 4565 2397 4619; x_wconf 78' lang='lat' dir='ltr'><strong>Adhuc</strong></span> <span class='ocrx_word' id='word_1_789' title='bbox 2425 4581 2481 4618; x_wconf 83' lang='lat' dir='ltr'><strong>eo</strong></span> <span class='ocrx_word' id='word_1_790' title='bbox 2513 4565 2745 4634; x_wconf 84' lang='lat' dir='ltr'><strong>loquente</strong></span> <span class='ocrx_word' id='word_1_791' title='bbox 2771 4563 2838 4616; x_wconf 88' lang='lat' dir='ltr'><strong>ad</strong></span> <span class='ocrx_word' id='word_1_792' title='bbox 2863 4563 3036 4618; x_wconf 81' lang='lat' dir='ltr'><strong>turbas</strong></span> <span class='ocrx_word' id='word_1_793' title='bbox 3056 4605 3070 4629; x_wconf 94' lang='lat'><strong>,</strong></span> <span class='ocrx_word' id='word_1_794' title='bbox 3106 4565 3235 4618; x_wconf 76' lang='lat' dir='ltr'><strong>dixit</strong></span> <span class='ocrx_word' id='word_1_795' title='bbox 3272 4567 3478 4634; x_wconf 82' lang='lat' dir='ltr'><strong>quidam</strong></span> <span class='ocrx_word' id='word_1_796' title='bbox 3511 4569 3558 4621; x_wconf 77' lang='lat' dir='ltr'><strong>ei</strong></span> <span class='ocrx_word' id='word_1_797' title='bbox 3583 4587 3601 4624; x_wconf 89' lang='lat'><em>:</em></span> 
     </span>
    </p>
   </div>
   <div class='ocr_carea' id='block_1_103' title="bbox 2019 4655 3603 4724">
    <p class='ocr_par' dir='ltr' id='par_1_103' title="bbox 2019 4655 3603 4724">
     <span class='ocr_line' id='line_1_104' title="bbox 2019 4655 3603 4724; baseline -0.001 -15"><span class='ocrx_word' id='word_1_798' title='bbox 2019 4657 2185 4710; x_wconf 80' lang='lat' dir='ltr'><strong>Mater</strong></span> <span class='ocrx_word' id='word_1_799' title='bbox 2236 4666 2322 4708; x_wconf 85' lang='lat' dir='ltr'><strong>tua</strong></span> <span class='ocrx_word' id='word_1_800' title='bbox 2359 4665 2404 4709; x_wconf 84' lang='lat' dir='ltr'><strong>et</strong></span> <span class='ocrx_word' id='word_1_801' title='bbox 2454 4656 2636 4724; x_wconf 77' lang='lat' dir='ltr'><strong>fratres</strong></span> <span class='ocrx_word' id='word_1_802' title='bbox 2673 4655 2744 4708; x_wconf 86' lang='lat' dir='ltr'><strong>tui</strong></span> <span class='ocrx_word' id='word_1_803' title='bbox 2785 4665 3016 4724; x_wconf 68' lang='lat' dir='ltr'><strong>quaerunt</strong></span> <span class='ocrx_word' id='word_1_804' title='bbox 3061 4667 3126 4710; x_wconf 80' lang='lat' dir='ltr'><strong>te.</strong></span> <span class='ocrx_word' id='word_1_805' title='bbox 3179 4655 3274 4708; x_wconf 83' lang='lat' dir='ltr'><strong>Ille</strong></span> <span class='ocrx_word' id='word_1_806' title='bbox 3300 4673 3412 4710; x_wconf 69' lang='lat' dir='ltr'><strong>vero</strong></span> <span class='ocrx_word' id='word_1_807' title='bbox 3453 4659 3603 4722; x_wconf 66' lang='lat' dir='ltr'><strong>dixit,</strong></span> 
     </span>
    </p>
   </div>
   <div class='ocr_carea' id='block_1_104' title="bbox 2022 4750 3607 4820">
    <p class='ocr_par' dir='ltr' id='par_1_104' title="bbox 2022 4750 3607 4820">
     <span class='ocr_line' id='line_1_105' title="bbox 2022 4750 3607 4820; baseline 0.001 -18"><span class='ocrx_word' id='word_1_808' title='bbox 2022 4750 2148 4813; x_wconf 69' lang='lat' dir='ltr'><strong>Quae</strong></span> <span class='ocrx_word' id='word_1_809' title='bbox 2193 4760 2262 4803; x_wconf 83' lang='lat' dir='ltr'><strong>est</strong></span> <span class='ocrx_word' id='word_1_810' title='bbox 2299 4758 2458 4802; x_wconf 83' lang='lat' dir='ltr'><strong>mater</strong></span> <span class='ocrx_word' id='word_1_811' title='bbox 2487 4766 2616 4812; x_wconf 83' lang='lat' dir='ltr'><strong>mea,</strong></span> <span class='ocrx_word' id='word_1_812' title='bbox 2650 4758 2695 4801; x_wconf 83' lang='lat' dir='ltr'><strong>et</strong></span> <span class='ocrx_word' id='word_1_813' title='bbox 2730 4751 2812 4818; x_wconf 86' lang='lat' dir='ltr'><strong>qui</strong></span> <span class='ocrx_word' id='word_1_814' title='bbox 2843 4765 2960 4802; x_wconf 79' lang='lat' dir='ltr'><strong>sunt</strong></span> <span class='ocrx_word' id='word_1_815' title='bbox 2985 4753 3167 4820; x_wconf 80' lang='lat' dir='ltr'><strong>fratres</strong></span> <span class='ocrx_word' id='word_1_816' title='bbox 3208 4751 3342 4802; x_wconf 83' lang='lat' dir='ltr'><strong>mei?</strong></span> <span class='ocrx_word' id='word_1_817' title='bbox 3372 4751 3484 4806; x_wconf 87' lang='lat' dir='ltr'><strong>Hoc</strong></span> <span class='ocrx_word' id='word_1_818' title='bbox 3509 4770 3607 4803; x_wconf 79' lang='lat' dir='ltr'><strong>au-</strong></span> 
     </span>
    </p>
   </div>
   <div class='ocr_carea' id='block_1_105' title="bbox 2019 4841 3606 4912">
    <p class='ocr_par' dir='ltr' id='par_1_105' title="bbox 2019 4841 3606 4912">
     <span class='ocr_line' id='line_1_106' title="bbox 2019 4841 3606 4912; baseline 0.001 -15"><span class='ocrx_word' id='word_1_819' title='bbox 2019 4851 2124 4898; x_wconf 88' lang='lat' dir='ltr'><strong>tem</strong></span> <span class='ocrx_word' id='word_1_820' title='bbox 2153 4842 2382 4905; x_wconf 85' lang='lat' dir='ltr'><strong>dicebat,</strong></span> <span class='ocrx_word' id='word_1_821' title='bbox 2417 4855 2520 4895; x_wconf 91' lang='lat' dir='ltr'><strong>non</strong></span> <span class='ocrx_word' id='word_1_822' title='bbox 2550 4841 2690 4911; x_wconf 89' lang='lat' dir='ltr'><strong>quod</strong></span> <span class='ocrx_word' id='word_1_823' title='bbox 2721 4841 2787 4895; x_wconf 93' lang='lat' dir='ltr'><strong>de</strong></span> <span class='ocrx_word' id='word_1_824' title='bbox 2830 4853 3000 4895; x_wconf 88' lang='lat' dir='ltr'><strong>matre</strong></span> <span class='ocrx_word' id='word_1_825' title='bbox 3033 4843 3257 4911; x_wconf 86' lang='lat' dir='ltr'><strong>puderet</strong></span> <span class='ocrx_word' id='word_1_826' title='bbox 3282 4883 3296 4902; x_wconf 84' lang='lat'><strong>.</strong></span> <span class='ocrx_word' id='word_1_827' title='bbox 3329 4860 3426 4897; x_wconf 83' lang='lat' dir='ltr'><strong>nec</strong></span> <span class='ocrx_word' id='word_1_828' title='bbox 3464 4846 3606 4912; x_wconf 91' lang='lat' dir='ltr'><strong>quod</strong></span> 
     </span>
    </p>
   </div>
   <div class='ocr_carea' id='block_1_106' title="bbox 2019 4932 3602 5003">
    <p class='ocr_par' dir='ltr' id='par_1_106' title="bbox 2019 4932 3602 5003">
     <span class='ocr_line' id='line_1_107' title="bbox 2019 4932 3602 5003; baseline 0.001 -17"><span class='ocrx_word' id='word_1_829' title='bbox 2019 4932 2331 5002; x_wconf 86' lang='lat' dir='ltr'><strong>genitricem</strong></span> <span class='ocrx_word' id='word_1_830' title='bbox 2395 4941 2656 5003; x_wconf 90' lang='lat' dir='ltr'><strong>negaret:</strong></span> <span class='ocrx_word' id='word_1_831' title='bbox 2690 4933 2732 4986; x_wconf 90' lang='lat' dir='ltr'><strong>si</strong></span> <span class='ocrx_word' id='word_1_832' title='bbox 2767 4933 2910 4986; x_wconf 91' lang='lat' dir='ltr'><strong>enim</strong></span> <span class='ocrx_word' id='word_1_833' title='bbox 2952 4933 3002 4986; x_wconf 90' lang='lat' dir='ltr'><strong>id</strong></span> <span class='ocrx_word' id='word_1_834' title='bbox 3055 4934 3128 4986; x_wconf 90' lang='lat' dir='ltr'><strong>illi</strong></span> <span class='ocrx_word' id='word_1_835' title='bbox 3177 4934 3361 5001; x_wconf 90' lang='lat' dir='ltr'><strong>pudori</strong></span> <span class='ocrx_word' id='word_1_836' title='bbox 3396 4936 3602 5000; x_wconf 72' lang='lat' dir='ltr'><strong>fuisset,</strong></span> 
     </span>
    </p>
   </div>
   <div class='ocr_carea' id='block_1_107' title="bbox 2023 5024 3606 5092">
    <p class='ocr_par' dir='ltr' id='par_1_107' title="bbox 2023 5024 3606 5092">
     <span class='ocr_line' id='line_1_108' title="bbox 2023 5024 3606 5092; baseline 0.001 -13"><span class='ocrx_word' id='word_1_837' title='bbox 2023 5041 2126 5079; x_wconf 91' lang='lat' dir='ltr'><strong>non</strong></span> <span class='ocrx_word' id='word_1_838' title='bbox 2156 5041 2248 5092; x_wconf 91' lang='lat' dir='ltr'><strong>per</strong></span> <span class='ocrx_word' id='word_1_839' title='bbox 2275 5033 2484 5079; x_wconf 92' lang='lat' dir='ltr'><strong>uterum</strong></span> <span class='ocrx_word' id='word_1_840' title='bbox 2514 5024 2658 5078; x_wconf 93' lang='lat' dir='ltr'><strong>illum</strong></span> <span class='ocrx_word' id='word_1_841' title='bbox 2690 5025 3002 5089; x_wconf 88' lang='lat' dir='ltr'><strong>transisset;</strong></span> <span class='ocrx_word' id='word_1_842' title='bbox 3047 5025 3139 5078; x_wconf 88' lang='lat' dir='ltr'><strong>sed</strong></span> <span class='ocrx_word' id='word_1_843' title='bbox 3173 5035 3228 5079; x_wconf 91' lang='lat' dir='ltr'><strong>ut</strong></span> <span class='ocrx_word' id='word_1_844' title='bbox 3254 5027 3564 5080; x_wconf 56' lang='lat' dir='ltr'><strong>ostenderet</strong></span> <span class='ocrx_word' id='word_1_845' title='bbox 3589 5069 3606 5090; x_wconf 86' lang='lat'><strong>,</strong></span> 
     </span>
    </p>
   </div>
   <div class='ocr_carea' id='block_1_108' title="bbox 2022 5117 3605 5184">
    <p class='ocr_par' dir='ltr' id='par_1_108' title="bbox 2022 5117 3605 5184">
     <span class='ocr_line' id='line_1_109' title="bbox 2022 5117 3605 5184; baseline 0.001 -13"><span class='ocrx_word' id='word_1_846' title='bbox 2022 5119 2149 5171; x_wconf 93' lang='lat' dir='ltr'><strong>nihil</strong></span> <span class='ocrx_word' id='word_1_847' title='bbox 2193 5118 2314 5171; x_wconf 92' lang='lat' dir='ltr'><strong>hinc</strong></span> <span class='ocrx_word' id='word_1_848' title='bbox 2360 5118 2514 5172; x_wconf 90' lang='lat' dir='ltr'><strong>matri</strong></span> <span class='ocrx_word' id='word_1_849' title='bbox 2547 5117 2786 5171; x_wconf 88' lang='lat' dir='ltr'><strong>utilitatis</strong></span> <span class='ocrx_word' id='word_1_850' title='bbox 2855 5127 3232 5184; x_wconf 81' lang='lat' dir='ltr'><strong>proventuram</strong></span> <span class='ocrx_word' id='word_1_851' title='bbox 3278 5117 3460 5178; x_wconf 84' lang='lat' dir='ltr'><strong>fuisse.</strong></span> <span class='ocrx_word' id='word_1_852' title='bbox 3505 5121 3605 5173; x_wconf 83' lang='lat' dir='ltr'><strong>nisi</strong></span> 
     </span>
    </p>
   </div>
   <div class='ocr_carea' id='block_1_109' title="bbox 2022 5209 3606 5279">
    <p class='ocr_par' dir='ltr' id='par_1_109' title="bbox 2022 5209 3606 5279">
     <span class='ocr_line' id='line_1_110' title="bbox 2022 5209 3606 5279; baseline 0.003 -17"><span class='ocrx_word' id='word_1_853' title='bbox 2022 5221 2285 5279; x_wconf 68' lang='lat' dir='ltr'><strong>pra&#39;cepta</strong></span> <span class='ocrx_word' id='word_1_854' title='bbox 2341 5209 2520 5263; x_wconf 89' lang='lat' dir='ltr'><strong>omnia</strong></span> <span class='ocrx_word' id='word_1_855' title='bbox 2569 5218 2856 5262; x_wconf 76' lang='lat' dir='ltr'><strong>Servassrt.</strong></span> <span class='ocrx_word' id='word_1_856' title='bbox 2907 5209 3036 5264; x_wconf 84' lang='lat' dir='ltr'><strong>Nam</strong></span> <span class='ocrx_word' id='word_1_857' title='bbox 3081 5211 3220 5278; x_wconf 89' lang='lat' dir='ltr'><strong>quod</strong></span> <span class='ocrx_word' id='word_1_858' title='bbox 3263 5212 3348 5266; x_wconf 93' lang='lat' dir='ltr'><strong>illa</strong></span> <span class='ocrx_word' id='word_1_859' title='bbox 3390 5212 3514 5266; x_wconf 76' lang='lat' dir='ltr'><strong>fecit</strong></span> <span class='ocrx_word' id='word_1_860' title='bbox 3541 5230 3606 5266; x_wconf 75' lang='lat' dir='ltr'><strong>ex</strong></span> 
     </span>
    </p>
   </div>
   <div class='ocr_carea' id='block_1_110' title="bbox 2021 5300 3609 5370">
    <p class='ocr_par' dir='ltr' id='par_1_110' title="bbox 2021 5300 3609 5370">
     <span class='ocr_line' id='line_1_111' title="bbox 2021 5300 3609 5370; baseline 0.003 -17"><span class='ocrx_word' id='word_1_861' title='bbox 2021 5301 2310 5355; x_wconf 85' lang='lat' dir='ltr'><strong>ambitione</strong></span> <span class='ocrx_word' id='word_1_862' title='bbox 2335 5300 2776 5370; x_wconf 81' lang='lat' dir='ltr'><strong>proﬁciscebatur</strong></span> <span class='ocrx_word' id='word_1_863' title='bbox 2807 5317 2818 5351; x_wconf 88' lang='lat'><strong>:</strong></span> <span class='ocrx_word' id='word_1_864' title='bbox 2851 5301 3062 5355; x_wconf 86' lang='lat' dir='ltr'><strong>volebat</strong></span> <span class='ocrx_word' id='word_1_865' title='bbox 3089 5303 3229 5356; x_wconf 88' lang='lat' dir='ltr'><strong>enini</strong></span> <span class='ocrx_word' id='word_1_866' title='bbox 3263 5305 3460 5369; x_wconf 86' lang='lat' dir='ltr'><strong>populo</strong></span> <span class='ocrx_word' id='word_1_867' title='bbox 3487 5320 3609 5357; x_wconf 84' lang='lat' dir='ltr'><strong>sese</strong></span> 
     </span>
    </p>
   </div>
   <div class='ocr_carea' id='block_1_111' title="bbox 2022 5391 3609 5462">
    <p class='ocr_par' dir='ltr' id='par_1_111' title="bbox 2022 5391 3609 5462">
     <span class='ocr_line' id='line_1_112' title="bbox 2022 5391 3609 5462; baseline 0.003 -18"><span class='ocrx_word' id='word_1_868' title='bbox 2022 5401 2293 5445; x_wconf 88' lang='lat' dir='ltr'><strong>ostentare</strong></span> <span class='ocrx_word' id='word_1_869' title='bbox 2313 5407 2372 5444; x_wconf 90' lang='lat' dir='ltr'><strong>:ic</strong></span> <span class='ocrx_word' id='word_1_870' title='bbox 2395 5392 2436 5443; x_wconf 80' lang='lat' dir='ltr'><strong>si</strong></span> <span class='ocrx_word' id='word_1_871' title='bbox 2463 5391 2750 5459; x_wconf 87' lang='lat' dir='ltr'><strong>imperaret</strong></span> <span class='ocrx_word' id='word_1_872' title='bbox 2773 5392 2899 5455; x_wconf 82' lang='lat' dir='ltr'><strong>lilio,</strong></span> <span class='ocrx_word' id='word_1_873' title='bbox 2924 5392 2989 5446; x_wconf 83' lang='lat' dir='ltr'><strong>de</strong></span> <span class='ocrx_word' id='word_1_874' title='bbox 3014 5410 3118 5462; x_wconf 88' lang='lat' dir='ltr'><strong>quo</strong></span> <span class='ocrx_word' id='word_1_875' title='bbox 3141 5393 3271 5446; x_wconf 89' lang='lat' dir='ltr'><strong>nihil</strong></span> <span class='ocrx_word' id='word_1_876' title='bbox 3300 5395 3472 5448; x_wconf 88' lang='lat' dir='ltr'><strong>adhuc</strong></span> <span class='ocrx_word' id='word_1_877' title='bbox 3498 5413 3609 5448; x_wconf 83' lang='lat' dir='ltr'><strong>ina-</strong></span> 
     </span>
    </p>
   </div>
   <div class='ocr_carea' id='block_1_112' title="bbox 2025 5482 3610 5553">
    <p class='ocr_par' dir='ltr' id='par_1_112' title="bbox 2025 5482 3610 5553">
     <span class='ocr_line' id='line_1_113' title="bbox 2025 5482 3610 5553; baseline 0.004 -19"><span class='ocrx_word' id='word_1_878' title='bbox 2025 5499 2183 5553; x_wconf 79' lang='lat' dir='ltr'><strong>gnum</strong></span> <span class='ocrx_word' id='word_1_879' title='bbox 2210 5482 2616 5551; x_wconf 86' lang='lat' dir='ltr'><strong>imaginabatur,</strong></span> <span class='ocrx_word' id='word_1_880' title='bbox 2635 5483 2862 5550; x_wconf 86' lang='lat' dir='ltr'><strong>ideoque</strong></span> <span class='ocrx_word' id='word_1_881' title='bbox 2890 5484 3192 5549; x_wconf 86' lang='lat' dir='ltr'><strong>importune</strong></span> <span class='ocrx_word' id='word_1_882' title='bbox 3220 5487 3610 5541; x_wconf 68' lang='lat' dir='ltr'><strong>accessit.\&#39;idc</strong></span> 
     </span>
    </p>
   </div>
   <div class='ocr_carea' id='block_1_113' title="bbox 2026 5575 3607 5648">
    <p class='ocr_par' dir='ltr' id='par_1_113' title="bbox 2026 5575 3607 5648">
     <span class='ocr_line' id='line_1_114' title="bbox 2026 5575 3607 5648; baseline 0.001 -18"><span class='ocrx_word' id='word_1_883' title='bbox 2026 5594 2153 5645; x_wconf 79' lang='lat' dir='ltr'><strong>cigo</strong></span> <span class='ocrx_word' id='word_1_884' title='bbox 2180 5586 2234 5630; x_wconf 90' lang='lat' dir='ltr'><strong>et</strong></span> <span class='ocrx_word' id='word_1_885' title='bbox 2263 5576 2378 5645; x_wconf 76' lang='lat' dir='ltr'><strong>ejus</strong></span> <span class='ocrx_word' id='word_1_886' title='bbox 2405 5585 2458 5629; x_wconf 87' lang='lat' dir='ltr'><strong>et</strong></span> <span class='ocrx_word' id='word_1_887' title='bbox 2501 5575 2721 5630; x_wconf 84' lang='lat' dir='ltr'><strong>fratrum</strong></span> <span class='ocrx_word' id='word_1_888' title='bbox 2766 5579 3144 5645; x_wconf 68' lang='lat' dir='ltr'><strong>arrogantiam.</strong></span> <span class='ocrx_word' id='word_1_889' title='bbox 3172 5576 3302 5631; x_wconf 89' lang='lat' dir='ltr'><strong>Cum</strong></span> <span class='ocrx_word' id='word_1_890' title='bbox 3335 5590 3607 5648; x_wconf 85' lang='lat' dir='ltr'><strong>oporteret</strong></span> 
     </span>
    </p>
   </div>
   <div class='ocr_carea' id='block_1_114' title="bbox 2025 5667 3604 5736">
    <p class='ocr_par' dir='ltr' id='par_1_114' title="bbox 2025 5667 3604 5736">
     <span class='ocr_line' id='line_1_115' title="bbox 2025 5667 3604 5736; baseline 0.001 -15"><span class='ocrx_word' id='word_1_891' title='bbox 2025 5669 2166 5721; x_wconf 89' lang='lat' dir='ltr'><strong>enim</strong></span> <span class='ocrx_word' id='word_1_892' title='bbox 2201 5668 2468 5736; x_wconf 77' lang='lat' dir='ltr'><strong>ingreSSos</strong></span> <span class='ocrx_word' id='word_1_893' title='bbox 2512 5667 2694 5722; x_wconf 86' lang='lat' dir='ltr'><strong>audire</strong></span> <span class='ocrx_word' id='word_1_894' title='bbox 2732 5683 2852 5721; x_wconf 86' lang='lat' dir='ltr'><strong>cum</strong></span> <span class='ocrx_word' id='word_1_895' title='bbox 2894 5669 3066 5731; x_wconf 86' lang='lat' dir='ltr'><strong>tui-ba,</strong></span> <span class='ocrx_word' id='word_1_896' title='bbox 3097 5670 3176 5724; x_wconf 79' lang='lat' dir='ltr'><strong>vel</strong></span> <span class='ocrx_word' id='word_1_897' title='bbox 3219 5671 3259 5722; x_wconf 71' lang='lat' dir='ltr'><strong>si</strong></span> <span class='ocrx_word' id='word_1_898' title='bbox 3304 5670 3352 5722; x_wconf 92' lang='lat' dir='ltr'><strong>id</strong></span> <span class='ocrx_word' id='word_1_899' title='bbox 3384 5671 3604 5735; x_wconf 71' lang='lat' dir='ltr'><strong>nollent,</strong></span> 
     </span>
    </p>
   </div>
   <div class='ocr_carea' id='block_1_115' title="bbox 2025 5759 3605 5826">
    <p class='ocr_par' dir='ltr' id='par_1_115' title="bbox 2025 5759 3605 5826">
     <span class='ocr_line' id='line_1_116' title="bbox 2025 5759 3605 5826; baseline 0.001 -12"><span class='ocrx_word' id='word_1_900' title='bbox 2025 5770 2332 5826; x_wconf 59' lang='lat' dir='ltr'><strong>exspectare</strong></span> <span class='ocrx_word' id='word_1_901' title='bbox 2363 5759 2635 5814; x_wconf 73' lang='lat' dir='ltr'><strong>concianis</strong></span> <span class='ocrx_word' id='word_1_902' title='bbox 2665 5759 2843 5824; x_wconf 85' lang='lat' dir='ltr'><strong>linem,</strong></span> <span class='ocrx_word' id='word_1_903' title='bbox 2876 5773 2926 5814; x_wconf 90' lang='lat' dir='ltr'><strong>et</strong></span> <span class='ocrx_word' id='word_1_904' title='bbox 2952 5771 3074 5816; x_wconf 87' lang='lat' dir='ltr'><strong>tunc</strong></span> <span class='ocrx_word' id='word_1_905' title='bbox 3105 5761 3383 5824; x_wconf 72' lang='lat' dir='ltr'><strong>acc—edere,</strong></span> <span class='ocrx_word' id='word_1_906' title='bbox 3411 5777 3439 5815; x_wconf 74' lang='grc' dir='ltr'><strong>ιι</strong></span> <span class='ocrx_word' id='word_1_907' title='bbox 3477 5761 3605 5819; x_wconf 72' lang='lat' dir='ltr'><strong>foris</strong></span> 
     </span>
    </p>
   </div>
  </div>
