4042 6218
380 273 482 334 L65

379 397 572 443 vocant
594 403 712 440 eum
743 386 793 440 in
815 392 1103 453 conspectu
1131 381 1388 445 onmium,
1408 377 1833 449 superﬂuamque
1857 393 1947 432 ex-

378 480 559 534 hibent
590 478 930 532 ambitionem
952 514 966 538 ,
997 485 1053 527 ut
1077 473 1381 536 ostendant,
1418 487 1476 526 se
1507 472 1580 524 illi
1610 485 1797 540 magna
1826 485 1945 524 cum

380 580 644 642 potestate
689 570 971 628 imperare.
1020 566 1170 634 Quod
1220 565 1378 618 etiam
1427 564 1748 631 evangelista
1801 563 1947 616 incu-

373 662 541 716 sando
566 662 837 723 declarat;
872 657 971 710 hoc
1008 655 1179 725 ipsum
1210 655 1352 710 enim
1402 654 1742 708 subindicans
1768 652 1897 707 dixit
1930 669 1942 704 :

375 753 552 820 Minue
595 767 650 804 eo
692 751 918 816 loquente
963 747 1031 800 ad
1062 747 1272 810 turbas;
1315 761 1376 799 ac
1415 746 1459 798 si
1487 745 1725 798 diceret:
1755 746 1943 797 Annon

374 846 518 900 aliud
553 854 758 911 tempus
781 842 935 895 crat?
962 855 1139 893 annon
1167 847 1408 907 poterant
1444 839 1670 893 seorsim
1701 837 1898 906 alloqui
1922 836 1945 890 ?

371 937 504 1004 Quid
533 951 691 1004 porro
735 933 876 1002 loqui
919 932 1211 986 volebant?
1241 931 1370 984 Nam
1408 930 1449 983 si
1480 929 1548 983 de
1579 929 1800 982 veritate
1843 927 1944 981 do-

369 1029 554 1082 ctrina:
601 1027 791 1082 dicturi
841 1034 1028 1091 erant,
1054 1025 1170 1080 luce
1198 1025 1366 1095 palam
1398 1033 1449 1077 et
1492 1039 1669 1078 coram
1701 1023 1944 1077 omnibus

369 1120 612 1187 proferre
636 1119 907 1188 oportuit,
939 1117 1005 1171 ad
1045 1117 1270 1170 aliorum
1313 1131 1523 1184 quoque
1549 1115 1826 1168 utilitatem
1855 1130 1868 1178 ;
1896 1115 1940 1168 si

365 1212 432 1264 de
454 1212 570 1264 aliis
595 1211 658 1263 ad
692 1225 777 1265 res
807 1225 929 1264 suas
959 1209 1343 1276 spectantibus,
1376 1225 1479 1262 non
1512 1209 1588 1262 sic
1621 1209 1820 1262 instare
1849 1225 1943 1278 par

365 1309 499 1354 erat.
529 1300 656 1354 Nam
683 1301 727 1354 si
757 1301 828 1353 illi
859 1309 1061 1369 patrem
1092 1300 1322 1369 sepelire
1354 1316 1456 1353 non
1501 1302 1740 1369 permisit
1766 1317 1831 1356 ne
1857 1317 1942 1356 se-

364 1389 453 1458 qui
483 1405 542 1444 se
573 1390 944 1444 intermitteret
976 1408 990 1442 :
1023 1391 1189 1443 multo
1219 1393 1391 1444 minus
1434 1391 1744 1445 concionem
1796 1409 1941 1447 rum-

367 1495 490 1547 pere
516 1479 700 1533 debuit
723 1494 818 1548 pro
843 1479 1002 1534 rebus
1042 1481 1238 1534 nullius
1264 1483 1539 1535 momenti.
1561 1481 1734 1548 Quare
1767 1483 1937 1552 palam

361 1590 462 1643 est,
495 1593 587 1633 cos
615 1578 786 1631 solum
813 1594 877 1632 ex
908 1593 1037 1632 vana
1079 1579 1244 1647 gloria
1274 1578 1399 1632 illud
1445 1580 1656 1648 egisse;
1689 1579 1829 1648 quod
1861 1581 1935 1634 si-

359 1672 616 1741 gniﬁcans
657 1671 888 1726 Joannes
920 1671 1129 1726 dicebat
1163 1688 1178 1726 :
1227 1670 1403 1734 Neque
1427 1675 1608 1742 fratres
1633 1673 1740 1743 ejus
1768 1672 1938 1724 crede-

361 1765 476 1816 bant
498 1765 546 1816 in
577 1781 689 1817 eum
719 1763 916 1835 (loan.
947 1765 998 1816 '7.
1024 1765 1058 1820 5
1080 1763 1122 1833 );
1157 1765 1470 1834 illorumquc
1495 1764 1636 1819 dicta
1665 1763 1937 1818 refertad-

360 1854 572 1909 modum
622 1854 827 1920 insana,
858 1854 1046 1909 dicens
1077 1855 1222 1924 ipsos
1266 1854 1491 1908 traxisse
1537 1855 1680 1907 illum
1723 1853 1936 1908 Jeroso-

358 1944 575 2014 lymam,
607 1961 710 1996 non
744 1946 811 1997 ob
831 1945 989 1998 aliatn
1011 1959 1246 2009 causam,
1276 1960 1434 2013 quam
1462 1953 1518 1998 ut
1537 1961 1600 1998 ex
1630 1945 1745 2012 ejus
1770 1945 1933 2013 signis

353 2037 575 2102 gloriam
625 2044 904 2103 captarent
947 2053 960 2087 :
1005 2050 1125 2088 nam
1183 2035 1468 2104 inquiunt,
1531 2035 1592 2089 Si
1639 2035 1746 2088 [uec
1783 2036 1929 2105 facis,

353 2127 557 2179 ostende
596 2127 811 2194 teipsum
851 2127 1039 2178 mundo
1068 2143 1085 2179 :
1119 2143 1260 2180 nemo
1302 2128 1488 2195 quippe
1511 2125 1564 2178 in
1590 2125 1783 2180 occulto
1811 2127 1934 2196 quid

354 2217 500 2286 facit,
533 2226 577 2268 et
600 2218 776 2286 quierit
798 2217 906 2285 ipse.
934 2217 1103 2284 palam
1129 2217 1280 2286 ﬁeri(
1313 2215 1449 2268 Ibid.
1479 2233 1526 2268 υ.
1558 2217 1639 2284 4);
1671 2218 1782 2284 ipse
1806 2233 1932 2271 vero

353 2306 473 2358 illos
514 2307 840 2375 increpavit,
885 2307 1152 2359 carnalem
1186 2307 1392 2359 illorum
1412 2306 1644 2375 culpans
1673 2308 1927 2362 animum.

351 2396 484 2461 Quia
511 2398 648 2450 enim
679 2396 846 2450 .ludzei
877 2396 1270 2465 exprobrantes
1301 2397 1398 2465 ipsi
1425 2397 1710 2452 dicebant:
1746 2396 1932 2452 Nonne

351 2487 432 2539 hic
451 2496 520 2538 est
545 2486 674 2556 fabri
702 2487 856 2554 ﬁlius,
879 2488 1023 2556 cujus
1055 2503 1146 2540 nos
1172 2488 1358 2540 scimus
1385 2497 1580 2556 patrem
1607 2497 1654 2541 et
1682 2491 1930 2544 matrem?

348 2591 395 2632 et
425 2582 605 2647 fratres
633 2581 740 2650 ejus
787 2596 954 2632 nonne
993 2581 1131 2646 apud
1164 2597 1255 2633 nos
1282 2589 1397 2634 sunt
1427 2581 1446 2648 (
1489 2578 1676 2635 Matth.
1724 2583 1810 2636 l5.
1836 2583 1923 2636 55.

351 2671 454 2729 56;
496 2671 657 2724 Marc.
688 2671 740 2725 6.
770 2672 825 2740 5)
845 2672 868 2723 ?
892 2671 1280 2740 ignobilitatem
1307 2672 1520 2741 generis
1546 2656 1926 2741 vituperantes,

350 2772 628 2832 pr0pterea
674 2763 842 2831 ipsum
886 2761 951 2816 ad
995 2763 1268 2832 signorum
1316 2763 1729 2817 ostentationem
1759 2779 1921 2818 voca-

348 2856 474 2909 bant
504 2871 516 2908 :
552 2855 671 2908 ideo
703 2855 843 2923 ipsos
882 2855 1118 2924 depellit,
1141 2855 1324 2908 volens
1347 2855 1414 2907 ab
1445 2854 1543 2908 hac
1576 2855 1737 2908 animi
1766 2855 1926 2924 tegri-

349 2948 526 3001 tndine
552 2947 776 3001 liberare
807 2965 818 2999 :
844 2947 932 3017 qui
963 2947 1006 3000 si
1027 2955 1246 3000 matrem
1278 2961 1472 3014 negare
1497 2944 1771 3008 voluisset,
1799 2953 1924 3002 tunc

347 3049 609 3108 negasset,
632 3053 752 3092 cum
781 3037 830 3091 id
852 3039 946 3107 ipsi
963 3037 1130 3092 Judaei
1158 3037 1442 3106 opprobrio
1465 3046 1748 3093 verterent.
1775 3039 1926 3097 Nunc

344 3142 524 3185 autem
553 3139 752 3185 tantam
787 3131 903 3200 ejus
941 3146 1122 3186 curam
1169 3131 1404 3196 exhibet,
1438 3140 1497 3187 ut
1529 3148 1646 3188 eam
1679 3135 1729 3188 in
1761 3149 1922 3189 cruce

347 3221 630 3290 discipulo,
663 3237 818 3289 quem
844 3223 1072 3276 maxime
1099 3223 1336 3276 onmium
1366 3223 1634 3294 diligebat,
1653 3239 1924 3280 commen~

344 3311 515 3369 daret.
546 3326 896 3380 magnamque
919 3311 1032 3380 ejus
1071 3312 1483 3366 sollicitudinem
1523 3314 1820 3369 exhiberet.
1853 3315 1923 3368 At

346 3415 488 3453 nunc
515 3415 618 3453 non
652 3400 896 3454 similiter
927 3399 1069 3464 facit,
1097 3409 1152 3454 ut
1183 3401 1258 3454 illi
1279 3410 1332 3455 et
1360 3401 1612 3458 fratribus
1640 3404 1750 3457 suis
1774 3413 1922 3458 recte

343 3492 670 3545 consuleret.
695 3491 826 3558 Quia
851 3491 994 3545 enim
1026 3492 1169 3546 illum
1201 3493 1401 3547 nudum
1433 3493 1702 3549 hominem
1731 3510 1925 3551 cense-

343 3580 491 3644 bant,
534 3591 693 3650 atquc
731 3583 871 3636 inani
914 3583 1080 3652 gloria
1130 3583 1443 3653 agebantur,
1475 3585 1723 3640 morbum
1772 3587 1920 3642 illum

340 3675 580 3744 depellit,
611 3691 716 3728 non
744 3675 810 3728 ad
828 3677 1227 3742 contumeliam,
1257 3678 1350 3731 sed
1368 3679 1432 3732 ad
1464 3679 1916 3735 emendationem.

339 3764 418 3817 'I‘u
447 3779 575 3819 vero
605 3779 670 3817 ne
695 3766 854 3819 verba
889 3766 976 3818 illa
1009 3775 1208 3820 tantum
1240 3768 1557 3836 perpendas,
1585 3785 1705 3838 qua:
1739 3771 1924 3824 mode-

342 3863 513 3908 ratam
535 3855 810 3909 continent
837 3855 1250 3924 increpationem
1273 3897 1287 3921 ,
1322 3858 1415 3910 sed
1442 3859 1603 3913 etiam
1650 3853 1919 3928 importu-

338 3945 562 3998 nitatem
593 3944 973 4014 audaciamque
1005 3944 1247 4012 fratrnm,
1272 3962 1334 4000 ac
1364 3949 1483 4013 quis
1509 3949 1578 4002 sit
1613 3950 1701 4005 ille
1724 3952 1810 4020 qni
1841 3951 1920 4005 in-

337 4044 523 4104 crepat
553 4053 565 4088 :
593 4052 695 4088 non
723 4037 862 4089 enim
910 4037 1082 4090 nudus
1123 4038 1302 4102 homo,
1341 4039 1434 4094 sed
1472 4041 1774 4111 tmigenitus
1826 4044 1917 4098 Dei

339 4123 536 4190 Filius;
566 4136 617 4180 et
660 4126 785 4195 quid
809 4126 997 4180 volens
1037 4128 1391 4197 increpaverit
1423 4149 1435 4184 :
1468 4147 1574 4186 non
1603 4134 1744 4187 enim
1775 4143 1828 4188 ut
1859 4135 1920 4188 il-

335 4216 440 4272 lam
475 4219 530 4272 in
567 4218 782 4272 dubium
811 4219 1098 4288 conjiceret
1125 4262 1140 4284 ,
1167 4221 1260 4276 sed
1291 4231 1346 4276 ut
1373 4238 1400 4276 a
1430 4226 1704 4294 tyrannico
1732 4227 1918 4281 morbo

338 4306 619 4371 liberaret,
666 4324 729 4364 ac
758 4310 1010 4380 paulatim
1046 4311 1315 4367 induceret
1349 4313 1414 4368 ad
1441 4328 1823 4384 congruentem
1852 4317 1919 4372 de

337 4413 396 4452 se
425 4401 758 4470 opinionem,
789 4400 1144 4470 suadet-etque
1177 4404 1298 4472 ipsi,
1327 4419 1386 4458 se
1415 4421 1518 4460 non
1557 4407 1718 4462 modo
1752 4409 1915 4462 tilium

339 4489 504 4556 ipsius
531 4508 683 4558 esse,
731 4493 825 4547 sed
873 4493 1030 4548 etiam
1062 4494 1374 4560 Dominum;
1403 4498 1712 4568 videbisque
1743 4500 1918 4554 incre-

341 4581 605 4643 pationem
638 4583 922 4637 admodum
964 4595 1019 4639 et
1058 4585 1155 4638 sibi
1187 4597 1596 4655 congruentem,
1666 4600 1718 4644 et
1764 4592 1916 4644 matri

341 4671 522 4725 utilem
554 4713 568 4734 ,
623 4675 883 4744 simulque
929 4677 1081 4731 valde
1137 4691 1493 4736 mansuetam.
1546 4681 1726 4752 Neque
1775 4684 1915 4736 enim

338 4760 489 4826 dixit,
519 4764 741 4826 Abi,dic
771 4767 948 4832 matri,
982 4769 1123 4822 illam
1156 4785 1326 4824 meam
1359 4787 1462 4825 non
1489 4787 1608 4827 esse
1643 4782 1867 4828 matrem
1897 4790 1911 4838 ;

339 4854 430 4906 sed
459 4855 698 4924 loquenti
743 4859 1030 4926 respondet
1073 4860 1156 4915 his
1202 4863 1382 4918 verbis
1421 4881 1434 4917 :
1480 4863 1608 4928 Quae
1651 4877 1723 4920 est
1762 4878 1919 4921 mater

338 4958 446 4996 mea
471 4946 496 4998 ?
543 4962 662 4998 cum
693 4962 850 5015 supra
883 4949 1037 5004 dictis
1075 4952 1216 5006 aliud
1267 4955 1424 5008 etiam
1471 4955 1728 5010 efficiens.
1761 4958 1918 5024 Quid-

338 5049 458 5088 nam
512 5038 683 5090 illud?
725 5038 792 5094 Ut
822 5056 995 5110 neque
1040 5042 1136 5104 illi,
1167 5060 1340 5112 neque
1367 5045 1454 5100 alii
1484 5088 1498 5111 ,
1526 5049 1824 5116 cognationi
1855 5049 1914 5102 li-

336 5123 541 5193 dcntes,
571 5130 821 5184 virtutem
874 5133 1219 5203 negligerent.
1256 5135 1386 5188 Nam
1415 5137 1459 5190 si
1493 5137 1630 5190 illam
1666 5139 1792 5191 nihil
1818 5140 1907 5206 ju-

339 5217 490 5274 vabat
513 5223 653 5292 quod
683 5234 854 5279 mater
879 5234 1040 5291 esset,
1071 5228 1171 5281 nisi
1203 5237 1344 5282 esset
1373 5229 1548 5282 virtuti
1581 5229 1914 5295 addicta,vix

339 5315 403 5356 ac
440 5323 506 5363 ne
532 5313 616 5367 vix
644 5313 860 5384 quidem
891 5317 1026 5371 alius
1058 5319 1264 5372 ratione
1308 5321 1640 5388 cognationis
1688 5322 1913 5376 salutem

339 5409 708 5470 consequetur.
754 5409 876 5464 Sola
927 5411 1123 5479 quippe
1168 5412 1418 5467 nobilitas
1465 5424 1545 5467 est
1593 5415 1913 5468 voluntatem

346 5486 437 5542 Dei
466 5491 659 5551 facere.
685 5500 779 5553 llic
823 5503 1114 5557 lmbllilatll‘o
1153 5504 1340 5558 modus
1366 5507 1550 5560 melior
1576 5517 1627 5560 et
1660 5517 1915 5575 prmstan-

343 5577 444 5632 tior
473 5594 554 5639 est
588 5589 697 5643 illo.

406 5669 442 5724 ἓ
517 5676 757 5750 Cogitatio
808 5685 1048 5754 spiritalis
1089 5705 1186 5759 qua
1241 5691 1419 5744 virtute
1473 5692 1692 5762 pra'ditis
1743 5693 1912 5762 omnes

1367 267 1431 323 ΙΝ
1472 265 1874 321 MATTll/El-M
1917 265 2141 320 IIOMIL.
2187 265 2366 321 XLIV.
2409 267 2478 320 al.
2523 267 2679 322 XLV.

3529 275 3554 326 ι
3565 273 3633 327 (ili

2058 381 2250 441 subtus,
2280 379 2388 434 sola
2419 379 2558 435 nobis
2599 381 2818 440 prodest.
2868 382 3031 436 Maria
3048 385 3170 453 jure
3211 387 3351 438 beata
3382 387 3630 456 pra'dica-

2057 479 2160 522 tur.
2204 500 2273 510 —
2320 471 2445 525 "rec
2472 487 2603 542 ergo
2625 489 2746 526 cum
2776 475 3010 528 sciamus
3031 516 3045 538 ,
3071 491 3169 530 nec
3195 477 3261 531 de
3287 477 3406 530 filiis
3432 480 3626 532 virtute

2053 562 2210 615 claris
2253 563 2421 617 altum
2475 564 2743 633 sapiamus
2769 604 2783 628 ,
2819 565 2916 619 nisi
2956 566 3142 620 eadem
3192 583 3290 636 qua
3330 569 3401 622 illi
3438 570 3630 623 virtute

2055 656 2258 724 prtediti
2298 658 2500 722 simus;
2534 674 2708 727 neque
2738 658 2804 713 de
2827 659 3105 729 generosis
3147 661 3431 730 probisquc
3461 661 3626 729 patri-

2053 749 2171 811 bus,
2205 750 2304 803 nisi
2349 751 2555 804 similes
2596 751 2699 805 illis
2728 753 3006 806 fuerimus.
3038 752 3218 806 Potest
3253 753 3394 807 enim
3439 754 3550 806 fieri
3575 763 3627 806 ut

2051 841 2140 910 qui
2185 840 2401 909 genuit,
2438 853 2587 911 pater
2626 859 2731 896 non
2779 845 2868 909 sit,
2897 851 2952 897 et
2978 844 3065 913 qui
3109 858 3213 898 non
3246 846 3447 913 genuit,
3478 855 3627 914 pater

2051 932 2140 984 sit.
2182 931 2518 1001 Quapropter
2557 933 2682 987 alibi
2729 949 2848 987 cum
2897 935 3090 989 mulier
3109 935 3351 1004 qutcdam
3385 935 3623 990 diceret:

2049 1020 2233 1076 Beatus
2254 1033 2419 1076 venter
2444 1025 2530 1091 qui
2557 1033 2602 1078 te
2629 1025 2862 1093 portavit,
2891 1033 2938 1078 et
2965 1025 3114 1078 ubera
3135 1041 3248 1096 qua:
3276 1026 3455 1080 suxisti
3474 1024 3623 1097 (Luc.

2052 1117 2136 1171 H.
2164 1116 2231 1168 27
2250 1117 2304 1186 );
2336 1133 2441 1171 non
2473 1117 2748 1186 respOndit
2779 1117 2888 1181 ille,
2911 1117 3097 1170 Nullus
3127 1133 3210 1171 me
3235 1126 3420 1172 venter
3443 1126 3624 1186 porta-

2052 1208 2166 1274 vit,
2201 1207 2342 1262 nulla
2371 1209 2486 1262 suxi
2530 1209 2689 1263 ubera
2715 1226 2730 1273 ;
2761 1209 2876 1274 sed,
2905 1209 3194 1272 Quinimmo
3215 1251 3229 1271 ,
3261 1209 3388 1261 beati
3416 1208 3501 1276 qui
3541 1210 3624 1278 [a-

2047 1299 2183 1352 ciunt
2225 1298 2529 1352 voluntatem
2557 1298 2724 1354 Patris
2744 1301 2838 1354 mei
2863 1302 2880 1366 (
2888 1298 2912 1350 1
2919 1299 3022 1352 bid.
3057 1314 3103 1351 υ.
3132 1297 3258 1368 28).
3286 1297 3472 1351 Viden‘
3491 1313 3624 1364 quo-

2045 1390 2204 1444 modo
2223 1405 2326 1444 non
2353 1393 2553 1460 uSpiam
2579 1401 2732 1461 neget
2754 1393 3047 1446 naturalem
3072 1391 3205 1446 hanc
3228 1393 3619 1462 cognationem;

2044 1482 2137 1536 sed
2169 1482 2328 1535 addat
2359 1483 2500 1536 illam
2542 1483 2854 1537 affinitatem
2876 1525 2890 1549 ,
2916 1499 3032 1552 qua:
3063 1483 3351 1537 secundum
3370 1483 3619 1536 virtutem

2043 1573 2157 1626 est?
2201 1574 2505 1628 Prmcursor
2531 1589 2739 1641 quoque
2767 1589 2886 1628 cum
2933 1573 3092 1638 dicit,
3127 1574 3390 1628 Geuimina
3419 1573 3619 1642 vipera-

2043 1681 2153 1716 rum
2179 1705 2193 1729 ,
2242 1681 2303 1717 ne
2333 1665 2599 1717 videamini
2627 1665 2819 1727 dicere,
2854 1664 3058 1718 Patrem
3097 1665 3336 1718 habemus
3365 1663 3618 1717 Abraham

2047 1756 2256 1824 (Matth.
2285 1760 2336 1813 '5.
2358 1760 2505 1826 7.9),
2538 1774 2642 1812 non
2665 1759 2895 1814 declarat
2926 1775 3016 1814 eos
3048 1776 3152 1813 non
3181 1775 3300 1814 esse
3328 1757 3617 1812 secundum

2041 1859 2283 1903 naturam
2316 1867 2379 1904 ex
2413 1851 2714 1904 Abrahamo
2744 1861 2914 1915 ortos,
2939 1851 3031 1904 sed
3064 1852 3196 1904 nihil
3227 1851 3331 1904 illis
3362 1848 3620 1919 prodesse

2040 1940 2178 2008 quod
2211 1958 2273 1994 ex
2308 1949 2343 1993 Α
2359 1942 2611 1995 brahamo
2649 1945 2756 1996 sint
2783 1943 2918 2006 orti,
2955 1943 3054 1996 nisi
3087 1943 3246 1997 etiam
3293 1957 3500 1996 morum
3527 1957 3619 1996 co.

2039 2035 2342 2097 gnationem
2387 2033 2640 2085 haberent
2687 2049 2698 2084 :
2745 2033 2885 2102 quod
2927 2033 3086 2087 etiam
3117 2033 3360 2087 Christus
3386 2031 3619 2085 declarat

2041 2123 2122 2176 his
2154 2122 2326 2177 verbis
2353 2140 2366 2176 :
2414 2122 2474 2176 Si
2501 2123 2596 2189 ﬁlii
2625 2123 2840 2179 Abrahae
2869 2123 3057 2187 essetis,
3089 2139 3241 2192 Opera
3271 2124 3437 2190 utique
3459 2121 3619 2174 Abra-

2039 2214 2118 2267 Iue
2157 2215 2386 2284 faceretis
2439 2214 2456 2285 (
2499 2213 2657 2268 Joan.
2706 2214 2756 2268 8.
2816 2213 2884 2269 59
2944 2216 2960 2281 )
2999 2231 3012 2266 :
3051 2228 3156 2267 non
3201 2229 3294 2268 eos
3333 2228 3362 2266 a
3418 2211 3617 2267 carnali

2037 2308 2349 2372 cognatione
2380 2319 2678 2368 removens,
2711 2305 2804 2359 sed
2827 2305 3023 2360 docens
3052 2306 3208 2360 aliam
3235 2305 3333 2359 hac
3361 2306 3616 2375 majorem

2035 2411 2098 2450 ac
2140 2397 2402 2450 veriorem
2434 2411 2553 2450 esse
2596 2398 2960 2462 qurerendam.
3007 2398 3116 2452 lloc
3157 2399 3315 2452 etiam
3359 2398 3442 2451 hic
3469 2397 3612 2458 facit.

2035 2486 2129 2540 sed
2159 2487 2486 2540 moderatius
2517 2497 2569 2542 et
2608 2488 2780 2541 lenius
2806 2501 2820 2541 :
2852 2503 2974 2541 nam
3007 2488 3073 2541 de
3105 2497 3278 2542 matre
3304 2504 3399 2542 sua
3438 2504 3616 2542 sermo

2036 2576 2344 2631 habebatur.
2371 2577 2550 2647 Neque
2578 2579 2721 2632 enim
2750 2578 2900 2641 dixit,
2921 2579 3035 2632 Non
3059 2589 3141 2633 est
3166 2589 3334 2633 mater
3361 2594 3495 2643 mea,
3523 2594 3615 2633 ne-

2033 2683 2136 2737 que
2188 2669 2260 2723 illi
2313 2669 2502 2722 fratres
2546 2678 2709 2734 sunt,
2743 2670 2864 2738 quia
2899 2686 3001 2724 non
3046 2669 3247 2724 faciunt
3287 2670 3611 2724 voluntatem

2033 2773 2242 2822 meam;
2269 2774 2441 2829 neque
2461 2760 2778 2814 sententiam
2809 2759 2926 2813 tulit
2950 2759 3035 2813 vel
3060 2759 3436 2814 condemnavit
3467 2775 3480 2810 :
3517 2760 3611 2815 sed

2030 2849 2083 2904 in
2105 2848 2325 2904 arbitrio
2354 2850 2586 2918 ipsorum
2614 2850 2830 2920 reliquit
2849 2859 2907 2903 ut
2935 2850 2984 2903 id
3016 2849 3232 2915 vellent,
3252 2850 3473 2920 loquens
3491 2865 3610 2904 eum

2030 2940 2436 2994 mansuetudine
2479 2941 2577 2994 sibi
2625 2941 2933 3008 congruenti
2982 2957 2997 2996 :
3029 2941 3114 3016 50.
3153 2939 3250 3006 Qui
3287 2941 3418 2994 enim
3445 2941 3608 3013 facit,

2030 3032 2528 3103 inquit,voluntatem
2555 3032 2722 3087 Patris
2750 3035 2864 3100 mei,
2878 3035 2964 3088 ille
2992 3051 3128 3088 meus
3154 3036 3311 3106 frater
3337 3044 3382 3088 et
3402 3052 3544 3089 soror
3563 3045 3610 3089 et

2029 3133 2186 3177 mater
2215 3133 2304 3178 est.
2335 3124 2508 3192 Quare
2535 3125 2576 3178 si
2609 3125 2686 3178 sic
2733 3125 2891 3180 etiam
2914 3141 3032 3180 esse
3051 3126 3253 3190 volunt,
3279 3126 3413 3181 hanc
3433 3129 3612 3182 ineant

2028 3219 2186 3272 viam.
2231 3218 2444 3272 Etcum
2487 3219 2734 3272 clamavit
2770 3219 2962 3273 mulier
2991 3219 3193 3284 dicens,
3235 3217 3420 3273 Beatus
3446 3231 3612 3273 venter

2028 3308 2115 3375 qui
2158 3318 2204 3361 te
2243 3309 2480 3377 portavit,
2524 3325 2627 3362 non
2659 3309 2812 3371 dixit,
2845 3309 2958 3363 Non
2991 3319 3071 3363 est
3105 3322 3276 3364 mater
3305 3327 3454 3375 mea;
3486 3312 3604 3377 sed,

2027 3399 2081 3453 Si
2110 3398 2224 3452 vult
2251 3414 2370 3454 esse
2393 3399 2569 3465 beata,
2601 3401 2925 3455 voluntatem
2951 3401 3124 3456 Patris
3145 3403 3246 3456 mei
3272 3402 3443 3458 faciat.
3477 3404 3606 3458 Nam

2028 3489 2119 3559 qui
2149 3489 2269 3543 talis
2301 3501 2400 3552 ρει,
2432 3500 2485 3544 et
2527 3491 2685 3544 frater
2707 3533 2720 3554 ,
2745 3501 2796 3546 et
2824 3506 2997 3559 soror,
3029 3500 3082 3547 et
3108 3503 3278 3548 mater
3302 3503 3401 3548 est.
3429 3494 3605 3564 Papm,

2028 3589 2280 3650 quantum
2304 3580 2523 3636 honoris
2552 3581 2566 3636 Ξ
2601 3597 2774 3651 papm,
2803 3591 2996 3652 quanta
3023 3592 3104 3638 est
3131 3585 3320 3640 virtus!
3351 3585 3416 3638 ad
3437 3602 3607 3655 quan-

2029 3680 2138 3725 tum
2166 3672 2376 3726 culmen
2414 3688 2474 3727 se
2503 3673 2784 3728 adeuntem
2815 3675 3004 3744 erigit!
3044 3689 3173 3746 quot
3205 3678 3456 3732 mulieres
3484 3681 3607 3733 bea-

2029 3772 2133 3816 tam
2163 3763 2417 3818 dixerunt
2442 3775 2680 3820 sanctam
2721 3766 2864 3820 illam
2897 3767 3168 3838 Virginem
3191 3811 3204 3832 ,
3234 3770 3456 3838 ejusque
3496 3782 3608 3825 ute-

2028 3872 2165 3922 rum,
2194 3864 2246 3910 et
2275 3865 2523 3924 optarunt
2551 3858 2680 3911 tales
2716 3873 2835 3912 esse
2866 3868 3061 3914 matres
3089 3901 3104 3925 ,
3135 3869 3434 3930 caeteraque
3471 3862 3606 3931 abji—

2025 3964 2148 4003 cere
2178 3952 2191 4002 !
2224 3949 2359 4015 Quid
2395 3965 2523 4018 ergo
2559 3949 2854 4018 prohibet?
2913 3951 3048 4005 Ecce
3098 3952 3255 4005 latam
3291 3953 3425 4006 viam
3456 3954 3606 4006 nobis

2026 4043 2292 4112 aperit,et
2319 4042 2443 4096 licet
2480 4057 2584 4095 non
2617 4043 2927 4096 mulieribus
2952 4044 3132 4108 modo,
3166 4045 3259 4098 sed
3289 4045 3448 4099 etiam
3481 4048 3607 4101 viris

2027 4134 2078 4186 in
2111 4133 2200 4186 tali
2223 4133 2382 4186 locari
2407 4131 2630 4198 ordine;
2660 4133 2766 4186 imo
2796 4142 2850 4188 et
2880 4133 2933 4188 in
2962 4135 3115 4204 longe
3143 4137 3352 4202 majori.
3387 4136 3438 4189 Id
3461 4139 3602 4190 enim

2029 4225 2187 4293 longe
2221 4225 2389 4289 magis
2429 4235 2653 4278 matrem
2703 4223 2861 4288 facit,
2907 4241 3065 4294 quam
3113 4238 3309 4295 partus.
3353 4227 3530 4296 Itaque
3560 4229 3603 4282 si

2028 4315 2238 4369 beatum
2267 4323 2351 4368 est
2379 4314 2525 4379 illud,
2555 4315 2723 4370 multo
2753 4316 2924 4384 majus
2968 4325 3022 4371 et
3051 4319 3228 4372 verius
3275 4317 3393 4384 hoc,
3423 4327 3605 4388 utpote

2026 4409 2334 4476 Optahilius.
2376 4408 2452 4462 Ne
2496 4409 2662 4478 igitur
2703 4410 2875 4464 solum
2905 4411 3200 4473 desideres,
3229 4411 3321 4464 sed
3353 4420 3406 4466 et
3434 4414 3600 4471 viam,

2027 4516 2142 4568 qua:
2166 4510 2216 4554 te
2246 4499 2310 4553 ad
2337 4516 2446 4555 rem
2467 4500 2821 4556 desideratam
2842 4503 3239 4571 ducit,capesse
3266 4518 3384 4557 cum
3414 4519 3604 4571 magno

2033 4591 2228 4646 studio.
2258 4591 2381 4647 "me
2407 4608 2534 4662 ergo
2559 4608 2677 4647 cum
2712 4593 2935 4648 dixisset
2955 4594 3112 4648 exivit
3148 4593 3214 4647 de
3241 4593 3418 4647 domo.
3451 4595 3600 4648 Vidi-

2024 4687 2146 4739 stin‘
2169 4686 2435 4756 quomodo
2463 4697 2514 4740 et
2546 4687 2855 4756 increpavit,
2892 4696 2941 4739 et
2975 4685 3099 4739 fecit
3127 4687 3174 4740 id
3215 4688 3352 4755 quod
3394 4687 3602 4742 deside.

2027 4779 2255 4832 rabant?
2288 4777 2440 4843 Quod
2471 4777 2629 4831 etiam
2663 4777 2713 4830 in
2744 4778 2938 4846 mtptiis
2965 4777 3087 4831 fecit
3110 4776 3298 4844 (Joan.
3327 4777 3362 4831 2
3416 4779 3467 4832 5.
3497 4779 3530 4832 4
3563 4781 3599 4846 ).

2026 4869 2154 4922 Nam
2179 4880 2231 4923 et
2253 4869 2362 4922 illic
2392 4867 2682 4936 increpavit
2715 4868 3088 4936 intempestive
3119 4878 3409 4937 petentem,
3433 4887 3602 4938 neque

2028 4970 2200 5014 tamen
2234 4961 2557 5029 postulatum
2582 4961 2830 5029 negavit;
2864 4970 2970 5012 tum
3016 4971 3070 5014 ut
3101 4962 3455 5016 imbecillitati
3487 4981 3600 5017 me-

2024 5053 2272 5111 deretur,
2301 5063 2409 5106 tum
2443 5040 2500 5106 ut
2535 5069 2683 5106 suam
2728 5068 2852 5122 erga
2907 5065 3126 5108 matrem
3177 5055 3598 5112 benevolentiam

2024 5147 2319 5201 exhiberet.
2364 5146 2451 5201 Sic
2481 5155 2535 5199 et
2563 5147 2661 5200 hoc
2687 5146 2804 5200 loco
2826 5147 2996 5201 inanis
3022 5148 3204 5214 gloria‘
3235 5150 3476 5201 morbum
3512 5165 3594 5200 sa-

2031 5242 2212 5303 navit,
2243 5249 2294 5292 et
2325 5238 2560 5292 debitum
2591 5239 2747 5292 matri
2779 5238 3034 5292 honorem
3069 5242 3329 5308 praestitit,
3360 5240 3482 5292 licet
3511 5239 3598 5293 illa

2025 5330 2374 5397 inopportnna
2398 5339 2618 5398 peteret.
2653 5331 2670 5400 (
2700 5327 2826 5400 Cap.
2857 5330 2971 5385 Xlll
3003 5328 3022 5400 )
3055 5333 3102 5386 1.
3132 5330 3197 5384 1η
3227 5331 3314 5383 illo
3337 5331 3418 5381 die
3439 5371 3453 5392 ,
3488 5331 3598 5394 ait,

2024 5422 2188 5474 exiens
2212 5419 2248 5472 Ι
2252 5437 2363 5474 esus
2388 5437 2415 5474 e
2438 5422 2606 5487 domo,
2631 5421 2830 5475 sedebat
2855 5439 2996 5475 secus
3019 5438 3174 5475 mare.
3199 5419 3328 5472 Nam
3359 5419 3401 5473 si
3421 5421 3598 5484 vultis,

2025 5513 2214 5580 inquit,
2251 5510 2431 5565 videre
2450 5521 2502 5565 et
2529 5511 2737 5573 audire,
2768 5512 2877 5584 jam
2902 5525 3036 5565 exeo
3061 5519 3118 5563 ut
3150 5510 3433 5564 disseram.
3467 5509 3596 5575 Quia

2023 5604 2161 5655 enim
2200 5603 2346 5671 signa
2393 5603 2555 5657 multa
2588 5603 2846 5668 faciebat,
2877 5615 3059 5655 rursus
3085 5617 3146 5654 ex
3199 5600 3434 5654 doctrina
3480 5617 3597 5670 pro-

2025 5693 2164 5750 dest.
2200 5695 2261 5748 Et
2297 5694 2490 5751 sedens
2513 5709 2670 5751 secus
2693 5708 2858 5760 mare,
2895 5700 3137 5747 terrenos
3162 5693 3403 5748 homines
3431 5694 3599 5763 pisca-
