4042 6218
527 240 554 294 4
563 240 626 292 i3?

527 359 700 410 batur.
725 355 876 410 Sedit
907 368 1036 407 vero
1064 363 1220 406 secus
1249 363 1414 409 mare,
1447 363 1550 400 non
1579 347 1692 400 sine
1722 360 1898 398 causa.
1927 340 2098 412 Attpie

526 449 624 501 hoc.
665 448 834 515 ipsum
870 443 1209 498 subindicans
1255 438 1430 508 posuit
1463 437 1806 505 evangelista.
1855 436 1920 491 L‘t
1960 435 2099 487 enim

523 537 850 600 ostenderet,
868 551 923 588 se
943 542 1188 588 accurate
1219 531 1352 584 velle
1387 531 1650 582 theatrum
1677 542 2020 596 congregare,
2041 540 2100 578 se

523 629 623 682 hoe
667 630 768 681 situ
822 627 1035 694 posuit,
1068 635 1124 678 ut
1164 624 1430 678 neminem
1478 638 1506 674 a
1537 622 1698 675 dorso
1740 620 1980 684 haberet,
2005 618 2098 671 sed

519 736 708 774 omnes
732 719 792 772 ad
813 735 868 772 se
900 732 1214 772 conversos.
1244 717 1296 768 2.
1323 715 1384 768 Et
1408 722 1722 784 congregata:
1747 721 1882 772 sunt,
1911 709 2094 778 inquit,

518 813 584 862 ad
631 828 740 863 eum
791 811 948 862 turtur:
992 809 1204 872 mulae;
1253 808 1321 859 ita
1352 816 1405 858 ut
1435 806 1484 857 in
1516 806 1796 856 naviculam
1827 803 2099 856 ascendens

518 904 740 964 sederet;
765 912 808 953 et
840 901 999 954 omnis
1023 901 1165 952 turba
1191 900 1241 951 in
1265 898 1408 950 litore
1437 895 1614 948 stabat.
1648 895 1718 948 Ihi
1735 911 1858 948 vero
1883 894 2096 957 sedens,

521 1009 614 1059 per
641 995 921 1060 parabolas
948 992 1199 1061 loquitur.
1233 991 1284 1043 ὖ.
1312 986 1380 1040 lit
1405 990 1640 1046 lomtutus
1661 997 1728 1038 est
1763 986 1834 1038 eis
1859 1027 1871 1047 ,
1908 985 2095 1053 inquit,

516 1086 675 1138 multa
700 1086 748 1137 in
769 1085 1043 1153 parabolis.
1063 1084 1220 1151 Atqui
1251 1082 1301 1136 in
1333 1092 1514 1135 monte
1543 1097 1646 1132 non
1667 1079 1735 1131 ita
1756 1077 1897 1140 fecit,
1929 1092 2098 1145 neque

519 1191 613 1240 per
645 1185 718 1228 tot
751 1175 1029 1244 parabolas
1074 1189 1376 1227 sermonem
1429 1171 1696 1224 contexuit
1726 1184 1739 1220 :
1773 1179 1893 1221 tunc
1916 1167 2097 1221 turba:

516 1267 688 1319 solum
737 1276 906 1327 erant,
936 1277 986 1320 et
1020 1265 1169 1334 plebs
1203 1263 1383 1326 rudis;
1435 1264 1516 1315 hic
1562 1278 1688 1313 vero
1721 1269 1776 1312 et
1817 1259 2004 1311 scriba:
2043 1266 2096 1311 et

519 1358 796 1414 Pliarismi.
825 1357 903 1410 'l‘u
933 1372 1057 1410 vero
1100 1355 1227 1408 mihi
1259 1353 1624 1406 animadverte
1673 1367 1829 1420 quam
1873 1351 2094 1418 primam

521 1460 682 1517 portat
711 1449 1041 1514 parabolam,
1075 1457 1126 1500 et
1153 1447 1421 1516 quomodo
1451 1446 1569 1498 illas
1594 1445 1871 1497 Matthaans
1895 1460 1988 1512 per
2008 1458 2096 1495 0r-

513 1542 690 1595 dinem
737 1551 916 1610 ponat.
968 1539 1135 1606 Quam
1167 1555 1294 1608 ergo
1318 1539 1540 1606 primam
1573 1537 1742 1590 dicit?
1770 1536 1936 1598 Quam
1979 1550 2096 1587 ina-

514 1637 654 1689 xime
688 1637 910 1703 primam
939 1633 1118 1687 dicere
1139 1633 1444 1700 Oportebat,
1493 1647 1608 1698 qua:
1639 1629 1933 1683 auditorem
1982 1626 2094 1680 red-

513 1726 992 1780 datattentiorem.
1037 1723 1166 1777 Nam
1190 1725 1310 1792 quia
1341 1722 1677 1790 renigmatice
1711 1719 2094 1788 praedicaturus

519 1829 654 1880 erat,
685 1820 986 1873 auditorum
1011 1819 1244 1871 animum
1281 1816 1449 1884 primo
1481 1830 1574 1882 per
1615 1813 1918 1881 parabolam
1947 1811 2094 1864 (χι-ἰν

514 1921 606 1965 tat.
639 1912 764 1966 Ideo
802 1911 936 1964 alter
973 1909 1296 1978 evangelista
1344 1907 1414 1958 ait
1441 1947 1455 1970 ,
1489 1906 1570 1960 sic
1603 1907 1908 1973 increpasse
1939 1903 2056 1955 illos
2077 1943 2090 1965 ,

517 2003 660 2072 quod
695 2017 800 2056 non
846 2001 1206 2068 intelligerent
1235 2014 1247 2048 :
1283 1997 1546 2062 Quomodo
1576 2012 1674 2048 non
1705 1995 1858 2046 nostis
1889 1993 2096 2062 parabo-

514 2093 616 2145 lam
651 2092 668 2162 (
700 2091 861 2145 Marc.
890 2091 941 2143 4.
970 2091 1036 2142 15
1069 2091 1128 2156 )‘t
1156 2088 1262 2141 Nec
1293 2087 1408 2140 ideo
1435 2088 1606 2138 solum
1637 2087 1686 2139 in
1721 2085 1984 2152 parabolis
2012 2085 2091 2137 lo-

515 2183 715 2252 quitur,
751 2182 842 2236 sed
873 2190 927 2234 ut
956 2179 1157 2248 majore
1188 2194 1304 2232 eum
1339 2178 1577 2246 emphasi
1608 2179 1766 2231 verba
1799 2178 2012 2241 faceret,
2041 2186 2093 2231 et

514 2274 682 2342 magis
712 2273 983 2326 memoria:
1004 2271 1353 2338 imprimeret,
1378 2284 1566 2338 resque
1592 2269 1690 2322 sub
1711 2279 1980 2338 aspectum
2001 2285 2091 2338 po-

509 2376 680 2420 neret.
713 2365 800 2420 Sic
827 2375 876 2418 et
908 2364 1176 2433 propheta:
1207 2361 1428 2415 faciunt.

578 2459 630 2512 ὗ.
661 2455 885 2510 Christus
910 2455 1158 2522 quomodo
1176 2453 1388 2506 exiit.—
1411 2452 1535 2518 Qun!
1559 2460 1638 2505 est
1659 2467 1784 2520 ergo
1804 2451 2090 2520 parabola?

509 2547 638 2600 Ecce
663 2548 782 2600 ratiit
824 2547 908 2616 qni
932 2545 1140 2599 seminat
1168 2542 1608 2596 seminam-Unde
1633 2544 1760 2596 exdt
1785 2542 1872 2610 qui
1899 2543 2090 2612 ubique

510 2651 747 2705 prmsens
776 2648 875 2698 est,
900 2635 990 2706 qui
1021 2636 1197 2688 omnia
1229 2634 1448 2704 implet?
1477 2634 1741 2701 quomodo
1775 2635 1944 2687 exiit?
1973 2635 2086 2688 Non

509 2730 647 2793 loco,
675 2730 766 2784 sed
797 2729 977 2782 habitu
1009 2738 1059 2782 et
1091 2727 1488 2796 dispensatione
1524 2741 1624 2794 qua
1656 2739 1833 2780 uoStra
1863 2729 2084 2791 curavit,

509 2825 724 2894 propior
765 2824 916 2877 nobis
958 2822 1123 2877 factus
1151 2824 1221 2876 ob
1273 2821 1523 2874 amictum
1553 2822 1748 2874 carnis.
1779 2821 1905 2886 Quia
1927 2819 2085 2874 enim

506 2934 602 2970 nos
633 2915 832 2986 ingredi
867 2931 970 2968 non
997 2925 1300 2984 poteramus
1321 2955 1335 2975 ,
1364 2913 1502 2982 qttod
1534 2921 1744 2982 peccata
1779 2923 1955 2966 nostra
1987 2930 2085 2966 no-

506 3009 584 3062 bis
609 3008 809 3061 aditum
851 3005 1282 3067 intercluderent,
1311 3005 1423 3073 ipse
1451 3004 1513 3057 ad
1559 3019 1655 3057 nos
1695 3004 1980 3072 egreditur.
2021 3004 2086 3057 Et

503 3116 595 3152 cur
623 3115 869 3169 egressus
897 3099 1019 3153 est?
1052 3106 1105 3151 ut
1135 3097 1382 3167 perderet
1408 3107 1598 3150 terram
1637 3099 1803 3165 spinis
1837 3099 2085 3164 plenam?

504 3194 568 3246 ad
597 3193 889 3261 puniendos
931 3192 1232 3260 agriciiias?
1274 3191 1649 3260 Nequaquam;
1694 3191 1784 3243 sed
1827 3191 1891 3244 ad
1921 3208 2083 3245 exco-

501 3284 710 3337 lendam
740 3282 1380 3349 curandamqne'terram,
1411 3290 1461 3333 et
1481 3281 1544 3332 aii
1575 3282 1939 3334 seminantlum
1975 3284 2084 3350 pie-

501 3374 620 3425 talis
649 3388 971 3424 sermonem.
1022 3371 1216 3424 Semen
1255 3371 1448 3439 quippe
1481 3369 1565 3423 hic
1595 3370 1886 3423 doctrinam
1919 3371 2078 3434 dicit;

500 3478 682 3515 arvum
700 3478 844 3526 vero,
871 3461 1140 3514 hominum
1161 3461 1385 3520 animas;
1408 3461 1802 3526 seminatoient,
1824 3461 2076 3530 seipsum.

499 3553 632 3618 Quid
677 3553 832 3621 igitur
859 3553 917 3606 fit
956 3553 1022 3607 de
1050 3552 1149 3606 hoc
1188 3552 1428 3605 semine?
1452 3552 1585 3606 Tres
1616 3565 1837 3620 pereunt
1880 3563 2074 3623 partes,

499 3656 599 3697 una
629 3652 890 3696 servatur.
915 3642 966 3695 4.
1000 3641 1063 3694 Ει
1093 3643 1214 3694 dum
1244 3644 1527 3706 seminaret,
1553 3643 1677 3705 alia,
1718 3645 1905 3711 inquit,
1947 3646 2078 3696 ceci-

499 3734 616 3786 dere
642 3749 781 3785 secus
813 3733 958 3792 viam,
990 3741 1035 3784 et
1061 3741 1294 3784 venerunt
1317 3733 1540 3784 volucres
1569 3734 1700 3797 casti,
1751 3743 1795 3785 et
1844 3735 2079 3788 comede-

498 3836 613 3878 runt
635 3841 709 3876 σα.
735 3823 914 3893 Neque
934 3824 1092 3888 dixit,
1125 3838 1182 3877 se
1205 3823 1417 3892 jecisse,
1443 3824 1535 3878 sed
1582 3825 1840 3878 cecidisse
1868 3841 2073 3880 semen.

499 3916 550 3968 5.
581 3915 823 3981 ριιωάιιηι
844 3931 957 3968 vero
983 3932 1134 3984 super
1159 3925 1375 3984 petrosa.
1401 3917 1482 3968 ubi
1511 3934 1606 3968 non
1631 3916 1875 3969 habebant
1894 3927 2078 3971 terram

498 4008 707 4060 multam
733 4022 752 4070 ;
781 4017 827 4059 et
848 4008 1086 4060 continuo
1104 4019 1275 4059 exorta
1306 4018 1442 4072 sunt,
1469 4008 1585 4075 quia
1607 4025 1704 4060 non
1734 4007 1977 4062 habebant
1999 4011 2075 4063 al-

498 4098 756 4150 titudinem
779 4106 941 4150 terra}.
969 4099 1017 4151 6.
1046 4097 1170 4150 Sole
1189 4109 1350 4149 autem
1375 4110 1482 4150 orto
1508 4109 1864 4163 testuaverunt,
1894 4110 1937 4152 et
1959 4102 2077 4170 quia

498 4204 596 4241 non
626 4187 868 4240 habebant
895 4188 1131 4248 radicem,
1165 4199 1418 4241 aruerunt.
1445 4189 1475 4242 7
1525 4191 1768 4254 Qna'dam
1798 4200 1962 4244 autem
1993 4209 2076 4245 ce-

497 4281 723 4332 ciderunt
751 4281 880 4331 inter
900 4281 1104 4342 spinas;
1137 4290 1180 4330 et
1215 4291 1468 4331 creverunt
1498 4281 1681 4348 sinuat,
1725 4292 1768 4333 et
1801 4281 2078 4348 sit/focane-

498 4381 612 4424 runt
644 4388 722 4425 ea.
752 4370 802 4424 8.
835 4371 1080 4436 Qntrdam
1131 4387 1241 4423 vero
1272 4373 1320 4423 in
1353 4382 1536 4424 terram
1563 4373 1780 4436 bonam;
1811 4385 1856 4426 ct
1889 4375 2078 4428 dabant

499 4463 717 4532 fructum
739 4503 753 4526 ,
787 4464 928 4515 aliud
955 4464 1273 4515 centesimum
1297 4506 1309 4522 ,
1339 4465 1482 4515 aliud
1510 4467 1907 4534 sexagesimum,
1939 4469 2080 4521 aliud

498 4555 826 4626 trigesimum.
848 4555 898 4609 9.
929 4555 1028 4620 Qui
1050 4555 1193 4607 habet
1217 4572 1362 4606 aures
1380 4556 1638 4618 audiendi,
1667 4559 1858 4610 attdittt.
1883 4559 2076 4623 Quarta

498 4662 620 4715 pars
654 4657 859 4701 servata
889 4654 1000 4711 est;
1036 4662 1206 4715 neque,
1241 4647 1323 4698 illa
1354 4647 1647 4715 a-qnaliter,
1688 4649 1778 4701 sed
1809 4650 1965 4702 etiam
1994 4650 2080 4705 hic

499 4751 746 4803 magnum
781 4736 1063 4790 discrimen
1094 4747 1192 4789 est.
1221 4736 1311 4790 llis
1337 4737 1616 4805 significat,
1641 4754 1698 4790 se
1729 4739 1928 4793 affatim
1962 4756 2076 4794 om-

502 4826 655 4878 nibus
683 4828 840 4894 loqui.
869 4826 1014 4879 Sient
1046 4826 1184 4879 enim
1217 4828 1258 4880 is
1281 4827 1368 4895 qui
1413 4828 1638 4880 seminat.
1671 4844 1772 4882 non
1806 4829 2079 4901 distinguit

498 4932 723 4978 arvmn,
769 4917 859 4970 sed
911 4918 1220 4986 simpliciter
1269 4928 1322 4972 et
1371 4919 1824 4974 indiseriminatitn
1875 4924 2078 4977 semina

500 5008 659 5060 mittit
691 5025 701 5058 :
729 5007 805 5060 sic
831 5016 883 5060 et
912 5009 996 5060 ille
1021 5026 1124 5061 non
1156 5009 1402 5072 divitem,
1444 5025 1545 5062 non
1579 5025 1862 5078 pauperem
1895 5014 2079 5066 distin-

497 5101 627 5164 guit,
672 5113 775 5149 non
804 5097 1116 5164 sapientem,
1158 5115 1262 5152 non
1297 5100 1654 5167 insipientem.
1708 5118 1810 5154 non
1841 5119 2075 5171 Segnem,

499 5205 602 5243 non
635 5188 954 5251 studiosum,
975 5205 1080 5241 non
1112 5201 1404 5254 strenuum,
1428 5207 1530 5244 non
1563 5191 1824 5257 timidum,
1845 5194 1934 5248 sed
1968 5212 2078 5246 om-

499 5282 656 5334 nibus
710 5280 1059 5350 loquebatur,
1099 5297 1216 5348 qua:
1249 5297 1338 5334 sua
1365 5293 1518 5336 erant
1560 5283 1820 5351 impleas,
1871 5285 2078 5338 etiamsi

499 5374 672 5428 futura
714 5375 1021 5443 praisciret:
1059 5382 1114 5425 ut
1149 5372 1328 5427 dicere
1359 5385 1536 5441 posset
1565 5394 1576 5427 :
1611 5375 1745 5438 Quid
1772 5393 1848 5427 me
1863 5377 2080 5444 oportuit

500 5471 665 5534 [arere
690 5507 704 5529 ,
737 5474 783 5518 et
819 5482 918 5518 non
959 5465 1053 5535 feci
1080 5462 1229 5534 (lsai.
1261 5463 1312 5517 5.
1347 5464 1437 5532 4)?
1465 5465 1529 5518 Et
1557 5467 1827 5534 propheue
1868 5468 2078 5536 quidem

504 5557 572 5611 de
597 5555 789 5624 populo
815 5556 962 5624 quasi
993 5556 1059 5609 de
1106 5557 1255 5609 viaea
1289 5555 1572 5625 loquuntur
1599 5576 1610 5609 :
1655 5558 1811 5611 Vinea
1839 5562 1978 5613 enim
2003 5563 2079 5628 fa-

505 5657 583 5701 cta
613 5656 684 5701 est
726 5646 908 5701 dilecto
937 5646 1122 5718 (Ibid.)
1150 5693 1160 5712 ,
1193 5649 1387 5717 inquit:
1425 5658 1494 5710 ct,
1530 5648 1734 5702 Vinium
1761 5651 1820 5704 de
1849 5649 2080 5720 rEgyt'to

1270 230 1323 286 S.
1356 228 1633 286 JOANNlS
1674 225 2145 284 CllllYSOSTOMI
2187 223 2500 282 ABCIHEP.
2541 228 3070 287 CONSTANTINOP.

3697 237 3832 292 468

2211 346 2464 397 transtulit
2497 344 2676 416 (l’sal.
2706 347 2790 402 79.
2823 347 2913 416 9):
2945 348 3034 403 ille
3075 363 3204 403 vero
3250 350 3399 418 quasi
3443 351 3510 406 de
3559 353 3827 410 semine.

2209 436 2344 502 Quid
2376 447 2550 491 autem
2575 438 2874 507 signiﬁcat?
2899 440 3202 508 Promptam
3233 456 3374 496 nunc
3402 443 3510 498 fore
3536 445 3821 500 obedien~

2211 530 2352 593 tiam,
2385 541 2436 584 et
2463 529 2774 596 faciliorem,
2799 541 2851 584 et
2872 531 2976 584 cito
3004 532 3224 586 fructum
3256 534 3517 588 daturam.
3541 536 3678 590 Cum
3705 553 3824 591 au-

2210 630 2314 674 tem
2344 621 2495 674 audis
2527 641 2540 675 :
2573 622 2709 675 Exiit
2738 624 2822 692 qui
2845 624 3053 676 seminat
3079 625 3345 690 seminare,
3389 642 3494 678 non
3524 627 3662 680 idem
3691 629 3818 683 ile-

2209 714 2310 766 rari
2339 723 2508 780 putes.
2541 715 2694 783 Saepe
2717 716 2857 768 enim
2886 715 2974 782 qui
2996 716 3217 768 seminat
3240 717 3510 786 egreditur
3538 719 3600 770 ad
3633 721 3817 772 aliain

2196 821 2342 868 tem,
2377 807 2457 859 vel
2500 817 2553 860 ut
2585 807 2800 860 novales
2821 809 3010 868 sulcet,
3054 808 3134 861 vel
3174 819 3227 860 ut
3257 813 3418 862 malas
3450 810 3660 878 plantas
3710 829 3817 863 re-

2207 907 2371 959 secet,
2402 898 2480 951 vel
2532 907 2587 950 ut
2631 899 2810 966 spinas
2857 899 3070 962 cvellat,
3127 902 3208 952 vel
3263 900 3400 951 aliud
3441 901 3564 968 quid
3617 903 3819 956 simile

2205 987 2403 1042 efficiat
2433 1006 2445 1040 :
2479 988 2590 1058 ipse
2630 1005 2757 1043 vero
2783 989 2847 1042 ad
2876 989 3241 1042 seminandtun
3276 1004 3520 1059 egressus
3545 1003 3646 1044 est.

2277 1081 2456 1133 Semen
2474 1081 2601 1149 perit
2620 1090 2810 1143 nostra,
2833 1097 2931 1133 non
2953 1082 3242 1134 seminantis
3267 1083 3348 1134 eul
3352 1099 3435 1150 pa.
3449 1083 3614 1148 Quare
3644 1084 3723 1137 Ch
3733 1087 3784 1137 ri
3793 1115 3817 1126 ο

2200 1183 2307 1224 sttts
2351 1173 2616 1241 allegorice
2659 1174 2788 1225 male
2815 1174 3084 1238 dispositas
3114 1176 3309 1226 animas
3349 1178 3704 1243 destgnarerit.
3727 1207 3814 1216 —-

2197 1261 2501 1328 Uudenam,
2534 1279 2714 1331 qumso
2737 1305 2750 1328 ,
2793 1266 2983 1315 factum
3007 1273 3107 1327 est,
3143 1276 3195 1316 ut
3226 1265 3450 1317 maxima
3483 1282 3601 1333 pars
3624 1269 3808 1320 sen.i~

2206 1354 2285 1407 nis
2330 1355 2566 1423 periret?
2595 1355 2706 1408 Non
2737 1371 2799 1409 ex
2829 1357 3123 1409 sentiuante
3159 1356 3206 1409 id
3231 1368 3404 1409 ortum
3437 1368 3548 1419 est,
3581 1361 3675 1410 sed
3731 1377 3806 1414 ex

2203 1454 2339 1498 terra
2366 1461 2548 1500 semen
2577 1447 2902 1512 excipiente;
2938 1447 2985 1499 id
3015 1457 3114 1512 est,
3137 1465 3198 1501 ex
3227 1449 3400 1502 anima
3431 1467 3530 1503 non
3562 1453 3804 1506 audien-

2203 1545 2272 1589 te.
2303 1537 2367 1590 Et
2394 1553 2492 1606 qua
2515 1537 2580 1591 de
2609 1553 2765 1592 causa
2798 1552 2900 1589 non
2925 1539 3070 1600 dicit,
3093 1541 3290 1593 inertes
3321 1541 3416 1594 alia
3448 1546 3648 1598 semina
3671 1562 3806 1599 sus-

2200 1628 2406 1695 cepisse
2429 1670 2442 1691 ,
2477 1643 2646 1696 eaque
2686 1629 2978 1698 perdidisse
3005 1647 3016 1687 :
3046 1631 3146 1682 alia
3191 1631 3401 1693 divites,
3436 1644 3486 1687 et
3514 1651 3573 1688 ea
3619 1636 3802 1690 suffo-

2201 1736 2384 1784 casse;
2413 1721 2514 1773 alia
2559 1722 2770 1787 molles,
2817 1739 2984 1791 eaque
3015 1724 3344 1790 prodidissiz?
3373 1726 3485 1778 Non
3535 1730 3646 1782 vult
3694 1747 3804 1785 eos

2202 1811 2568 1867 vehementius
2592 1814 2858 1876 insectari,
2893 1830 2959 1868 ne
2989 1815 3040 1868 in
3069 1815 3490 1884 desperationem
3511 1821 3797 1889 conjiciat,

2199 1903 2290 1956 sed
2320 1904 2446 1957 illud
2465 1905 2792 1974 urguendum
2816 1905 3116 1962 auditorum
3144 1909 3484 1962 conscientia,-
3510 1911 3797 1981 relinquit.

2200 1995 2310 2048 Non
2343 2005 2519 2049 autem
2547 2011 2727 2050 semen
2757 2005 2958 2051 t-mtum
2992 1997 3092 2051 boe
3125 2013 3332 2066 passum
3361 2011 3460 2063 est,
3483 2002 3576 2054 sed
3619 2005 3796 2057 etiam

2197 2103 2412 2156 sagena.
2441 2089 2567 2141 Nam
2593 2098 2646 2142 et.
2690 2090 2774 2143 illa
2808 2091 3006 2143 inutilia
3056 2091 3218 2144 multa
3256 2092 3390 2145 tulit.
3426 2092 3571 2146 Hanc
3619 2111 3800 2164 porro

2198 2178 2505 2247 parabolam
2529 2178 2688 2243 dixit,
2722 2189 2776 2233 ut
2803 2180 3093 2248 discipulos
3117 2191 3391 2236 exerceret
3422 2183 3755 2254 doceretqne
3779 2229 3792 2248 ,

2198 2279 2255 2323 ut
2282 2271 2324 2322 si
2356 2271 2492 2324 inter
2521 2285 2616 2325 eos
2660 2273 2747 2340 qui
2778 2288 2958 2326 semen
3006 2274 3322 2341 reciperent,
3353 2274 3530 2343 plures
3555 2289 3752 2331 essent
3777 2319 3794 2339 .

2193 2363 2281 2430 qui
2306 2361 2433 2415 illud
2485 2363 2786 2430 perderent,
2819 2379 2884 2417 ne
2932 2364 3111 2417 animo
3147 2365 3505 2421 conciderent.
3559 2367 3699 2420 Nam
3737 2383 3796 2423 et

2196 2453 2419 2507 Domino
2447 2453 2496 2508 id
2526 2455 2752 2520 accidit;
2798 2465 2852 2510 et
2879 2456 2967 2522 qui
3023 2457 3178 2524 plane
3205 2469 3438 2526 noverat,
3487 2461 3599 2514 ba-e
3653 2478 3795 2517 esse

2194 2544 2386 2608 fultura,
2411 2546 2672 2600 seminare
2705 2562 2806 2601 non
2859 2547 3082 2603 destitit.
3115 2549 3181 2602 Et
3213 2566 3310 2619 qua
3352 2551 3417 2605 de
3454 2569 3639 2617 causa,
3696 2556 3790 2608 iu-

2193 2635 2364 2703 quies,
2408 2637 2458 2688 in
2488 2637 2654 2704 spinis
2684 2637 2948 2692 seminare
2972 2680 2986 2703 ,
3021 2655 3176 2707 supra
3212 2652 3432 2708 petram,
3479 2645 3530 2695 in
3561 2646 3644 2696 via
3665 2646 3693 2699 ?
3731 2647 3791 2700 In

2191 2727 2506 2792 seminibus,
2541 2737 2594 2782 et
2624 2727 2675 2781 in
2725 2737 2887 2794 terra,
2928 2731 3068 2783 nulla
3098 2741 3240 2786 esset
3270 2735 3404 2786 ratio
3438 2752 3449 2786 :
3484 2735 3536 2788 in
3567 2738 3790 2791 anima-

2191 2818 2290 2874 bus
2315 2829 2493 2873 autem
2521 2829 2577 2873 et
2602 2820 2652 2873 in
2681 2818 2918 2875 doctrina
2937 2863 2950 2884 ,
2979 2822 3028 2875 id
3058 2839 3396 2893 sumnmpere
3427 2827 3782 2885 laudandum.

2190 2908 2432 2979 Agricola
2462 2911 2604 2964 enim
2630 2910 2751 2979 jure
2776 2913 3078 2980 culparetur
3105 2915 3148 2968 si
3199 2913 3250 2968 id
3283 2915 3514 2971 faceret:
3543 2936 3648 2972 non
3680 2938 3783 2988 po-

2192 3007 2294 3054 test
2316 2999 2458 3053 enim
2489 3009 2634 3068 petra
2667 3001 2780 3054 fieri
2822 3011 2982 3067 terra,
3016 3019 3186 3072 neque
3227 3007 3306 3058 via
3363 3022 3466 3060 ltOu
3498 3025 3614 3062 esse
3644 3013 3728 3064 via
3759 3055 3778 3078 ,

2189 3100 2610 3159 nequepossunt
2641 3091 2806 3160 spina!
2833 3108 2935 3146 non
2957 3107 3074 3146 esse
3095 3095 3261 3162 spina:
3292 3113 3305 3147 :
3338 3098 3386 3150 in
3423 3101 3779 3157 rationalibus

2183 3192 2363 3236 autem
2414 3197 2518 3237 non
2555 3184 2631 3237 sic
2664 3201 2675 3235 :
2711 3195 2884 3252 potest
2909 3187 3047 3238 enim
3082 3199 3230 3254 petra
3255 3193 3444 3242 mutari
3471 3192 3776 3249 inferbb-m

2189 3282 2404 3338 terram,
2437 3277 2624 3344 viaque
2653 3291 2757 3330 non
2783 3277 2913 3330 ultra
2940 3279 3242 3332 eonculeari
3267 3281 3332 3334 ah
3360 3284 3604 3336 omnibus
3631 3302 3776 3352 pra}-

2189 3365 2538 3429 tereuntibus,
2571 3382 2793 3436 esseque
2821 3369 3028 3436 pinguis
3056 3386 3219 3440 ager;
3244 3374 3516 3442 Spina-qne
3547 3390 3777 3442 possunt

2185 3458 2338 3512 evelli
2364 3499 2378 3522 ,
2409 3460 2478 3512 ita
2509 3461 2778 3514 utsemina
2809 3461 2871 3514 iis
2896 3462 3110 3520 liberata
3137 3463 3470 3519 fructiﬁccut.
3490 3468 3601 3520 Nisi
3628 3473 3769 3524 enim

2185 3549 2235 3602 id
2266 3558 2441 3618 posset
2469 3550 2604 3616 fieri,
2638 3567 2742 3604 non
2767 3552 3086 3608 semiuasset
3114 3555 3218 3608 ille.
3254 3556 3402 3624 Quod
3440 3561 3481 3610 si
3514 3560 3631 3614 hac
3660 3579 3762 3615 tnu-

2185 3642 2312 3693 tatio
2358 3642 2408 3695 in
2454 3643 2701 3696 omnibus
2729 3642 2860 3697 facta
2903 3660 3005 3699 non
3033 3645 3118 3710 sit,
3149 3645 3198 3698 id
3233 3664 3333 3699 non
3361 3663 3426 3702 ex
3457 3652 3751 3705 sciltiltallte

2187 3731 2463 3797 provenit,
2493 3731 2586 3786 sed
2609 3749 2672 3786 ex
2703 3733 2766 3785 iis
2791 3735 2879 3802 qui
2915 3736 3099 3788 mutari
3150 3737 3456 3792 noluerunt.
3512 3741 3647 3796 Nam
3682 3745 3764 3796 ille

2181 3819 2395 3886 quidem
2423 3837 2540 3889 quae
2589 3822 2753 3890 ipsius
2781 3833 2932 3877 erant
2958 3824 3132 3878 efl‘eeit
3158 3844 3170 3878 :
3200 3827 3242 3879 si
3268 3843 3398 3881 vero
3431 3829 3504 3882 illi
3534 3849 3653 3899 qua:
3678 3850 3763 3886 ae-

2183 3920 2437 3978 ceperant
2483 3912 2551 3966 ab
2591 3927 2656 3966 eo
2701 3914 3078 3982 prodiderunt,
3109 3917 3220 3971 sine
3248 3919 3400 3988 culpa
3444 3922 3534 3976 ille
3559 3935 3640 3978 est
3678 3929 3764 3993 qui

2187 4009 2384 4054 tantam
2434 4001 2805 4071 benignitatem
2855 4006 3115 4060 exhibuit.
3170 4007 3246 4061 Tu
3285 4025 3412 4064 vero
3453 4013 3579 4071 illud
3631 4018 3764 4069 mihi

2185 4092 2471 4159 perpende,
2502 4110 2604 4146 non
2627 4110 2784 4151 unam
2803 4110 2921 4150 esse
2946 4099 3199 4166 perniciei
3226 4103 3384 4164 viam,
3406 4105 3497 4156 sed
3525 4105 3766 4161 diversas

2183 4197 2303 4236 esse
2333 4183 2568 4252 aliasque
2599 4186 2664 4236 ah
2689 4186 2808 4238 aliis
2831 4185 3063 4239 dissitas.
3095 4189 3194 4244 Alii
3227 4208 3451 4260 nataque
3489 4197 3582 4248 vim
3616 4199 3764 4251 simi-

2185 4279 2265 4326 les
2282 4283 2424 4338 sunt,
2459 4287 2513 4327 ut
2539 4277 2798 4339 forenses,
2841 4293 3032 4346 segnes
3063 4292 3114 4334 et
3145 4283 3498 4351 negligentes;
3540 4287 3624 4338 alii
3671 4306 3763 4354 pe-

2185 4373 2318 4417 tram
2349 4365 2660 4436 referentes,
2707 4367 3026 4422 infirmiores
3051 4382 3194 4423 sunt.
3235 4371 3322 4426 2t.
3358 4375 3502 4435 Quod
3536 4377 3584 4425 in
3613 4389 3757 4441 petra

2183 4456 2456 4508 seminatur
2483 4473 2668 4519 semen,
2698 4458 2882 4526 inquit,
2917 4462 3064 4526 refert
3087 4460 3231 4512 illum
3254 4463 3336 4530 qui
3361 4464 3548 4513 verbum
3584 4466 3750 4524 audit,

2184 4557 2227 4600 et
2253 4551 2418 4599 statim
2443 4564 2553 4600 cum
2580 4549 2764 4617 gaudio
2789 4551 2996 4620 accipit;
3028 4551 3087 4604 2]
3104 4594 3116 4607 .
3141 4556 3228 4606 sed
3249 4571 3342 4607 non
3371 4555 3506 4608 habet
3533 4559 3761 4611 radicem

2184 4638 2235 4690 in
2261 4638 2442 4706 seipse,
2469 4648 2513 4690 et
2545 4638 2612 4690 ad
2633 4649 2827 4708 tempus
2855 4651 3045 4693 tantum
3066 4645 3290 4700 consistit
3316 4662 3333 4697 :
3362 4646 3447 4698 sed
3473 4647 3767 4701 adveniente

2186 4738 2389 4796 propter
2414 4728 2613 4781 verbum
2633 4731 2937 4797 calamitate,
2966 4733 3042 4786 vel
3071 4738 3467 4806 persequutiune,
3491 4741 3660 4791 statim
3687 4747 3766 4811 of.

2194 4815 2473 4882 fendit.l9.
2495 4820 2624 4873 Cum
2644 4839 2760 4874 vero
2772 4825 2886 4891 quis
2907 4826 3055 4878 audit
3073 4829 3279 4882 verbum
3298 4832 3532 4882 veritatis
3558 4833 3643 4882 '.et
3665 4850 3761 4880 non

2184 4909 2452 4978 intelligit,
2498 4911 2627 4962 venit
2659 4911 2930 4980 malignus,
2974 4923 3019 4966 et
3046 4917 3175 4982 rapit
3212 4916 3262 4966 id
3305 4919 3440 4982 quod
3470 4921 3760 4970 smtinalam

2186 5010 2290 5053 erat
2326 5003 2377 5054 in.
2407 5003 2556 5054 corde
2583 5004 2757 5071 ipsius.
2798 5002 2904 5054 Hoc
2925 5014 2997 5056 est
3018 5023 3181 5058 semen
3209 5009 3360 5077 juxta
3387 5012 3516 5062 viam
3548 5013 3751 5080 jactmn.

2186 5092 2298 5146 Non
2343 5103 2423 5146 est
2452 5106 2625 5147 autem
2658 5096 2878 5163 aaqnale,
2923 5098 3133 5151 nemine
3186 5113 3430 5165 vexante,
3473 5103 3553 5154 vel
3601 5105 3755 5155 mole-

2186 5184 2340 5237 stiam
2370 5184 2646 5244 inlercnte,
2677 5185 2970 5239 doctrinam
2993 5191 3273 5251 exsiceari,
3304 5202 3356 5244 et
3390 5194 3612 5244 instante
3646 5204 3762 5245 tcn-

2189 5275 2387 5328 latione
2421 5275 2644 5343 idipsum
2696 5275 2805 5328 lieri
2840 5293 2851 5327 :
2887 5279 2972 5346 qui
3004 5295 3130 5332 vero
3159 5282 3328 5349 Spinis
3359 5283 3554 5336 similes
3603 5295 3728 5338 Suri
3754 5326 3768 5349 ,

2191 5369 2368 5419 minus
2398 5365 2479 5418 his
2501 5376 2624 5420 sunt
2655 5369 2803 5421 venia
2830 5368 2994 5439 digni.

2251 5460 2303 5514 4.
2346 5459 2421 5514 Ne
2442 5461 2596 5529 igitur
2618 5476 2799 5515 eormn
2824 5463 3087 5533 quidpiam
3114 5465 3397 5534 patiamur,
3432 5467 3545 5522 haec
3567 5468 3773 5524 semim

2258 5663 2271 5692 ι
2311 5659 2414 5718 Alii,
2443 5660 2632 5712 verbum
2662 5665 2826 5734 regni.
