4042 6218
339 330 443 388 ιω

344 440 704 514 magnitudine
730 436 969 493 animiet
999 432 1246 489 diuturna
1287 428 1544 485 memoria
1582 427 1913 495 obtegamus.

346 534 569 591 Etiamsi
595 532 734 588 enim
762 529 928 597 rapiat
952 526 1216 587 diabolus,
1246 523 1298 578 in
1325 521 1478 577 nobis
1504 530 1588 574 est
1616 533 1684 573 ne
1714 518 1921 588 rapian-

348 636 435 681 tur
464 644 475 679 :
506 624 648 697 quod
691 624 735 678 si
763 621 964 677 semina
992 620 1276 682 siccentur,
1332 628 1441 669 non
1471 612 1523 667 id
1549 613 1615 667 ab
1641 621 1771 666 testu
1804 608 1922 665 elli-

346 717 505 773 citur.
554 715 667 771 Non
711 714 853 767 enim
897 709 1065 775 dixit,
1112 708 1238 763 Haec
1267 714 1483 777 propter
1518 712 1703 758 testum
1745 702 1921 757 exsic-

348 818 467 865 atta
504 803 780 872 sunt,scd,
826 803 976 871 Quod
1005 801 1226 855 radicem
1249 814 1349 853 non
1376 796 1641 852 habebant.
1674 796 1740 849 Et
1762 794 1807 848 si
1833 793 1922 848 illa

349 901 731 971 prmfocantur,
765 910 871 951 non
914 908 942 949 a
970 894 1170 965 spinis,
1219 892 1311 948 sed
1361 891 1431 945 ab
1461 890 1525 945 iis
1554 888 1643 959 qui
1691 889 1786 943 has
1808 903 1927 943 cre-

349 1011 498 1053 scere
536 995 793 1051 siverunt.
822 991 970 1046 Licet
1016 990 1157 1044 enim
1178 1027 1195 1055 ,
1239 988 1282 1042 si
1320 985 1571 1050 volueris,
1600 984 1700 1039 hoc
1728 983 1924 1037 malum

347 1098 562 1157 genuen
593 1082 870 1154 impedire,
895 1092 958 1135 ac
982 1078 1201 1141 divitiis.
1242 1086 1302 1133 ut
1340 1077 1513 1141 decet,
1543 1076 1637 1129 uti.
1673 1075 1795 1130 ideo
1820 1088 1926 1127 non

347 1179 501 1244 dixit,
532 1176 820 1239 Saeculum,
850 1174 967 1240 sed,
993 1171 1294 1227 Sollicitudo
1321 1170 1492 1224 sa‘cali
1514 1187 1532 1234 ;
1558 1182 1752 1237 neque,
1786 1167 1928 1221 Divi-

350 1269 459 1331 tite,
487 1266 605 1332 sed,
630 1265 861 1319 Fallacia
886 1264 1174 1318 divitiarum
1198 1262 1409 1328 (Matth.
1431 1262 1515 1316 15.
1534 1259 1649 1328 22).
1671 1257 1748 1314 Ne
1772 1257 1929 1328 igitur

352 1375 441 1415 res
462 1361 604 1429 ipsas
623 1357 920 1427 culpamus,
952 1355 1045 1410 sed
1066 1361 1369 1424 corruptam
1400 1353 1749 1407 voluntatem.
1784 1350 1931 1405 Licet

350 1452 493 1506 enim
526 1449 743 1505 divitem
776 1460 915 1511 esse,
939 1454 994 1502 et
1019 1460 1125 1501 non
1154 1445 1326 1515 decipi
1360 1460 1373 1498 :
1407 1446 1458 1500 in
1487 1443 1589 1499 hoc
1614 1456 1732 1499 esse
1756 1458 1928 1497 sat-eu-

352 1543 424 1605 ln,
458 1550 512 1597 et
539 1537 989 1596 sollicitudinibus
1011 1552 1115 1593 non
1160 1536 1456 1606 praefocari.
1486 1536 1597 1590 Duo
1628 1536 1822 1605 quippe
1848 1536 1929 1588 vi-

355 1634 421 1687 tia
452 1633 591 1687 inter
612 1646 673 1686 se
700 1632 944 1701 opposita
974 1630 1025 1684 in
1046 1627 1246 1684 divitiis
1265 1635 1423 1693 sunt;
1446 1626 1610 1693 aliud,
1639 1627 1777 1698 quod
1806 1642 1931 1682 eruo

354 1723 461 1778 ciat
490 1732 543 1778 et
567 1722 811 1789 oll'uscat,
838 1730 922 1778 est
949 1720 1278 1787 sollicitudo;
1308 1720 1470 1787 aliud,
1498 1719 1638 1791 quod
1665 1719 1933 1775 molliores

354 1812 549 1877 reddit,
578 1822 704 1869 sunt
727 1811 952 1868 delicire.
980 1812 1145 1867 Recte
1174 1820 1350 1867 autem
1372 1811 1524 1877 dixit,
1550 1808 1781 1865 Fallacia
1808 1810 1935 1864 divi-

356 1903 560 1957 tiamm.
585 1901 773 1959 Omnia
795 1902 1056 1972 quippein
1080 1900 1276 1957 divitiis
1303 1900 1502 1957 fallacia
1532 1910 1689 1957 sunt:
1720 1901 1934 1956 nomina

356 1996 551 2067 quippe
603 2004 762 2060 sunt,
814 2009 919 2050 non
967 1994 1019 2049 in
1050 1994 1207 2050 rebus
1251 1996 1375 2050 sita.
1418 1996 1629 2050 Etenim
1672 1997 1933 2065 voluptas,

356 2087 543 2157 gloria,
567 2084 975 2157 pulchritudinis
991 2084 1245 2148 studium,
1269 2084 1567 2154 similiaque
1587 2085 1786 2149 omnia,
1816 2099 1938 2152 spe-

359 2178 469 2232 cies
495 2177 735 2246 quaedam
762 2185 819 2231 et
848 2176 1124 2244 phantasia
1169 2183 1315 2239 sunt,
1364 2191 1469 2230 non
1507 2190 1684 2230 rerum
1716 2176 1934 2231 veritas.

360 2269 495 2323 Cum
540 2282 667 2337 ergo
715 2267 967 2334 perniciei
1013 2265 1200 2321 modos
1228 2266 1484 2332 dixisset,
1530 2267 1745 2321 demum
1790 2266 1940 2337 ponit

365 2368 561 2414 terram
590 2358 801 2423 bonam,
829 2370 936 2411 non
966 2356 1251 2425 desperare
1277 2357 1477 2421 sinens,
1507 2356 1599 2412 sed
1627 2372 1775 2427 spem
1806 2358 1941 2412 dans

363 2448 711 2519 paenitentiae,
733 2446 1127 2515 ostendensque
1145 2460 1301 2515 posse
1318 2462 1346 2499 a
1369 2446 1686 2515 supradictis
1710 2446 1775 2501 ad
1798 2448 1938 2502 illam

364 2540 641 2594 transitum
674 2538 808 2593 fieri.
860 2538 1018 2607 Atqui
1063 2536 1109 2592 si
1140 2549 1279 2592 terra
1332 2536 1469 2591 bona
1508 2546 1588 2593 est
1614 2546 1667 2593 et
1709 2538 1942 2605 agricola

364 2646 523 2695 unus,
552 2630 861 2698 seminaque
894 2628 1103 2691 eadem,
1126 2643 1222 2682 cur
1240 2628 1383 2683 aliud
1404 2637 1640 2692 centum,
1668 2629 1811 2683 aliud
1850 2643 1940 2684 se-

366 2723 585 2793 xaginta
603 2764 618 2787 ,
646 2720 789 2776 aliud
821 2721 1032 2792 triginta
1064 2721 1220 2775 tulit?
1246 2721 1340 2776 llic
1366 2736 1549 2776 rursus
1570 2737 1637 2777 es
1665 2731 1820 2778 terrae
1848 2738 1942 2777 na-

368 2825 483 2868 tura
512 2812 798 2867 discrimen
827 2828 840 2864 :
870 2827 991 2865 nam
1035 2811 1121 2866 ubi
1153 2812 1290 2865 bona
1334 2820 1473 2866 terra
1500 2821 1582 2867 est
1602 2853 1617 2876 ,
1663 2812 1827 2868 multa
1871 2813 1941 2867 ibi

365 2904 685 2960 differentia.
713 2902 874 2957 Vides
903 2919 1008 2957 non
1038 2902 1323 2972 agricolam
1351 2917 1471 2958 esse
1499 2918 1743 2971 causam,
1774 2919 1944 2972 neque

365 2996 571 3051 semina
593 3036 609 3062 ,
639 2994 731 3050 sed
764 3002 959 3048 terram
989 2993 1341 3063 excipientem
1362 3034 1376 3058 ,
1423 3008 1595 3062 neque
1623 3008 1687 3047 ex
1731 3001 1941 3056 natura,

366 3086 460 3141 sed
499 3101 563 3141 cx
595 3086 865 3140 voluntate
883 3084 1171 3140 discrimen
1201 3086 1428 3140 censeri.
1459 3085 1554 3140 Hie
1579 3095 1757 3141 autem
1784 3086 1945 3140 multa

371 3178 464 3232 Dei
489 3177 788 3248 benignitas
829 3176 1277 3245 deprehenditur,
1315 3177 1404 3247 qui
1445 3193 1548 3233 non
1576 3194 1734 3233 unam
1785 3178 1947 3248 exigit

367 3272 581 3326 virtutis
598 3284 939 3331 mensuram;
971 3268 1067 3323 sed
1113 3270 1313 3339 primos
1340 3270 1569 3325 libenter
1605 3271 1827 3339 recipit,
1857 3286 1945 3326 se-

367 3363 571 3418 cundos
596 3376 701 3416 non
725 3361 888 3428 ejicit,
923 3360 1094 3414 tertiis
1119 3359 1211 3414 dat
1234 3361 1430 3414 locum.
1454 3361 1579 3414 Hice
1608 3376 1768 3431 porro
1798 3361 1945 3427 dicit,

370 3468 439 3508 ne
476 3459 662 3521 putent
702 3451 734 3505 ii
779 3450 868 3520 qui
902 3450 1072 3519 ipsum
1100 3459 1415 3519 sequuntur,
1444 3450 1626 3505 auditu
1674 3460 1948 3520 exceptam

370 3542 667 3599 doctrinam
690 3540 755 3596 ad
778 3540 1000 3595 salutem
1028 3555 1149 3596 esse
1170 3541 1318 3595 satis.
1348 3541 1453 3597 Sed
1478 3558 1595 3607 cur,
1625 3544 1816 3613 inquit,
1846 3560 1950 3598 non

368 3644 561 3689 caetera
592 3634 739 3702 ponit
763 3633 909 3697 vitia,
936 3641 991 3686 ut
1011 3647 1293 3703 corporum
1321 3634 1828 3703 concupiscentiam,
1862 3651 1954 3689 va-

371 3740 492 3780 nam
538 3724 801 3795 gloriam?
827 3722 956 3779 Cum
984 3723 1179 3778 dixerit
1221 3724 1632 3782 sollicitudinem
1665 3726 1822 3797 hujus
1846 3745 1948 3784 sae-

369 3816 475 3871 culi
497 3855 512 3881 ,
544 3825 599 3870 et
624 3814 884 3870 fallaciam
908 3813 1232 3881 divitiarum,
1276 3816 1455 3871 omnia
1496 3819 1688 3887 posuit.
1735 3818 1867 3873 Nam
1899 3828 1956 3876 et

372 3924 505 3963 vana
529 3908 693 3978 gloria
721 3916 776 3962 et
818 3916 1009 3962 caetera
1038 3907 1219 3961 omnia
1244 3916 1297 3962 et
1316 3906 1479 3975 hujus
1504 3910 1684 3964 smculi
1714 3918 1839 3965 sunt
1856 3952 1872 3980 ,
1898 3921 1955 3967 et

370 4000 436 4055 ad
462 3999 764 4055 divitiarum
783 3997 1042 4052 fallaciam
1065 3997 1243 4053 reduci
1270 4008 1508 4066 possunt;
1526 4000 1752 4071 exempli
1769 4017 1952 4071 causa,

372 4091 637 4161 voluptas,
657 4089 801 4159 gula,
828 4088 1049 4154 invidia,
1077 4103 1210 4142 vana
1235 4089 1423 4158 gloria,
1446 4099 1501 4145 et
1528 4090 1722 4146 similia
1751 4094 1951 4149 omnia.

372 4182 589 4238 Addidit
636 4190 815 4236 autem
844 4189 900 4235 et
925 4181 1067 4234 viam
1105 4189 1159 4235 et
1190 4190 1427 4250 petram,
1461 4190 1519 4235 ut
1562 4184 1809 4238 ostendat
1846 4201 1951 4239 non

372 4274 503 4328 satis
538 4288 659 4329 esse
685 4272 785 4327 sia
813 4271 1156 4341 pecuniarum
1190 4288 1373 4327 amore
1416 4282 1614 4328 tantum
1660 4290 1757 4330 nos
1795 4292 1954 4346 expe-

371 4365 579 4419 diamus
599 4380 614 4427 ;
642 4363 734 4419 sed
762 4373 985 4419 caeteras
1004 4379 1215 4434 quoque
1232 4365 1452 4420 virtutes
1467 4367 1793 4423 exercendas
1809 4384 1951 4424 esse.

377 4455 513 4524 Quid
544 4456 685 4510 enim
715 4454 963 4525 prodest,
1011 4455 1053 4509 si
1084 4455 1282 4512 divitiis
1312 4471 1417 4511 non
1442 4458 1645 4524 servis,
1674 4475 1840 4530 esque
1872 4470 1950 4515 ta—

374 4564 498 4601 mea
523 4548 741 4617 ignavus
769 4557 823 4603 et
862 4548 1075 4603 mollis?
1097 4548 1243 4619 quid,
1275 4549 1321 4604 si
1360 4551 1579 4620 ignavus
1608 4567 1712 4606 non
1736 4554 1808 4607 sis
1836 4555 1954 4623 qui-

372 4638 533 4703 dem,
576 4639 671 4693 sed
712 4639 890 4709 segnis
918 4640 986 4695 ad
1022 4640 1320 4696 doctrinam
1368 4643 1724 4699 audiendam?
1771 4645 1954 4716 Neque

372 4729 517 4784 enim
542 4728 751 4784 illorum
783 4747 947 4784 unum
974 4732 1102 4786 satis
1121 4733 1288 4787 estad
1312 4734 1571 4800 salutem;
1599 4736 1691 4790 sed
1722 4751 1853 4805 Opus
1874 4746 1956 4792 est

374 4820 557 4891 primo.
578 4820 827 4876 audiendi
856 4821 1161 4890 sedulitate,
1182 4823 1375 4879 deinde
1394 4824 1505 4895 jugi
1525 4827 1802 4894 memoria,
1831 4827 1954 4883 hinc

372 4913 495 4968 forti
522 4914 723 4978 animo,
752 4912 1061 4969 divitiarum
1099 4930 1307 4971 necnon
1339 4918 1674 4973 saecularium
1716 4922 1951 4975 omnium

377 5015 707 5075 contemptu.
734 5005 857 5062 Ideo
884 5008 1026 5062 enim
1053 5008 1296 5063 audiendi
1326 5009 1558 5064 studium
1589 5012 1759 5079 primo
1786 5014 1950 5081 ponit,

372 5096 669 5167 deindeque
697 5106 912 5165 cartera,
931 5100 1051 5168 quia
1074 5099 1175 5153 hoc
1205 5100 1374 5168 primo
1400 5111 1480 5155 est
1501 5116 1632 5169 opus
1663 5103 1951 5173 (Quomodo

373 5192 502 5244 enim
522 5191 744 5255 credent,
775 5190 874 5244 nisi
898 5191 1110 5245 audiant
1145 5190 1319 5265 [Rom
1351 5192 1436 5248 10.
1467 5192 1593 5264 14]?
1621 5204 1677 5248 ut
1706 5211 1803 5249 nos
1823 5212 1954 5264 quo-

375 5298 477 5349 que
524 5284 624 5337 nisi
654 5282 811 5338 dictis
841 5282 1177 5338 attendamus
1203 5324 1218 5348 ,
1268 5300 1371 5338 non
1404 5287 1696 5355 poterimus
1734 5303 1794 5341 ea
1835 5304 1953 5357 quin

376 5374 579 5443 agenda
629 5385 753 5430 sunt
804 5374 1082 5445 ediscere)
1119 5375 1357 5431 :deinde
1399 5377 1557 5430 animi
1592 5378 1951 5433 fortitudinem

376 5465 521 5534 ponit
545 5474 600 5519 et
627 5481 800 5520 rerum
830 5468 1174 5537 prtcsentium
1199 5478 1585 5537 contemptum.
1609 5469 1731 5523 Haec
1776 5469 1953 5541 itaque

377 5556 671 5624 atrdientcs,
690 5573 787 5613 nos
802 5560 1033 5630 undique
1055 5562 1354 5615 muniamus
1377 5578 1389 5612 :
1420 5561 1573 5615 dictis
1594 5562 1949 5629 attendentes,

376 5652 557 5705 lirmas
585 5649 853 5707 mittentes
870 5654 1096 5718 radices,
1123 5654 1569 5722 smcularibusque
1586 5656 1834 5709 omnibus
1856 5672 1953 5711 nos

372 5742 741 5813 expedientes.
763 5742 815 5799 Si
847 5754 1022 5801 autem
1047 5744 1143 5799 alia
1171 5743 1383 5813 quidem
1416 5743 1688 5810 faciamus,
1716 5746 1816 5800 alia
1851 5762 1944 5801 nc-

1288 318 1350 373 IN
1383 314 1789 374 MATTHIEUM
1831 312 2055 368 ll0.\lll..
2102 312 2280 368 XLIV.
2324 314 2393 368 al.
2436 312 2592 368 XLV.

3505 323 3529 371 τί
3540 320 3606 372 7n

2027 424 2307 492 gligamus,
2358 425 2485 480 nihil
2540 425 2693 479 nobis
2720 426 2978 492 conferet,
3007 440 3068 480 ac
3096 426 3138 479 si
3168 442 3270 479 non
3300 427 3427 492 hoc,
3461 443 3608 485 certe

2026 516 2193 570 altero
2217 517 2376 571 modo
2400 518 2707 586 peribimus.
2727 518 2861 585 Quid
2897 519 3039 573 enim
3089 519 3281 583 refert,
3328 530 3497 573 utrum
3538 523 3608 577 ob

2027 610 2274 676 divitias,
2330 621 2506 667 utrum
2552 612 2620 665 ub
2648 612 2960 681 segnitiem,
2990 620 3167 665 utrum
3220 612 3289 664 ob
3334 613 3608 669 mollitiem

2029 719 2241 775 pessum
2293 708 2511 760 eamus?
2566 706 2694 761 Nam
2750 707 2980 777 agricola
3022 722 3172 775 :rque
3204 707 3345 777 luget
3396 709 3438 761 si
3478 708 3608 767 Ine.

2030 812 2181 866 aeque
2211 797 2254 850 si
2279 797 2368 852 illo
2400 798 2560 852 modo
2583 814 2763 853 semen
2796 797 2999 867 perdat.
3025 797 3099 852 Ne
3129 798 3305 867 itaque
3336 799 3474 867 quod
3501 816 3605 853 non

2031 902 2126 956 per
2150 900 2337 943 omnes
2362 888 2552 943 modos
2579 902 2788 957 pereas,
2823 888 2944 942 hinc
2972 889 3387 942 consultationem
3414 888 3609 943 admit-

2032 988 2133 1045 tas,
2166 979 2260 1035 sed
2285 994 2619 1051 quocumque
2654 980 2866 1035 tandem
2908 979 3070 1034 modo
3099 992 3305 1049 pereas,
3337 981 3473 1051 lnge.
3498 981 3615 1049 Spi-

2032 1087 2128 1127 nas
2157 1073 2532 1127 comburamus
2559 1114 2572 1136 ,
2603 1088 2721 1142 qua:
2752 1071 2971 1126 verbum
3003 1071 3282 1127 sull'oeant.
3321 1071 3372 1126 id
3419 1081 3616 1126 nerunt

2032 1163 2242 1229 divites,
2271 1163 2361 1232 qui
2390 1176 2559 1233 neque
2589 1164 2652 1216 ad
2679 1163 2810 1225 lucc,
2839 1176 3010 1232 neque
3040 1164 3104 1215 ad
3132 1163 3233 1216 alia
3274 1174 3397 1217 sunt
3438 1164 3612 1217 utiles.

2033 1254 2185 1311 Servi
2227 1270 2456 1324 namque
2502 1262 2559 1310 et
2583 1255 2778 1324 captivi
2812 1255 3171 1323 voluptatum,
3228 1270 3293 1308 ne
3340 1254 3404 1309 ad
3442 1252 3615 1309 civilia

2034 1348 2245 1417 quidem
2292 1347 2499 1417 negotia
2530 1355 2651 1400 sunt
2682 1346 2871 1410 utiles;
2918 1346 2961 1401 si
3006 1360 3109 1400 non
3158 1346 3224 1401 ad
3273 1347 3400 1411 illa,
3449 1347 3617 1400 multo

2035 1439 2213 1493 minus
2251 1438 2317 1492 ad
2358 1438 2607 1492 cmlestia.
2641 1438 2848 1507 Duplex
2878 1438 3019 1492 enim
3065 1438 3228 1507 pestis
3267 1436 3615 1507 Cogitationes

2035 1546 2222 1586 eorum
2255 1531 2494 1596 invadit,
2524 1529 2833 1586 deliciarum
2879 1531 3082 1586 scilicet
3119 1540 3171 1585 et
3202 1530 3570 1585 sollicitudinis
3604 1549 3615 1583 :

2036 1638 2263 1693 quorum
2301 1622 2507 1693 singula
2551 1631 2771 1692 possunt
2816 1623 3065 1692 scapham
3116 1622 3447 1691 demergere.
3487 1620 3616 1675 Cum

2038 1726 2213 1771 autem
2239 1717 2394 1772 ambo
2420 1724 2765 1780 concurrunt,
2789 1716 2961 1787 cogita
2991 1725 3186 1785 quanta
3214 1716 3284 1770 sit
3312 1724 3617 1784 tempestas.

2109 1809 2162 1863 5.
2197 1808 2428 1862 Cibornm
2449 1808 2644 1862 deliciae
2672 1808 3043 1879 redarguuuﬂtr
3064 1848 3079 1873 ,
3110 1816 3280 1877 utpote
3324 1805 3621 1876 corporibus

2040 1908 2085 1953 et
2130 1900 2311 1954 animis
2339 1901 2576 1954 mitione.
2602 1899 2794 1954 —Nec
2837 1899 3048 1954 mireris
3089 1899 3134 1953 si
3172 1897 3393 1953 delicias
3440 1898 3619 1967 spinas

2040 2003 2213 2047 vocet.
2247 1993 2325 2047 Tu
2376 1993 2540 2058 enim,
2569 1993 2688 2061 quia
2721 1992 2822 2045 hoc
2844 1991 2973 2045 vitio
2993 1990 3172 2045 ebrius
3202 2005 3280 2053 es,
3305 1990 3354 2043 id
3388 1990 3618 2058 ignoras:

2040 2086 2129 2155 qui
2172 2099 2302 2139 vero
2352 2084 2470 2139 sani
2520 2092 2663 2147 sunt,
2696 2091 2893 2137 norunt
2933 2095 3026 2137 eas
3065 2082 3429 2136 vehementius
3466 2095 3623 2148 quzim

2042 2176 2223 2245 spinas
2247 2188 2512 2244 pungere:
2544 2172 2749 2228 deliciae
2772 2172 2887 2241 plus
2911 2187 3070 2242 quam
3090 2171 3479 2226 Sollicitudines
3498 2172 3582 2222 ani
3600 2200 3616 2209 -

2043 2281 2182 2321 mam
2208 2262 2547 2327 labefaciunt,
2577 2263 2950 2333 gravioresque
2982 2272 3036 2315 et
3080 2262 3289 2325 corpori
3337 2269 3390 2313 et
3432 2260 3622 2313 anima:

2046 2359 2260 2429 pariunt
2285 2357 2519 2411 dolores.
2548 2355 2731 2425 Neque
2754 2356 2896 2409 enim
2930 2354 3047 2423 quis
3075 2353 3145 2407 ita
3168 2352 3434 2407 sauciatur
3459 2367 3622 2414 cons,

2046 2461 2105 2506 ut
2133 2453 2394 2506 satietate.
2449 2448 2672 2515 Quando
2700 2448 2840 2503 enim
2872 2448 2991 2516 quis
3020 2455 3073 2500 et
3112 2461 3301 2501 somno
3350 2445 3583 2514 privatus
3608 2487 3621 2509 ,

2047 2560 2109 2599 ac
2139 2542 2331 2613 capitis
2362 2552 2767 2611 temporumque
2796 2540 3130 2609 :egritudine.
3163 2550 3218 2594 et
3239 2538 3500 2591 viscerum
3528 2537 3626 2589 do-

2049 2638 2246 2692 loribus
2266 2636 2526 2690 distentus
2556 2634 2734 2697 fuerit,
2758 2634 2928 2702 cngita
2950 2640 3077 2702 quot
3097 2631 3262 2700 spinis
3292 2630 3402 2682 haec
3423 2647 3470 2699 gl
3486 2631 3629 2682 avio-

2047 2742 2105 2781 ra
2132 2726 2257 2780 sint.
2291 2726 2367 2779 Ae
2392 2722 2839 2793 quemadmodum
2869 2721 3036 2791 spiam
3057 2736 3389 2790 quacumque
3419 2734 3484 2773 ex
3516 2734 3629 2787 par-

2056 2826 2107 2872 te
2134 2816 2434 2887 eapiautur,
2464 2829 2653 2869 manus
2681 2822 2958 2867 truc-alant
2984 2829 2998 2866 :
3028 2813 3106 2865 sic
3131 2820 3184 2866 et
3209 2810 3415 2865 delicim
3444 2810 3629 2880 pedes,

2050 2924 2259 2974 manus,
2282 2916 2461 2977 caput,
2491 2906 2696 2973 oculos,
2721 2914 2776 2959 et
2802 2905 2978 2959 omnia
3010 2905 3222 2959 demum
3246 2903 3484 2957 membra
3514 2919 3632 2971 pes-

2050 3001 2317 3066 sumdant,
2360 3000 2571 3069 illreque
2630 2998 2793 3054 arida:
2844 2997 3295 3066 infructuoszequc
3325 3004 3449 3049 sinit
3491 2995 3628 3049 sicut

2050 3092 2242 3161 spinae,
2271 3101 2326 3147 et
2355 3091 2524 3161 magis
2550 3106 2706 3160 quam
2739 3090 2843 3143 illa:
2872 3096 3064 3143 uincent
3092 3089 3141 3142 in
3168 3087 3471 3157 pra-cipuis.
3496 3086 3628 3140 Nam

2051 3192 2104 3238 et
2124 3191 2449 3238 senectutem
2476 3190 2600 3236 ante
2630 3190 2841 3249 tempus
2871 3180 3143 3243 inducunt,
3178 3194 3370 3233 sensus
3395 3179 3633 3247 sopiunt,

2051 3274 2429 3342 cogitationem
2457 3272 2693 3327 tenebris
2717 3270 2998 3325 offundunt
3024 3311 3037 3332 ,
3080 3278 3312 3324 mentem
3359 3278 3515 3323 acute
3561 3272 3633 3321 vi-

2054 3352 2266 3411 dentem
2296 3366 2590 3422 exeazcant,
2615 3356 2892 3411 ﬂaceidum
2922 3370 3118 3425 corpus
3140 3354 3383 3408 efficiunt
3404 3395 3417 3419 ,
3470 3355 3636 3421 majo-

2056 3464 2166 3503 rem
2190 3457 2482 3502 stercorum
2511 3448 2716 3516 copiam
2748 3450 3081 3511 recondunt,
3142 3446 3276 3499 mala
3307 3455 3597 3515 congerunt
3622 3486 3635 3509 ,

2058 3544 2227 3613 majus
2253 3558 2388 3598 onus
2409 3550 2463 3596 et
2489 3542 2695 3613 pondus
2727 3540 2955 3595 faciunt:
3008 3540 3131 3593 hinc
3153 3539 3451 3609 frequentes
3482 3555 3638 3592 casus

2056 3645 2108 3690 et
2133 3633 2321 3697 ruinae,
2353 3632 2515 3686 multa
2540 3630 2827 3700 naufragia.
2846 3630 2973 3693 Cur,
3002 3646 3203 3700 quamn,
3233 3646 3425 3699 Corpus
3448 3630 3639 3698 impin-

2056 3726 2229 3797 guas?
2259 3728 2342 3780 An
2365 3734 2416 3781 te
2444 3725 2766 3780 immolaturi
2791 3726 3016 3779 sumus?
3042 3739 3108 3777 an
3139 3724 3188 3776 in
3220 3739 3398 3777 mensa
3430 3725 3640 3791 apposi~

2059 3818 2357 3873 turi?Aves
2377 3828 2522 3872 recte
2544 3817 2880 3887 impinguas;
2931 3816 3038 3870 imo
3103 3830 3170 3870 ne
3207 3830 3337 3870 aves
3388 3814 3640 3884 quidem:

2056 3926 2178 3967 cum
2216 3911 2358 3966 enim
2416 3911 2638 3981 pingues
2691 3918 2848 3973 sunt,
2902 3908 2968 3963 ad
3016 3924 3203 3963 sanum
3246 3907 3436 3961 edendi
3489 3924 3641 3961 usum

2056 4001 2433 4057 suntinutiles.
2466 4000 2691 4054 Tantum
2728 3999 2927 4053 malum
2977 4007 3060 4053 est
3111 3998 3351 4053 ciborum
3400 3998 3647 4067 voluptas

2057 4094 2244 4159 nimia,
2274 4093 2509 4147 utetiam
2538 4092 2589 4146 in
2620 4092 2788 4146 brutis
2814 4091 3114 4161 perniciosa
3147 4090 3234 4144 sit.
3265 4089 3393 4142 Nam
3440 4090 3527 4142 illa
3554 4106 3642 4142 sa-

2059 4187 2272 4240 turitate
2302 4184 2461 4238 nimia
2502 4192 2555 4238 et
2574 4183 2675 4237 sibi
2706 4192 2760 4238 et
2781 4182 2934 4236 nobis
2982 4183 3181 4236 inutilia
3214 4181 3493 4236 efficimus.
3544 4180 3644 4236 Su-

2060 4276 2385 4347 perlluitates
2433 4277 2627 4345 quippe
2669 4273 2964 4345 indigestus,
2995 4284 3049 4328 et
3070 4274 3283 4329 humida
3308 4274 3531 4343 putredo
3577 4273 3651 4327 ab

2060 4368 2145 4421 illa
2173 4366 2342 4421 oritur
2384 4365 2715 4435 pinguedine.
2756 4365 2886 4432 Qua:
2938 4380 3064 4418 vero
3107 4365 3354 4419 animalia
3410 4380 3515 4418 non
3573 4366 3642 4416 ita

2060 4458 2295 4525 aluntur,
2328 4458 2421 4512 sed
2451 4458 2601 4527 quasi
2641 4458 2885 4528 jejunant
2914 4468 2968 4512 et
2999 4458 3259 4521 laborant,
3302 4458 3385 4512 illa
3429 4468 3573 4513 certe
3593 4469 3645 4513 et

2058 4550 2157 4603 sibi
2187 4559 2244 4603 et
2268 4549 2385 4603 aliis
2408 4549 2683 4604 utilissima
2712 4558 2855 4613 sunt,
2890 4557 2998 4602 tum
3044 4550 3111 4603 ad
3156 4549 3355 4615 cibum,
3417 4559 3523 4603 tum
3577 4549 3642 4603 ad

2057 4641 2158 4694 alia
2185 4640 2363 4694 omnia
2399 4658 2412 4693 :
2451 4641 2645 4709 quique
2688 4640 2751 4693 iis
2796 4649 3081 4695 vescuntur
3104 4681 3117 4705 ,
3161 4642 3391 4694 firmiore
3418 4641 3646 4709 gaudent

2060 4731 2382 4793 valetudine;
2420 4732 2507 4800 qui
2534 4740 2711 4784 autem
2755 4730 3141 4799 pinguioribus,
3165 4731 3294 4799 ipsis
3327 4732 3529 4786 similes
3560 4732 3639 4787 fa-

2058 4825 2151 4889 cti,
2187 4823 2446 4878 tardiores
2480 4836 2619 4888 sunt,
2656 4825 2869 4889 infirmi,
2921 4825 3160 4895 duroque
3208 4827 3416 4881 vinculo
3473 4828 3638 4897 ligati.

2058 4916 2194 4970 Nihil
2221 4918 2362 4971 enim
2406 4916 2477 4971 ita
2521 4918 2730 4985 corpori
2770 4919 2986 4972 noxium
3020 4926 3077 4972 ut
3106 4918 3342 4973 eibormn
3393 4920 3633 4975 deliciznz

2058 5010 2189 5064 nihil
2219 5010 2289 5063 ita
2341 5010 2539 5078 rumpit
2575 5018 2629 5064 et
2653 5010 2827 5064 obruit
2857 5010 3025 5077 ipsum
3046 5051 3061 5076 ,
3115 5017 3172 5064 ut
3201 5010 3477 5080 ingluvies.
3522 5012 3643 5064 ldoo

2060 5102 2182 5157 hinc
2206 5102 2435 5155 maxime
2477 5101 2689 5155 illorum
2734 5102 3009 5155 stultitiam
3054 5104 3173 5172 quis
3220 5107 3460 5167 miretur,
3503 5106 3650 5171 quod

2058 5210 2163 5247 non
2186 5194 2289 5248 sibi
2321 5202 2538 5263 parcant
2566 5205 2621 5247 ut
2645 5194 2821 5247 caeteri
2852 5195 3077 5250 utribus.
3104 5195 3235 5250 Nam
3260 5197 3345 5265 qui
3374 5198 3491 5247 vina
3518 5212 3644 5248 vcn-

2062 5285 2212 5347 duut,
2246 5286 2430 5338 nolunt
2456 5285 2577 5354 plus
2598 5300 2751 5353 :cquo
2774 5286 3161 5356 utresimplere
3185 5329 3200 5352 ,
3246 5303 3311 5340 ne
3346 5295 3592 5353 rumpant
3627 5303 3639 5340 :

2060 5379 2111 5432 hi
2130 5378 2522 5432 veromiserum
2548 5388 2808 5443 ventrem,
2840 5394 2905 5434 ne
2932 5378 3028 5432 hac
3055 5380 3263 5448 quidem
3281 5393 3404 5431 cura
3424 5376 3639 5445 dignum

2058 5480 2305 5536 censent;
2334 5471 2426 5526 sed
2454 5481 2730 5541 postquam
2763 5473 2909 5527 illum
2939 5473 3441 5541 impleverintatque
3468 5488 3642 5540 rupe-

2059 5567 2190 5634 rint,
2206 5580 2371 5633 usque
2395 5563 2457 5617 ad
2486 5578 2662 5629 aures,
2685 5581 2860 5630 nares,
2886 5567 3061 5619 fauces
3084 5566 3203 5617 vino
3225 5564 3453 5633 replent,
3472 5564 3643 5634 dupli-

2058 5633 2325 5709 eem‘hinc
2348 5656 2612 5723 parientes
2631 5658 2945 5723 angustiam,
2967 5665 3021 5709 ct
3040 5655 3268 5723 spiritui,
3289 5665 3342 5709 ct
3359 5658 3407 5709 vi
3432 5657 3503 5709 illi
3524 5673 3642 5725 qum

2068 5746 2263 5802 animal
2296 5756 2460 5803 totum
2488 5748 2815 5802 moderatur.
2843 5749 2919 5801 An
2955 5747 3071 5801 ideo
3111 5747 3199 5801 tibi
3240 5759 3417 5817 guttur
3460 5750 3638 5803 dattun
