4042 6218
443 227 535 282 Ml
1184 238 1237 294 S.
1279 235 1554 292 JOANNIS
1592 233 2059 292 CllRYSOSTOMI
2098 235 2409 294 ARCHIEP.
2451 237 2979 300 CONSTANTINOP.

434 368 537 425 est,
580 373 634 412 ut
661 370 830 427 usque
857 351 922 407 ad
950 367 1011 408 os
1057 350 1191 407 illud
1214 340 1337 405 vino
1364 351 1587 420 aliisque
1612 348 1878 418 corruptis
1905 362 2017 401 ma-

440 452 594 508 teriis
641 447 895 518 replens?
943 444 1062 501 Non
1112 442 1234 499 ideo
1263 442 1443 497 datum
1488 452 1570 498 est
1595 483 1609 507 ,
1640 455 1672 495 ο
1700 440 1862 495 homo
1883 481 1897 505 ,
1928 439 2023 494 scd

328 528 339 535 ’
441 544 708 617 ιντωθίρυθ
733 551 789 595 ut
814 541 921 594 Deo
940 552 1122 602 canas,
1168 544 1223 591 et
1247 550 1427 591 sacras
1458 549 1646 604 preces
1671 534 1881 589 emittas
1905 573 1919 597 ,
1949 531 2024 586 Ie-

446 653 539 707 ges
567 634 773 689 divinas
792 632 956 701 legas,
989 629 1316 700 consiliaque
1336 628 1431 683 des
1455 628 1697 696 proximo
1725 627 2018 696 profutura.

444 730 525 785 Tu
556 742 681 782 vero
714 725 862 795 quasi
908 724 996 777 illa
1026 729 1229 776 tantum
1256 720 1322 775 de
1348 734 1508 775 causa
1533 718 1713 774 datum
1741 728 1920 783 esset,
1955 733 2023 772 ne

442 819 722 875 minimum
768 812 986 885 quidem
1038 812 1172 867 sinis
1227 811 1397 880 ipsum
1422 809 1718 865 ministerio
1736 822 2021 863 sacroser-

442 911 578 978 vire,
611 908 706 964 sed
732 914 896 964 totam
923 905 1085 959 vitam
1117 904 1242 958 huic
1274 902 1519 973 pessima:
1546 901 1789 957 servituti
1837 899 2019 955 tradis.

440 1003 518 1057 Ac
570 995 1017 1070 quemadmodum
1049 995 1095 1049 si
1140 995 1259 1064 quis
1287 993 1543 1048 citharam
1589 1006 1808 1047 sumens
1842 990 2022 1047 aureis

440 1092 633 1147 tidibus
680 1095 1007 1159 compactam
1034 1129 1051 1154 ,
1091 1101 1154 1141 ac
1196 1085 1416 1155 pulchre
1470 1084 1873 1148 concinnatam,
1915 1096 2022 1138 non

438 1183 503 1239 ad
534 1183 745 1237 dulcem
774 1180 1192 1235 modulationem
1222 1176 1474 1246 pulsaret,
1517 1174 1611 1229 sed
1639 1174 1764 1228 ﬁmo
1792 1172 2022 1243 repleret

440 1290 501 1329 ac
523 1275 637 1329 luto
676 1291 689 1326 :
742 1273 820 1327 sic
848 1280 903 1327 et
943 1270 995 1323 hi
1026 1268 1246 1324 faciunt.
1282 1266 1489 1322 Fimum
1518 1280 1653 1320 voco
1679 1281 1785 1319 non
1807 1265 1983 1320 cibum
2003 1304 2018 1330 ,

439 1367 535 1423 sed
567 1366 822 1432 delicias,
870 1372 925 1419 et
953 1362 1100 1418 illam
1131 1369 1331 1416 tantam
1362 1357 1847 1428 intemperantiam.
1889 1355 2020 1411 Nam

439 1460 579 1530 quod
611 1466 760 1513 extra
787 1456 1160 1511 necessitatem
1183 1462 1286 1519 est,
1314 1466 1417 1505 non
1448 1450 1618 1514 cibus,
1651 1448 1744 1503 sed
1773 1448 1888 1503 lues
1917 1456 2019 1502 est.

440 1555 638 1610 Venter
664 1552 805 1607 enim
833 1550 899 1605 ad
924 1550 1174 1605 alimenta
1203 1548 1373 1601 solum
1399 1542 1708 1615 accipienda
1730 1542 1885 1598 datus
1907 1550 2019 1608 est;

446 1664 508 1702 os
544 1656 599 1701 et
639 1647 819 1702 fauces
846 1654 899 1699 et
943 1644 1119 1714 lingua
1143 1653 1193 1697 et
1212 1640 1277 1695 ad
1303 1639 1403 1693 hoc
1430 1648 1483 1694 et
1508 1637 1575 1692 ad
1609 1637 1710 1691 alia
1739 1636 1823 1691 his
1855 1636 2024 1706 magis

436 1738 774 1796 necessaria:
806 1735 1078 1805 multoque
1121 1732 1288 1803 magis
1311 1745 1483 1801 neque
1527 1737 1709 1784 venter
1753 1727 1821 1783 ad
1868 1727 2021 1782 cibos

438 1832 677 1901 quolibet
715 1829 874 1884 modo
894 1827 1271 1897 excipiendos,
1315 1824 1410 1879 sed
1456 1822 1760 1879 moderatos
1791 1828 2016 1877 tantum.

439 1926 602 1994 quue
628 1923 862 1980 ostendit
890 1924 1027 1992 ipse,
1060 1919 1185 1975 dum
1217 1918 1362 1973 mille
1390 1917 1563 1973 modis
1589 1916 1786 1972 clamat
1807 1956 1821 1981 ,
1847 1930 2018 1985 quan-

438 2017 507 2072 do
546 2016 645 2085 ipsi
699 2029 793 2084 per
841 2013 978 2068 lianc
1027 2010 1243 2066 nimiam
1289 2008 1496 2077 capiam
1522 2020 1809 2072 uocemus;
1850 2020 2021 2075 neque

3606 255 3714 310 472

2132 352 2325 407 clamat
2345 352 2545 421 solum,
2577 355 2672 410 sed
2698 357 2858 411 etiam
2885 358 2936 412 id
2960 358 3109 429 quasi
3128 359 3382 431 iniuriam
3416 364 3709 435 ulckcltur,

2125 452 2497 516 extremasque
2544 449 2776 517 reposcit
2827 464 3030 519 poenas.
3064 452 3245 508 Primo
3293 454 3458 524 pedes
3508 461 3709 528 punit,

2126 535 2215 605 qui
2245 550 2342 591 nos
2366 536 2434 590 ad
2481 537 2596 592 illas
2635 540 2897 611 pessimas
2948 541 3231 611 deportant
3268 546 3486 614 epulas:
3515 547 3715 621 deinde

2126 643 2318 684 manus
2343 630 2490 701 ligat,
2516 631 2658 700 quod
2682 640 2757 688 tot
2785 640 2843 689 et
2865 642 3010 689 tanta
3028 636 3368 694 ministrent:
3420 639 3713 697 multorum

2126 722 2285 774 etiam
2313 735 2376 776 os
2403 720 2686 777 distortum
2718 722 2852 789 fuit,
2900 725 3043 780 oculi
3081 736 3137 782 et
3166 736 3323 797 caput
3363 729 3711 789 laborarunt.

2125 813 2205 866 Ae
2232 810 2390 867 veluti
2418 827 2623 890 servus,
2650 828 2771 868 cum
2792 815 2916 885 quid
2938 815 3080 871 vires
3099 817 3362 873 excedens
3384 833 3548 889 agere
3569 835 3715 890 prae:

2126 902 2337 971 cipitur,
2373 888 2623 959 eﬂ‘eratus
2650 920 3048 976 nonnumquam
3079 907 3358 977 imperanti
3403 888 3711 968 maledicit:

2125 995 2204 1052 sic
2218 1004 2272 1053 et
2299 1005 2483 1051 venter
2506 997 2609 1051 vim
2643 1012 2848 1066 passus,
2877 1013 2997 1053 cum
3022 999 3104 1053 his
3134 999 3390 1054 membris
3413 1001 3576 1057 etiam
3600 1018 3702 1059 ce-

2126 1084 2342 1140 rebrum
2372 1101 2516 1157 saepe
2545 1086 2833 1142 labefactat
2869 1097 2924 1142 et
2970 1087 3164 1157 perdit.
3210 1089 3465 1161 Deusque
3506 1093 3713 1162 optime

2127 1176 2381 1247 providit,
2405 1186 2463 1231 ut
2481 1193 2549 1232 ex
2573 1177 2924 1233 immoderato
2953 1194 3048 1233 usu
3082 1188 3285 1234 tantum
3307 1179 3562 1237 damnum
3613 1199 3710 1240 ac—

2126 1268 2422 1339 cedat,quo
2440 1284 2561 1323 cum
2591 1268 2785 1325 lubens
2814 1269 3178 1339 philosOpbari
3207 1271 3465 1339 nolueris,
3497 1274 3585 1330 vel
3622 1275 3710 1330 in-

2126 1362 2267 1416 vitus
2293 1360 2482 1416 saltem
2512 1376 2580 1417 ex
2601 1370 2746 1417 metu
2777 1371 2937 1418 tanta:
2963 1363 3214 1431 perniciei
3250 1363 3523 1420 moderate
3546 1380 3710 1435 agere

2126 1445 2322 1501 discas.
2355 1445 2480 1501 llaec
2507 1460 2627 1500 cum
2653 1447 2903 1513 sciamus,
2922 1447 3159 1502 ciborum
3177 1446 3399 1503 delicias
3418 1448 3701 1520 fugiamus,

2125 1538 2592 1609 moderationique
2617 1538 2946 1605 studeamus,
2975 1548 3034 1594 ut
3060 1547 3116 1595 et
3142 1540 3385 1610 corporis
3406 1542 3703 1599 valetudine

2126 1630 2387 1695 fruamur,
2418 1638 2473 1684 et
2493 1630 2727 1685 animam
2747 1629 3055 1685 inﬁrmitate
3076 1629 3221 1685 omni
3250 1630 3561 1698 liberemus,
3587 1632 3698 1686 sic-

2126 1737 2231 1793 que
2251 1720 2424 1776 futura
2447 1735 2838 1791 consequamur
2863 1719 3002 1776 bona
3027 1761 3041 1786 ,
3090 1721 3258 1791 gratia
3289 1730 3344 1776 et
3382 1721 3706 1792 benignitate

2129 1813 2338 1869 Domini
2390 1812 2562 1869 nostri
2615 1811 2743 1868 Jesu
2785 1811 3028 1880 Christi,
3085 1813 3170 1868 cui
3217 1812 3387 1884 gloria
3433 1821 3489 1869 et
3531 1814 3704 1885 impe-

2125 1906 2299 1973 rium,
2328 1920 2471 1962 nunc
2511 1915 2566 1962 et
2608 1921 2857 1978 semper,
2910 1914 2964 1963 et
3016 1906 3070 1962 in
3122 1907 3317 1964 saecula
3364 1907 3699 1966 sarculonnn.

2128 2003 2320 2055 Amen.

1458 3263 1637 3327 Flle
1665 3212 1841 3326 rom
1873 3234 2417 3334 QUINQUAGESlMl
2451 3252 2741 3319 serum.
