4042 6218
270 229 374 282 471

266 342 563 397 κάντεῦθεν
614 345 914 415 ἐκπλαγείη
945 346 1041 416 τῆς
1081 346 1264 407 ἀνοίας
1292 348 1507 412 αὐτοὺς,
1532 351 1613 403 ὅτι
1639 351 1758 405 ούδέ
1805 353 1937 422 ὅσην

267 431 371 482 ἐπὶ
397 431 502 484 τῶν
528 432 711 486 ἀσκῶν
742 432 955 502 ἔχουσιν
978 432 1154 500 ἕτεροι
1183 433 1282 504 τὴν
1321 435 1486 504 φειδὼ
1504 475 1518 498 ,
1550 438 1818 507 τοσαύτην
1854 441 1936 506 ἐφ’

275 519 484 572 ἐαυτῶν
516 517 757 573 θέλουσιν
787 518 1185 572 ἐπιδείκνυσθαι
1207 514 1370 574 οὗτοι.
1404 514 1676 586 Ἐκείνους
1703 525 1801 593 μὲν
1830 525 1939 596 γὰρ

273 607 325 658 oi
352 607 458 659 τῶν
481 606 638 660 οἴνων
667 607 871 677 πρᾶται
891 607 989 659 οὐκ
1009 607 1138 659 ἐῶσι
1162 607 1323 660 πλέον
1341 609 1434 660 τοῦ
1453 610 1662 673 δέοντος
1684 611 1936 674 λαϐεῖν¹⁷,

273 691 418 745 ὥστε
461 695 535 764 μὴ
585 692 974 763 διαρραγῆναιο
1023 694 1123 764 τὴν
1163 695 1218 748 δὲ
1260 694 1451 749 ἀθλίαν
1497 690 1646 751 οῦτοι
1697 699 1939 768 γαστέρα

268 781 397 834 οὐδὲ
430 780 634 848 ταύτης
661 779 872 843 ἀξιοῦσι
899 781 999 851 τῆς
1026 782 1312 849 προνοίας’
1363 782 1477 836 ἀλλ’
1511 784 1730 837 ἐπειδὰν
1770 786 1940 854 αὐτὴν

269 867 592 938 ἐμπλήσωσι
623 866 717 918 καὶ
753 865 1101 937 διαρῤήξωσι,
1137 868 1296 939 μέχρι
1330 868 1373 901 ³⁸
1401 869 1510 922 τῶν
1558 869 1732 933 ὢτων,
1779 871 1939 940 μέχρι

265 955 384 1006 τῶν
421 955 605 1022 ῥινῶν,
627 953 784 1025 μέχρι
815 957 912 1025 τῆς
955 956 1234 1025 φάρυγγος
1270 957 1440 1025 αὐτῆς
1458 956 1752 1027 πληροῦσιν
1767 957 1942 1011 ᾶπαν-

265 1058 340 1093 τα
370 1041 432 1102 ¹⁹,
463 1040 654 1110 διπλῆν
704 1040 952 1095 ἐντεῦθεν
983 1041 1060 1110 τῷ
1116 1042 1384 1112 πνεύματι
1424 1043 1519 1095 καὶ
1570 1045 1636 1114 τῇ
1687 1043 1748 1095 τὸ
1802 1041 1942 1106 ζῶον

261 1127 628 1198 οἰκονομούσῃ
653 1127 876 1197 δυνάμει
905 1127 1404 1192 κατασκευάζοντες
1427 1130 1525 1199 τὴν
1559 1130 1938 1201 στενοχωρίαν.

262 1215 364 1282 Μὴ
399 1215 507 1285 γάρ
528 1215 571 1246 ⁸⁵
601 1215 689 1268 διά
736 1215 894 1268 τοῦτό
925 1232 1004 1268 σοι
1031 1215 1219 1284 γέγονε
1246 1215 1480 1284 φάρυγξ,
1516 1215 1603 1268 ἵνα
1635 1214 1796 1285 μέχρι
1844 1213 1938 1266 τοῦ

263 1304 541 1371 στόματος
573 1302 683 1355 ἀνω
715 1304 1011 1372 σεσηπότος
1037 1303 1181 1357 οἴνου
1225 1304 1317 1356 καὶ
1353 1303 1450 1373 τῆς
1494 1302 1658 1372 ἄλλης
1692 1301 1940 1371 ἀποπλη-

262 1389 457 1459 ρὼσης
492 1389 652 1441 αὐτὸν
695 1389 1020 1460 διαφθορᾶς;
1053 1390 1127 1443 Οὐ
1175 1389 1261 1443 διὰ
1294 1389 1471 1453 τοῦτο,
1511 1388 1787 1460 ἄνθρωπε,
1817 1387 1932 1440 ἀλλ’

261 1479 361 1530 ἵνα
396 1477 817 1549 προηγουμένως
840 1479 974 1550 ᾷδῃς
1005 1477 1082 1548 τῷ
1108 1477 1246 1549 Θεῷ,
1271 1477 1365 1531 καὶ
1390 1477 1488 1541 τὰς
1510 1476 1662 1546 ίεράς
1688 1475 1940 1545 ἀναπέμ-

260 1581 382 1635 πῃς
421 1566 606 1635 εὐχὰς,
651 1565 744 1618 καὶ
797 1567 925 1629 τοὺς
961 1564 1137 1628 θείους
1175 1563 1551 1635 ἀναγινώσκῃς
1600 1565 1817 1634 νόμους,
1843 1563 1940 1616 καὶ

255 1655 381 1715 τοῖς
423 1653 651 1722 πλησίον
705 1652 775 1706 τὰ
825 1653 1170 1724 συμφέροντα
1237 1651 1609 1723 συμϐουλεύῃς
1627 1653 1694 1704 ³⁸.
1751 1652 1824 1704 Σὺ
1881 1649 1938 1702 δὲ

256 1738 460 1810 ὥσπερ
491 1740 579 1793 διὰ
603 1740 758 1794 τοῦτο
779 1740 946 1814 αὐτὴν
974 1739 1173 1806 λαϐὼν,
1205 1739 1387 1812 ἐκείνῃ
1403 1741 1448 1771 ’⁸
1479 1740 1576 1810 μὲν
1598 1738 1716 1792 οὐδὲ
1745 1736 1938 1808 μικρὸν

256 1827 367 1896 ἐᾷς
395 1828 585 1897 καιρὸν
612 1827 890 1898 σχολάζειν
915 1830 982 1898 τῇ
1023 1827 1334 1899 λειτουργίᾳ
1355 1866 1369 1888 ,
1413 1826 1590 1880 πάντα
1621 1826 1678 1878 δὲ
1701 1825 1792 1878 τὸν
1826 1825 1940 1894 βίον

254 1916 333 1984 τῇ
365 1917 576 1987 πονηρᾷ
605 1916 776 1988 ταύτῃ
806 1918 975 1986 αὐτὴν
999 1917 1316 1979 ὑποτάττεις
1343 1915 1573 1987 δουλείᾳ.
1604 1914 1714 1968 Καὶ
1751 1913 1940 1984 ὥσπερ

255 2003 320 2055 εἴ
347 2019 433 2066 τις
459 2003 689 2075 κιθάραν
709 2003 909 2068 λαϐὼν,
935 2007 1141 2075 χρυσᾶς
1163 2003 1356 2073 νευρὰς
1387 2002 1635 2073 ἔχουσαν,
1655 2001 1810 2073 [475]
1847 2001 1942 2054 καὶ

250 2091 626 2161 ἡρμοσμένην
657 2091 860 2154 καλῶς,
886 2093 1006 2145 ἀντὶ
1028 2091 1123 2144 τοῦ
1148 2092 1249 2160 τὴν
1277 2089 1648 2160 παναρμόνιον
1676 2087 1942 2158 μελῳδίαν

254 2178 548 2248 είς-αὐτὴν
581 2179 998 2250 ἀνακρούεσθαι,
1027 2178 1217 2248 κόπρῳ
1271 2176 1440 2246 πολλῇ
1477 2174 1818 2246 καταχώσειε
1849 2173 1946 2226 καὶ

255 2263 429 2334 πηλῷ
447 2281 461 2296 ο
486 2264 628 2318 οῦτω
656 2267 750 2319 καὶ
771 2258 919 2318 οὗτοι
949 2265 1181 2318 ποιοῦσι.
1201 2264 1419 2331 Κύπρον
1447 2261 1503 2314 δὲ
1536 2261 1596 2314 ού
1625 2261 1726 2331 τὴν
1738 2259 1945 2330 τροφὴν

259 2352 530 2416 ἐκάλεσα,
589 2353 726 2406 ἀλλά
767 2353 867 2423 τὴν
913 2351 1146 2424 τρυφὴν,
1199 2351 1295 2404 κα)⁵
1331 2349 1429 2419 τὴν
1467 2347 1668 2418 πολλὴν
1726 2345 1943 2417 ἐκείνην

255 2439 580 2507 ἀσέλγειαν.
617 2441 692 2494 Τδ
729 2440 838 2512 γὰρ
877 2440 1037 2493 πλέον
1079 2438 1174 2492 τοῦ
1206 2437 1416 2500 δέοντος
1458 2436 1559 2489 ούκ
1585 2434 1700 2487 ἐστι
1730 2433 1940 2504 τροφὴ,

258 2527 408 2581 ἀλλά
421 2525 566 2599 λύμη
587 2529 766 2598 μόνον.
789 2527 900 2582 Καὶ
922 2525 1031 2598 γὰρ
1050 2527 1085 2597 ἡ
1105 2524 1316 2596 γαστὴρ
1342 2524 1476 2594 μόνη
1501 2521 1589 2576 διά
1610 2521 1710 2593 τὴν
1723 2519 1833 2574 τῶν
1853 2535 1935 2573 σι-

342 2708 387 2738 "
413 2706 596 2760 λαϐεῖν
628 2705 804 2774 recepi
833 2720 900 2760 ex
923 2719 1033 2758 uno
1086 2703 1207 2758 cod.
1231 2700 1407 2770 F.pro
1421 2700 1638 2769 vulgato
1662 2698 1863 2770 βαλεῖν.
1890 2696 1932 2752 ν

391 2785 444 2823 ιιι
478 2775 623 2823 Flor.
650 2791 703 2823 η-
741 2776 858 2823 193-
894 2773 1072 2823 (Tom.
1107 2788 1203 2823 ιιι.
1240 2787 1292 2823 ι).
1319 2771 1421 2823 515
1442 2769 1528 2823 C.)
1563 2783 1658 2823 oro
1682 2770 1937 2823 vulnalm

2049 2698 2235 2778 ad_not.
2285 2698 2360 2780 ,⁸⁸
2395 2699 2490 2753 καὶ
2509 2700 2670 2823 μξῘχρι
2704 2699 2842 2754 Edd.

2041 2785 2185 2821 οουσι
2219 2786 2312 2823 του
2339 2768 2503 2822 οἴνου.
2593 2787 2668 2823 ιηι
2705 2787 2810 2823 non

1563 2768 1920 2846 μεθ’-ναιελιρ-
1921 2769 2026 2839 πλη
2035 2769 2185 2846 ροῦσι
2219 2768 2520 2846 τοῦροῐνουζ
2545 2768 2608 2823 Vi

264 2845 408 2916 γάρ]
438 2846 562 2900 add.
596 2838 668 2916 δὴ’
688 2846 751 2900 Α.
775 2847 836 2916 C.
877 2838 919 2877 “
943 2843 1036 2916 Si;
1072 2838 1443 2916 Edd‘téyFlor
1465 2838 1848 2916 συμϐουλεύεις
1869 2838 1937 2916 Ε.

2041 2839 2164 2916 3}te
2180 2838 2594 2916 συμϐουλεύοις.

263 2776 334 2830 F.
391 2785 444 2830 cl
478 2775 623 2831 Flor.

650 2791 703 2844 ι).
741 2769 858 2830 ἱ95.
894 2773 1203 2844 (Τοηιᾏιγιι.
1240 2787 1292 2840 p.
1309 2769 1421 2844 E15
1442 2769 1528 2838 C.)

894 2773 1072 2839 (Tom.
1107 2788 1203 2826 xu.

1354 233 1418 288 IN
1460 233 1875 292 ΜΑΤΤΗᾸΞΠΜ
1914 237 2152 294 ιιοΜιι.
2189 238 2370 294 XLIV.
2411 239 2484 295 al.
2517 237 2677 293 XLV.

3598 242 3706 300 472

2037 355 2166 407 τίων
2202 353 2359 423 μόνον
2375 355 2421 384 ’⁸
2451 354 2670 420 γέγονεν
2711 351 3000 420 ὑποδοχήνο
3030 350 3202 420 στόμα
3232 351 3308 408 δὲ.
3345 351 3434 403 καὶ
3461 351 3698 422 φάρυγξ,

2039 443 2130 497 καὶ
2159 441 2394 508 γλῶττα,
2411 443 2505 493 καὶ
2530 441 2596 493 δι’
2618 441 2778 510 ἕτερα
2795 438 3194 508 ἀναγκαιότερα
3207 438 3408 490 τούτων
3429 439 3605 510 πολλῴ
3621 442 3664 472 ’⁸
3684 458 3698 471 ·

2041 528 2238 598 μᾶλλον
2259 528 2314 580 δὲ
2335 528 2502 597 ούδὲή
2525 529 2736 596 γαστὴρ
2758 525 2844 579 διά
2862 525 3044 578 σιτίων
3067 525 3326 594 ὑποδοχὴν
3341 526 3545 590 ἁπλῶς,
3567 527 3703 582 ἀλλὰ

2039 610 2126 661 διὰ
2140 609 2320 662 σιτίων
2333 609 2596 679 ὑποδοχὴν
2614 607 2938 678 συμμέτρων
2956 607 3020 661 ’⁸.
3038 609 3146 659 Καὶ
3169 607 3325 660 τοῦτο
3344 608 3511 677 δηλοῖ,
3535 627 3704 662 κατα-

2039 697 2220 752 ϐοῶσα
2254 696 2409 767 ἡμῶν
2439 696 2627 766 μυρία,
2655 697 2782 748 ὅταν
2825 694 3217 765 ἐπηρεάσωμεν
3246 695 3412 765 αὐτὴν
3431 698 3473 728 ⁸⁸
3492 696 3577 750 διὰ
3606 698 3705 766 τῆς

2040 782 2344 848 πλεονεξίας
2373 783 2602 853 ταύτης’
2634 783 2695 835 ού
2719 783 2961 853 καταϐοᾷ
2981 783 3036 834 δὲ
3068 783 3247 851 μόνον,
3283 783 3420 835 ἀλλά
3447 787 3541 837 καὶ
3572 786 3707 854 ἀμυ-

2037 873 2237 941 νομένη
2260 873 2357 941 τῆς
2385 871 2596 934 ἀδικίας
2626 871 2724 941 τὴν
2745 873 2980 941 ἐσχάτην
3006 872 3151 941 ἡμᾶς
3168 873 3388 924 ἀπαιτεῖ
3404 873 3579 942 δίκην.
3597 875 3707 926 Καὶ

2040 959 2252 1029 πρῶτον
2277 960 2403 1021 τοὺς
2449 958 2615 1018 πόδας
2644 961 2986 1028 τιμωρεῖται,
3032 960 3158 1020 τοὺς
3210 957 3570 1027 βαστάζοντας
3614 961 3708 1012 καὶ

2041 1044 2347 1113 ἀπάγοντας
2371 1047 2516 1115 ἡμᾶς
2544 1045 2636 1097 ἐπὶ
2659 1045 2726 1097 τά
2746 1046 2955 1115 πονηρὰ
2981 1046 3162 1097 ἐκεῖνα
3194 1045 3468 1114 συμπόσια
3486 1087 3498 1108 ,
3519 1044 3709 1098 ἔπειτα

2041 1131 2136 1193 τάς
2155 1133 2340 1201 χεῖρας
2371 1134 2469 1194 τάς
2509 1130 2926 1201 διακονουμένας
2949 1132 3085 1202 αὐτῇ
3119 1131 3430 1192 συνδέουσα,
3467 1130 3583 1183 ἀνθ’
3632 1125 3706 1183 ὧν

2039 1218 2276 1272 τοσαῦτα
2306 1218 2400 1270 καὶ
2422 1218 2646 1270 τοιαῦτα
2669 1217 2942 1286 προσῆγον
2965 1219 3234 1288 ἐδέσματα
3255 1233 3268 1245 ·
3304 1218 3488 1270 πολλοὶ
3521 1219 3576 1270 δὲ
3616 1220 3709 1271 καὶ

2041 1306 2170 1359 αὐτὸ
2191 1305 2250 1358 τὸ
2279 1306 2451 1374 στόμα
2485 1304 2804 1374 διέστρεψαν
2827 1305 2893 1368 ³⁷,
2926 1309 3018 1358 καί
3051 1304 3360 1374 ὀφθαλμοὺς
3402 1305 3492 1357 καὶ
3538 1320 3710 1372 κεφα-

2040 1393 2159 1462 λήν.
2197 1394 2308 1446 Καὶ
2344 1391 2593 1461 καθάπερ
2611 1391 2847 1459 οἰκέτης,
2872 1391 3001 1444 ὅταν
3023 1392 3254 1461 ἐπιταγῇ
3276 1408 3328 1443 τι
3363 1391 3462 1461 τὴν
3481 1391 3713 1461 δύναμιν

2043 1480 2386 1550 ὑπερϐαῖνον,
2407 1477 2726 1548 ἀπονοηθεὶς
2762 1477 2970 1546 ὑϐρίζει
2993 1479 3072 1540 είς
3105 1477 3195 1530 τὸν
3219 1477 3546 1544 ἐπιτάξαντα
3583 1477 3712 1531 πολ-

2044 1567 2234 1629 λάκιςῖ
2267 1565 2408 1618 οῦτω
2443 1565 2534 1620 καὶ
2558 1563 2697 1636 αῦτη
2727 1564 2862 1634 μετά
2900 1564 3007 1616 τῶν
3040 1562 3216 1634 μελῶν
3252 1563 3455 1617 τούτων
3500 1566 3594 1619 καὶ
3621 1566 3711 1618 τὸν

2043 1653 2342 1722 ἐγκέφαλον
2393 1651 2652 1718 πολλάκις
2712 1652 2873 1706 αὐτὸν
2941 1650 3224 1721 βιασθεῖσα
3295 1651 3555 1705 ἀπόλλυσι
3619 1654 3712 1706 καὶ

2040 1740 2356 1810 διαφθείρει.
2383 1739 2493 1795 Καὶ
2525 1739 2680 1792 τοῦτο
2711 1741 2737 1793 ὁ
2770 1737 2900 1802 Θεὸς
2923 1737 3238 1809 ᾠκονόμησε
3280 1738 3478 1803 καλῶς,
3514 1741 3578 1792 ἐκ
3613 1739 3712 1809 τῆς

2042 1827 2307 1898 ἀμετρίας
2343 1825 2612 1896 τοσαύτην
2645 1825 2891 1894 γίνεσθαι
2927 1825 3149 1895 βλάϐην,
3187 1825 3253 1877 ἶν’
3281 1827 3410 1878 ὃταν
3461 1825 3603 1878 ἑκὼν
3637 1828 3711 1897 μὴ

2042 1915 2358 1984 φιλοσοφῇς,
2391 1913 2495 1966 κᾶν
2524 1913 2670 1966 ἄκων
2702 1913 2789 1965 διὰ
2831 1912 2920 1964 τὸν
2973 1911 3136 1980 φόϐον
3166 1911 3264 1982 τῆς
3291 1913 3556 1984 τοσαύτης
3592 1913 3710 1966 διαη

2045 2001 2250 2071 φθορᾶς
2284 1999 2595 2070 μετριάζειν
2657 1999 2854 2072 μάθῃς.
2895 1998 3060 2051 Ταῦτ’
3099 1995 3190 2052 οὖν
3236 1999 3455 2063 εἰδότες,
3500 1999 3713 2069 φεύγω-

2047 2103 2146 2156 μεν
2183 2087 2415 2158 τρυφὴν,
2443 2085 2830 2156 ἐπιμελώμεθα
2855 2086 3216 2156 συμμετρίας,
3245 2086 3332 2140 ἵνα
3361 2087 3455 2139 καὶ
3485 2088 3584 2158 τῆς
3612 2087 3708 2141 τοῦ

2043 2172 2294 2241 σώματος
2343 2171 2531 2240 ὑγείας
2581 2171 3000 2244 ἀπολαύσωμεν,
3039 2173 3133 2227 καὶ
3169 2172 3267 2245 τὴν
3319 2172 3495 2244 ψυχὴν
3535 2175 3714 2246 πάσης

2039 2259 2450 2324 ἀπαλλάξαντες
2491 2259 2824 2330 ἀρρωστίας,
2868 2259 2978 2312 τῶν
3024 2259 3322 2330 μελλόντων
3369 2261 3713 2331 ἐπιτύχωμεν

2039 2345 2284 2415 ἀγαθῶν,
2320 2346 2502 2417 χάριτι
2553 2348 2648 2400 καὶ
2709 2346 3088 2418 φιλανθρωπία
3151 2346 3242 2400 τοῦ
3300 2348 3504 2418 Κυρίου
3554 2349 3712 2418 ἡμῶν

2051 2429 2225 2501 Ἰησοῦ
2263 2430 2524 2502 Χριστοῦ,
2561 2425 2604 2499 ᾧ
2633 2434 2666 2503 ἡ
2715 2433 2842 2500 δόξα
2874 2436 2969 2489 καὶ
2996 2434 3056 2488 τὸ
3086 2435 3285 2506 κράτος
3311 2437 3391 2499 είς
3423 2437 3548 2499 τοὺς
3580 2436 3712 2488 αἰῶ-

2040 2534 2138 2582 νας
2167 2517 2278 2572 τῶν
2303 2517 2532 2574 αἰώνων.
2566 2520 2759 2592 Ἀμήν.

2945 2703 2986 2734 ¹⁹
3019 2700 3315 2772 πληροῦσιν
3348 2700 3584 2772 ἅπαντα]
3620 2701 3711 2755 Sic

2615 2772 2669 2823 m'
2705 2787 2810 2825 non
2847 2769 3212 2828 memincrlint
3239 2769 3583 2839 lnlcrprelcs.
3664 2772 3710 2803 “

2674 2841 2718 2916 ξ’
2747 2841 2958 2916 ἐκείνην
2978 2847 3042 2898 Α.
3074 2841 3137 2898 C.
3160 2840 3220 2897 Ρ.
3296 2842 3340 2873 ⁸³
3378 2841 3552 2910 μόνων
3578 2839 3708 2896 Edd.

262 2907 317 2952 ίι
349 2907 525 2970 iam:
549 2917 608 2970 E.
643 2907 820 2986 πολλῷ
842 2931 952 2971 om.
980 2913 1088 2968 Sav
1181 2911 1226 2944 ³⁵
1249 2907 1560 2982 σύμμετρον
1578 2909 1640 2966 F.
1671 2909 1798 2964 Sav.
1869 2908 1915 2940 ⁸⁸

2041 2910 2086 2988 τῇ
2116 2907 2273 2965 Εόάί
2326 2910 2372 2943 ⁸⁷
2401 2909 2772 2983 κατέστρεψαν
2797 2910 2858 2968 Ε.

1683 3287 1904 3343 ΤΕΛΟΣ
1937 3291 2172 3348 ΤΟΜΟΥ
2209 3296 2336 3351 NZ'.
