4056 6542
265 674 3538 729 mw

1529 833 1761 889 SANCTI
1797 833 2027 886 PATRIS
2061 832 2294 886 NOSTR!

747 1073 844 1230 J
853 1066 1241 1227 OAN
1247 1075 1372 1226 N
1380 1067 1558 1225 IS
1681 1063 3070 1224 CHRYSOSTOMI

1283 1372 1753 1420 ARCHIEPISCOPI
1799 1368 2524 1418 CONSTANTINOPOL‘ITANI

895 1593 1622 1722 HOMILIZE
1700 1595 1861 1719 IN
1955 1589 2497 1718 MATTH

1326 1593 1622 1721 LL/E
1700 1595 1861 1719 IN
1955 1588 2928 1738 MA'l‘THz‘EVM

807 1852 1096 1904 TEITYM
1129 1854 1217 1904 AD
1250 1852 1469 1904 FIDEH
1504 1854 1814 1907 CODICYH
1849 1851 1999 1905 MSS.
2033 1855 2120 1904 ET
2159 1851 2408 1903 νιιίςιο

1415 1855 1469 1903 Ἠ
1504 1854 1814 1907 CODICYH
1849 1851 1999 1905 MSS.
2033 1855 2120 1904 ET
2159 1851 2572 1903 νιιίςιοπνιι
2606 1845 3017 1900 ΕΠΕΝΠΔΥΙΤ

1015 1940 1441 1993 PRECIPVAH
1493 1941 1864 1994 LECTIONIS
1901 1939 2349 1990 ΥΔΒΙΕΤΔΤΒΠ
2383 1934 2797 1989 Αοεοηηειτ

1252 2025 1884 2077 JDNOTATIONIBVS
1917 2024 2045 2075 ΥΒΙ
2100 2024 2284 2074 οιηνε
2321 2023 2489 2072 ERAT
2526 2022 2611 2072 ΕΤ

1407 2109 1626 2161 ιδόνιε
1662 2109 2038 2161 ιΝυΙεΙΒγς
2073 2105 2465 2159 INSTRVIIT

307 2305 790 2369 PRIDEBICVS
831 2303 1051 2366 FIELD
1088 2307 1210 2366 AA.
1263 2305 1341 2365 M.
1388 2304 1738 2366 COLLEGII
1776 2306 1883 2367 SS.
1924 2305 2367 2366 TRINITATIS
2407 2307 2457 2367 Α
2495 2305 2701 2367 REGE
2743 2305 2923 2368 ΗΕΝ.
2971 2305 3106 2367 VIII
3141 2305 3479 2370 FVNDATI

1522 2411 1627 2473 ΗΝ
1632 2413 1726 2472 US
1767 2415 1812 2473 E
1851 2412 2279 2476 SODALITIO.

911 2595 1236 2662 Cantabrigia
1265 2597 1314 2647 in
1351 2595 1553 2648 Oﬁicina
1589 2597 1911 2657 Academica,
1948 2597 2188 2651 svmtibvs
2219 2597 2427 2652 editoris
2482 2596 2899 2652 MDCCCXXXIX.

1575 2788 2214 2822 —-——-ou——-—-

1537 2970 2262 3081 PBIEFATIO.

311 3389 509 3467 Quod
547 3385 1000 3468 Chrysostomo
1028 3385 1175 3468 ipsi,
1199 3385 1350 3448 dum
1380 3386 1444 3447 in
1471 3382 1623 3447 vivis
1647 3391 1802 3459 erat,
1833 3401 1868 3446 a
1901 3380 2292 3449 lividioribus
2323 3388 2737 3472 objiciebatur
2760 3393 2869 3472 (α),
2888 3410 3035 3457 eum
3073 3390 3337 3475 prolixis
3362 3405 3552 3453 exor-

227 3491 356 3558 diis
388 3489 730 3554 auditores
756 3487 1011 3562 morari,
1050 3482 1115 3548 id
1146 3502 1225 3546 ne
1260 3483 1417 3546 mihi
1462 3496 1721 3564 quoque
1775 3485 2027 3546 crimini
2059 3478 2266 3559 detur,
2303 3486 2613 3564 praafandi
2660 3492 2919 3568 negotio
2968 3491 3132 3556 intra
3167 3491 3553 3556 arctissimos

225 3589 477 3653 limites
511 3585 846 3659 concluso,
875 3580 956 3647 ad
1005 3581 1488 3646 disertissimum
1535 3579 1783 3642 Patrem
1846 3576 2177 3644 Lectorem
2225 3580 2562 3644 remittam.
2610 3586 2963 3667 Antequam
3025 3605 3176 3651 vero
3233 3587 3315 3651 ad
3369 3604 3553 3650 nova;

227 3686 555 3750 editionis
579 3683 938 3746 institutum
966 3682 1403 3762 rationemque
1435 3675 1917 3742 describendam
1954 3679 2274 3758 accingor,
2308 3697 2522 3760 Operae
2562 3685 2836 3761 pretium
2873 3685 3013 3762 erit,
3039 3685 3193 3766 quid
3231 3691 3375 3748 ante
3434 3701 3554 3747 nos

224 3790 294 3851 in
329 3787 461 3849 hac
499 3791 684 3867 parte
723 3782 1047 3846 immensae
1086 3781 1465 3861 scriptorum
1488 3776 2144 3858 ClirySOStomicorum
2177 3778 2369 3860 sylva;
2409 3782 2757 3846 excolenda
2787 3785 3063 3848 editores
3112 3783 3550 3866 praestiterint,

227 3884 524 3950 breviter
559 3898 911 3946 recensere.
933 3883 1089 3944 Nam
1119 3887 1183 3943 et
1213 3896 1344 3942 non
1372 3879 1590 3942 leviter
1621 3877 1868 3955 erravit,
1904 3880 2016 3960 qui
2042 3878 2210 3941 idem
2241 3879 2567 3959 negotium
2592 3881 2659 3942 in
2689 3881 3062 3946 Prmfatione
3091 3901 3205 3946 sua
3249 3883 3553 3964 suscepit,

225 3987 820 4063 Montefalconius,
880 3994 941 4049 et
997 3986 1076 4049 dc
1123 3985 1288 4048 veris
1341 3983 1541 4047 nostri
1575 3983 1774 4045 Patris
1832 3984 2184 4047 editionum
2214 3990 2348 4046 tum
2378 3983 2660 4049 fontibus
2715 3993 2849 4048 tum
2888 3985 3129 4049 meritis
3169 3986 3336 4050 viros
3367 3984 3552 4047 etiam

227 4090 663 4154 doctissimos
692 4089 756 4151 in
787 4101 1034 4150 summa
1067 4083 1423 4166 ignorantia
1458 4083 1692 4147 versari
1717 4082 1928 4147 video.

307 4195 362 4253 Ι.
418 4190 656 4253 Statim
693 4187 759 4250 in
805 4187 1118 4268 principio
1181 4185 1368 4266 hujus
1423 4183 1799 4262 argumenti,
1832 4187 2110 4249 notanda
2145 4193 2238 4248 est
2280 4188 2438 4249 mira
2475 4187 2950 4252 Montefalconii
2976 4187 3409 4262 hallucinatio,
3442 4186 3552 4267 qui

227 4293 535 4357 editione
585 4287 913 4362 Saviliana,
933 4303 1102 4353 anno
1126 4286 1279 4349 1612
1313 4285 1583 4367 vulgata,
1613 4285 1820 4366 primo
1848 4284 1993 4346 loco
2026 4287 2252 4364 posita,
2285 4285 2817 4350 Commelinianae
2855 4285 3208 4350 secundum
3235 4287 3553 4361 tribuerit,

225 4394 333 4456 his
379 4389 614 4456 verbis
665 4409 678 4451 :
723 4415 752 4447 α
792 4392 973 4453 Anno
1025 4385 1172 4451 1617
1215 4387 1408 4452 altera
1469 4387 1706 4469 prodiit
1774 4385 1969 4448 editio
1998 4387 2473 4454 Graeco-Latina
2524 4387 2941 4451 Homiliarum
2998 4388 3430 4469 Chrysostomi
3487 4389 3552 4449 in

222 4491 622 4557 Matthceum
654 4489 932 4570 atquein
969 4489 1278 4551 Joannem
1326 4503 1400 4549 ex
1431 4484 1681 4549 oﬂicina
1707 4483 2200 4548 Commcliniana
2238 4485 2700 4565 Heidelbergae.
2733 4486 2849 4562 Qui
2888 4494 3099 4552 autem
3139 4489 3308 4552 illam
3336 4488 3553 4570 publi-

222 4593 520 4658 candam
552 4597 879 4678 curarunt,
911 4588 1280 4651 Savilianam
1301 4588 1428 4667 jam
1485 4586 1769 4667 quinque
1799 4592 1944 4647 ante
1988 4587 2172 4649 annis
2214 4573 2506 4649 emissam
2537 4603 2619 4648 ne
2658 4588 2909 4650 novisse
2933 4588 3192 4669 quidem
3223 4588 3554 4678 videntur;

215 4696 286 4760 ill
297 4715 329 4757 θ
367 4698 561 4758 certe
600 4705 729 4752 non
756 4691 852 4750 usi
877 4692 1044 4762 sunt,
1081 4703 1200 4748 nec
1222 4686 1355 4764 ejus
1383 4684 1632 4767 uspiam
1658 4684 2108 4748 meminerunt.
2145 4706 2174 4742 »
2198 4686 2326 4747 Nec
2352 4683 2606 4745 mirum.
2641 4686 2799 4747 Nam
2826 4685 3171 4770 editionem
3214 4704 3392 4749 suam
3420 4703 3549 4749 non

217 4799 524 4877 quinque
568 4788 940 4868 annispcst,
981 4786 1091 4849 sed
1130 4786 1337 4847 decem
1392 4787 1577 4847 annis
1617 4796 1761 4847 ante
1801 4785 2115 4863 vulgatam
2143 4784 2540 4859 Savilianam,
2573 4785 2864 4849 videlicet
2889 4804 3060 4851 anno
3095 4787 3268 4864 1602,
3311 4787 3549 4869 publici

204 4896 383 4977 juris
413 4893 728 4956 fecerunt
755 4904 770 4962 ;
809 4885 1316 4967 eamqueipsam,
1340 4892 1411 4948 ut
1442 4903 1591 4949 mox
1635 4885 2011 4960 videbimus,
2043 4884 2305 4947 Savilius
2340 4885 2687 4965 typothetaa
2726 4903 2843 4949 suo
2869 4889 3343 4969 exprimendam
3367 4889 3552 4950 tradi—

217 4997 341 5059 dit.
378 4996 525 5056 Res
557 4997 773 5053 autem
804 4995 898 5050 est
921 4987 1096 5050 haac:
1127 4986 1383 5050 Prodite
1412 4986 1758 5067 exemplari
1777 4985 2146 5063 Anglicano,
2178 4984 2772 5064 Heidelbergenses,
2805 5005 2886 5052 ne
2917 5006 3031 5052 sua
3072 4989 3268 5053 editio
3290 5008 3551 5072 prorsus

216 5097 714 5167 obsolesceret,
746 5091 942 5154 libros
974 5107 1139 5154 novo
1186 5089 1390 5165 titulo,
1411 5107 1647 5153 annum
1676 5089 2092 5170 posteriorem
2112 5087 2270 5151 falso
2303 5087 2569 5163 ferente,
2606 5091 2950 5156 instructos
2981 5094 3356 5170 emiserunt;
3385 5115 3549 5177 quo-

213 5219 367 5268 rum
404 5209 630 5260 unum
664 5190 915 5253 incaute
943 5188 1273 5269 descripsit
1305 5186 1847 5251 Montefalcunius.
1880 5189 1998 5261 Qui
2021 5194 2232 5249 tamen
2262 5203 2344 5250 ne
2388 5187 2476 5250 sic
2513 5188 2774 5268 quidem
2823 5194 3222 5256 excusandus
3242 5205 3360 5257 est.
3394 5196 3548 5260 Nam
3628 5239 3630 5241 ›

219 5302 519 5368 Savilius
543 5294 691 5378 ipse
732 5291 801 5352 in
831 5291 999 5354 notis
1027 5291 1105 5355 ad
1132 5288 1520 5353 Homiliasin
1550 5289 1912 5352 Matthaeum
1941 5290 2028 5354 sic
2055 5291 2356 5371 praefatus
2386 5297 2518 5379 erat
2551 5310 2565 5353 :
2605 5317 2634 5349 α
2666 5295 2854 5358 Hisce
2877 5297 3248 5378 (codicibus)
3279 5302 3550 5365 accessit

221 5406 433 5473 editio
477 5396 757 5477 vulgata
789 5391 1448 5472 Hoideibergensz’s,dc
1478 5408 1600 5472 qua
1633 5391 1918 5471 quamvis
1943 5391 2296 5453 innumeris
2325 5399 2560 5455 scateat
2589 5395 2932 5471 erroribus,
2957 5414 3232 5478 quorum
3253 5417 3549 5479 magnam

220 5511 286 5566 et
319 5507 514 5567 certe
557 5492 902 5558 maximam
932 5496 1172 5569 partem
1201 5504 1319 5552 nos
1367 5491 1872 5570 expurgavimus.
1903 5496 2114 5553 tamen
2155 5490 2348 5572 gratia
2378 5491 2646 5555 debetur
2687 5493 2873 5556 bonis
2913 5495 3036 5558 illis
3074 5497 3258 5574 viris,
3300 5501 3447 5580 quia
3491 5510 3547 5563 cl

219 5605 411 5690 prius
443 5595 709 5664 inedita
749 5593 936 5658 edere
965 5595 1320 5669 voluerunt,
1355 5596 1548 5677 idque
1580 5598 1752 5659 libris
1775 5592 1911 5660 'non
1939 5597 2479 5678 negligentissime
2507 5599 2834 5681 inspectis.
2872 5625 2900 5658 »
2931 5605 3175 5684 Itaque,
3204 5611 3274 5668 ut
3302 5606 3380 5667 ad
3411 5624 3546 5669 rem

216 5707 620 5773 redeamus,
653 5696 1080 5775 Cbrysostomi
1103 5693 1405 5760 Bomilias
1423 5697 1488 5759 in
1512 5697 1868 5762 Matthaeum
1894 5700 1976 5784 (ὁ)
2000 5700 2241 5780 primus
2271 5701 2479 5763 Graece
2520 5700 2714 5764 edidit
2756 5701 2920 5784 (nam
2952 5702 3031 5765 de
3061 5705 3293 5767 Latinis
3309 5704 3546 5768 editio-

287 5895 377 6037 ἔα)
399 5893 543 5950 Vid.
572 5887 717 6013 Om;i
749 5897 882 5970 toni.
904 5883 990 5950 Ill,
1033 5903 1089 5957 p.
1122 5889 1242 5945 115.
1730 5959 1742 5973 ⁸

311 5974 368 6036 υ)
406 5963 643 6020 Harum
719 5960 1022 6014 carinarum
1048 5975 1156 6013 una
1186 5970 1241 6016 et
1256 5960 1426 6018 altera
1455 5976 1701 6019 seorsum
1723 5976 1834 6033 3am
1865 5976 1889 6017 a

572 5887 660 5958 Op
701 5927 717 5942 .
749 5897 882 5944 tom.
904 5883 990 5950 Ill,
1033 5903 1089 5957 ι).
1122 5889 1242 5945 115.

567 5974 643 6014 un
663 5904 1022 6014 Ιἷιθιιιὶιὶειηιιῐι
1048 5975 1156 6013 una
1186 5970 1241 6016 et
1256 5960 1426 6018 altera
1455 5976 1701 6019 seorsum
1723 5959 1834 6033 jam
1865 5969 1989 6017 ante
2017 5960 2169 6031 prodi

311 5960 368 6036 υ)
406 5963 643 6020 Harum
673 5960 1022 6014 Homiliarum
1048 5975 1156 6013 una
1186 5970 1241 6016 et
1256 5960 1426 6018 altera
1455 5976 1701 6019 seorsum
1723 5960 1834 6033 jam
1865 5969 1989 6017 ante
2017 5960 2360 6031 prodierant.

581 6052 858 6115 Ριτιιοι.
893 6052 1009 6115 Gn.
1040 6053 1237 6118 LVll.

3173 6064 3201 6122 1
