4056 6534
458 514 531 564 ,τι
1064 542 1085 565 ε
1692 488 1869 547 Fltll).
1912 486 2060 546 FIEL

1064 542 1085 565 ε
1692 488 1869 547 Ρηιι).
1912 486 2114 546 FIELD
2151 483 2522 544 ΡΒΞΡΑΤΙΟ

495 601 675 666 nihils
710 617 877 665 nunc
904 617 1031 661 non
1078 598 1300 675 dicem)
1334 593 1755 659 Commelinus
1784 588 2212 670 typographus
2240 583 2804 677 Heidelbergensis,
2844 580 2906 643 in
2947 587 3259 639 volumine
3290 572 3466 655 cujus
3492 568 3722 633 insen-

492 706 623 782 piio
656 701 787 763 huic
819 708 910 763 est
942 718 955 759 Ζ
988 708 1094 761 Τοῦ
1112 709 1168 760 ὲν
1198 706 1369 774 ἁγίοις
1396 704 1607 776 Harpe;
1636 703 1789 775 ἡμῶν
1830 702 2073 756 Ἰωάννου

2118 698 2195 750 τοῦ
2232 696 2612 769 Χρυσοπόμω
2642 692 3070 765 ὰρχιεπισκόπου
3104 682 3720 743 Κωνσταντινουπόλεως

506 811 799 881 Ἐρμηνεία
831 813 910 875 εἰς
942 811 1002 865 τὸ
1032 811 1171 864 κατὰ
1195 808 1468 871 Ματθαῖυν
1497 807 1649 876 ἅγιον
1688 802 2036 873 Εὑαγγέλιον.
2079 794 2108 853 ἑ

2123 793 2301 852 'ancti
2342 791 2551 853 Patris
2597 789 2800 848 nostri
2829 784 3092 846 Joannis
3148 777 3571 857 Chrysostomi
3616 790 3725 832 ar—

494 879 867 982 chiepiscopi
898 898 1515 979 Constantinopoleos
1576 898 1911 976 Expositio
1950 894 2017 955 in
2071 890 2483 969 Evangelium
2526 886 2859 949 secundum
2901 882 3281 945 Matthwum.
3325 879 3528 940 Grmce
3565 886 3727 933 nunc

496 1003 762 1080 primum
810 1003 1179 1081 producitur
1217 1022 1245 1063 e
1282 1000 1424 1061 mss.
1470 999 1788 1062 illustriss.
1824 997 1906 1078 (ιι)
1941 994 2452 1057 bibliothecarum
2500 989 2829 1061 Palatinis,
2859 988 3139 1059 Bavarw,
3167 983 3573 1081 Augustarum
3596 989 3730 1033 cum

432 1164 439 1171 η
497 1073 1009 1178 interpretatione
1052 1098 1302 1161 Aniani.
1335 1100 1589 1161 Accedit
1611 1073 2100 1161 Commentarius
2137 1113 2298 1154 mere
2329 1094 2587 1154 Latinus
2633 1092 2699 1153 in
2743 1086 3130 1158 Matt/mrum,
3162 1080 3354 1184 vulgo
3392 1073 3731 1184 attributus

502 1177 692 1264 cidem
721 1204 794 1262 D.
831 1202 1409 1279 Chrysostomo.Ex
1437 1204 1691 1281 ofﬁcina
1722 1199 2233 1264 Commelim'ana.
2255 1198 2405 1259 Cum
2442 1192 2815 1274 privilegiis.
2836 1190 3067 1250 MDCI‘l.
3091 1181 3267 1257 Quod
3298 1180 3398 1241 hic
3418 1177 3496 1239 de
3513 1177 3733 1283 Amani

505 1300 1014 1381 interpretatione
1066 1304 1380 1376 asseritur,
1418 1304 1477 1365 id
1513 1303 1762 1365 nonnisi
1793 1302 1870 1364 de
1915 1309 2056 1365 octo
2117 1299 2429 1381 prioribus
2472 1294 2742 1358 homiliis
2788 1286 3263 1366 intelligendum
3303 1286 3397 1343 est
3430 1296 3442 1338 :
3481 1292 3626 1340 nam
3670 1290 3733 1333 1n

504 1399 708 1461 fronte
738 1399 907 1461 hom.
958 1419 1027 1463 1x
1078 1402 1316 1464 diserte‘
1357 1402 1602 1479 legitur,
1639 1403 1903 1481 Georgio
1948 1400 2359 1480 Trapezuntio
2414 1398 2771 1483 interprete.
2802 1383 3295 1451 Commentarios
3341 1385 3547 1441 autem
3575 1392 3737 1483 mare

509 1503 763 1563 Latinus
798 1503 849 1565 is
872 1510 985 1576 est,
1014 1505 1120 1584 qui
1169 1505 1351 1581 vulgo
1389 1476 1823 1583 Chrysostomi
1850 1527 1878 1561 σι
1922 1476 2090 1582 θριιᾷ
2127 1500 2552 1581 imperfectum
2609 1480 2677 1557 in
2714 1492 3079 1557 Matthcum
3110 1510 3150 1589 Δ»
3185 1476 3740 1589 _nuncupatur,‘de

509 1618 661 1683 quo
693 1611 920 1682 praeter
952 1576 1109 1665 alios
1156 1576 1307 1682 egitw
1329 1576 1575 1679 Minius,
1605 1576 2163 1683 Prolegom.-num.
2193 1576 2372 1662 'l03'l.
2412 1596 2495 1661 De
2543 1598 2760 1658 Graeco
2814 1593 3002 1672 hujus
3054 1583 3342 1691 editionis
3400 1576 3744 1691 exemplari

511 1681 734 1781 printer
756 1701 961 1764 Savilii
989 1681 1406 1765 testimonium
1434 1722 1622 1784 supra
1672 1681 1923 1787 allatum
1963 1720 2162 1785 pauca
2186 1700 2499 1764 mouenda
2532 1705 2698 1760 sunt.
2723 1694 3019 1756 Codicum
3044 1683 3464 1789 dissensionis.
3496 1681 3583 1789 in.
3609 1681 3747 1739 toto

510 1816 704 1880 apere
749 1801 916 1863 nulla
968 1802 1223 1864 mentio.
1266 1805 1481 1867 Plures
1509 1780 1718 1866 autem
1742 1780 1935 1867 libros
1961 1780 2028 1865 in
2054 1802 2289 1863 Graecis
2310 1794 2767 1861 constituendis
2804 1790 3088 1854 evolutos
3115 1801 3286 1856 esse,
3320 1780 3589 1843 dubitari
3616 1792 3743 1839 non

516 1908 753 1982 potest;
786 1904 848 1963 in
874 1904 1099 1983 quibus
1124 1908 1453 1968 tractandis
1475 1907 1677 1969 editor
1711 1906 1874 1971 hanc
1915 1906 2123 1984 legem
2161 1904 2280 1965 sibi
2338 1899 2713 1981 imposuisse
2742 1895 3006 1967 videtur,
3044 1897 3112 1953 ut
3155 1887 3441 1969 pleniore
3478 1882 3747 1945 lectione

516 2006 577 2064 in
613 2007 843 2064 textum
881 2003 1404 2072 relete.vocabule
1425 2025 1566 2086 quae
1591 2006 1658 2071 in
1684 2026 1813 2072 uno
1844 2014 1949 2071 aut
1970 2007 2251 2089 pluribus
2297 2003 2617 2067 codicibus
2645 2018 2775 2063 non
2806 1991 3333 2068 exstarent,uncis
3363 1986 3747 2051 includeret:

515 2120 700 2183 quam
752 2104 1005 2184 quidem
1063 2106 1337 2184 regulam
1379 2124 1455 2171 eo
1490 2127 1698 2190 usque
1750 2108 2139 2181 observavit,
2203 2114 2271 2169 ut
2315 2103 2853 2168 menifestissimos
2893 2106 3151 2180 prepter
3212 2089 3749 2156 homoeoteleuton

518 2201 793 2268 defectus
818 2205 1036 2269 iisdem
1064 2208 1226 2269 notis
1267 2208 1697 2287 distingueret.
1727 2210 1813 2272 De
1840 2209 1936 2271 his
1965 2209 2128 2270 notis
2156 2208 2321 2270 aliud
2354 2219 2545 2286 porro
2576 2201 2965 2264 monendum
3004 2205 3117 2271 est,
3168 2193 3457 2258 videlicet
3479 2208 3593 2271 per
3619 2190 3753 2250 Hos

518 2303 717 2366 milies
746 2323 846 2377 XL,
878 2323 982 2366 xu
1012 2312 1072 2368 et
1098 2323 1224 2367 xm
1251 2324 1354 2369 eas
1390 2307 1633 2387 parcius
1664 2308 2087 2381 dissemineri;
2139 2307 2205 2367 in
2264 2304 2462 2365 tribus
2516 2308 2723 2363 autem
2774 2297 3185 2380 sequentibus
3221 2292 3424 2355 nullas
3471 2295 3755 2352 exstare:

520 2403 686 2466 unde
716 2404 1016 2466 Homilies
1042 2406 1189 2466 istas
1211 2423 1285 2467 ex
1322 2407 1511 2468 unico
1551 2406 1768 2469 codice
1798 2406 2140 2485 descriptas
2180 2421 2340 2477 esse,
2372 2402 2581 2479 colligi
2611 2405 2839 2481 potest.
2866 2400 3013 2458 Post
3036 2392 3358 2456 homiliam
3394 2407 3514 2450 xnv
3546 2406 3759 2450 rursus

522 2510 815 2567 notentur
861 2505 1147 2569 codicum
1203 2504 1505 2580 defectus,
1538 2504 1649 2567 sed
1687 2505 2032 2585 aliquanto,
2065 2505 2128 2566 ni
2174 2500 2379 2575 fallor,
2412 2500 2762 2581 pauciores.
2801 2499 3121 2559 Postremo
3151 2495 3228 2555 ab
3260 2491 3517 2554 homilia
3548 2507 3759 2551 Lxxxv

523 2600 600 2675 ad
626 2600 905 2663 ultimam
938 2606 1139 2663 textus
1169 2600 1530 2681 hujusmodi
1557 2602 1751 2678 signis
1785 2603 2046 2663 omnino
2098 2618 2323 2681 expers
2388 2606 2503 2663 est.
2536 2598 2720 2676 Cujus
2758 2595 2872 2669 rei,
2930 2611 3073 2657 cum
3104 2591 3195 2654 de
3228 2592 3552 2654 codicibus
3578 2606 3763 2651 manu

525 2699 771 2779 scriptis
797 2699 1132 2760 dicendum
1172 2698 1379 2771 fuerit,
1419 2699 1585 2763 ratio,
1602 2698 1929 2760 constabit.
1963 2699 2168 2761 Unum
2206 2698 2451 2771 addam,
2486 2694 2841 2775 exemplum
2866 2693 3055 2772 hujus
3083 2691 3401 2767 editionis,
3418 2690 3589 2771 quod
3617 2690 3772 2753 olim

531 2799 719 2862 lseaci
748 2797 1091 2860 Cesenboni
1128 2797 1273 2872 fuit,
1300 2796 1570 2859 Londini
1616 2798 1685 2859 in
1712 2799 1925 2860 Museo
1956 2798 2313 2863 Britannico
2364 2803 2629 2870 exstare,
2673 2795 2852 2876 cujus
2876 2792 2942 2854 in
2973 2792 3187 2853 limine
3222 2808 3415 2872 pauca
3456 2789 3769 2869 quaedam,

527 2903 606 2965 ad
634 2920 733 2966 res
760 2903 824 2963 in
856 2902 1075 2982 primis
1107 2903 1507 2982 pertinentia,
1540 2903 1776 2964 notavit
1809 2902 1902 2965 vir
1927 2920 2212 2979 magnus,
2243 2901 2464 2963 harum
2508 2900 2930 2974 homilierum,
2965 2904 3034 2959 ut
3053 2914 3127 2959 ex
3159 2896 3609 2959 commentario
3640 2894 3773 2973 ejus

532 2999 610 3063 ad
639 3000 832 3060 Persii
859 3007 1093 3078 setyres
1117 2999 1281 3062 facto
1306 3007 1589 3080 apparet,
1620 3001 1819 3063 lector
1855 3001 2371 3064 studiosissimus.

613 3099 691 3162 Π.
734 3098 1155 3177 Chrysostomi
1184 3101 1385 3180 Opera
1432 3100 1643 3162 omnia
1675 3101 1890 3163 Greece
1930 3100 2122 3163 edidit
2165 3100 2472 3162 Henricus
2536 3097 2818 3172 Sevilius,
2866 3098 3081 3160 Etonaa
3135 3112 3302 3158 anno
3335 3093 3506 3169 1612,
3541 3095 3606 3154 in
3636 3099 3776 3155 octo

536 3206 741 3262 tomos
768 3200 1113 3278 distributa,
1149 3220 1419 3282 quorum
1468 3202 1782 3275 secundus
1824 3205 2127 3264 Homilies
2172 3202 2238 3263 in
2267 3202 2623 3263 Mattheeum
2655 3208 2715 3261 et
2744 3202 3048 3261 Joannem
3096 3198 3552 3278 complectitur.
3583 3197 3777 3277 Hujus

536 3293 773 3358 ultimae
825 3298 1069 3376 paginas
1105 3298 1441 3377 ascriptum
1492 3304 1605 3366 est,
1642 3298 1859 3359 Ειοηω
1900 3317 2189 3360 excusum
2218 3300 2297 3382 in
2338 3297 2610 3377 Collegia
2641 3296 2863 3377 Reguli
2917 3299 3182 3361 MDCX.
3208 3297 3688 3378 Typographus,
3715 3302 3780 3357 ut

537 3410 726 3475 supra
750 3396 1040 3465 diximus.
1080 3386 1421 3473 exemplari
1453 3396 1946 3457 Commeliniano
1982 3414 2134 3458 usus
2169 3404 2283 3474 est,
2316 3398 2394 3459 ab
2420 3398 2618 3477 ipsius
2647 3396 2850 3459 Sevilii
2873 3415 3064 3459 manu
3100 3396 3571 3474 diligentissime
3602 3412 3778 3459 reco-

541 3496 736 3575 gnito,
771 3497 937 3575 quod
968 3498 1173 3577 ipsum
1210 3496 1412 3560 adhuc
1437 3497 1660 3559 Oxonii
1685 3500 1751 3559 in
1780 3497 2159 3563 bibliotheca
2188 3500 2525 3564 Bodleiana
2553 3499 2842 3579 religiose
2864 3506 3164 3561 servatur.
3186 3499 3303 3561 Hic
3323 3498 3472 3575 illic,
3494 3499 3559 3560 in
3581 3504 3782 3580 poste-

540 3599 705 3661 riore
734 3601 1102 3679 praesertim,
1134 3599 1185 3660 si
1217 3599 1379 3661 bene
1398 3600 1681 3673 memini,
1720 3600 2054 3664 voluminis
2109 3610 2311 3683 parte,
2348 3620 2466 3683 pro
2516 3619 2746 3665 excuso
2793 3600 3207 3682 archetypum
3241 3617 3432 3663 manu
3460 3600 3785 3681 scriptum,

541 3700 939 3763 emendatum
1000 3708 1060 3761 et
1103 3700 1279 3773 illud,
1318 3716 1529 3780 Operae
1583 3710 2047 3781 eXpresserunt.
2090 3705 2176 3765 De
2232 3703 2525 3767 subsidiis
2583 3721 2712 3765 suae
2757 3704 3144 3766 recensionis
3186 3718 3387 3783 pauca
3426 3718 3541 3762 nos
3578 3700 3791 3763 docuit

540 3802 745 3866 editor
773 3803 1084 3882 egregius,
1123 3821 1262 3884 qum
1299 3802 1402 3866 hic
1433 3804 1787 3867 exscribere
1826 3823 1954 3868 non
1976 3807 2297 3886 gravabor.
2330 3832 2358 3863 α
2380 3809 2617 3868 Harum
2648 3806 2989 3868 editionem
3016 3804 3429 3866 Homiliarum
3458 3801 3787 3865 adornavi-

542 3920 703 3979 mus,
752 3909 994 3979 Lector,
1036 3925 1108 3968 ex
1140 3908 1422 3987 quinque
1450 3902 1623 3969 libris
1668 3926 1859 3969 manu
1910 3909 2178 3990 scriptis.
2235 3911 2517 3972 Primum
2556 3909 2739 3973 nobis
2791 3907 3073 3971 exhibuit
3118 3906 3497 3970 bibliotheca
3542 3905 3789 3986 collegii

544 4007 835 4086 Corporis
872 4009 1091 4070 Christi
1136 4008 1385 4081 Oxonii,
1414 4026 1449 4069 a
1496 4009 1849 4088 SerbOpulo
1878 4010 2175 4090 quodam,
2206 4010 2464 4075 homine
2489 4012 2730 4085 Grieco,
2760 4026 2928 4081 anno
2958 4008 3374 4071 MCCCCXCIX
3417 4010 3562 4069 satis
3589 4006 3793 4085 negli-

546 4112 765 4185 genter
792 4112 848 4167 et
888 4107 1171 4185 imperite
1201 4108 1525 4185 scriptum,
1583 4106 1881 4185 Redingaa
1914 4109 1979 4169 in
2012 4109 2256 4187 Anglia,
2281 4110 2430 4171 XLV
2472 4116 2707 4171 tantum
2738 4110 2981 4190 priores
3007 4109 3309 4171 Homilies
3338 4110 3793 4173 continentem.

548 4207 896 4271 Secundum
930 4206 1307 4270 bibliotheca
1332 4208 1729 4268 illustrissimi
1772 4210 1996 4269 Cincilii
2053 4210 2296 4270 comitis
2338 4211 2733 4283 Oxonicnsis,
2760 4210 2839 4271 ab
2876 4212 3102 4273 eodem
3139 4208 3517 4290 .SerbOpulo
3558 4207 3797 4270 ibidem

547 4310 768 4371 eadem
794 4296 913 4369 ﬁde
948 4316 1008 4367 et
1036 4307 1349 4385 diligentia
1379 4307 1678 4385 scriptum
1709 4292 1877 4367 anno
1904 4312 2231 4387 sequente,
2268 4324 2356 4369 sc.
2387 4306 2519 4381 MD,
2543 4305 2814 4386 reliquas
2840 4308 3219 4388 posteriores
3244 4305 3792 4387 complectentem.
3845 4336 3849 4339 -

556 4412 835 4473 Tertium
869 4410 1053 4472 nobis
1070 4410 1347 4472 codicem
1374 4409 1545 4471 dedit
1574 4408 1957 4472 bibliotheca
1982 4408 2237 4489 Collegii
2263 4410 2420 4473 Novi
2448 4410 2691 4479 Oxonii,
2726 4415 2787 4472 et
2820 4420 3110 4491 quartum
3135 4408 3513 4471 bibliotheca
3542 4408 3795 4469 Univer-

549 4511 742 4574 sitatis
797 4512 1189 4587 Oxoniensis,
1242 4511 1778 4592 Constantinopoli
1809 4530 2014 4591 nuper
2065 4513 2417 4588 advectum,
2458 4512 2735 4577 melioris
2787 4521 2953 4577 notae
3002 4520 3063 4577 et
3106 4514 3434 4595 antiquum
3464 4514 3635 4582 satis,
3667 4526 3805 4571 non

551 4610 765 4691 plures
827 4619 1036 4673 tamen
1095 4629 1387 4691 quemque
1418 4629 1605 4692 quam
1656 4630 1797 4674 xLIv
1833 4621 1939 4677 aut
1967 4632 2093 4675 χω*
2131 4614 2375 4696 priores
2422 4622 2995 4699 repraesentantem.
3059 4616 3359 4692 Quintum
3397 4620 3458 4673 et
3508 4611 3800 4672 ultimum

554 4710 931 4787 posteriores
972 4708 1280 4784 homilias,
1310 4727 1544 4791 easque
1571 4728 1701 4774 non
1728 4711 1915 4792 plene
1947 4713 2402 4787 continentem,
2430 4712 2540 4774 sed
2577 4715 2827 4792 Optimae
2865 4730 3007 4776 cum
3038 4710 3257 4792 primis
3286 4716 3453 4772 notes
3489 4708 3799 4781 codicem,

554 4826 744 4895 supra
778 4827 1277 4877 commemoratae
1308 4812 1733 4876 Universitatis
1760 4812 2157 4877 bibliothecas
2187 4814 2511 4877 debemus.
2543 4837 2569 4871 λι
2590 4816 2827 4875 Horum
2858 4821 2983 4875 tres
3012 4813 3257 4893 priores
3296 4828 3427 4873 non
3472 4808 3797 4886 indagavi;

556 4922 813 4992 quartus
831 4916 1029 4979 codex
1060 4915 1112 4976 is
1135 4922 1248 4987 est,
1278 4916 1343 4979 ni
1374 4914 1576 4987 fallor,
1598 4915 1724 4996 qui
1753 4916 1942 4979 hodie
1971 4916 2148 4978 Bodl.
2185 4915 2291 4977 160
2323 4910 2610 4978 notatur:
2651 4916 2758 4995 qui
2784 4923 2992 4976 tamen
3020 4930 3150 4976 non
3177 4930 3327 4975 xw:
3359 4922 3463 4974 aut
3500 4928 3644 4984 ην,
3687 4910 3799 4972 sed

558 5032 682 5081 xw
712 5021 949 5081 tantum
994 5013 1283 5075 humilius
1313 5014 1611 5076 continet.
1653 5014 1778 5075 Sed
1808 5021 2225 5094 praeterquam
2288 5012 2460 5095 quod
2512 5014 2722 5075 caeteri
2784 5032 3005 5076 omnes
3060 5013 3447 5076 Oxonienses
3491 5013 3688 5073 serius
3733 5010 3798 5071 in

561 5115 1000 5180 bibliothecam
1037 5118 1362 5185 venerunt,
1405 5113 1712 5176 lectiones
1741 5114 2038 5193 quasdam
2070 5132 2326 5195 prorsus
2360 5114 2730 5193 singulares,
2755 5131 2791 5176 a
2820 5114 3045 5176 Sevilio
3075 5112 3139 5175 in
3184 5114 3349 5175 notis
3385 5130 3461 5175 ex
3494 5112 3658 5173 libro
3683 5126 3798 5171 suo

562 5213 1251 5294 Constantinopolitano
1283 5221 1631 5295 excerptas,
1673 5214 1739 5275 in
1777 5214 1941 5277 dicto
1972 5215 2189 5278 codice
2218 5216 2559 5277 Bodleiano
2587 5214 2796 5277 inveni
2827 5214 2936 5295 (ὸ).
2964 5215 3264 5275 Caeterum
3292 5219 3497 5275 utrum
3544 5217 3801 5291 quartus

562 5322 674 5382 iste
705 5317 904 5381 codex
924 5316 1171 5391 Savilio,
1205 5315 1355 5379 dum
1383 5323 1621 5383 textum
1678 5316 1898 5380 harum
1931 5317 2328 5381 homilierum
2373 5319 2801 5391 concinnaret,
2832 5319 2911 5381 ad
2930 5334 3182 5381 manum
3212 5317 3427 5391 fuerit,
3459 5335 3537 5379 an
3577 5316 3798 5391 serius,

636 5553 711 5627 (et)
741 5551 895 5627 Unde
923 5566 1069 5605 noro
1088 5560 1405 5627 argumento
1427 5551 1641 5621 probari
1667 5561 1867 5627 potest.
1900 5570 1999 5624 pro,
2023 5554 2125 5612 hoc
2304 5559 2377 5625 (ὁ)
2418 5556 2533 5612 Vid.
2568 5556 2764 5612 Adnot.
2793 5559 2857 5611 ad
2884 5574 2974 5627 pp.
3004 5514 3130 5617 240.
3163 5553 3411 5627 2422255
3462 5552 3571 5627 (ad
3597 5550 3797 5627 calcem

567 5619 728 5699 titulo
760 5622 927 5699 alium
960 5619 1515 5699 postea—suppositum
1541 5619 1685 5699 esse:
1731 5622 1865 5699 Nam
1894 5619 1974 5699 ἃς
1991 5626 2123 5679 sub-
2232 5619 2401 5698 partis
2428 5628 2679 5699 secunda:
2708 5619 2903 5698 hujus'
2923 5619 3265 5699 voluminis).
3290 5619 3513 5699 Pagiuas
3560 5620 3799 5699 intellige

564 5689 719 5743 sidiis
760 5689 922 5758 hujus
962 5688 1219 5767 editionis
1266 5688 1711 5767 Montel'alconius
1732 5693 1810 5747 sic
1840 5716 1851 5746 ;
1883 5714 1899 5745 ι
1936 5694 2121 5749 Graeca
2231 5688 2925 5767 editionishlaurinac'quas
2967 5698 3112 5753 inter
3160 5688 3329 5749 un'cos
3353 5688 3409 5749 iii
3440 5700 3589 5746 textu
3610 5692 3797 5760 posui.~

566 5772 628 5811 ei
656 5773 809 5818 mss..
842 5767 897 5813 ut
947 5760 1166 5813 credere
1208 5766 1311 5833 est,
1337 5758 1592 5833 Palatinis
1624 5772 1924 5818 erucrunt:
1958 5779 2121 5830 neque
2231 5783 2369 5822 mus.
2410 5767 2565 5821 Εωτ.
2590 5764 2778 5833 Pun.)

569 5833 702 5880 enim
744 5838 1075 5884 monuerunt.
1111 5833 1246 5882 unde
1274 5830 1672 5895 desumpserint.
