4056 6550
1547 408 1734 467 FltlD.
1771 408 1971 464 FtELD
2013 401 2402 462 Pit.£F.\TIO.

2013 401 2402 462 Pit.£F.\TIO.
3537 414 3595 451 ιη

322 513 475 561 cum
527 499 611 562 ad
666 506 846 562 notas
889 502 1141 562 ventum
1186 506 1369 572 esset,
1402 499 1461 560 ei
1521 498 1890 571 innotuerit,
1924 497 2076 559 mihi
2134 497 2395 578 quidem
2426 513 2553 557 non
2599 496 2816 575 liquet.
2852 501 3064 563 Restat
3090 500 3347 582 quintus
3380 497 3605 568 codex,

329 597 742 675 Bodleianus,
782 600 1068 663 homilias
1099 604 1478 681 posteriores
1526 619 1746 681 easque
1774 618 1900 661 non
1928 598 2106 679 plene
2159 599 2513 668 continens;
2543 616 2732 680 quem
2764 600 2868 663 diu
2894 601 3288 681 multumque
3319 616 3612 681 qumrens

322 699 565 764 frustra
595 701 711 777 fui,
742 703 945 766 donec
973 704 1207 778 inveni,
1240 720 1383 765 eum
1442 702 1506 764 in
1537 702 1830 781 Catalogo
1853 719 2029 764 num.
2065 698 2219 762 3019
2247 700 2363 763 sub
2388 700 2598 764 indice
2635 702 3057 779 tenebricoso,
3088 706 3150 766 Ι.
3182 701 3611 780 Chrysostomi

325 799 630 865 Homilies
650 800 915 883 aliquot,
949 803 1162 866 latere.
1192 804 1393 884 Hujus
1416 820 1562 883 pars
1607 804 1864 884 antiqua
1894 807 1955 865 et
1985 801 2464 865 membranacea
2510 818 2637 865 non
2676 804 2820 884 plus
2851 822 3037 885 quam
3067 823 3183 866 xxx
3203 803 3514 877 bomilias,
3545 802 3608 863 id

324 905 444 974 est,
478 916 517 960 a
568 917 636 980 p.
664 898 785 961 564
823 901 869 960 Β
905 899 984 962 ad
1024 919 1090 981 p.
1136 898 1249 962 741
1291 904 1340 961 Α
1395 899 1876 980 complectitur;
1936 908 1999 962 et
2036 898 2247 981 quoad
2289 904 2494 962 textus
2521 904 2958 966 recensionem
3010 905 3419 968 amtissimam
3461 922 3609 979 cum

322 1000 533 1079 Regio
558 999 673 1061 688
714 998 976 1081 pesthac
996 1000 1411 1064 describenda
1432 1001 1793 1064 afﬁnitatem
1820 1018 1951 1083 prae
1973 1018 2040 1063 se
2066 999 2493 1080 fcrt.Reliqua
2512 1001 2791 1082 ejusdem
2822 1004 3158 1068 voluminis
3186 1022 3333 1086 pars
3364 1003 3609 1066 nullum

325 1116 603 1180 prorsus
656 1099 735 1163 ad
774 1099 1037 1163 criticen
1060 1118 1244 1162 usum
1277 1100 1492 1165 habet.
1526 1104 1743 1180 Itaque
1772 1105 2038 1174 constat,
2063 1107 2293 1180 praeter
2325 1098 2554 1163 librum
2587 1102 3048 1182 Redingianum
3101 1103 3608 1166 recentissimum

266 1200 273 1203 ⁷
327 1204 389 1261 et
419 1217 456 1261 a
477 1199 690 1261 scriba
722 1198 1018 1279 imperito
1044 1198 1455 1280 descriptum,
1481 1207 1609 1262 tres
1634 1206 1875 1261 tantum
1902 1198 2160 1262 codices
2187 1197 2416 1261 Savilio
2452 1208 2685 1279 praasto
2713 1200 2931 1277 fuisse,
2970 1203 3096 1267 duo
3119 1204 3406 1267 videlicet
3447 1204 3614 1284 prio—

325 1300 414 1365 ris
448 1301 675 1382 partis,
708 1308 769 1365 et
797 1320 1019 1375 unum,
1048 1317 1326 1382 eumque
1357 1300 1534 1363 valde
1559 1301 1874 1373 mutilum,
1895 1299 2285 1381 posterioris.
2308 1300 2496 1363 Hisce
2525 1301 2821 1364 subsidiis
2850 1320 2999 1365 sane
3020 1304 3413 1370 tenuioribus
3443 1322 3607 1384 quo-

326 1404 525 1468 modo
574 1422 731 1467 usus
755 1404 967 1479 fuerit,
999 1421 1171 1466 nunc
1201 1402 1569 1465 videndum.
1606 1401 1939 1482 Exemplar
1986 1398 2547 1479 Heidelbergense,
2579 1402 2688 1482 qui
2718 1402 2777 1465 ei
2821 1404 3034 1467 Codex
3061 1423 3321 1465 excusas
3345 1410 3458 1477 est,
3494 1421 3608 1483 pro

323 1506 746 1570 fundamento
796 1522 975 1568 novae
1032 1503 1326 1572 editionis
1384 1503 1617 1583 posuit.
1665 1504 1800 1566 Hoc
1833 1519 2076 1564 summa
2125 1501 2447 1580 diligentia
2479 1510 2542 1567 et
2576 1503 2701 1566 ﬁde
2729 1502 2812 1565 ad
2845 1486 3096 1566 codices
3125 1521 3295 1577 suos,
3324 1503 3607 1567 adhibito

325 1622 593 1685 quoque
622 1611 834 1667 vetere
886 1603 1254 1682 interprete,
1277 1599 1675 1678 recognovit;
1716 1615 1963 1661 errores
1994 1597 2511 1679 typographicos,
2545 1600 2597 1662 si
2628 1618 2756 1664 non
2788 1618 3033 1676 omnes,
3072 1612 3242 1665 certe
3273 1605 3605 1667 maximam

324 1714 601 1787 partem,
648 1706 1023 1787 plerumque
1071 1714 1201 1766 non
1239 1702 1483 1765 monito
1536 1699 1797 1777 lectore,
1829 1701 2093 1775 exemit;
2145 1700 2641 1777 distinctionem,
2673 1720 2815 1783 qua;
2867 1703 3043 1784 prius
3067 1704 3297 1766 misere
3329 1705 3607 1784 jaccbat,

323 1810 554 1873 sedulo
594 1808 915 1887 castigavit
942 1824 959 1882 ;
985 1823 1182 1869 uncos
1238 1802 1791 1877 Commelinianos,
1820 1802 1900 1865 de
1945 1803 2178 1882 quibus
2210 1800 2399 1884 paulo
2450 1811 2595 1865 ante
2624 1803 3007 1887 dictumgest,
3041 1804 3350 1885 plurimos
3383 1807 3609 1869 merito

324 1910 605 1986 sustulit,
646 1909 865 1991 paucis
917 1907 1153 1971 relictis
1179 1906 1360 1981 alios,
1385 1904 1503 1967 sed
1552 1905 1905 1985 pauciores,
1947 1904 2027 1967 de
2062 1921 2179 1967 suo
2216 1905 2283 1967 in
2310 1912 2551 1968 textum
2581 1905 2813 1968 intulit.
2844 1906 3022 1980 Quod
3044 1906 3121 1969 ad
3139 1906 3432 1971 ordinem
3465 1927 3607 1972 ver-

322 2013 557 2080 borum
584 2012 825 2087 attinet,
846 2012 915 2073 in
944 2026 1073 2091 quo
1103 2007 1549 2072 constituendo
1570 2006 1807 2069 librarii
1837 2005 2104 2067 multum
2162 2005 2328 2068 inter
2372 2023 2443 2069 se
2470 2006 2867 2083 dissentiunt,
2899 2008 2962 2072 in
2994 2008 3307 2088 prioribus
3335 2008 3610 2076 bomiliis

319 2113 748 2194 archetypum
771 2128 912 2175 raro
944 2110 1216 2183 deserit;
1250 2110 1314 2172 in
1346 2106 1805 2189 posterioribus
1831 2124 1981 2170 vero
2007 2154 2022 2181 ,
2046 2122 2200 2187 cpe,
2225 2112 2296 2168 ut
2324 2106 2592 2183 videtur,
2619 2108 2862 2172 codicis
2886 2110 3010 2185 sui,
3034 2110 3301 2191 plurima
3335 2114 3606 2177 novavit.

320 2215 638 2275 Prmterea
662 2212 858 2274 varias
902 2202 1226 2282 lectiones,
1256 2207 1365 2269 sed
1398 2224 1527 2269 non
1567 2207 1651 2268 ita
1698 2205 2087 2285 frequentes,
2111 2222 2240 2267 oraa
2276 2203 2419 2267 libri
2436 2206 2749 2287 ascripsit,
2780 2220 2959 2269 more
2988 2208 3097 2288 qui
3126 2214 3276 2271 tunc
3302 2210 3609 2290 temporis

320 2313 590 2376 usitatus
629 2316 780 2374 erat.
805 2309 1075 2382 Scilicet,
1107 2307 1276 2369 nulla
1306 2306 1695 2384 singulorum
1719 2305 2009 2367 codicum
2036 2305 2563 2380 mentionefacta,
2596 2306 2649 2367 si
2673 2306 2825 2385 quid
2851 2308 3046 2370 textui
3070 2308 3149 2371 ab
3179 2308 3320 2389 ipso
3348 2316 3606 2391 recepto

320 2410 465 2474 libri
525 2409 937 2492 probabiliter
989 2407 1388 2488 adjiciebant,
1420 2404 1719 2467 asterisco
1771 2404 1838 2466 in
1873 2404 2037 2472 serie
2066 2403 2301 2483 posito,
2331 2404 2521 2467 verba
2550 2404 2852 2481 addititia,
2878 2406 3160 2469 eamdem
3194 2416 3407 2470 notam
3437 2426 3607 2489 pra}-

321 2515 674 2586 tendentia,
702 2512 967 2593 margini
1000 2510 1223 2585 illevit;
1252 2510 1306 2572 si
1360 2508 1511 2590 quid
1546 2508 1893 2581 mutabant,
1926 2507 2169 2569 duabus
2211 2506 2461 2569 lineolis
2491 2508 2861 2573 transversis
2894 2508 2912 2589 (
2940 2508 3014 2588 “)
3044 2507 3123 2571 ad
3156 2509 3402 2571 initium
3432 2510 3606 2575 verbi

320 2616 415 2678 vel
448 2618 968 2694 verborum,quaa
997 2629 1033 2675 e
1069 2619 1246 2674 textu
1283 2609 1592 2673 movenda
1620 2615 1817 2683 erant,
1848 2606 2121 2682 insertis,
2159 2608 2419 2670 verbum
2440 2608 2536 2669 vel
2563 2608 2773 2683 verba,
2798 2623 2939 2688 quae
2974 2626 3049 2672 ex
3076 2609 3402 2672 codicibus
3428 2608 3605 2672 suﬂi-

316 2715 549 2781 cienda
598 2723 796 2791 erant,
845 2715 909 2777 in
941 2715 1287 2793 marginem
1335 2715 1515 2792 signo
1546 2739 1639 2791 γρ.
1672 2711 2017 2792 prteposito
2067 2709 2302 2772 retulit.
2340 2710 2478 2772 Hoc
2514 2726 2663 2775 vero
2698 2709 2778 2772 ei
2830 2709 3165 2773 infeliciter
3198 2711 3411 2785 cessit,
3434 2711 3603 2791 quod

318 2816 563 2879 auitam
612 2814 894 2879 notulam
924 2814 1217 2892 habebat,
1258 2832 1383 2894 qua
1412 2814 1894 2893 signiﬁcaretur,
1917 2810 1995 2872 ad
2038 2816 2193 2889 quot
2216 2809 2521 2871 vocabula
2548 2826 2688 2872 sese
2726 2811 3020 2873 extendat
3048 2812 3418 2874 lineolarum
3452 2816 3605 2877 ista-

323 2935 461 2981 rum
504 2918 602 2980 vis
659 2939 673 2978 :
709 2934 852 2997 qua:
888 2934 988 2979 res
1026 2916 1386 2978 Editoribus
1436 2915 1859 2977 Benedictinis
1895 2927 2358 2993 nonnunquam
2397 2914 2651 2976 errandi
2708 2914 2959 2976 occasio
3003 2914 3242 2976 exstitit
3266 2914 3374 2996 (a).
3410 2917 3604 2978 tidem

320 3035 451 3081 non
480 3034 619 3080 uno
665 3017 807 3080 loco
862 3023 1045 3080 notas
1093 3016 1443 3078 additionis
1480 3024 1540 3078 et
1584 3016 1955 3077 mutationis
2002 3014 2167 3076 inter
2206 3034 2275 3077 se
2323 3014 2803 3089 confundenda,
2839 3032 3032 3079 novas
3068 3001 3376 3079 lectiones
3415 3017 3605 3080 ﬁnxe-

321 3122 465 3179 runt
499 3117 610 3198 (ὁ).
643 3116 917 3180 Tertium
950 3118 1229 3179 tictarum
1266 3117 1606 3179 lectionum
1638 3132 1837 3194 genus
1869 3133 1945 3177 ex
1974 3115 2175 3196 ipsius
2200 3117 2415 3180 Savilii
2446 3116 2687 3179 incuria
2719 3117 3024 3195 originem
3054 3119 3241 3179 traxit
3277 3117 3380 3198 (c).
3415 3121 3605 3180 ΡΟῐῚὉ

321 3218 788 3281 observandum
857 3225 949 3281 est
985 3218 1280 3280 Savilium
1330 3218 1655 3299 plurimas,
1706 3226 1773 3279 ut
1810 3217 1962 3291 dixi,
2002 3219 2232 3279 veteris
2285 3219 2584 3281 editionis
2628 3208 2934 3282 lectiones
2982 3221 3116 3285 sine
3170 3222 3604 3287 admonitione

320 3324 631 3394 mutasse;
664 3319 719 3381 si
740 3336 888 3381 vero
921 3317 1260 3398 aliquando
1293 3318 1372 3379 de
1400 3319 1797 3380 correctione
1832 3319 2059 3380 Lector
2087 3319 2450 3383 monendus
2494 3324 2680 3392 esset,
2710 3318 3047 3382 lectionem
3072 3339 3109 3382 a
3136 3340 3207 3384 se
3236 3332 3510 3386 amotam
3539 3322 3602 3384 in

318 3419 609 3498 margine
636 3434 779 3479 cum
807 3416 986 3494 signo
1024 3442 1115 3493 γρ.
1152 3414 1465 3494 posuisse,
1491 3414 1657 3476 haud
1686 3432 1870 3477 secus
1900 3430 2089 3494 quam
2114 3415 2166 3476 si
2199 3431 2240 3478 e
2264 3417 2490 3479 codice
2518 3415 2793 3496 quodam
2826 3434 3015 3479 manu
3044 3422 3278 3501 scripto
3308 3432 3602 3503 excerpta

324 3519 563 3581 fuisset.
605 3519 741 3579 Hoc
786 3532 1041 3595 quoque
1073 3522 1167 3577 est
1197 3514 1304 3577 ubi
1343 3514 1769 3576 Benedictinis
1814 3514 2021 3576 fraudi
2079 3515 2197 3579 fuit
2236 3518 2351 3597 (ιι).
2409 3518 2588 3590 Quod
2620 3534 2771 3581 vero
2790 3519 2867 3581 ad
2896 3525 3101 3582 textus
3126 3524 3602 3602 castigationem

315 3621 563 3695 attinet,
596 3620 663 3681 in
697 3617 903 3699 priore
937 3616 1149 3697 operis
1179 3622 1354 3696 parte
1374 3662 1391 3691 ,
1422 3616 1533 3679 ubi
1570 3616 1783 3695 plures
1812 3615 2069 3679 codices
2103 3618 2164 3680 ei
2197 3618 2279 3681 ad
2324 3636 2583 3681 manum
2626 3625 2827 3694 erant,
2853 3620 3052 3683 multo
3076 3623 3323 3686 cautius
3352 3632 3413 3687 et
3452 3627 3599 3689 reli-

320 3720 561 3799 giosius
610 3719 677 3781 in
722 3717 1181 3782 mutationibus
1232 3725 1369 3779 tum
1405 3716 1813 3780 admittendis
1852 3724 1991 3793 tum
2027 3719 2319 3781 notandis
2379 3728 2663 3784 versatus
2701 3732 2834 3796 est;
2872 3723 2939 3783 in
2988 3724 3339 3803 posteriore
3363 3735 3601 3805 autem,

320 3823 525 3887 codici
550 3841 695 3899 suo,
726 3830 797 3885 ut
824 3822 1097 3897 videtur,
1128 3822 1390 3883 nimium
1422 3820 1731 3896 addictus,
1769 3824 2101 3887 innumera
2132 3823 2264 3886 fere
2286 3825 2556 3901 novavit,
2589 3826 2669 3889 de
2703 3826 2934 3906 quibus
2960 3843 3169 3906 neque
3200 3828 3263 3889 in
3296 3845 3407 3893 ora
3433 3829 3598 3903 libri,

328 3941 531 4006 neque
582 3925 651 3986 in
696 3924 863 3986 notis
890 3923 1148 3985 verbum
1196 3921 1464 3984 monuit.
1498 3924 1734 3985 Harum
1770 3924 2189 3986 mutationum
2233 3927 2572 3988 nonnullas
2602 3935 2712 3991 aut
2746 3927 2813 3992 in
2851 3925 3362 3994 adnotationibus
3389 3936 3494 3991 aut
3535 3934 3597 3994 in

328 4026 495 4088 rariis
530 4022 909 4087 lectionibus
933 4020 1242 4093 iudicavi;
1274 4020 1488 4099 plures
1516 4020 1768 4083 silentio
1792 4023 2088 4101 praeterii.
2114 4026 2421 4088 Caeterum
2452 4033 2682 4107 printer
2708 4036 2889 4094 notas
2915 4031 3314 4110 marginales,
3337 4036 3597 4098 Savilius

328 4125 796 4191 sbservationes
825 4140 989 4197 suas,
1030 4138 1265 4201 paucas
1298 4119 1555 4200 quidem
1586 4122 1696 4183 sed
1727 4122 1915 4183 bonae
1947 4121 2133 4201 frugi,
2169 4124 2237 4185 in
2268 4131 2445 4204 parte
2475 4128 2825 4206 posteriore
2852 4132 3006 4193 tomi
3037 4134 3239 4195 octavi
3274 4136 3595 4209 condidit;

316 4246 588 4311 quarum
624 4228 958 4288 maximam
983 4230 1224 4303 partem
1254 4222 1461 4286 amico
1494 4238 1633 4295 suo,
1656 4223 1879 4285 Joanni
1911 4223 2125 4286 Boisio
2148 4223 2249 4304 (ε),
2277 4226 2587 4290 canonico
2616 4227 2872 4305 Eliensi,
2894 4232 3123 4295 debere
3143 4251 3211 4296 se
3242 4237 3591 4315 proﬁtetur.

318 4330 565 4413 Incepti
609 4327 898 4391 Saviliani
934 4342 1078 4388 vere
1122 4325 1433 4403 magunﬁci
1463 4331 1525 4385 et
1562 4325 1867 4404 privatum
1907 4341 2169 4387 censum
2216 4329 2654 4406 exsuperantis
2693 4331 2977 4395 notitiam
3008 4350 3213 4395 meam
3250 4336 3594 4412 absolvam;

322 4437 656 4509 postquam
688 4428 767 4488 de
795 4432 924 4487 toto
952 4441 1145 4506 opere
1180 4439 1511 4491 monuere,
1540 4438 1878 4502 operarum
1905 4429 2300 4487 correctores
2334 4427 2401 4488 in
2433 4424 2640 4491 ofﬁcio
2667 4446 2786 4492 suo
2815 4430 3287 4509 diligentissime
3318 4444 3594 4499 versatos

333 4545 451 4592 esse
469 4548 486 4603 ;
539 4534 607 4590 ut
638 4545 767 4591 non
804 4527 999 4605 magis
1040 4531 1301 4587 externo
1339 4523 1565 4611 nitore,
1599 4538 1784 4603 quam
1816 4523 2116 4587 interiore
2148 4528 2552 4591 accuratione
2580 4544 2653 4592 ac
2684 4528 2805 4593 ﬁde
2837 4529 2997 4592 liber
3016 4532 3306 4596 emineat.

389 4632 500 4692 ΙΙΙ.
562 4628 651 4690 Ad
683 4628 926 4689 tertiam
963 4624 1301 4687 editionem
1328 4622 1429 4702 (Γ),
1462 4638 1603 4702 qua:
1662 4622 1905 4684 Moreili
1975 4630 2095 4698 est,
2153 4623 2633 4691 describendam
2677 4628 3144 4693 Montefalconii
3185 4635 3388 4697 verbis
3429 4644 3588 4700 utar.

284 4752 346 4805 κει
372 4730 584 4793 Editio
611 4728 886 4789 Parisina
910 4723 1566 4799 Ciaudiiiimo-Caroli}
1590 4722 1829 4785 Morelli
1858 4740 2027 4788 anno
2055 4726 2456 4790 MDCXXXV’I
2478 4728 2630 4805 [imo
2658 4730 3083 4810 MDCXXXIU]
3101 4735 3263 4808 data,
3280 4737 3589 4801 Saviliana

319 4838 376 4891 et
426 4826 922 4892 Commeiiniaua
978 4824 1239 4888 inferior
1289 4831 1405 4898 est,
1453 4825 1571 4887 etsi
1606 4824 1743 4903 ipse
1774 4826 2209 4906 typograpbus
2248 4828 2590 4892 admodum
2620 4829 2796 4893 illam
2821 4834 3224 4899 commendet
3253 4836 3313 4897 in
3350 4838 3589 4900 Monito

316 4949 450 4996 suo.
478 4930 926 5011 Exemplaria,
946 4931 1171 5009 inquit,
1215 4928 1438 5009 quibus
1466 4930 1532 4989 in
1554 4930 1854 5006 praesenti
1880 4930 2151 4991 editione
2180 4934 2282 4993 usi
2309 4952 2521 4993 sumus
2542 4934 2744 5011 fuere,
2780 4936 3200 4999 authe‘nticum
3242 4940 3401 5003 illud
3450 4945 3582 5004 Ana

316 5033 581 5113 qlicana:
644 5031 959 5102 editionis,
992 5046 1312 5108 nunquam
1373 5028 1529 5090 satis
1598 5026 1949 5104 laudatum,
1990 5033 2095 5093 cui
2150 5031 2441 5112 religiose
2497 5032 2867 5097 editissimas
2911 5038 3370 5118 incorrigcudo
3400 5050 3589 5106 textu

325 5136 557 5203 Greco.
585 5137 823 5196 notatis
857 5135 1038 5214 prius
1074 5151 1185 5194 suo
1225 5130 1563 5213 quibusque
1594 5130 1729 5193 loco
1766 5134 2032 5210 mendis,
2078 5155 2210 5216 quia
2248 5138 2316 5197 in
2353 5135 2517 5197 calce
2553 5137 2827 5217 ejusdem
2864 5141 3159 5203 editionis
3207 5154 3496 5207 accurate
3529 5158 3587 5208 et

381 5376 458 5447 (a)
491 5373 631 5433 Vide
663 5374 865 5427 Adnot.
908 5372 976 5427 ad
1015 5389 1069 5443 p.
1098 5373 1223 5430 459.
1254 5423 1257 5425 .
1997 5382 2210 5437 libellus
2244 5382 2583 5443 utilissimus.
2624 5399 2728 5437 nec
2758 5385 2890 5438 satis
2940 5396 3100 5440 notus
3144 5409 3155 5441 :
3188 5385 3382 5439 Veteris
3416 5386 3583 5442 inter-

386 5467 456 5537 (ὁ)
483 5465 623 5521 Vide
652 5463 858 5518 Adnot.
891 5462 961 5517 ad
990 5479 1081 5532 pp.
1109 5463 1233 5528 346,
1266 5462 1390 5528 569,
1415 5464 1540 5530 6l3,
1576 5467 1697 5522 664.
1995 5455 2156 5537 gratis
2196 5469 2313 5505 cum
2329 5452 2467 5505 Bern
2500 5454 2722 5524 aliisque
2748 5456 3115 5509 recentioribus
3141 5456 3372 5508 collatio.
3406 5456 3581 5515 Lourl.

382 5522 607 5617 lclVide
631 5548 836 5603 Adnot.
875 5546 942 5601 ad
974 5522 1387 5616 55.20am;
1528 5522 1539 5530 ’
2005 5522 2300 5617 ¹⁶ἕίξῇηω

384 5593 457 5701 ἰὲὑ
490 5593 1270 5699 uicit-1'53:fidis-36%.'
2000 5593 2504 5701 p.fl2.,’.'ﬁ°t$.‘.’i.‘i‘i
2534 5593 3241 5701 333333,"11‘..f§2°1‘ii’.t'f§‘i“f
3253 5595 3576 5701 ηξῗίέὶξῖσρξ

572 5657 1677 5733 ῗῗ,¹ῗῗξ1³ε⁰ζέ.⁴ὶῗ-ἷ¹ἷῖ.⁴Ϊέἷ.⁸,’-,“ῗζ’ῗῖμμ,φενμ.
1730 5731 1741 5733 ,
1999 5657 2174 5733 Erunt

1999 5657 2277 5733 [tantone
2309 5664 2504 5718 ῡυςεεο
2532 5662 2737 5717 Jcsuitu
2778 5664 2999 5717 nomine
3028 5665 3193 5719 ducto
3221 5666 3345 5733 ;qui
3395 5657 3577 5722 tamen

387 5714 457 5786 (α)
485 5713 660 5788 Hujus
692 5712 820 5779 viri,
839 5711 1037 5783 linguae
1061 5711 1344 5781 utriusque
1363 5713 1699 5791 peritissimi,
1720 5727 1897 5771 exstat

1450 5713 1699 5791 'ilissimi,
1720 5727 1897 5771 exstat
1999 5711 2276 5787 inania;
2294 5711 2347 5789 in
2361 5711 3052 5801 iiii;asinis:rata:
