4056 6542
1445 448 1624 505 Fﬂll).
1671 448 1869 503 Fili”)
1912 449 2068 506 ΡΒιιΕ
2080 451 2306 507 FATIO.
3493 475 3523 510 ν

283 565 433 611 mere
466 548 933 632 typographicis
966 553 1254 615 notandis
1284 554 1605 638 insumpta
1627 567 1722 620 est
1747 557 1856 642 (α).
1883 561 2079 624 Porro
2116 580 2221 624 eas
2248 563 2415 644 ipsas
2435 561 2762 638 lectiones,
2789 580 2949 642 quas
2972 559 3151 642 quasi
3181 577 3258 622 cx
3289 559 3522 622 codici-

282 651 384 712 bus
405 652 527 712 suis
557 659 764 746 erutas
816 656 1040 732 attulit,
1075 673 1386 735 magnam,
1418 658 1547 720 imo
1586 663 1921 722 maximam
1979 668 2219 742 partem
2267 681 2302 724 a
2355 663 2566 724 Savilii
2609 664 2890 742 margine
2921 661 3223 742 sumpsit;
3263 658 3433 721 unde
3475 657 3536 722 ei

282 772 717 834 nonnunquam
786 759 1032 833 accidit,
1095 768 1163 822 ut
1206 761 1489 823 vitiosam
1547 763 1659 825 Ed.
1720 766 2230 828 Commelinianae
2283 753 2619 830 lectionem
2658 785 2774 846 pro
2806 767 3096 830 codicum
3123 762 3536 845 quorumdam

282 852 563 929 scriptura
623 856 967 920 venditaret
1002 858 1109 940 (ὁ).
1160 863 1512 924 [numneris
1557 870 1765 926 autem
1821 865 2012 939 locis,
2065 866 2172 927 ubi
2210 867 2506 930 Morellus
2543 873 2602 930 et
2631 867 2896 929 Savilius
2937 866 3181 928 diversa
3207 861 3535 937 exhibent,

281 953 462 1028 posita
494 957 822 1038 utriusque
851 958 1144 1037 lectione,
1169 963 1329 1027 hanc
1359 966 1454 1027 vel
1491 965 1663 1028 illam
1694 969 2206 1049 anteponendam
2236 979 2461 1045 censet,
2497 971 2666 1034 nulla
2696 970 2958 1033 omnino
3004 969 3082 1031 de
3122 966 3298 1028 libris
3343 980 3538 1028 manu

280 1055 508 1136 scriptis
530 1064 855 1126 mentione
884 1065 1045 1128 facta
1066 1065 1168 1147 (c).
1195 1069 1505 1132 Prmtcrea
1529 1071 1646 1133 etsi
1677 1073 1869 1152 paulo
1895 1080 2039 1137 ante
2070 1075 2136 1136 in
2152 1075 2526 1138 Praifatione
2557 1075 2881 1157 exemplar
2905 1073 3284 1137 Savilianum
3309 1068 3537 1130 merito

279 1163 583 1240 extulerat,
644 1169 1074 1233 Morellianum
1132 1180 1300 1237 recte
1339 1174 1760 1255 depresserat,
1800 1187 2036 1254 tamen,
2086 1180 2256 1259 quod
2292 1180 2562 1255 mireris,
2606 1179 2752 1255 hoc,
2786 1196 2916 1242 non
2945 1176 3124 1250 illud,
3168 1173 3554 1251 castigatum.

279 1264 513 1341 quidem
550 1285 627 1328 ex
657 1269 851 1333 altero
884 1271 984 1333 hic
1027 1273 1157 1336 illic
1195 1267 1496 1356 inspecto,
1529 1280 1928 1361 typographo
1963 1298 2079 1343 suo
2103 1281 2435 1344 commisit.
2470 1284 2623 1344 Nam
2655 1281 2809 1343 duas
2837 1279 3148 1342 editiones
3174 1292 3319 1337 eum
3347 1290 3537 1335 accu-

279 1372 416 1439 rate,
447 1367 539 1428 vel
576 1370 763 1432 etiam
802 1373 1106 1436 mediocri
1153 1376 1476 1456 diligentia
1505 1397 1711 1453 usum,
1754 1380 1921 1442 inter
1946 1399 2013 1443 se
2048 1381 2414 1455 contulisse,
2450 1383 2860 1447 vehementer
2907 1394 3093 1455 nego.
3125 1373 3540 1437 Probationes

276 1463 320 1523 si
350 1467 480 1544 quis
508 1477 777 1547 qumrat,
806 1490 950 1534 eum
976 1491 1103 1536 non
1142 1481 1266 1537 tam
1297 1477 1375 1538 ad
1414 1483 1690 1540 nostram
1715 1480 2084 1556 editionem,
2116 1500 2305 1561 quam
2343 1481 2420 1544 ad
2447 1482 2647 1562 ipsam
2678 1476 3150 1542 Bcnedictinam
3174 1471 3538 1553 nuperrime

276 1580 305 1625 a
327 1566 770 1632 Parisiensibus
805 1573 1157 1653 repetitam,
1191 1576 1442 1638 remitto
1475 1579 1559 1658 (ά)
1587 1597 1600 1652 ;
1639 1579 1703 1640 in
1734 1598 1858 1660 qua
1883 1598 2011 1643 non
2052 1598 2284 1661 paucas
2302 1587 2510 1644 textus
2551 1571 3402 1643 Morello-Montefalconiani
3431 1570 3541 1631 de-

278 1665 664 1740 pravationes
720 1685 843 1747 0pc
882 1671 1260 1751 exemplaris
1297 1672 1589 1738 Saviliani
1627 1677 1877 1738 sustulit
1908 1679 2135 1752 editor,
2170 1679 2371 1740 multo
2407 1684 2618 1740 tamen
2643 1676 2857 1758 plures
2876 1676 3059 1738 nobis
3087 1671 3396 1736 tollendas
3434 1688 3538 1732 rc-

277 1764 468 1843 liquit.
495 1767 674 1839 Quod
715 1768 791 1830 ad
822 1771 1402 1851 interpunctionem
1441 1777 1682 1852 attinet,
1712 1777 1780 1838 in
1827 1777 1944 1840 hac
1988 1797 2248 1858 quoque
2281 1787 2456 1860 parte
2495 1779 2746 1853 Savilie,
2771 1777 3011 1858 Optimo
3043 1776 3227 1850 duce,
3260 1773 3538 1846 deserto,

275 1870 428 1926 totus
456 1867 533 1928 ab
582 1868 929 1950 archetypo
969 1888 1084 1933 suo
1124 1876 1379 1953 pendet.
1407 1879 1634 1940 Contra
1665 1896 1809 1942 cum
1851 1881 2078 1960 pagina
2106 1881 2470 1944 Morelliana
2504 1897 2730 1960 magna
2783 1895 3093 1944 uncorum
3136 1877 3211 1944 vi,
3247 1872 3541 1942 distincta

275 1970 446 2038 esset,
470 1965 589 2029 hos
645 1985 887 2044 omnes,
923 1990 1002 2034 ne
1053 1973 1407 2038 chartarum
1445 1996 1699 2042 suarum
1758 1982 2028 2044 nitorem
2076 1983 2507 2059 obscurarent,
2528 1983 2706 2045 nullo
2739 1982 2987 2045 delectu
3015 1984 3121 2041 aut
3175 1975 3541 2038 discrimine

272 2062 545 2126 exsulare
568 2067 776 2146 jussit.
815 2071 1178 2134 Sectionum
1206 2075 1300 2136 vel
1336 2078 1611 2158 capitum
1645 2080 1894 2160 partitio
1926 2082 1992 2143 in
2025 2082 2169 2145 edd.
2202 2081 2501 2144 Commel.
2527 2089 2588 2143 et
2627 2079 2843 2143 Morel.
2885 2077 3053 2140 nulla
3078 2081 3171 2138 est
3209 2092 3222 2135 :
3274 2071 3539 2134 Savilius

272 2172 462 2226 autem
495 2185 576 2230 eo
605 2176 938 2233 contentus
969 2182 1122 2249 erat,
1160 2182 1230 2236 ut
1258 2185 1500 2256 partem
1525 2180 1821 2242 moralem
1861 2199 1896 2243 a
1936 2182 2182 2262 reliquo
2214 2199 2507 2245 sermone
2544 2186 2921 2244 secerneret.
2953 2179 3122 2258 Opus
3151 2193 3185 2236 a
3219 2173 3539 2254 prioribus

270 2267 561 2365 omissum
592 2272 841 2334 tandem
864 2275 1138 2340 confecit
1157 2280 1702 2356 Montet‘alconius,
1740 2283 2002 2362 singulis
2033 2283 2307 2346 bomiliis
2329 2284 2394 2345 in
2441 2283 2725 2365 quinque
2752 2297 2938 2342 sexve
2959 2279 3292 2359 peric0pas
3321 2274 3534 2336 distri-

267 2363 441 2429 butis.
2337 2393 2343 2397 '

345 2471 430 2533 Ex
461 2477 875 2553 supra‘dictis
909 2499 1052 2543 cum
1079 2484 1229 2546 satis
1260 2485 1586 2548 evidenter
1623 2491 1946 2567 appareat,
1980 2487 2046 2546 in
2082 2486 2295 2548 critica
2330 2485 2611 2566 priorum
2647 2484 2957 2546 editorum
3005 2478 3381 2562 supellectili
3428 2483 3536 2539 aut

267 2574 488 2638 nullam
522 2588 631 2641 aut
658 2584 1089 2647 tenuissimam
1126 2587 1205 2649 ad
1243 2595 1483 2652 textum
1518 2588 2102 2667 recognoscendum
2133 2606 2321 2668 opem
2359 2589 2590 2662 inesse,
2624 2605 2783 2650 nova
2815 2605 3073 2668 prorsus
3101 2583 3377 2646 subsidia
3409 2582 3534 2643 cir-

266 2683 725 2760 cum’speximus
750 2703 767 2760 ;
794 2704 936 2766 quae
986 2690 1245 2768 quidem
1273 2693 1338 2754 in
1369 2711 1614 2755 summa
1650 2692 1849 2755 nostri
1879 2693 2112 2771 Operis,
2141 2690 2414 2752 maxime
2435 2691 2604 2770 apud
2634 2692 2911 2764 Graecos,
2959 2687 3153 2765 gratia
3185 2691 3247 2748 et
3275 2681 3538 2746 celebri-

262 2786 398 2852 tate,
442 2803 578 2851 non
610 2787 799 2868 longe
837 2795 1110 2871 petenda
1144 2804 1343 2858 erant.
1383 2798 1532 2858 Haec
1559 2797 1686 2877 jam
1727 2795 2137 2857 describenda
2165 2801 2334 2857 sunt.

335 2884 764 2971 Chrysostomi
817 2892 1232 2963 Homiliarum
1267 2895 1332 2956 in
1377 2894 1733 2956 Matthaaum
1767 2895 2018 2957 codices
2062 2895 2300 2975 ubique
2351 2901 2414 2958 et
2457 2894 2609 2957 boni
2654 2900 2715 2956 et
2751 2892 3010 2974 plurimi
3038 2895 3303 2971 exstant.
3334 2889 3537 2948 Mem-

263 2979 548 3048 branacei
581 2994 725 3048 sunt
757 2987 890 3052 fere
924 3008 1178 3065 omnes;
1217 2993 1452 3055 swculo
1480 3011 1527 3053 x
1554 2993 1633 3054 ad
1668 3011 1758 3054 x11
1802 2992 2050 3072 scripti;
2093 2993 2158 3054 in
2195 2993 2375 3070 folio,
2413 2993 2587 3073 quod
2617 2993 2814 3066 aiunt,
2865 2997 2971 3052 aut
3005 2995 3230 3069 quarto
3271 2985 3534 3065 majori;

263 3086 455 3150 nitido
493 3088 880 3168 charactere,
923 3095 1077 3156 raris
1109 3094 1438 3176 scripturae
1465 3095 1887 3176 compendiis,
1914 3096 2161 3175 paginis
2194 3096 2261 3156 in
2289 3095 2437 3157 bina
2468 3101 2793 3174 segmenta
2822 3094 3097 3172 oblonga
3139 3090 3374 3153 divisis.
3407 3089 3540 3148 Lit~

260 3193 404 3249 terte
441 3190 741 3268 initiales,
778 3200 844 3255 ut
867 3200 928 3254 et
959 3197 1148 3257 verba
1178 3214 1372 3258 sacras
1394 3197 1734 3276 Scriptura)
1772 3195 2037 3273 singulis
2067 3195 2344 3258 homiliis
2373 3197 2736 3276 praeposita,
2780 3195 3004 3269 minio,
3032 3189 3349 3255 interdum
3378 3205 3538 3252 auro

261 3289 443 3369 pictaa
477 3301 652 3355 sunt.
709 3298 858 3358 Cum
909 3315 1058 3361 vero
1114 3298 1423 3379 prolixius
1454 3317 1618 3380 opus
1661 3301 1767 3373 sit,
1814 3318 2004 3378 quam
2041 3307 2109 3361 ut
2154 3317 2284 3362 uno
2329 3299 2650 3361 volumine
2686 3298 3122 3370 concludatur,
3161 3311 3437 3375 semper,
3470 3293 3539 3354 ni

259 3390 458 3467 fallor,
482 3396 550 3457 in
585 3396 744 3458 duos
770 3403 978 3460 tomos
1006 3399 1271 3472 divisum
1297 3401 1609 3482 reperitur
1630 3400 1744 3480 (e);
1779 3417 2050 3480 quorum
2084 3400 2257 3480 prior
2276 3416 2421 3462 cum
2452 3398 2710 3461 homilia
2741 3416 2890 3460 XLIV
2918 3396 3196 3470 velxcv,
3219 3393 3538 3457 interdum

259 3511 382 3556 xui
411 3497 747 3558 clauditur.
775 3499 1049 3579 Utraque
1069 3507 1280 3562 autem
1310 3519 1457 3582 pars
1486 3519 1603 3582 pro
1653 3501 1899 3578 integro
1938 3500 2157 3563 codice
2177 3501 2244 3562 in
2286 3499 2592 3579 Catalegis
2621 3498 2926 3574 habetur;
2978 3513 3097 3561 nec
3132 3495 3394 3558 memini
3433 3511 3540 3556 me

261 3613 472 3675 operis
500 3599 827 3677 exemplar
854 3598 1092 3671 videre.
1125 3601 1304 3681 cujus
1331 3603 1509 3683 prior
1536 3619 1682 3682 pars
1721 3618 1868 3664 cum
1899 3600 2252 3680 posteriore
2283 3601 2487 3664 forma
2515 3610 2576 3663 et
2613 3600 2923 3681 scriptura
2967 3615 3228 3680 prorsus
3266 3614 3537 3661 consen-

259 3698 414 3762 tiret.

331 3804 399 3862 In
433 3800 650 3881 priore
709 3804 1120 3868 Homiliarum
1159 3811 1337 3886 parte
1375 3807 1640 3870 adhibiti
1673 3813 1819 3870 sunt
1845 3824 1955 3870 sex
1991 3807 2268 3882 codices,
2315 3823 2589 3887 quorum
2619 3823 2700 3868 ne
2739 3823 2902 3868 unus
2952 3804 3211 3886 quidem
3249 3807 3536 3889 priorum

257 3903 614 3970 editionum
651 3907 869 3970 critico
899 3910 1034 3971 usui
1068 3908 1370 3971 inserviit.
1410 3910 1489 3970 Hi
1516 3915 1661 3972 sunt
1699 3928 1713 3971 :

325 4072 393 4127 A.
471 4074 827 4150 Bibliotheca
864 4077 1174 4150 eoll.ATrin.
1201 4075 1458 4150 gantab"
1492 4079 1549 4132 Β.
1584 4080 1618 4134 8
1654 4080 1707 4145 ι,
1753 4081 1808 4132 in
1829 4089 2038 4150 quarto,
2092 4080 2562 4150 membranaceus,
2593 4077 2780 4150 saeculi
2842 4094 2915 4134 xu
2969 4091 3064 4137 aut
3111 4096 3230 4137 xm.
3273 4078 3539 4135 Contine;

468 4145 726 4218 humilias
781 4163 904 4202 xuv
926 4148 1160 4218 priores.
1193 4147 1379 4218 ,Primi
1406 4150 1517 4204 folii
1556 4165 1683 4218 pars
1738 4145 1936 4204 deti-ita
1990 4158 2107 4214 est;
2136 4149 2471 4216 eaeteroquin
2507 4148 2675 4218 codex
2705 4148 3119 4218 integerrimus
3159 4158 3264 4205 est.
3289 4150 3534 4204 Venitrin

465 4214 887 4301 bibliothecam
917 4214 1043 4273 cum
1094 4217 1452 4301 multisnaliis
1508 4214 1843 4301 codicibus-ﬂ

1953 4220 2050 4283 cis,
2088 4233 2227 4299 quos
2273 4233 2303 4272 a
2347 4214 2601 4274 emnobio
2635 4217 2728 4301 τεῦ
2771 4214 3224 4301 Ῑιςῷρτοκρὰεεξρος
3250 4221 3303 4301 in
3345 4229 3538 4301 monte

463 4285 617 4360 {\tho
652 4285 706 4338 in
733 4285 980 4360 Angliam
1037 4302 1183 4343 anno
1229 4288 1366 4360 172⁵1
1416 4290 1843 4360 invectospreth

1953 4285 2244 4358 imparavit
2265 4299 2323 4360 et
2371 4297 2558 4357 postea
2593 4288 2822 4360 collegio
2849 4285 3043 4360 legavit
3068 4285 3337 4346 Ricardus
3365 4287 3539 4343 Bent-

471 4355 637 4430 ἰδῇ-ρξ’
665 4355 946 4430 ξοεὶριξιιὶξ
966 4368 1168 4430 ηρειιιρε
1196 4358 1399 4430 grande
1430 4360 1598 4415 decus
1624 4355 2014 4430 'et'ﬂagcllum.
2032 4355 2264 4414 Librum
2299 4355 2569 4430 integrum
2597 4355 2850 4412 accurate
2878 4355 3107 4415 e'ontuli.

323 4420 388 4478 Β.
467 4423 826 4503 Bibliotheca:
849 4428 972 4482 coll.
1005 4420 1258 4503 Emmah.
1284 4429 1517 4503 _Ca_ntab.
1539 4431 1585 4503 l.
1621 4431 1669 4494 1,
1721 4420 1888 4503 ιᾷνεμ
1919 4421 2031 4503 13η
2054 4429 2108 4483 in
2155 4430 2301 4503 folio,
2352 4420 2842 4503 membranaceus,
2874 4431 3074 4503 smculo
3116 4446 3191 4503 iu.
3241 4430 3429 4503 grandi
3464 4437 3540 4495 let

463 4494 700 4569 pulchro
723 4496 1057 4569 charactere.
1077 4499 1212 4569 “sed
1249 4498 1318 4551 ab
1356 4499 1612 4569 imperito
1650 4500 1830 4554 scriba
1858 4494 2185 4568 descriptus.
2220 4498 2373 4554 Unus
2418 4497 2557 4553 liber
2580 4508 2684 4562 est,
2724 4498 2780 4551 in
2811 4498 2920 4553 duo
2951 4500 3228 4565 volumina
3243 4494 3289 4554 ’ἐι
3315 4494 3540 4569 compa-

458 4574 625 4618 ctore
646 4565 956 4639 distractus.
978 4565 1196 4639 Codicis
1229 4566 1374 4636 quod
1407 4565 1672 4639 reliquum
1703 4579 1789 4624 est
1814 4565 2061 4639 continet
2088 4569 2338 4624 homilias
2369 4584 2508 4622 xxxv
2539 4569 2766 4637 priores,
2801 4570 3042 4638 exceptis
3070 4587 3368 4631 xxv-xxix,
3415 4565 3539 4639 (nite

468 4649 757 4709 nunquam
793 4636 848 4689 in
877 4651 942 4690 eo
964 4637 1294 4691 exstiterunt
1324 4655 1335 4689 :
1370 4653 1494 4692 nam
1519 4636 1741 4693 homilia
1769 4638 2041 4692 tricesima
2067 4654 2300 4694 numero
2329 4655 2432 4692 xxv
2452 4636 2693 4692 notatur.
2736 4636 3008 4709 Praeterea
3043 4639 3307 4709 temporis
3331 4636 3538 4694 damno

465 4705 757 4776 perierunt
782 4715 986 4776 partes,
1023 4722 1144 4777 qua:
1169 4716 1493 4777 sequuntur.
1523 4709 1607 4764 Ab
1629 4708 1784 4763 initio
1812 4710 1995 4779 operis
2015 4710 2082 4764 ad
2117 4726 2171 4781 p.
2212 4710 2244 4765 9
2276 4711 2340 4761 Α.
2371 4709 2467 4762 lin.
2499 4709 2548 4762 l.
2583 4727 2596 4761 :
2625 4725 2728 4781 ap.
2755 4708 2824 4764 49
2851 4707 2926 4770 Β,
2947 4709 3044 4765 lin.
3090 4711 3139 4764 1.
3160 4705 3239 4764 ad
3284 4725 3339 4780 p.
3369 4711 3436 4765 50
3468 4709 3533 4764 Ο.

325 4860 696 4950 (“ﬂuebat
724 4863 793 4918 Ν·
822 4863 884 4918 Ε·
927 4862 1112 4950 νκέἓι
1148 4862 1847 4950 πίε-Κφίρῖιβαρίςμξῑοφίς

251 4933 627 5012 κςιρηὸαρεῖαι
651 4933 964 4990 Μοητεῖρ-
987 4933 1204 4990 Utinam
1243 4933 1503 5006 neglectis
1537 4933 1852 4987 manifestis

251 5004 392 5076 mnis
430 5003 762 5076 editionum,
795 5004 1014 5076 codices
1036 5004 1347 5076 diligentius
1374 5012 1687 5076 tractasset.
1720 5021 1738 5054 ι

323 5073 374 5141 (b
435 5073 580 5127 Vide
610 5074 807 5129 Adnot.
840 5074 905 5129 ad
935 5090 1025 5144 pp.
1061 5073 1155 5139 80,
1180 5075 1306 5139 207,
1331 5073 1458 5136 555,
1491 5074 1617 5129 502.

323 5076 397 5209 (ei
426 5143 576 5199 Vide
603 5143 802 5198 Adnot.
831 5146 898 5199 ad
936 5159 990 5209 p.
1022 5145 1128 5200 263
1155 5155 1208 5200 et
1253 5145 1398 5199 alibi.
1449 5144 1615 5198 Matth

322 5141 393 5212 (ε)
426 5143 576 5199 Vide
603 5143 802 5198 Adnot.
831 5146 898 5199 ad
936 5141 990 5214 Vp.
1022 5145 1128 5200 263
1155 5155 1208 5200 et
1253 5145 1398 5199 alibi.
1449 5144 1648 5214 Matth.
1670 5142 1740 5197 N.
1785 5141 1849 5196 E.

250 5226 304 5283 p.
335 5214 449 5269 illi
487 5231 582 5267 :—-
614 5219 644 5264 ι’
668 5213 993 5268 Commelin.
1019 5225 1073 5270 et
1100 5215 1283 5269 Morel.
1314 5216 1406 5267 ἐπὶ
1420 5217 1560 5278 ταῖς.
1603 5213 1843 5267 Moxrer.

248 5313 329 5356 -τ
351 5283 466 5339 Hoc
500 5283 637 5337 mihi
661 5284 906 5356 mirabile
933 5293 1034 5356 est,
1067 5285 1232 5355 quod,
1262 5285 1524 5356 neglectis
1539 5283 1843 5346 codicibus,

253 5354 560 5426 editiones,
577 5369 712 5426 quas
727 5354 958 5426 quilibet
985 5354 1252 5426 inspicere
1280 5354 1478 5426 potest,
1509 5361 1793 5426 memorat.
1820 5372 1837 5403 ι

254 5421 388 5495 ibid.
421 5441 480 5495 p.
539 5421 645 5478 255
679 5421 790 5495 :f—
825 5444 843 5476 ι
883 5421 1089 5495 Morel:
1133 5421 1460 5495 dydlieceat
1515 5424 1696 5488 πλέον,
1736 5423 1838 5495 ᾇτνι.

251 5490 438 5548 ὃςινϋξ
459 5493 794 5563 ἀγάλλεσθαι
823 5494 1003 5548 πάλιν.
1061 5490 1297 5550 Μοκὶεῖ.
1332 5523 1400 5534 —
1428 5493 1566 5560 Quid
1599 5508 1726 5549 vero
1754 5493 1843 5548 hic

251 5569 306 5614 et
327 5574 560 5634 centum
585 5563 726 5634 locis
755 5565 875 5619 aliis
900 5565 1340 5627 codices?Nihil,
1374 5565 1569 5634 inquit.
1604 5583 1622 5615 ι

327 5635 406 5700 (d)
446 5633 547 5687 Ed.
579 5633 933 5689 Benedictina
955 5650 1145 5690 recusa
1173 5645 1256 5689 est
1278 5633 1520 5690 chetiis
1532 5649 1677 5688 anno
1703 5635 1841 5689 1755

255 5709 313 5756 ct
349 5704 674 5772 nuperrime
707 5703 948 5766 Parisiis,
978 5705 1200 5761 editoris
1223 5705 1445 5761 nomine
1479 5705 1674 5760 celato.
1712 5703 1840 5760 ΙΙωο

256 5771 390 5826 mihi
413 5771 500 5826 est
522 5771 618 5827 Ed.
652 5773 852 5830 Bened.
879 5779 955 5828 ‘1'.

329 5843 401 5915 (ε)
436 5844 689 5915 Quinque
735 5845 983 5914 codices,
1021 5855 1129 5904 trcs
1176 5846 1369 5916 prioris
1398 5845 1584 5916 partis,
1618 5853 1671 5900 ct
1699 5843 1838 5901 duos

1955 4861 2291 4931 posterioris.
2321 4861 2611 4931 descripsit
2645 4862 2868 4917 Mentel.
2916 4863 2970 4926 in
3019 4862 3267 4917 Biblioth.
3315 4863 3536 4920 Coisliu.

1953 4948 2009 5002 p.
2039 4933 2141 4988 129
2165 4949 2247 5002 sq.
2279 4931 2384 5003 Sex
2416 4934 2634 5003 prioris.
2667 4943 2724 4990 et
2754 4934 2976 4990 totidem
3016 4934 3356 5003 posterioris,
3393 4935 3538 4988 Mos-

1954 5018 2076 5071 qnze
2106 5003 2162 5056 in
2192 5002 2520 5073 bibliotheca
2546 5003 2643 5058 SS.
2675 5004 2877 5073 Synodi
2911 5002 3211 5069 exstantes,
3246 5004 3539 5073 descripsit

1957 5073 2220 5143 Matthxi.
2274 5071 2408 5127 Nov.
2446 5071 2748 5143 Test._toni.
2802 5072 2893 5131 IX.
2924 5089 2979 5143 p.
3018 5073 3122 5128 205
3176 5088 3298 5143 sqq.
3341 5071 3535 5130 Falsus

1957 5151 2043 5197 est
2075 5142 2524 5216 Catalogusmss.
2588 5141 2846 5216 Biblioth.
2880 5141 3030 5216 item
3052 5153 3193 5216 tom.
3223 5141 3285 5208 ll,
3322 5160 3377 5216 p.
3407 5145 3533 5205 {2L

1958 5212 2432 5286 nuln._ti_(52.‘¢__lbi
2460 5215 2822 5286 continentur
2878 5213 2951 5286 S._
2969 5212 3230 5286 'Jioannis
3293 5212 3535 5286 Chryso-

1960 5283 2121 5336 stomi
2163 5281 2410 5336 llomiliaa
2457 5281 2512 5336 in
2551 5282 2888 5343 Manthmum.
2925 5281 3533 5348 Desiderantnrtde'cem

1953 5353 2186 5420 priores.
2224 5372 2242 5403 ι
2281 5351 2535 5408 Codicem
2563 5352 2795 5424 inspexi,
2817 5354 2909 5424 qni
2940 5356 3185 5415 continet
3212 5355 3460 5409 homilias
3481 5375 3536 5411 γι

1952 5424 2017 5475 ad
2059 5437 2331 5493 xcvqcum
2384 5423 2644 5493 particula
2696 5423 2846 5478 hom.
2900 5441 2953 5478 ν.
3004 5425 3214 5486 Rursus
3243 5426 3346 5483 sub
3375 5443 3531 5482 num.

1951 5493 2056 5548 665
2087 5491 2281 5562 legitur
2313 5511 2323 5545 :
2367 5491 2398 5543 .'
2423 5492 2498 5547 lbi
2533 5495 2884 5548 continentur
2904 5495 2960 5548 S.
2990 5493 3146 5548 Joan.
3184 5495 3378 5562 (Zhrys.
3417 5496 3535 5550 llo-

1951 5512 2056 5548 υυ.)
2087 5512 2281 5562 legiun-
2313 5512 2323 5545 :
2367 5513 2384 5543 ι
2423 5512 2498 5547 nn
2533 5512 2884 5548 minincntur
2905 5512 2960 5548 δ.
2990 5512 3146 5548 Joan.
3184 5512 3293 5549 lJll‘
3316 5513 3378 5549 's.
3417 5512 3530 5550 uo-

1951 5564 2114 5618 mil‘a‘.
2144 5565 2200 5619 in
2229 5563 2417 5634 Matth.
2459 5563 2527 5617 ab
2548 5563 2706 5617 Hom.
2734 5565 2835 5617 iad
2858 5581 3073 5628 LXXXIX,
3106 5565 3261 5634 cujus
3284 5512 3407 5622 fluis
3429 5568 3530 5621 de-

1948 5635 2237 5688 sideratur.
2273 5651 2290 5683 ι
2327 5633 2458 5696 lmo,
2496 5634 2847 5688 continentur
2876 5635 3114 5689 homilia:
3144 5633 3255 5689 rad
3287 5651 3374 5699 xx,
3416 5652 3531 5693 non

1947 5703 2172 5773 integra:
2200 5722 2212 5757 :
2237 5704 2440 5775 deinde
2474 5713 2597 5775 post
2646 5719 2734 5775 xx
2791 5705 3097 5760 absolutam
3149 5704 3342 5775 incipit
3372 5708 3532 5764 hom.

1946 5790 2103 5844 Lxxx,
2140 5773 2356 5830 omissis
2384 5773 2846 5846 intcrjzrccntibus.
