4056 6588
421 319 517 360 rm
1628 294 1809 352 Filii).
1849 293 2023 348 FIELI

1628 294 1809 352 Filii).
1849 293 2050 348 FIELD
2103 290 2486 350 PREFATM.

424 420 566 485 quas
594 423 667 469 ex
700 409 982 474 Homiliis
1018 413 1084 475 in
1120 412 1473 476 Mattbaaum
1529 421 1822 494 excerpta
1851 416 2019 487 sunt,
2050 411 2355 486 omnium,
2388 410 2457 472 ni
2476 408 2682 485 fallor,
2711 406 2964 470 sedibus
2993 402 3323 487 indagatis,
3343 398 3655 464 lectiones

424 523 543 571 nec
571 527 798 589 paucas
826 516 940 576 nec
963 516 1477 591 contemnendas,
1509 532 1638 578 non
1666 515 1802 577 sine
1833 529 2064 593 magno
2088 512 2305 577 labore
2339 519 2558 576 nactus
2588 527 2750 573 sum.

499 608 950 692 TheOphylacti
978 616 1467 680 Commentarios
1496 616 1564 679 in
1593 614 1970 691 Matthaaum,
2009 613 2197 696 hujus
2231 613 2443 694 operis
2470 613 2535 674 in
2567 610 2828 689 gratiam
2857 625 2893 672 a
2916 608 3101 672 nobis
3135 621 3463 681 excussus,
3486 618 3653 666 non-

424 706 580 769 nihil
607 710 868 772 subsidii
896 712 1119 775 attulit.

500 833 772 914 Majore,
798 838 942 911 imo
1009 839 1283 902 maximo
1350 857 1492 907 eum
1541 840 1775 916 fructu,
1815 839 2194 903 contulimus
2230 837 2550 920 Euthymii
2597 836 2892 918 Zigabeni
2923 852 3108 917 opus,
3153 829 3326 916 quod
3364 845 3657 908 magnam

423 936 662 1008 partem
691 949 769 994 ex
815 932 1236 1015 Chrysostomi
1285 938 1772 1011 commentariis,
1803 937 2008 1000 verbis
2063 935 2390 1017 paululum
2437 938 2710 1013 mutatis,
2759 937 3130 1018 decerptum
3168 950 3328 1005 esse,
3363 929 3660 994 omnibus

425 1038 641 1096 notum
674 1042 789 1107 est.
819 1038 1016 1118 Hujus
1044 1039 1255 1120 operis
1284 1039 1475 1103 editio
1505 1042 1719 1106 Latina
1751 1058 1790 1127 a
1818 1042 2060 1105 Joanne
2093 1041 2404 1104 Hentenio
2441 1040 2751 1117 confecta,
2780 1039 2931 1102 inde
2965 1039 3042 1102 ab
3079 1051 3246 1100 anno
3283 1029 3432 1094 1544
3459 1029 3660 1094 exsti-

422 1134 544 1197 tit:
577 1136 828 1199 Graecus
863 1145 1069 1200 autem
1117 1147 1323 1204 textus
1359 1143 1633 1224 primum
1677 1159 1714 1206 a
1756 1141 2074 1205 Matthaaio
2121 1159 2288 1205 anno
2332 1141 2481 1206 1792
2511 1159 2589 1204 ex
2626 1140 2873 1204 duobus
2919 1136 3105 1201 codd.
3136 1136 3380 1215 Mosqq.
3418 1128 3660 1213 publici

422 1233 578 1312 juris
616 1232 842 1314 factus,
865 1253 1032 1301 nunc
1064 1236 1314 1302 tandem
1340 1240 1416 1303 ad
1439 1240 1613 1321 ipsos
1647 1240 1856 1303 fontes
1890 1241 2252 1321 purgandos
2273 1258 2310 1304 a
2350 1240 2535 1304 nobis
2571 1239 2886 1304 adhibitus
2912 1243 3027 1300 est.

499 1356 915 1434 Quaestionem
953 1358 1030 1422 de
1057 1359 1321 1436 Aniano,
1356 1369 1564 1424 vetere
1585 1360 1808 1424 harum
1844 1361 2255 1425 Homiliarum
2281 1350 2649 1444 interprete,
2681 1363 2969 1444 pluribus
2999 1357 3281 1423 tractavit
3325 1354 3652 1419 Montet‘al-

425 1456 648 1519 conius
689 1455 756 1519 in
799 1457 1192 1534 Prcel'atione,
1231 1465 1384 1523 sect.
1417 1479 1454 1522 v
1489 1477 1503 1521 :
1540 1477 1683 1540 qua)
1705 1478 1875 1525 nunc
1905 1468 2192 1548 repetere
2220 1479 2351 1526 non
2369 1467 2567 1526 vacat.
2595 1462 2796 1543 Huius
2822 1460 3130 1524 versionis
3145 1456 3404 1533 Latinae,
3428 1454 3663 1519 sarculo

425 1563 470 1617 ν
490 1557 816 1635 confectis,
848 1578 993 1640 pars
1016 1561 1296 1638 minima,
1320 1581 1461 1644 quae
1498 1565 1737 1629 scilicet
1764 1572 1908 1628 octo
1940 1565 2184 1645 priores
2212 1565 2502 1628 homilias
2528 1564 2833 1639 continet,
2872 1562 3062 1625 hodie
3086 1561 3153 1623 in
3192 1559 3373 1623 editis
3408 1573 3664 1637 compa-

426 1659 519 1716 ret
549 1671 563 1714 :
595 1660 796 1720 totum
824 1675 970 1722 vero
1002 1660 1229 1724 librum
1258 1665 1336 1725 ab
1368 1679 1446 1725 eo
1483 1674 1857 1728 conversum
1887 1679 2047 1737 esse,
2085 1664 2213 1726 imo
2243 1664 2552 1743 integram
2576 1663 2709 1743 ejus
2735 1660 3087 1723 versionem
3108 1657 3185 1721 ad
3219 1657 3388 1719 hunc
3409 1655 3573 1717 diem
3597 1655 3664 1716 in

427 1752 944 1820 bibliothecarum
974 1758 1226 1822 latebris
1260 1759 1624 1825 delitescere
1647 1777 1858 1842 posse,
1889 1759 2319 1841 probabilibus
2347 1761 2732 1840 argumentis
2760 1760 2973 1823 docuit
2992 1755 3513 1843 Montel‘alconius
3546 1749 3660 1833 (a).

503 1857 804 1920 Homilies
842 1876 1062 1922 omnes
1090 1878 1126 1923 a
1154 1877 1321 1924 nona
1343 1863 1421 1924 ad
1451 1861 1731 1924 ultimam
1749 1862 1967 1924 Latine
2003 1863 2260 1925 vertisse
2293 1862 2480 1941 vulgo
2509 1861 2784 1926 creditur
2827 1860 3132 1938 Georgius
3168 1854 3661 1937 Trapezuntius:

425 1959 594 2037 quod
629 1964 832 2022 tamen
866 1976 995 2022 non
1031 1962 1205 2024 omni
1234 1979 1311 2025 ex
1340 1967 1518 2043 parte
1546 1979 1762 2025 verum
1792 1977 1928 2024 esse
1959 1961 2147 2025 docui
2171 1962 2237 2025 iu
2258 1962 2483 2025 Adnot.
2519 1962 2598 2024 ad
2626 1980 2690 2042 p.
2724 1960 2862 2022 838.
2885 1962 3230 2039 Utrumque
3257 1957 3663 2036 interpretem

427 2062 569 2136 post
595 2057 870 2120 Boisium
909 2064 969 2120 et
1000 2058 1290 2120 Savilium
1342 2060 1550 2123 denuo
1579 2059 1656 2121 ad
1714 2057 2141 2120 dissensiones
2187 2058 2476 2121 codicum
2533 2055 2960 2136 dijudicandas
3007 2053 3331 2127 advocavi;
3388 2051 3667 2116 adhibita

427 2160 637 2221 tamen
667 2173 907 2219 summa
945 2155 1256 2231 cautione,
1293 2173 1371 2218 ne
1396 2173 1472 2218 ex
1506 2155 1725 2218 solutis
1745 2156 2176 2234 verbosisque,
2207 2155 2522 2217 interdum
2553 2153 2737 2217 etiam
2769 2153 2940 2215 falsis
2967 2153 3379 2232 interpretum
3409 2167 3668 2213 conver-

425 2256 732 2330 sionibus,
769 2270 960 2317 novas
978 2253 1281 2318 lectiones
1315 2254 1846 2318 comminiscerer.
1883 2251 2239 2334 Exemplari
2268 2259 2476 2315 autem
2505 2269 2657 2314 usus
2682 2267 2842 2324 sum,
2891 2249 3063 2329 quod
3091 2249 3158 2309 in
3188 2254 3360 2310 tomo
3387 2247 3668 2309 secundo

425 2356 716 2421 editionis
744 2353 1190 2435 Chrysostomi,
1221 2353 1472 2416 Parisiis
1497 2371 1664 2416 anno
1695 2353 1843 2415 1580
1871 2353 2085 2415 Latine
2110 2368 2380 2427 excusas,
2417 2356 2651 2426 exstat;
2683 2350 2794 2414 ubi
2824 2349 2901 2412 ad
2929 2349 3167 2413 calcem
3189 2348 3364 2413 hom.
3391 2367 3496 2411 xc:
3526 2348 3665 2418 haec

425 2456 715 2533 leguntur
747 2454 928 2516 :Divi
955 2454 1222 2516 Joannis
1255 2452 1680 2532 Chrysostomi
1702 2450 2124 2514 Homiliarum
2157 2451 2309 2514 XCI
2345 2453 2413 2512 in
2447 2449 2811 2513 Matthamm
2837 2449 3005 2527 ﬁnis,
3044 2467 3162 2529 per
3187 2448 3459 2530 Philipp.
3498 2451 3669 2512 Mon-

427 2558 641 2620 tanum
667 2555 1244 2635 recognitarumad
1275 2553 1656 2633 exemplaria
1685 2556 1897 2618 Graca
1934 2556 2057 2618 duo
2089 2557 2530 2629 vetustissima,
2568 2572 2701 2635 quae
2725 2553 2907 2617 nobis
2935 2554 3440 2634 suppeditaocrat
3471 2555 3671 2634 Regia

425 2656 595 2736 apud
625 2651 1038 2739 Bella-Aqua
1063 2659 1299 2738 fontem
1321 2655 1712 2720 bibliotheca.
1731 2654 1979 2719 Scilicet
2003 2661 2180 2719 textu
2198 2655 2416 2719 Latino
2441 2655 2686 2733 integro
2718 2659 2988 2730 servato,
3013 2656 3347 2718 Montanus
3375 2653 3669 2718 emenda-

426 2757 630 2820 tiones
658 2773 802 2820 suas
834 2773 966 2820 non
991 2757 1079 2820 ita
1111 2757 1339 2820 multas
1369 2756 1436 2819 in
1464 2755 1745 2835 margine
1768 2755 1988 2819 illevit.
2437 2778 2439 2780 ·

511 2905 826 2969 Vardani:
854 2906 1136 2969 Armenta
1157 2905 1381 2970 harum
1415 2902 1828 2968 Homiliarum
1863 2903 2149 2968 notitiam
2179 2903 2381 2968 debeo
2414 2906 2563 2968 viris
2595 2905 2880 2983 eruditis,
2912 2905 3338 2969 Benedictinaa
3374 2905 3661 2987 repetita;

425 3006 803 3082 editoribus;
857 3006 966 3087 qui
1002 3006 1070 3069 in
1111 3005 1451 3070 Corollario
1481 3004 1561 3068 ad
1601 3002 2088 3068 Montefalconii’
2115 3002 2551 3068 Prml‘ationem
2597 3005 2735 3071 haec
2761 3006 3154 3087 scripserunt
3186 3023 3201 3068 :
3235 3028 3267 3064 ι
3298 3006 3670 3068 Versionem

424 3115 758 3174 Armenam
786 3109 1018 3173 saeculo
1050 3127 1095 3172 v
1124 3107 1476 3174 confectam
1506 3107 1856 3172 S.‘Joannis
1879 3107 2307 3186 Chrysostomi
2342 3108 2943 3171 Commentariorum
2968 3108 3034 3170 in
3066 3109 3129 3169 S.
3163 3106 3444 3171 Mattbtei
3466 3109 3671 3170 Evan-

427 3213 660 3294 gelium
691 3212 859 3292 typis
893 3210 1319 3290 vulgaverunt,
1352 3209 1600 3274 duobus
1627 3206 2158 3273 voluminibus‘in
2183 3215 2426 3283 octavo,
2453 3204 2890 3273 Mechitaristaa
2935 3212 3127 3274 Revv.
3166 3212 3380 3274 Patres
3418 3211 3672 3275 Armeui

424 3314 494 3376 in
527 3313 732 3376 insula
755 3314 818 3374 S.
846 3312 1080 3386 Lazarl,
1111 3311 1415 3386 Venetiis,
1447 3327 1616 3374 anno
1653 3309 1828 3384 1826,
1857 3309 2049 3372 nullis
2083 3309 2310 3373 additis
2337 3308 2503 3371 notis
2530 3309 2785 3386 Latinis,
2815 3315 2878 3372 et
2899 3311 3037 3374 sine
3065 3311 3471 3374 translatione
3495 3312 3623 3375 ulla
3651 3327 3666 3373 :

427 3415 513 3478 ita
539 3422 607 3478 ut
651 3415 856 3490 nobis,
907 3418 1192 3476 Armenta
1221 3412 1453 3490 linguai
1504 3412 1762 3491 ignaris,
1789 3410 1938 3474 -hoc
1966 3409 2127 3474 libro
2161 3409 2254 3473 uti
2275 3426 2405 3473 non
2451 3425 2822 3475 concessum
2852 3409 3063 3473 fuerit.
3098 3433 3130 3469 ι
3172 3411 3426 3498 Librum
3462 3412 3671 3474 statim

428 3513 806 3595 comparavi,
839 3519 901 3576 et
928 3529 1046 3594 pro
1074 3528 1215 3574 mea
1239 3511 1418 3575 istius
1444 3509 1677 3589 lingua;
1705 3510 1990 3586 scientia,
2019 3526 2162 3589 quae
2196 3525 2504 3590 perquam
2533 3511 2758 3588 exigua
2791 3516 2906 3584 est,
2929 3520 3159 3590 magna
3179 3509 3324 3574 cum
3352 3511 3672 3594 voluptate

429 3612 650 3677 evolvi.
707 3610 996 3674 Continet
1046 3607 1335 3672 homilias
1367 3624 1472 3670 un
1521 3607 1787 3688 priores.
1842 3608 2161 3687 Interpres
2202 3608 2416 3670 Grmca
2443 3607 2644 3687 probe
2696 3607 3030 3684 intellexit,
3074 3615 3243 3672 terse
3290 3627 3364 3674 ac
3405 3611 3673 3676 ﬁdeliter

428 3713 767 3795 expressit;
797 3711 1114 3775 interdum
1141 3725 1306 3771 unus
1333 3706 1618 3770 omnium
1640 3724 1860 3770 verum
1888 3706 2042 3770 vidit
2075 3706 2184 3787 (b).
2215 3709 2528 3780 Quantum
2562 3723 2714 3770 vero
2740 3708 3022 3772 utilitatis
3050 3710 3130 3774 ad
3159 3711 3503 3790 genuinum
3548 3713 3672 3774 No-

427 3813 544 3878 stri
563 3829 784 3876 aurum
803 3829 838 3875 e
867 3810 1157 3874 sordibus
1185 3806 1535 3872 eruendum
1562 3807 1710 3871 inde
1737 3807 2228 3890 perceperimus,
2259 3826 2378 3889 pro
2407 3827 2475 3873 se
2503 3808 2771 3892 quisque
2799 3810 2939 3892 ipso
2968 3827 3164 3893 opere
3181 3813 3470 3899 inSpecto
3495 3813 3671 3895 judi-

429 3930 574 3978 care
594 3912 828 3994 poterit
867 3909 975 3991 (b).

506 4030 685 4107 Quod
713 4036 1021 4111 superest,
1053 4047 1294 4095 merces
1311 4047 1484 4094 meas
1512 4047 1663 4096 sane
1693 4029 2215 4112 locupletissimas
2243 4033 2570 4115 quomodo
2598 4035 2666 4097 in
2687 4032 2917 4099 chartis
2939 4036 3374 4118 explicuerim,
3395 4039 3669 4105 breviter

429 4131 879 4214 exponendum
906 4137 1022 4194 est.
1058 4133 1274 4214 Itaque
1307 4134 1507 4192 varias
1553 4130 1879 4202 lectiones,
1923 4147 2006 4193 ne
2041 4131 2253 4212 operis
2288 4148 2406 4212 per
2456 4149 2527 4196 se
2578 4135 2899 4199 crassioris
2939 4135 3142 4200 moles
3188 4155 3379 4220 supra
3409 4141 3667 4206 modum

432 4239 812 4308 excurreret,
842 4249 986 4295 cum
1009 4231 1252 4295 delectu
1268 4231 1573 4295 notandas
1600 4231 1772 4294 duxi.
1799 4234 1872 4294 In
1901 4249 2030 4313 quo
2054 4231 2440 4310 adhibendo,
2460 4235 2692 4299 accidit
2707 4237 2886 4313 mihi,
2907 4239 3080 4319 quod
3101 4241 3415 4318 omnibus,
3449 4244 3664 4322 credo,

431 4329 542 4426 qui
573 4328 652 4391 ad
683 4346 815 4392 rem
837 4328 1111 4392 criticam
1156 4329 1540 4391 tractandam
1572 4328 1763 4409 paulo
1793 4327 2080 4392 radiores
2106 4331 2507 4408 accesserint,
2546 4339 2614 4396 ut
2641 4333 2901 4397 ineunte
2930 4352 3128 4416 Opere
3169 4341 3470 4404 nonnulla
3501 4359 3667 4425 prae-

427 4429 859 4506 termitterem,
889 4446 1030 4511 quin
1060 4435 1272 4510 postea
1304 4428 1692 4510 experientia
1714 4428 1937 4492 doctus
1964 4426 2139 4492 nullo
2167 4430 2362 4493 modo
2400 4432 2862 4496 contemnenda
2891 4449 3031 4497 esse
3059 4434 3208 4498 vidi.
3245 4437 3406 4501 Hinc
3436 4438 3665 4503 factum

429 4537 546 4604 est,
573 4537 644 4593 ut
665 4529 856 4593 altera
885 4546 1028 4610 pars
1050 4528 1462 4594 Homiliarum
1485 4529 1848 4594 uberiorem
1872 4531 2247 4595 variantium
2276 4532 2623 4597 lectionum
2655 4541 2932 4614 segetem
2961 4535 3203 4616 jactare
3225 4539 3536 4618 videatur;
3568 4543 3666 4606 cui

430 4639 640 4692 tamen
663 4627 1088 4709 inasqualitati,
1119 4629 1354 4709 multis,
1387 4646 1529 4710 quas
1550 4629 1730 4711 prius
1755 4631 2113 4708 omiseram,
2151 4633 2219 4696 in
2241 4633 2680 4699 adnotationes
2708 4635 2943 4712 relatis,
2969 4639 3233 4702 remedii
3249 4639 3487 4721 aliquid
3515 4643 3665 4705 alla-

431 4741 561 4794 tum
595 4738 708 4795 est.
738 4734 1046 4804 Prmterea
1071 4734 1126 4797 si
1147 4733 1310 4798 forte
1336 4733 1638 4798 lectiones
1664 4735 2052 4799 Oxonienses
2079 4736 2278 4800 serius
2309 4738 2707 4816 advenerant,
2736 4757 2927 4822 quam
2961 4746 3032 4805 ut
3061 4758 3178 4805 suo
3205 4729 3478 4826 quaeque
3523 4744 3666 4812 loco

429 4837 816 4907 notarentur,
845 4830 926 4896 de
955 4832 1054 4895 his
1074 4850 1330 4915 quoque
1358 4834 1424 4897 in
1451 4833 1965 4900 adnotationibus
1988 4836 2209 4901 sedulo
2238 4838 2546 4901 monitum
2569 4847 2685 4903 est.

503 4958 578 5020 In
606 4957 787 5021 variis
809 4955 1188 5022 lectionibus
1220 4957 1575 5037 digerendis
1593 4959 1707 5023 has
1737 4959 1872 5025 fere
1899 4961 2147 5041 regulas
2184 4969 2438 5028 secutus
2468 4978 2606 5026 sum
2647 4979 2662 5024 :

507 5085 556 5148 ἰ.
594 5082 875 5159 Codices,
893 5084 1012 5168 qui
1058 5101 1188 5151 non
1216 5092 1665 5156 memorantur.
1716 5084 1836 5150 nisi
1866 5085 2030 5153 forte
2071 5089 2543 5180 lacunaexstet,
2573 5104 2720 5151 cum
2755 5094 2933 5152 textu
2973 5093 3192 5154 nostro
3228 5091 3667 5156 consentiunt.

500 5318 735 5406 (21.599
755 5317 1035 5406 ,νεειίιιρεεε
1048 5318 1264 5406 γίέςεςιτ
1283 5317 1589 5406 euerte?!
1609 5318 1672 5406 il:
1692 5317 1991 5406 edam-ad
2097 5320 2374 5406 ριεηεοειι
2394 5320 2492 5378 ista
2509 5321 2780 5406 ἰθευηξυτ-
2809 5321 2984 5406 “virs
2997 5321 3162 5404 verba
3177 5330 3308 5378 ευηι
3325 5323 3402 5406 (ρο
3425 5323 3668 5406 ﬁt???

431 5387 626 5472 p."'63£
645 5388 889 5472 allatum:
918 5387 1078 5472 Adde
1099 5387 1289 5472 Pet“;
1418 5387 1612 5472 Synes.
1646 5396 1790 5472 nota}
1817 5405 1872 5471 ρ.
1899 5391 1988 5446 37.

2095 5393 2129 5462 ή
2153 5387 2226 5444 ’ὲηί
2275 5387 2590 5472 ηρρταγείαέ
2631 5391 2858 5472 σίτησις.
2893 5387 3158 5446 Ἀηίεηιιε
3183 5387 3663 5472 νθιςοςῖιλκγὲᾳέῆ,

434 5455 454 5513 ἱ
480 5458 598 5544 Non
619 5457 801 5544 minus
821 5455 1737 5544 falsusgestiderngbcaliger,.dumex
1756 5455 1985 5544 Aniano,
2094 5455 2187 5514 rice
2219 5455 2421 5544 palilia:
2451 5461 2508 5544 in
2534 5455 2798 5544 Prytaneo
2830 5473 3096 5544 apparata
3129 5462 3387 5544 convicia.
3418 5462 3508 5520 Sic
3535 5455 3662 5521 illei

432 5527 599 5582 veteri
636 5525 1006 5608 Chrysostomi
1055 5525 1374 5597 interprete,
1406 5525 1748 5596 conjectatur
1778 5525 1986 5598 πρυταὲ

435 5600 546 5681 gata
568 5611 862 5681 sumpsnsse
888 5594 1329 5681 Chrywstpm
1363 5612 1463 5677 pro
1495 5596 1730 5667 sportula
1760 5598 1816 5652 in
1847 5597 1985 5681 Ρνντ

1844 5525 1986 5584 tota;
2091 5545 2195 5586 nec
2215 5525 2370 5600 vulgo
2395 5530 2588 5594 exstat,
2611 5525 2710 5584 'nec
2745 5531 2801 5583 in
2831 5525 3093 5602 Prytaneo
3119 5532 3384 5600 sportula.
3426 5549 3446 5584 ι

1847 5597 1985 5681 Pw:
2161 5600 2825 5681 (δ).Ῡ.ίιὲθ.Αι¹η9ιο.εί¹.ιξρ-
2854 5601 2940 5681 89.
2963 5600 3092 5681 βεστ
3112 5600 3355 5681 έβέο..-
3401 5672 3446 5681 -.

433 5677 605 5720 laneo.
655 5666 854 5724 Verum
890 5680 1066 5737 neque
1114 5665 1256 5737 apud
1291 5665 1579 5734 Attianum,
1625 5682 1798 5739 neque
1842 5665 1984 5739 apud
2161 5665 2450 5738 (c)\'ideiu
2477 5670 2668 5741 primis
2695 5665 2894 5726 Ait—not.
2913 5669 2980 5726 ad
2997 5669 3227 5748 pp.ll5,
3254 5669 3373 5742 ll'l,
3400 5671 3521 5731 H7.

4014 215 4015 224 l

4013 909 4015 922 l
