4056 6562
1477 347 1657 405 Ιηίῐι).
1699 348 1904 406 ιηειυ
1943 348 2344 411 PREFATIO.

1847 348 1904 404 ,Β
1943 348 2344 411 PREFATIO.
3394 356 3449 399 ⁸⁸

205 467 312 532 Ubi
343 485 496 534 vero
542 470 816 547 colices,
862 471 972 552 qui
1021 470 1446 546 nominantur,
1488 479 1806 555 receptam
1849 476 2194 540 lectionem
2238 473 2495 549 habent,
2541 469 2954 551 caeteros’pro
2994 470 3224 551 rcjecta
3267 475 3459 544 stare,

212 584 313 649 per
338 588 406 634 se
434 574 588 635 satis
616 573 1002 652 intelligitur.

283 694 335 755 II
395 694 480 756 De
500 692 640 758 aliis
663 696 943 771 testibus,
975 696 1085 777 qui
1137 697 1393 761 nonnisi
1421 700 1606 761 certis
1628 699 1786 762 locis
1805 698 2111 781 appellari
2134 703 2423 779 possunt,
2451 716 2509 761 e.
2543 714 2603 777 g.
2623 697 2741 778 Ep.
2762 693 2951 758 Euth.
2975 690 3266 772 TbeOph.
3289 688 3457 752 Flor.

217 796 272 851 et
294 793 571 873 Interpp.
605 794 725 856 nisi
753 794 980 858 diserte
1014 796 1442 872 nominentur,
1473 798 1632 859 nihil
1667 815 1704 860 a
1734 800 1997 863 Lectore
2036 797 2247 877 colligi
2277 804 2511 878 potest.

286 918 387 980 III.
415 920 737 983 Editorum
766 923 1069 985 librorum
1096 923 1401 987 lectiones
1434 942 1690 1006 semper
1710 932 1773 989 et
1814 927 2058 1008 ubique
2096 941 2595 990 commemorare
2637 936 2771 985 non
2797 916 2999 982 nostri
3034 914 3151 977 fuit
3196 911 3459 992 incepti.

218 1016 423 1096 Itaque
454 1034 624 1097 saepe
655 1019 901 1093 accidit,
936 1025 1005 1081 ut
1035 1019 1225 1084 lectio
1260 1021 1470 1083 minus
1497 1023 1869 1102 probabilis,
1911 1040 1989 1085 ex
2016 1020 2147 1086 uno
2177 1028 2283 1085 aut
2311 1020 2599 1103 pluribus
2628 1018 2816 1082 codd.
2846 1017 2914 1078 in
2944 1013 3225 1092 margine
3251 1009 3459 1085 allata,

222 1132 288 1181 ea
309 1119 443 1198 ipsa
472 1118 572 1192 sit,
608 1135 750 1198 qua;
777 1120 841 1181 in
871 1118 1017 1183 edd.
1047 1126 1152 1182 aut
1180 1120 1580 1201 quibusdam,
1620 1123 1939 1186 autetiam
1968 1122 2262 1186 omnibus
2296 1121 2661 1202 reperiatur.

293 1244 391 1305 IV.
422 1242 541 1305 Ubi
571 1259 687 1323 pro
718 1243 911 1306 altera
931 1242 1206 1306 lectione
1233 1262 1443 1305 omnes
1473 1244 1713 1324 scripti,
1745 1260 1863 1324 pro
1884 1243 2076 1306 altera
2098 1261 2244 1306 vero
2268 1262 2474 1305 omnes
2498 1242 2649 1305 editi
2677 1239 2819 1304 libri
2838 1242 3144 1321 pugnant,
3174 1234 3466 1301 codicum

223 1343 479 1407 lectione
510 1348 785 1423 recepta,
815 1341 1045 1406 editam
1078 1342 1145 1404 in
1182 1342 1464 1421 margine
1490 1344 1911 1423 scﬁpsi,_.cum
1943 1350 2115 1420 nota,
2153 1366 2182 1401 α
2213 1343 2370 1406 Edd.
2400 1367 2431 1401 ι

302 1464 369 1525 ν.
416 1462 536 1526 Ubi
564 1462 629 1525 in
656 1462 865 1543 aliqua
890 1462 1166 1526 lectione
1192 1462 1428 1526 tuenda
1461 1480 1607 1525 cum
1632 1468 1804 1524 textu
1834 1463 2147 1527 Saviliano
2181 1465 2585 1527 consentiunt
2616 1482 2825 1527 omne:
2852 1462 3127 1538 codices,
3154 1460 3320 1526 hanc
3362 1460 3466 1522 in-

226 1566 495 1628 numeris
531 1564 711 1638 locis,
744 1566 977 1644 rejecta
1011 1562 1284 1626 lectione
1313 1564 2052 1641 Morello-Benedictina,
2085 1567 2270 1628 tacite
2307 1566 2556 1629 excudi.

296 1686 395 1747 VI.
440 1683 765 1759 Inordine
792 1684 1128 1747 verborum
1164 1684 1606 1747 constituendo
1637 1684 1901 1763 singulis
1934 1686 2090 1750 locis
2113 1687 2327 1768 plures
2362 1694 2423 1752 et
2452 1688 2748 1751 meliores
2776 1686 2973 1751 libros
3015 1692 3266 1749 secutus
3302 1702 3467 1756 sum,

228 1782 407 1864 idque
437 1784 771 1846 maximam
814 1789 1055 1864 partem
1097 1798 1230 1845 non
1270 1784 1513 1847 monito
1557 1785 1853 1861 Lectore;
1885 1803 2027 1849 cum
2061 1785 2323 1849 inﬁnitaa
2356 1786 2541 1850 molis
2582 1785 2819 1851 fuisset.
2858 1774 3079 1850 omnes
3107 1780 3471 1869 hujusmodi

226 1886 592 1948 mutationes
619 1886 685 1947 in
713 1884 969 1947 tabellas
998 1883 1260 1949 referre.

298 2027 641 2090 Moralium
670 2028 845 2092 initia
864 2029 995 2110 jam
1016 2036 1162 2094 ante
1192 2047 1311 2093 nos
1339 2030 1707 2095 distinxerat
1734 2033 1996 2096 Savilius
2010 2050 2028 2109 ;
2061 2033 2426 2099 eorumdem
2448 2048 2597 2096 vero
2619 2037 2983 2111 argumenta
3006 2045 3172 2091 nunc
3197 2026 3472 2106 primum

226 2148 259 2193 c
287 2133 612 2196 codicibus
649 2131 893 2214 prolata
916 2138 1083 2194 sunt.
1114 2133 1264 2195 Hmc
1294 2132 1360 2194 in
1389 2133 1716 2196 codicibus
1745 2151 1876 2197 non
1908 2136 2203 2210 omnibus
2231 2135 2452 2200 eadem
2474 2134 2772 2215 leguntur
2795 2151 2807 2194 :
2833 2133 2951 2196 alia
2978 2149 3097 2194 nos
3126 2132 3465 2205 edidimus,

225 2234 337 2295 alia
370 2234 587 2295 Latine
615 2250 793 2295 versa
826 2232 895 2294 in
920 2230 1126 2294 fronte
1154 2232 1366 2311 operis
1394 2230 1566 2293 dedit
1594 2234 1912 2296 Morellus.
1946 2235 2035 2298 De
2054 2234 2153 2297 his
2184 2242 2383 2299 exstat
2410 2236 2718 2300 Monitum
2745 2235 2814 2296 in
2849 2232 3070 2297 codice
3095 2232 3344 2294 Coislin.
3372 2231 3471 2306 66,

224 2332 385 2413 quod
416 2331 520 2395 hic
551 2332 909 2395 exscribere
946 2330 1035 2393 nil
1074 2336 1255 2393 vetat.
1299 2330 1517 2402 Ἐπειδὴ
1550 2330 1671 2396 ἔθος
1700 2328 1767 2404 ἦν
1789 2351 1821 2386 τ

1896 2335 2302 2405 μακαριωτάτῳ
2323 2333 2541 2407 Ἰωάννῃ
2564 2333 2642 2406 τῷ
2673 2331 3043 2403 Χρυσοπόμῳ
3068 2329 3206 2401 μετά
3226 2329 3474 2401 mpm-

224 2437 405 2489 νεῦσαι
436 2436 499 2489 τὸ
528 2436 659 2507 παρ’
688 2435 853 2490 αὑτοῦ
884 2435 1147 2508 προτεθὲν
1176 2436 1530 2504 εὐαγγελικὸν
1558 2437 1721 2507 ῥητὸν
1746 2437 1829 2502 εἰς
1856 2436 2049 2509 ἠθικὸν
2082 2437 2422 2493 καταπαύειν
2456 2438 2547 2494 τὸν
2571 2438 2751 2505 λόγον,
2778 2436 3075 2504 ἀναγκαῖον
3121 2432 3346 2503 ἐνόμισα
3382 2431 3478 2485 καὶ

217 2531 283 2585 τὰ
313 2531 441 2602 παρ’
467 2531 632 2586 αὐτοῦ
663 2530 722 2584 ἑν
750 2530 829 2603 τῷ
875 2529 1051 2602 ἠθικῷ
1086 2530 1229 2584 κατὰ
1255 2530 1457 2593 πλάτος
1488 2530 1758 2602 εἰρημένα
1784 2532 1843 2585 ἐν
1871 2532 2123 2603 συντόμῳ
2148 2532 2437 2605 προτάξαι,
2468 2532 2557 2587 ἵνα
2594 2531 2693 2603 ἔχῃ
2722 2534 2751 2585 ὀ
2775 2530 3095 2601 βουλόμενος
3128 2526 3227 2598 τὴν
3247 2524 3476 2594 δύναμιν

216 2627 306 2680 τοῦ
332 2626 533 2690 παντὸς
558 2624 750 2695 ἠθικοῦ
782 2624 996 2689 ἀπόνως
1022 2624 1116 2678 καὶ
1147 2624 1206 2678 ὲν
1235 2624 1483 2695 συντόμῳ
1510 2624 1783 2696 εὑρίσκειν
1813 2643 1818 2694 ε

1873 2624 1926 2706 η).
1956 2627 2340 2707 Plerumque
2361 2644 2508 2689 vero
2538 2644 2672 2689 non
2698 2626 2765 2687 in
2790 2624 2998 2687 fronte
3029 2622 3264 2703 Operis,
3304 2619 3475 2683 indi-

216 2728 304 2792 cis
347 2726 562 2801 modo,
599 2726 711 2789 sed
735 2725 864 2788 suis
890 2740 1161 2808 quaeque
1182 2722 1339 2787 locis
1366 2724 1433 2785 in
1454 2724 1736 2802 margine
1762 2724 1930 2801 libri,
1963 2726 2136 2805 quod
2172 2742 2291 2789 nos
2324 2725 2614 2801 fecimus,
2646 2730 3017 2803 argumenta
3048 2726 3371 2785 notantur.

290 2854 359 2914 In
398 2851 929 2925 adnotationibus,
958 2855 1190 2931 praeter
1217 2866 1290 2913 ea
1318 2867 1462 2931 quas
1489 2850 1584 2913 vel
1622 2849 1700 2911 ad
1730 2848 1992 2912 criticen
2014 2848 2108 2911 vel
2152 2848 2230 2911 ad
2277 2848 2868 2929 interpretationem
2913 2842 3273 2908 necessaria
3304 2838 3477 2901 vide-

211 2953 461 3028 bantur,
495 2953 797 3034 pauculas
819 2952 1211 3033 conjecturas
1240 2956 1484 3013 nostras
1517 2949 1597 3013 ad
1629 2949 1752 3012 alia
1790 2949 2228 3028 gratiosissimi
2274 2950 2563 3013 Auctoris
2595 2949 2829 3028 scripta
2874 2945 3292 3027 pertinentes,
3330 2954 3480 3003 cum

207 3057 471 3119 Lectore
492 3038 1117 3118 communicavimus.
1962 3064 1967 3066 '

289 3183 619 3245 Postremo
669 3179 749 3243 ad
783 3179 1029 3243 Indices
1083 3181 1422 3241 consuetos
1469 3175 1731 3239 accessit
1766 3176 1926 3239 alius
1960 3177 2246 3249 ercus;
2287 3175 2353 3237 in
2382 3176 2508 3255 'quo
2546 3174 2944 3238 conficiendo
2982 3172 3049 3235 id
3078 3170 3482 3253 potissimum

208 3280 369 3345 mihi
404 3279 799 3361 propositum
834 3282 949 3354 est,
978 3283 1050 3341 ut
1082 3293 1302 3340 eorum
1348 3275 1699 3338 commodis
1730 3275 2093 3349 inserviam,
2134 3275 2243 3356 qui
2270 3275 2536 3355 posthac
2574 3275 2696 3337 alia
2741 3274 3010 3337 fortasse
3052 3269 3483 3352 Chrysostomi

208 3400 411 3465 opera
448 3382 773 3463 purganda
808 3379 1190 3461 suscipiant;
1239 3377 1414 3459 quod
1450 3378 1776 3457 negotium
1820 3384 1949 3441 tam
1998 3377 2389 3460 expeditum,
2426 3395 2618 3460 quam
2652 3377 3082 3443 necessarium
3124 3392 3287 3452 esse,
3336 3378 3484 3455 post

211 3502 429 3550 meum
452 3482 736 3547 laborem
773 3496 986 3556 nemo,
1017 3478 1268 3560 opinor,
1299 3476 1575 3557 negabit.

293 3606 657 3672 Scribebam
684 3598 1117 3680 Cantabrigim,
1163 3597 1266 3660 die
1292 3597 1432 3658 XIX
1454 3594 1683 3677 Aprilis
1710 3597 2223 3660 MDCCCXXXIX.

280 3825 358 3908 ζα)
410 3828 535 3908 Haec
586 3828 736 3908 ips_e_
766 3824 1610 3908 expeditae.legscripsiuNunch
1632 3826 1793 3908 video

1898 3827 2187 3908 aliaaka
2213 3826 2538 3908 προτξρρθεν
2558 3826 2735 3908 dedit.
2760 3826 2867 3886 Sed
2897 3828 3274 3902 apographum
3298 3836 3484 3881 meum

203 3894 388 3958 adem
414 3916 445 3956 a
468 3894 907 3955 Moniefalconio
927 3894 1138 3970 in_Bibl_.
1162 3894 1379 3970 Coislin.
1412 3913 1478 3970 p._
1511 3898 1615 3952 150
1643 3898 1791 3970 edita
1899 3898 2083 3956 verius
2111 3894 2267 3968 esse,
2286 3894 2463 3970 quivis
2487 3896 2658 3955 videt.

196 3983 334 4043 esse,
366 3971 459 4046 qui
487 3980 679 4029 tamen
716 3983 826 4043 pro
844 3966 1028 4024 verbis
1076 3965 1138 4020 τὸ
1162 3967 1290 4038 παρ’
1316 3965 1481 4021 acra:
1505 3968 1788 4039 προτεθὲν,
