4056 6522
220 410 285 467 γε
1381 416 1453 472 IN
1493 418 1761 477 MATTH:

1873 421 1913 476 Μ
1981 423 2214 480 HDMIL.
2254 425 2297 479 1.
2806 420 2807 423 “
3412 428 3479 483 16

210 516 322 573 bris
344 530 482 587 opus
506 517 832 582 habeamus;
874 533 943 575 ne
970 519 1074 577 hoc
1110 520 1347 578 secundo
1373 524 1586 595 quidem
1612 542 1791 584 reme-

210 608 297 664 dio
325 616 381 663 ut
409 623 507 677 par
532 616 679 663 esset
700 617 930 665 utamur.
957 610 1091 666 Nam
1119 614 1162 668 si
1188 629 1293 669 non
1314 616 1469 685 culpa
1496 629 1647 674 vacat
1675 620 1790 675 lite-

208 700 281 753 ris
301 712 481 769 egere,
510 712 611 753 nec
637 714 732 769 per
756 715 815 756 se
840 700 1069 771 Spiritus
1096 705 1319 773 gratiam
1360 708 1661 776 attrahere;
1695 726 1791 765 co—

203 790 305 860 gita
336 798 596 859 quantum
622 792 827 847 crimen
865 794 934 849 sit
974 810 1041 849 ne
1082 795 1182 851 hoc
1215 797 1429 867 quidem
1470 802 1671 875 auxilio
1716 804 1790 857 uti

205 879 356 945 velle,
396 880 494 936 sed
524 881 707 937 literas
730 883 849 938 illas
878 886 1029 954 quasi
1055 885 1247 942 frustra
1277 898 1331 943 et
1356 899 1559 946 temere
1590 894 1791 962 positas

197 967 494 1038 despicere,
534 980 593 1025 et
624 972 883 1041 majorem
916 974 968 1028 in
997 989 1056 1030 se
1080 977 1584 1048 attrahere-poenam
1636 982 1790 1050 Quod

200 1072 266 1113 ne
287 1057 516 1124 aecidat,
541 1060 837 1131 Scripturis
878 1074 1125 1121 accurate
1150 1067 1499 1125 adhibeamus
1524 1072 1785 1141 animum,

198 1161 258 1202 ac
283 1147 553 1205 discamus
578 1152 844 1221 quomodo
865 1163 1020 1210 vetus
1051 1156 1136 1211 lex
1165 1156 1287 1215 data
1314 1159 1493 1226 fuerit,
1518 1165 1787 1233 quomodo

198 1247 373 1304 postea
407 1238 614 1295 Novum
638 1242 1063 1300 Testamentum.
1085 1246 1205 1314 Quo
1229 1250 1387 1319 igitur
1407 1253 1566 1308 modo
1590 1256 1675 1310 lex
1696 1255 1785 1311 illa

195 1326 307 1380 data
340 1338 449 1383 tum
479 1330 613 1385 fuit?
638 1334 853 1402 quando
877 1346 931 1390 et
962 1328 1214 1393 ubinam?
1258 1340 1385 1395 Post
1411 1341 1782 1415 .‘Egyptiorlm

190 1420 503 1487 perniciem,
530 1422 582 1475 in
606 1422 842 1490 deserto,
873 1434 927 1480 et
956 1427 1007 1480 in
1035 1439 1215 1485 monte
1239 1430 1387 1499 Sina,
1418 1434 1563 1489 fumo
1587 1444 1642 1490 et
1664 1435 1784 1506 igne

189 1510 256 1565 de
304 1522 487 1568 monte
529 1526 865 1585 ertmpente,
910 1518 1031 1572 tuba
1068 1520 1373 1591 clangente,
1413 1523 1783 1595 frequentibus

192 1600 482 1671 fulguribus
510 1613 673 1674 atque
703 1608 970 1673 tonitrttis,
1004 1608 1290 1681 Mnyseqtte
1318 1612 1369 1665 in
1398 1614 1568 1683 ipsam
1596 1613 1785 1688 ealigi-

192 1708 306 1747 nem
341 1696 593 1749 intrante.
637 1698 690 1751 ln
726 1698 874 1753 Novo
900 1710 1077 1755 autem
1115 1717 1219 1756 non
1261 1702 1329 1757 ita
1359 1718 1457 1760 nec
1486 1706 1536 1760 in
1565 1707 1781 1763 deserto

190 1798 284 1837 nec
306 1784 354 1838 in
387 1797 591 1851 monte,
616 1805 719 1842 non
742 1806 862 1845 cum
896 1791 1059 1857 fumo,
1082 1794 1338 1861 tenebris,
1368 1798 1594 1867 caligine
1620 1809 1779 1870 atque

191 1889 235 1941 ll!
254 1877 438 1942 acella,
470 1878 569 1933 sed
599 1879 815 1935 ineunte
841 1883 947 1949 die,
976 1883 1141 1950 domi,
1172 1887 1425 1943 omnibus
1456 1905 1557 1944 una
1586 1892 1781 1948 seden-

185 1964 341 2031 tibus,
386 1981 578 2037 Inagna
620 1985 742 2024 cum
786 1974 1168 2042 tranquillitate
1210 1988 1356 2046 gesta
1401 1989 1526 2033 sunt
1573 1984 1771 2039 omnia.

187 2050 556 2111 Ferocioribus
593 2061 787 2141 quippe
816 2061 918 2115 illis
942 2071 995 2117 et
1023 2062 1473 2133 ell‘renatioribus,
1517 2084 1773 2141 corporea

185 2144 355 2209 specie
397 2160 538 2215 opus
576 2133 739 2212 erat;
767 2164 958 2219 nempe
995 2153 1313 2221 solitudine,
1358 2167 1559 2223 monte,
1604 2133 1773 2228 fumo,

180 2235 318 2290 tuba:
361 2238 621 2309 clangore
660 2250 715 2296 et
759 2243 1052 2311 similibus;
1103 2245 1502 2305 sublimioribus
1551 2269 1676 2307 vero
1719 2265 1774 2309 et

184 2324 702 2395 obsequentior-ibus,
746 2332 835 2401 qui
881 2347 1168 2403 corporeae
1214 2338 1564 2408 cogitationes
1616 2343 1774 2413 longe

178 2427 587 2494 exsuperabat",
622 2424 922 2497 hujusmodi
952 2430 1109 2485 rebus
1134 2431 1269 2487 nihil
1298 2448 1432 2503 opus
1453 2445 1588 2490 erat.
1618 2436 1770 2505 Quod

180 2513 222 2567 si
263 2524 316 2570 et
369 2516 513 2586 apud
565 2517 687 2574 illos
741 2534 906 2575 sonus
948 2522 1182 2579 emissus
1231 2532 1347 2591 est,
1392 2524 1443 2581 id
1486 2541 1593 2581 non
1636 2543 1771 2599 apo-

180 2604 475 2673 stolorum,
532 2607 629 2663 sed
674 2608 980 2666 Judarorum
1025 2622 1149 2668 tunc
1212 2617 1553 2684 praesentium
1606 2634 1767 2675 causa

185 2690 372 2749 factum
441 2707 552 2760 est,
632 2699 893 2769 simulque
959 2703 1128 2771 igneae
1191 2707 1385 2775 lingnze
1435 2710 1565 2764 visre
1619 2722 1765 2765 sunt.

172 2770 297 2827 Nam
367 2776 410 2828 si
464 2777 549 2831 his
610 2781 678 2831 ita
722 2780 936 2847 gestis,
988 2770 1137 2852 ipsos
1186 2770 1364 2843 musto
1418 2790 1606 2859 plures
1640 2806 1761 2851 esse

170 2863 409 2920 dicebant
435 2867 578 2935 (Act.
621 2869 676 2922 2.
719 2872 840 2941 (δὶς
870 2875 1037 2929 multo
1065 2879 1233 2949 magis
1275 2880 1326 2934 id
1360 2880 1552 2938 dicturi
1580 2895 1762 2949 erant,

166 2954 211 3008 si
242 2956 367 3012 nihil
406 2958 603 3013 horum
634 2961 909 3016 vidissent.
953 2962 1022 3018 Et
1066 2967 1118 3020 in
1163 2970 1331 3024 veteri
1361 2971 1578 3041 quidem
1619 2973 1755 3043 lege,

165 3059 279 3099 cum
324 3048 538 3119 Moyses
580 3052 929 3115 ascendisset,
972 3053 1251 3113 descendit
1294 3058 1431 3115 Deus
1464 3076 1479 3115 :
1508 3060 1596 3116 hic
1634 3076 1759 3117 vero

166 3150 439 3209 postquam
468 3154 660 3196 natura
693 3154 873 3198 nostra
901 3145 955 3199 in
986 3147 1203 3215 caelum,
1236 3150 1345 3205 imo
1369 3150 1423 3205 in
1452 3150 1642 3207 solium
1671 3169 1754 3209 re—

164 3231 300 3299 gium
327 3245 517 3289 evecta
547 3247 712 3296 esset.
743 3237 973 3307 Spiritus
998 3240 1294 3298 descendit.
1326 3244 1383 3301 Si
1413 3256 1594 3302 autem
1629 3247 1751 3317 Spi-

165 3320 291 3375 ritus
317 3324 494 3377 minor
520 3336 683 3390 esset,
715 3326 828 3382 haec
857 3344 961 3382 non
994 3330 1098 3385 illis
1123 3332 1312 3400 priscis
1341 3336 1541 3402 majora
1584 3338 1754 3391 mira-

163 3407 451 3481 bilioraque
484 3413 733 3468 fuissent.
776 3416 909 3470 Nam
955 3418 1035 3473 lue
1078 3420 1272 3477 tabula:
1312 3424 1470 3496 longe
1502 3437 1762 3496 praestan-

160 3499 319 3554 tiores
349 3509 477 3555 sunt
509 3503 641 3570 illis,
669 3514 727 3558 ut
758 3514 813 3560 et
839 3522 927 3561 res
949 3518 1113 3577 gesta:
1138 3513 1548 3580 Splendidiores.
1576 3516 1757 3587 Neque

161 3589 293 3643 enim
321 3594 552 3659 apostoli
587 3609 652 3648 ex
690 3605 872 3651 monte
913 3597 1306 3657 descenderunt
1342 3604 1545 3659 tabulas
1586 3608 1756 3661 mani-

163 3676 253 3732 bus
299 3692 613 3749 gestantes,
652 3693 707 3738 ut
747 3686 990 3757 Moyses;
1033 3690 1128 3745 sed
1178 3692 1434 3759 Spiritum
1479 3695 1533 3748 in
1576 3707 1756 3753 mente

155 3768 621 3838 circumferentes,
667 3790 730 3830 ac
779 3777 1087 3833 thesaurum
1132 3783 1415 3850 quemdam
1456 3795 1512 3840 et
1551 3786 1753 3843 fontem

154 3857 457 3927 dogmatum
503 3873 559 3919 et
589 3862 855 3920 donorum
900 3868 1269 3940 bonorumth
1297 3875 1535 3929 omnium
1570 3877 1752 3932 effun-

152 3947 336 4004 dentes
355 3993 369 4014 ,
404 3952 485 4007 sic
511 3968 923 4022 quoquoversus
959 3959 1281 4028 circuibant,
1314 3963 1413 4032 ipsi
1441 3981 1655 4037 quoque
1684 3968 1752 4023 li-

155 4037 229 4093 bri
260 4042 502 4100 viventes
534 4053 698 4115 atque
726 4047 874 4118 leges
902 4064 999 4118 per
1022 4053 1246 4121 gratiam
1281 4054 1453 4110 ell'ecti
1486 4076 1501 4111 :
1542 4060 1621 4115 sic
1652 4061 1751 4116 tria

155 4131 335 4196 millia,
366 4136 445 4188 sic
489 4137 728 4207 quinque
759 4138 948 4204 millia,
985 4141 1063 4195 sic
1091 4142 1370 4199 universos
1396 4145 1543 4201 orbis
1581 4162 1751 4218 popu-

154 4220 229 4274 los
258 4233 621 4291 attraxerunt,
665 4230 770 4283 Deo
803 4244 900 4299 per
929 4245 1114 4285 eorum
1159 4234 1391 4303 linguam
1431 4236 1750 4296 accedentes

152 4313 448 4383 alloquentc
474 4318 619 4389 (Act.
655 4318 709 4370 2.
737 4320 827 4375 Η.
869 4330 915 4374 et
939 4322 992 4377 4.
1022 4323 1098 4394 4).
1128 4324 1246 4390 Quo
1269 4325 1406 4381 duce
1428 4329 1587 4383 etiam
1615 4330 1749 4385 Mat-

152 4402 316 4461 threus
328 4408 464 4475 Spiri
475 4418 529 4462 tu
546 4411 783 4478 repletus
803 4411 917 4467 base
929 4413 1139 4483 scripsit
1156 4432 1170 4479 ;
1185 4416 1483 4487 Mattheus,
1506 4419 1743 4491 inquam,

153 4493 235 4548 ille
276 4498 601 4565 publicanus
636 4521 648 4554 :
680 4516 785 4556 non
830 4504 971 4557 enim
1019 4506 1181 4574 pudet
1222 4505 1344 4562 eum
1385 4510 1453 4564 ab
1491 4519 1606 4566 arte
1648 4526 1744 4569 sua

153 4602 487 4659 nuncupare:
552 4607 727 4661 neque
773 4594 953 4660 illum,
1010 4612 1183 4666 neque
1230 4599 1385 4673 alios.
1440 4601 1551 4657 lloe
1602 4604 1743 4659 enim

148 4684 370 4740 maxime
399 4696 454 4741 et
480 4686 721 4754 Spiritus
743 4688 970 4756 gratiam
998 4698 1052 4744 et
1079 4690 1287 4744 illorum
1321 4693 1570 4748 virtutem
1596 4709 1743 4749 com-

154 4778 372 4832 incndat.

209 5025 260 5079 Ξ.
298 5027 445 5097 Opus
488 5039 679 5083 autem
724 5046 879 5085 suum
921 5032 1042 5101 jure
1072 5033 1412 5105 Evangelium
1442 5038 1731 5110 inscripsit.

148 5113 406 5180 Siquidem
454 5120 728 5175 sublatam
784 5121 1039 5178 ultionem
1118 5136 1451 5191 peccatorum
1501 5132 1732 5201 veniam,

148 5203 411 5278 iustitiam,
442 5212 956 5287 sanctificationem,
1004 5219 1447 5291 redemptionem,
1486 5226 1735 5297 adoptio-

150 5310 278 5363 uem,
320 5303 587 5358 caelorum
621 5303 970 5363 hereditatem
1001 5320 1056 5366 et
1084 5313 1451 5381 cognationem
1490 5332 1612 5373 cum
1643 5319 1732 5374 Fi-

150 5382 213 5441 lio
240 5390 353 5457 Dei,
382 5397 647 5451 omnibus
668 5402 1036 5456 annuntiatutn
1064 5404 1230 5471 venit,
1261 5406 1508 5473 inimicis,
1542 5410 1733 5480 impro-

151 5477 240 5540 bis,
281 5486 601 5543 sedentibus
649 5488 699 5541 in
744 5491 997 5547 tenebris.
1043 5494 1177 5559 Quid
1218 5506 1323 5550 tam
1363 5498 1503 5554 bono
1546 5477 1732 5556 nuntio

150 5574 303 5638 possit
340 5582 588 5649 aquari?
635 5582 773 5636 Deus
812 5588 861 5637 in
901 5592 1060 5651 terra,
1096 5587 1254 5643 homo
1278 5591 1326 5643 in
1357 5592 1488 5645 ezclo
1521 5610 1533 5645 :
1564 5592 1727 5648 facta-

148 5678 241 5729 que
286 5671 523 5726 omnium
575 5676 963 5731 commixtione
1016 5682 1187 5749 angeli
1245 5697 1367 5737 cum
1424 5685 1727 5742 hominibus

147 5752 355 5815 choreas
384 5764 642 5833 agebant,
687 5764 931 5823 homines
974 5784 1092 5825 cum
1124 5776 1324 5841 angelis
1369 5775 1595 5849 aliisque
1634 5796 1726 5836 su-

1899 544 2079 598 perius
2113 525 2463 600 potestatibus
2487 528 2841 585 versabantur
2870 546 2885 585 :
2909 525 3204 596 videreque
3232 535 3357 581 erat
3374 526 3497 578 diu-‘

1897 629 2112 675 turnum
2140 620 2339 677 bellum
2384 620 2639 687 solutum,
2667 628 2722 675 et
2747 629 2900 689 pacta
2926 633 2955 671 a
2986 618 3096 673 Deo
3135 631 3258 673 cum
3300 627 3426 671 natu
3459 633 3490 670 a

1897 718 2077 764 nostra
2122 710 2288 776 inita;
2335 708 2609 765 diabolum
2654 708 2858 779 pudore
2901 706 3173 790 aﬂ'ectum,
3214 706 3491 761 dmmouas

1896 799 2132 866 fugatos,
2186 808 2416 855 mortem
2449 798 2804 865 dissolutam,
2854 797 3163 869 paradisum
3208 807 3489 867 apertum,

1895 890 2325 948 maledictionem
2348 891 2604 957 ablatam,
2653 900 2928 958 peccatum
2973 890 3041 945 de
3085 887 3265 944 medio
3310 888 3491 942 subla-

1894 991 2026 1047 tum,
2050 997 2289 1037 errorem
2309 982 2611 1051 depulsum,
2636 982 2915 1036 veritatem
2946 994 3237 1043 reversam,
3264 980 3489 1035 verbum

1894 1072 2104 1143 pietatis
2137 1072 2337 1144 ubique
2362 1072 2765 1128 disseminatum
2796 1082 2851 1127 et
2874 1086 3148 1138 crescens,
3195 1085 3486 1140 supernam

1892 1165 2018 1218 vitae
2040 1166 2307 1221 rationem
2334 1166 2385 1219 in
2417 1173 2561 1220 terra
2588 1164 2823 1227 insitam,
2855 1163 3083 1218 virtutes
3105 1160 3228 1218 illas
3262 1162 3491 1216 familia-

1893 1255 2024 1310 riter
2064 1256 2343 1311 nobisoum
2385 1264 2622 1324 agentes,
2652 1253 2873 1324 angelos
2908 1252 3224 1323 frequenter
3252 1252 3305 1309 in
3345 1261 3486 1307 terra

1893 1355 2186 1412 versantes,
2216 1361 2571 1417 magnamque
2615 1361 2766 1416 spem
2797 1346 3114 1401 futurorum.
3152 1345 3279 1401 ideo
3317 1344 3488 1401 histo—

1892 1434 2023 1491 riam
2055 1437 2405 1508 Evangelium
2432 1438 2645 1492 vocavit
2688 1454 2701 1490 :
2739 1437 2889 1507 quasi
2927 1436 3134 1492 scilicet
3160 1436 3262 1490 alia
3303 1436 3484 1490 omnia

1884 1528 2049 1583 verba
2078 1533 2240 1585 rebus
2268 1530 2376 1584 sint
2404 1543 2593 1594 vacua,
2624 1537 2682 1582 ut
2704 1541 2835 1599 opes
2862 1528 3065 1593 multae,
3092 1527 3180 1582 vis
3201 1528 3483 1596 potentior,

1888 1619 2239 1690 principatus,
2272 1620 2460 1690 gloria,
2495 1619 2746 1685 honores,
2776 1626 3078 1689 ceteraque
3117 1618 3321 1683 omnia,
3363 1632 3484 1687 quae

1885 1710 2025 1781 apud
2077 1710 2323 1767 homines
2370 1712 2507 1766 bona
2557 1725 2679 1767 esse
2726 1717 3014 1779 putantur;
3059 1723 3180 1779 qum
3224 1716 3405 1765 autem
3451 1723 3483 1764 a

1888 1804 2243 1873 piscatoribus
2269 1804 2531 1874 promissa
2561 1802 2737 1866 fuere,
2770 1816 2899 1857 vere
2924 1815 2988 1855 ac
3016 1800 3233 1870 proprie
3252 1814 3482 1871 evange-

1884 1896 1954 1949 lia
1986 1896 2233 1951 dicantur
2284 1910 2439 1949 :non
2483 1895 2658 1949 solum
2707 1894 2830 1963 quia
2881 1893 3033 1947 ﬁrma
3079 1892 3483 1962 immobiliaque

1886 1987 2022 2041 bona
2055 1994 2198 2050 sunt,
2236 1994 2583 2054 nostramque
2609 1983 2988 2053 cxsuperantia
3018 1981 3352 2054 dignitatem,
3384 1982 3480 2037 sed

1883 2078 2044 2133 etiam
2073 2078 2195 2147 quia
2231 2092 2353 2131 cum
2383 2076 2528 2131 omni
2563 2075 2814 2140 facilitate
2851 2074 3007 2130 nobis
3032 2073 3156 2128 data
3186 2084 3328 2129 sunt.
3358 2072 3477 2129 Non

1882 2167 2028 2223 enim
2052 2184 2117 2222 ex
2150 2167 2336 2223 labore
2363 2175 2428 2222 et
2456 2166 2655 2221 sudore
2703 2173 2909 2229 nostro,
2942 2179 3049 2219 non
3088 2178 3154 2220 ex
3198 2164 3476 2231 aerumnis,

1881 2262 1975 2315 sed
2020 2277 2083 2314 ex
2132 2260 2224 2314 Dei
2267 2275 2393 2330 erga
2438 2274 2539 2314 nos
2578 2273 2764 2313 amore
2814 2258 2929 2312 haec
2969 2257 3324 2328 suscepimus.
3368 2256 3480 2311 Cur

1882 2362 2047 2420 porro
2084 2366 2203 2406 cum
2252 2362 2430 2406 tantus
2474 2352 2544 2406 sit
2584 2350 2965 2420 discipulorum
3012 2365 3272 2407 numerus
3299 2392 3315 2416 ,
3364 2350 3473 2405 duo

1883 2449 2085 2496 tantum
2135 2458 2199 2497 ex
2232 2443 2488 2513 apostolis
2514 2443 2773 2508 scribunt,
2823 2453 2878 2499 et
2919 2443 3024 2497 duo
3061 2458 3125 2499 ex
3171 2458 3360 2499 eorum
3386 2458 3475 2499 se—

1880 2533 2173 2603 quacibus?
2216 2536 2348 2591 Nam
2389 2536 2526 2591 alter
2570 2536 2738 2600 Pauli,
2788 2536 2925 2591 aiter
2973 2535 3117 2591 Petri
3157 2534 3477 2606 discipulus.

1876 2642 2001 2681 cum
2026 2628 2232 2685 Joanne
2261 2639 2315 2685 et
2343 2631 2594 2688 Mattme
2621 2634 2907 2706 Evangelia
2935 2638 3290 2708 scripserunt.
3333 2639 3467 2709 Quia

1876 2716 2005 2771 nihil
2035 2734 2128 2787 per
2156 2724 2575 2778 ostentationem
2604 2724 2890 2793 faciebant,
2918 2726 3015 2783 sed
3051 2729 3232 2783 omnia
3261 2728 3329 2785 ad
3362 2731 3469 2786 uti-

1876 2808 2101 2864 litatem.
2135 2811 2274 2879 Quid
2302 2814 2499 2882 igitur?
2523 2831 2705 2871 annon
2747 2817 3048 2874 sufﬁciebat
3074 2835 3214 2875 unus
3235 2836 3474 2892 evange-

1875 2898 2019 2965 lista,
2066 2902 2155 2971 qui
2197 2906 2377 2958 omnia
2431 2907 2715 2963 narraret?
2754 2907 3068 2965 Sufficiehat
3113 2911 3331 2981 quidem
3366 2927 3473 2967 :ae

1873 2989 2001 3045 licet
2054 3003 2286 3059 quatuor
2324 2996 2671 3065 scripserint.
2734 3013 2913 3069 neque
2957 3000 3150 3056 eodem
3188 3009 3469 3072 tempore,

1873 3094 2049 3149 neque
2076 3080 2269 3138 eodem
2296 3085 2349 3139 in
2372 3085 2512 3153 loco,
2554 3103 2733 3158 neque
2772 3090 3082 3162 congregati
3127 3090 3285 3146 simul
3311 3101 3367 3147 et
3401 3106 3468 3147 ea

1874 3180 2059 3225 mutuo
2087 3187 2379 3244 congressu
2422 3193 2436 3231 :
2481 3186 2535 3233 et
2564 3187 2744 3235 tamen
2786 3184 3088 3254 cum-quasi
3127 3199 3193 3240 ex
3224 3200 3333 3240 uno
3372 3200 3469 3241 ore

1874 3262 2049 3316 omnia
2078 3268 2444 3332 pronuntient,
2475 3268 2601 3324 hinc
2626 3286 2819 3340 magna
2847 3276 3076 3337 ωηεν-κίε
3104 3276 3351 3334 veritatis
3370 3277 3469 3335 de-

1872 3356 2210 3410 monstratio.
2616 3376 2617 3379 ‘

1944 3579 2231 3654 Evangetia
2250 3602 2348 3640 cur
2366 3589 2643 3660 oliquamo
2669 3610 2800 3649 mter
2817 3612 2870 3651 se
2889 3602 3156 3656 dissentire
3177 3602 3466 3662 videantur.

1866 3674 2123 3743 —Atqui,
2159 3680 2386 3748 inquies,
2406 3683 2630 3738 omnino
2665 3696 2848 3741 contra
2871 3691 3105 3745 accidit:
3146 3707 3291 3765 saepe
3320 3697 3467 3751 enim

1864 3761 2009 3818 inter
2028 3778 2087 3819 se
2106 3766 2394 3825 dissentire
2423 3772 2918 3842 deprehenduntur.
2945 3779 3103 3837 Certe
3132 3761 3260 3840 illud
3289 3787 3466 3857 ipsum

1865 3869 2117 3924 magnum
2139 3869 2221 3913 est
2244 3875 2342 3929 pro
2366 3864 2589 3921 veritate
2615 3881 3008 3938 argumentum.
3028 3872 3090 3928 Si
3114 3876 3258 3931 enim
3281 3880 3464 3935 omnia

1864 3959 2113 4006 accurate
2132 3964 2520 4011 consonassent
2536 3967 2586 4011 et
2608 3970 2863 4028 quantum
2884 3962 2949 4017 ad
2970 3972 3199 4035 tempus,
3222 3978 3277 4023 et
3290 3984 3459 4038 quan-

1863 4048 1977 4093 tum
2004 4042 2071 4094 ad
2100 4043 2244 4107 loca,
2292 4054 2346 4099 et
2387 4058 2647 4116 quantum
2675 4052 2741 4105 ad
2774 4053 2883 4121 ipsa
2910 4056 3106 4123 verba,
3135 4074 3199 4112 ex
3230 4059 3460 4115 inimicis

1860 4143 2022 4184 nemo
2043 4132 2343 4188 crediturus
2364 4146 2481 4191 erat
2499 4180 2515 4203 ,
2542 4138 2635 4193 sed
2660 4156 2724 4195 ex
2748 4154 2934 4199 mutuo
2955 4146 3297 4219 humanoque
3322 4164 3459 4206 cou-

1860 4240 2023 4282 sensu
2054 4226 2168 4283 haec
2195 4230 2391 4299 scripta
2422 4232 2589 4289 fuisse
2619 4246 2930 4305 putassent,
2962 4249 3121 4311 atque
3144 4241 3457 4313 hujusmodi

1860 4320 2268 4374 consonantiam
2295 4335 2399 4375 non
2419 4337 2485 4376 ex
2510 4324 2871 4395 simplicitate,
2897 4331 3310 4404 sinceritateque
3331 4350 3457 4405 pro-

1858 4406 2071 4461 cedere.
2094 4407 2213 4462 .lam
2236 4424 2366 4464 vero
2388 4411 2475 4465 illa
2498 4428 2616 4482 qua:
2640 4414 2691 4469 in
2713 4417 2917 4487 exiguis
2947 4420 3105 4475 rebus
3126 4422 3456 4492 deprehendi

1856 4498 2068 4553 videtur
2097 4502 2379 4558 diversitas
2399 4544 2415 4568 ,
2448 4519 2665 4561 omnem
2692 4508 2759 4561 ab
2792 4510 2918 4578 ipsis
2960 4514 3321 4581 suspicionem
3353 4516 3451 4574 de-

1855 4590 2034 4658 pellit,
2087 4593 2546 4666 scribentiumque
2580 4596 2739 4652 ﬁdem
2768 4600 2911 4655 clare
2942 4602 3194 4658 vindicat.
3223 4605 3376 4674 Quod
3406 4610 3457 4665 si

1854 4683 1981 4749 quid
2013 4685 2158 4738 circa
2186 4694 2427 4756 tempora
2455 4698 2509 4743 et
2549 4689 2664 4745 loca
2693 4694 2964 4749 varietatis
3010 4697 3364 4765 protulerint,
3396 4700 3452 4757 id

1852 4774 1985 4827 nihil
2015 4775 2181 4830 efllcit
2210 4779 2416 4833 veritati
2446 4782 2798 4838 narrationis:
2829 4784 2883 4838 id
2912 4785 3053 4853 quod
3076 4828 3089 4851 ,
3127 4788 3235 4844 Deo
3260 4789 3447 4859 dante.

1850 4868 1902 4919 in
1926 4868 2267 4936 sequentibus
2284 4870 2656 4929 demonstrare
2676 4875 3013 4933 conabimur.
3040 4879 3244 4937 Prmter
3260 4892 3443 4940 autem

1848 4971 2007 5027 supra
2032 4958 2178 5014 dicta
2215 5002 2228 5025 ,
2264 4961 2392 5017 illud
2423 4964 2582 5018 etiam
2614 4979 2710 5020 vos
2738 4966 3031 5023 observare
3060 4986 3348 5041 rogamus,
3390 4974 3445 5029 in

1849 5053 2007 5106 rebus
2040 5055 2319 5123 pnecipuis
2339 5095 2353 5120 ,
2386 5071 2504 5125 quae
2530 5057 2595 5111 ad
2625 5058 2787 5112 vitam
2814 5070 3053 5116 nostram
3084 5072 3139 5117 et
3171 5062 3238 5118 ad
3272 5064 3444 5133 ipsam

1848 5142 2279 5210 prredicationem
2306 5146 2557 5202 tuendam
2582 5151 2882 5217 pertinent,
2913 5152 3115 5207 nullum
3142 5168 3329 5211 eorum
3352 5171 3446 5213 us-

1847 5236 1987 5302 piam
2018 5235 2087 5290 ab
2130 5238 2252 5293 aliis
2294 5239 2377 5295 vel
2427 5240 2707 5296 minimum
2759 5242 3045 5300 dissentire
3087 5246 3443 5315 deprehendi.

1846 5324 2100 5391 Quaenam
2131 5337 2311 5383 autem
2344 5330 2429 5385 illa
2463 5332 2727 5401 praecipua
2758 5334 2922 5388 sunt?
2953 5334 3120 5389 Deum
3163 5336 3441 5398 hominem

1848 5416 2043 5471 factum
2076 5436 2215 5486 esse,
2257 5424 2513 5477 miracula
2546 5425 2795 5491 edidisse,
2828 5427 3139 5481 cruciﬁxum
3162 5444 3227 5484 ac
3258 5435 3443 5501 sepul-

1853 5522 1963 5567 tum
1993 5512 2191 5580 fuisse,
2223 5518 2615 5584 resurrexisse,
2647 5520 2699 5573 in
2744 5521 2933 5575 caelum
2980 5524 3286 5581 ascendisse
3309 5569 3323 5591 ,
3350 5528 3441 5597 ju-

1848 5604 2147 5659 dicaturum
2174 5621 2329 5672 esse,
2373 5609 2623 5663 salutaria
2669 5611 2881 5666 dedisse
2930 5624 3235 5682 praecepta,
3268 5619 3439 5686 legem

1845 5698 2011 5750 veteri
2044 5712 2149 5750 non
2180 5699 2499 5752 contrariam
2535 5700 2840 5755 induxisse:
2876 5704 3046 5771 ipsum
3070 5705 3260 5759 Filium
3280 5721 3432 5770 esse,

1847 5786 2207 5858 Unigenitum,
2240 5792 2550 5862 genuinum,
2584 5792 2821 5861 ejusdem
2849 5810 2969 5851 cum
3002 5797 3157 5853 Patre
3186 5797 3437 5853 substzuz~
