4056 6570
678 414 745 472 l7
1354 427 1412 483 S.
1448 429 1729 489 JOANNIS
1766 434 2264 501 CIIRYSOSTOMI
2296 445 2616 502 AliClllEP.
2653 444 3201 506 CONSTANTINOP.

667 508 754 560 ιίευ
781 524 797 562 :
820 517 888 565 et,
904 507 987 565 bis
1010 507 1223 567 similia.
1250 510 1403 570 Circa
1432 513 1616 572 istlme
1638 516 1781 574 enim
1808 535 2052 590 magnam
2082 525 2229 579 inve-

665 596 869 652 uiemus
889 596 1027 654 inter
1049 598 1195 670 ipsos
1212 603 1632 659 consonantiam.
1654 605 1709 661 Si
1737 621 1862 663 vero
1881 610 1935 664 in
1957 611 2225 669 miraculis

662 702 767 741 non
787 700 972 744 omnes
991 690 1168 745 omnia
1192 690 1474 762 dixerunt,
1496 696 1588 752 sed
1611 697 1748 752 alius
1773 697 1888 754 hac
1907 739 1927 767 ,
1954 700 2089 758 alius
2113 703 2222 771 illa,

660 789 726 830 ne
768 775 887 832 ideo
931 777 1190 845 turbaris;
1239 796 1363 837 nam
1386 783 1432 838 si
1461 799 1598 840 unus
1626 788 1801 842 omnia
1845 787 2100 854 dixisset,
2128 805 2221 848 su-

657 863 890 933 perﬂuus
910 875 1054 922 esset
1076 868 1398 940 reliquorum
1427 889 1708 943 numerus;
1734 877 1819 932 sin
1841 892 2028 936 omnes
2048 880 2225 939 diver-

649 967 709 1006 sa
736 953 753 986 ¹
778 963 832 1009 et
874 970 1009 1011 nova
1037 959 1405 1028 scripsissent,
1449 963 1652 1019 nullum
1697 978 2006 1037 suppeteret
2029 985 2221 1027 conso-

651 1044 846 1099 nantia:
877 1059 1264 1116 argumentum.
1307 1049 1431 1106 Ideo
1457 1053 1622 1109 multa
1647 1057 1670 1088 ²
1697 1057 1880 1128 plures
1903 1055 2060 1124 siniul
2091 1076 2216 1115 nar-

648 1141 930 1202 rarunt,et
952 1135 1140 1206 singuli
1159 1139 1425 1209 quidpiam
1451 1143 1549 1197 sibi
1571 1146 1844 1215 proprium
1868 1136 2210 1206 scribendum

653 1235 1031 1312 susceperunt,
1073 1230 1292 1299 nequid
1333 1233 1656 1302 superfluum
1686 1236 1768 1291 vel
1799 1246 1999 1294 temere
2027 1241 2210 1312 proje-

642 1319 788 1365 ctum
810 1308 1008 1369 dixisse
1027 1315 1324 1384 videantur.
1350 1328 1510 1392 utque
1530 1324 1765 1382 veritatis
1786 1308 2090 1386 accuratam
2113 1308 2207 1388 no-

644 1397 726 1452 bis
736 1401 1104 1467 probationem
1122 1405 1397 1465 offerrent.

707 1610 762 1666 3.
788 1608 960 1666 Lucas
978 1612 1137 1682 igitur
1154 1614 1314 1670 etiam
1339 1628 1555 1671 causam
1579 1615 1734 1672 nobis
1758 1617 1982 1688 profert,
2006 1633 2112 1690 qua
2131 1618 2201 1676 ad

632 1700 967 1756 scribendum
994 1702 1241 1760 inductus
1266 1713 1382 1762 est:
1436 1705 1504 1761 Ut
1531 1706 1750 1772 habeas,
1783 1706 1989 1775 inquit,
2025 1726 2199 1764 cornus

630 1787 887 1843 uerborum
906 1831 922 1851 .
954 1792 1017 1845 de
1049 1793 1228 1862 quibus
1263 1795 1513 1850 institutus
1548 1812 1632 1860 es,
1679 1798 1938 1854 veritatem
1956 1798 2117 1870 (Late.
2141 1799 2195 1856 1.

629 1877 737 1944 4);
765 1877 818 1932 id
846 1888 928 1934 est
946 1921 961 1944 ,
989 1879 1056 1936 Ut
1083 1897 1225 1952 sape
1251 1884 1603 1941 commonitus
1628 1899 1807 1945 certus
1827 1888 1903 1944 sis
1923 1929 1942 1957 ,
1974 1901 2194 1960 persua-

626 1982 823 2039 susque
838 1984 1074 2027 maneas.
1095 1971 1327 2031 Joannes
1341 1991 1468 2031 vero
1481 1991 1693 2032 causam
1715 1981 1980 2037 scribendi
1998 1985 2153 2038 tacuit
2173 1998 2191 2049 ;

627 2070 683 2114 nt
721 2068 897 2116 autem
921 2062 1032 2131 jam
1058 2064 1186 2120 olim
1208 2080 1240 2120 a
1284 2067 1572 2138 majoribus
1600 2058 1656 2126 ei
1697 2073 1937 2141 patribus
1979 2076 2194 2145 accepi-

623 2163 744 2204 mus
758 2189 780 2216 ,
802 2165 907 2206 non
927 2153 1044 2208 sine
1066 2169 1221 2210 causa
1240 2155 1307 2210 ad
1327 2159 1666 2215 scribendum
1690 2163 1927 2218 animum
1943 2167 2151 2234 appulit
2173 2183 2190 2222 :

620 2238 715 2295 sed
742 2240 862 2310 quia
889 2243 1122 2312 priorum
1149 2247 1305 2300 trium
1335 2246 1421 2303 hic
1448 2262 1641 2319 scepus
1685 2250 1893 2318 fuerat,
1923 2263 1984 2308 ut
2007 2253 2075 2309 de
2099 2271 2189 2311 as-

620 2339 828 2401 sumpta
847 2347 1008 2390 carne
1024 2334 1261 2404 pluribus
1279 2348 1516 2409 agerent,
1538 2343 1943 2414 periculumque
1960 2356 2097 2416 erat,
2121 2363 2188 2403 ne

618 2418 908 2477 divinitatis
948 2423 1192 2494 dogmata
1222 2433 1522 2484 iacerentur
1543 2470 1562 2498 ,
1585 2430 1802 2488 Christo
1827 2432 2041 2489 demum
2067 2451 2189 2490 mo-

615 2518 772 2566 vente
803 2510 870 2566 ad
899 2511 1244 2584 Evangelium
1270 2517 1608 2575 scribendum
1649 2520 1897 2580 inductus
1919 2533 2022 2580 est.
2054 2523 2186 2581 Illud

615 2612 746 2655 vero
769 2599 943 2670 palam
966 2611 1050 2661 est
1076 2618 1143 2660 ex
1170 2603 1284 2678 ipsa
1309 2605 1532 2663 historia
1557 2618 1618 2669 et
1637 2623 1702 2666 ex
1730 2611 2006 2682 Evangelii
2029 2626 2185 2669 exor-

615 2694 723 2747 dio.
768 2695 948 2766 Neque
989 2699 1131 2754 enim
1178 2700 1394 2770 perinde
1420 2709 1581 2773 atque
1604 2703 1693 2757 alii
1733 2704 1803 2759 ab
1844 2703 2179 2764 inferioribus

611 2785 802 2853 empit;
823 2785 918 2842 sed
937 2801 968 2842 a
988 2790 1347 2857 superioribus
1363 2833 1380 2859 ,
1409 2792 1460 2848 id
1480 2793 1621 2862 quod
1645 2795 1746 2851 sibi
1769 2797 1822 2852 in
1846 2812 2013 2868 scopo
2039 2815 2171 2858 erat.

612 2875 837 2947 ideoque
852 2886 1018 2934 totum
1030 2879 1222 2936 librum
1237 2883 1420 2938 edidit.
1439 2884 1620 2956 Neque
1636 2895 1839 2943 tantum
1863 2889 1917 2945 in
1932 2896 2169 2958 exordio,

607 2967 701 3022 sed
727 2970 956 3024 etiamin
984 2980 1094 3025 toto
1124 2972 1397 3043 Evangelii
1418 2975 1642 3033 decursu
1665 2981 1878 3035 ceteris
1897 2983 2174 3038 sublimior

605 3067 705 3114 est.
733 3058 989 3117 Narratur
1015 3077 1173 3132 porro
1196 3064 1498 3122 Matthmum
1521 3108 1540 3138 ,
1569 3069 1948 3127 accedentibus
1973 3088 2171 3144 rogan-

605 3150 850 3221 tibusque
872 3151 1070 3209 Judmis
1091 3155 1180 3224 qui
1211 3156 1582 3226 crediderant,
1613 3175 1676 3216 ea
1697 3176 1817 3230 qua:
1846 3162 2174 3234 verbispro—

603 3240 794 3296 tulerat
817 3241 982 3297 literis
998 3243 1259 3315 descripta
1286 3247 1476 3303 iisdem
1499 3249 1778 3320 reliquisse
1794 3292 1810 3318 ,
1831 3261 1886 3307 et
1908 3251 2167 3310 ﬂebraice

602 3328 945 3399 Evangeiium
976 3333 1251 3404 scripsisse
1276 3353 1290 3390 :
1321 3335 1552 3394 Marcum
1574 3339 1701 3396 item
1726 3341 1778 3396 in
1799 3341 2033 3414 Egypto
2072 3360 2167 3400 ro-

596 3427 722 3489 gatu
747 3419 1126 3490 discipulorum
1148 3424 1374 3494 idipsnm
1403 3426 1612 3483 fecisse.
1636 3429 1839 3486 idcirco
1861 3432 2165 3502 Matthaeus,

598 3519 778 3579 utpote
803 3511 894 3582 qui
922 3510 1161 3568 Hebraeis
1196 3515 1481 3579 scriberet,
1518 3517 1648 3573 nihil
1691 3519 1834 3576 aliud
1879 3523 2166 3580 ostendere

595 3600 823 3667 studuit,
866 3617 1026 3673 quam
1052 3603 1193 3674 quod
1219 3606 1288 3661 ah
1314 3607 1617 3664 Abrahamo
1641 3618 1699 3666 et
1741 3611 1937 3669 Davide
1983 3625 2162 3672 ortum

593 3689 846 3746 duceret:
892 3691 1062 3748 Lucas
1088 3709 1217 3750 vero
1237 3737 1252 3761 ,
1279 3697 1476 3768 quippe
1500 3699 1591 3770 qui
1621 3701 1867 3757 omnibus
1895 3703 2053 3759 simul
2082 3705 2162 3759 lo-

591 3790 879 3850 queretur,
909 3781 1068 3838 altius
1090 3799 1390 3842 sermonem
1419 3790 1689 3855 extendit,
1719 3802 1773 3847 et
1800 3793 1866 3847 ad
1896 3793 2159 3852 Adamum

592 3886 756 3941 usque
797 3874 1147 3944 progreditur.
1203 3876 1292 3932 lile
1333 3879 1547 3948 quidem
1575 3897 1603 3933 a
1632 3884 1972 3950 generatione
2013 3885 2160 3940 ducit

587 3961 863 4017 exordium
895 3980 911 4016 :
951 3963 1082 4018 nihil
1107 3965 1304 4035 quippe
1331 3977 1434 4021 tam
1464 3967 1650 4024 Jutheo
1677 3970 1886 4038 placere
1911 3982 2152 4042 poterat,

585 4066 743 4121 quam
773 4052 818 4106 si
859 4051 1130 4108 Christum
1176 4054 1405 4110 Abrahte
1430 4064 1488 4111 et
1527 4056 1737 4114 Davidis
1777 4059 2006 4116 disceret
2033 4077 2154 4118 esse

586 4148 870 4210 nepotem;
899 4141 985 4198 hic
1010 4157 1138 4198 vero
1161 4157 1355 4209 secus;
1387 4161 1510 4199 nam
1537 4147 1716 4201 multis
1745 4151 1890 4218 prius
1917 4166 2152 4206 comme-

583 4229 823 4298 moratis,
844 4230 909 4286 ad
927 4229 1292 4302 genealogiam
1311 4233 1500 4289 deinde
1521 4236 1772 4304 procedit
1797 4238 2010 4293 illorum
2031 4255 2155 4310 por-

581 4336 642 4374 ro
670 4322 1011 4376 concordiam
1035 4362 1052 4389 ,
1081 4323 1212 4378 orbe
1244 4333 1354 4378 toto
1381 4334 1514 4380 teste
1543 4326 1915 4395 probabimus,
1946 4331 2035 4398 qui
2064 4331 2150 4385 illa
2209 4380 2212 4383 .

579 4413 843 4481 suscepit;
875 4413 981 4467 imo
1002 4419 1165 4468 testes
1184 4412 1407 4469 aderunt
1431 4414 1527 4483 ipsi
1556 4419 1793 4473 veritatis
1816 4421 2034 4475 inimici.
2062 4421 2147 4476 Si-

577 4503 789 4573 quidem
819 4505 999 4558 multa
1036 4514 1154 4574 post
1190 4505 1307 4560 illos
1343 4504 1576 4563 hareses
1619 4510 1946 4579 pullularunt
1969 4553 1983 4576 ,
2012 4527 2150 4568 cena

577 4593 737 4646 traria
759 4593 822 4646 iis
843 4608 960 4663 quze
983 4594 1119 4649 dicta
1145 4604 1269 4650 sunt
1291 4597 1569 4665 opinantes
1593 4595 1608 4664 ,'
1646 4615 1869 4669 quarum
1891 4603 2008 4658 alia:
2026 4619 2142 4657 om-

575 4684 662 4738 nia
702 4698 818 4753 qua:
856 4684 1048 4754 scripta
1084 4694 1210 4740 sunt
1243 4696 1602 4757 acceperunt;
1641 4689 1764 4744 alite
1801 4706 1928 4745 vero
1965 4703 2142 4761 partes

576 4784 776 4829 tantum
815 4775 1066 4844 quasdam
1088 4776 1448 4846 admiserunt,
1477 4788 1531 4833 et
1551 4780 1690 4849 apud
1710 4794 1770 4836 se
1790 4783 2004 4837 mutilas
2023 4797 2139 4837 ser-

573 4874 714 4920 vant.
757 4867 905 4932 Quod
936 4867 978 4920 si
1011 4882 1180 4938 pugna
1223 4869 1396 4938 aliqua
1422 4870 1474 4926 in
1504 4871 1657 4927 dictis
1686 4882 1862 4936 esset,
1891 4871 1996 4930 illa:
2019 4890 2137 4944 qua:

570 4972 634 5013 ex
659 4957 881 5012 adverso
908 4957 1192 5027 loquuntur
1212 4961 1442 5016 haereses
1462 4976 1565 5017 non
1587 4964 1761 5019 omnia
1784 4967 2131 5038 recepissent,

568 5048 662 5103 sed
707 5047 847 5102 illam
888 5056 1088 5104 tantum
1119 5059 1318 5120 partem
1346 5067 1463 5123 qua:
1492 5053 1589 5108 sibi
1620 5053 1798 5111 favere
1825 5057 2128 5129 videretur;

573 5152 746 5206 neque
763 5136 866 5191 illa:
889 5153 1009 5206 quae
1029 5148 1232 5207 partem
1260 5148 1602 5207 acceperunt,
1621 5139 1689 5193 ab
1715 5139 1805 5193 illa
1825 5149 1976 5210 parte
1999 5155 2132 5197 con-

569 5222 946 5287 vincerentur,
973 5231 1192 5292 propter
1235 5224 1476 5294 i-pserum
1522 5223 1945 5296 fragmentorum
1984 5229 2127 5290 noti-

571 5311 880 5382 tiam,quasi
900 5311 1292 5367 clamitantium
1318 5320 1471 5369 suam
1497 5329 1617 5370 cum
1641 5323 1752 5370 toto
1767 5315 1887 5373 libri
1903 5333 2129 5389 corpore

625 5544 920 5623 Eﬁicfi‘til-
942 5551 1186 5623 6.9999:
1196 5561 1330 5623 Ρειιο
1366 5551 1476 5602 κω·
1496 5559 1645 5619 alque
1667 5554 1733 5607 iu
1757 5559 1880 5623 Iesu
1903 5562 2118 5617 Annuus

559 5616 718 5658 recte.
746 5606 939 5662 Iorel.,
962 5606 1037 5656 sin
1055 5606 1217 5657 comiti
1236 5609 1448 5661 diversa.

621 5663 1478 5750 ἰἒὲἷθῖἒεὲνὶἓλὲιτῖλέἓυέίῗῐὶἒίξ
1495 5686 1696 5738 omnes:
1722 5684 1873 5750 atque
1895 5681 1964 5750 ita
1987 5685 2117 5750 Iesu

541 5732 584 5784 Α
605 5729 795 5779 nianus.
823 5725 996 5779 Morel.
1019 5739 1137 5777 vero
1155 5728 1295 5790 legit,
1317 5725 1496 5795 omnia,
1523 5750 1627 5797 pro,
1650 5725 1999 5799 ιὴιᾶξᾶξῖτλίῖοί

3920 60 4023 102 '3“!

2351 541 2782 598 consensionem.
2815 541 3280 610 Quemadmodum
3308 547 3352 604 si
3391 563 3456 604 ex
3488 551 3654 610 latere
3670 553 3893 628 aliquam

2351 641 2558 700 partem
2580 648 2787 701 sumas,
2813 634 2878 689 in.
2888 633 2977 689 illa
2995 648 3150 704 parte
3169 649 3232 691 ea
3249 639 3438 696 omnia
3459 641 3698 702 invenies
3714 661 3771 703 es
3793 650 3891 720 qai~

2350 725 2452 780 bus
2460 734 2674 781 constat
2690 734 2862 782 totum
2873 725 3890 805 animal,nervoa,venas,ossa,arterias,

2345 814 2685 886 sanguinem,
2707 822 2764 870 et
2791 814 2977 882 totius,
3001 824 3061 870 ut
3095 817 3167 874 ita
3208 818 3408 887 dicam,
3433 837 3628 882 massae
3652 827 3889 886 indiciu

2344 911 2400 956 et
2414 902 2798 959 documentum
2827 921 2842 959 :
2870 905 2949 961 sic
2980 905 3146 963 etiam
3183 908 3236 964 in
3271 907 3566 982 Scripturis
3589 916 3888 988 videreest;

2341 988 2692 1058 conspicuam
2722 990 2968 1047 videlicet
2984 994 3324 1065 singulorum
3355 999 3627 1056 dictorum
3647 1017 3763 1060 cum
3788 1016 3888 1065 toto

2338 1077 2676 1138 aﬂinitatem.
2701 1079 2757 1136 Si
2773 1091 2955 1138 autem
2979 1084 3457 1154 dissonarent,non
3481 1090 3888 1162 deprehendere-

2337 1178 2486 1224 retur
2505 1171 2618 1226 haec
2634 1169 3295 1248 smnitas,totumquejam
3312 1179 3442 1236 olim
3459 1180 3655 1253 dogma
3669 1185 3888 1244 solutum

2337 1258 2550 1326 fuisset;
2575 1276 2700 1317 nam
2728 1263 2894 1320 Omne
2913 1280 3154 1336 regnum,
3178 1267 3372 1340 inquit,
3397 1272 3452 1325 in
3473 1273 3769 1331 «divisast
3791 1294 3888 1335 sua

2331 1348 2495 1409 stabit
2507 1348 2660 1418 (Lac.
2677 1353 2881 1426 “.17).
2901 1354 3056 1414 Nunc
3069 1367 3249 1414 autem
3273 1359 3329 1414 in
3348 1360 3448 1417 hac
3465 1360 3581 1433 ipsa
3597 1381 3656 1422 re
3680 1368 3886 1439 spiritus

2331 1436 2504 1494 virtus
2530 1440 2729 1507 elucet,
2758 1445 3000 1503 suadens
3027 1446 3357 1516 hominibus,
3387 1461 3445 1507 ut
3480 1453 3628 1510 circa
3668 1436 3751 1512 illa
3779 1473 3886 1513 ma-

2327 1523 2414 1597 gis
2446 1530 2755 1586 necessaria
2789 1539 2845 1588 et
2877 1536 3125 1606 urgentia
3173 1549 3489 1608 versantes,
3531 1545 3670 1602 nihil
3703 1547 3768 1604 ab
3804 1548 3885 1608 bis

2327 1613 2556 1673 minutis
2585 1617 2850 1679 ladantur
2881 1622 2985 1696 (ιι).

2387 1783 2440 1840 ι.
2473 1782 2909 1855 Euangelist
2949 1788 3210 1844 consensio
3263 1790 3565 1846 vindicatur.
3603 1789 3880 1853 Piscatores

2313 1883 2364 1928 et
2384 1873 2611 1928 illiternti
2640 1891 2740 1930 non
2766 1876 2867 1932 nisi
2892 1877 3073 1934 virtute
3089 1879 3261 1935 divina
3289 1893 3497 1952 potuere
3517 1884 3877 1955 philosophari.

2312 1959 2546 2018 Platonis
2566 1964 2784 2020 ridicula
2801 1966 3102 2036 respublica.
3130 1997 3203 2010 -
3222 1968 3448 2026 Ubinam
3471 1981 3648 2028 autem
3678 1973 3878 2031 illorum

2311 2051 2500 2122 singuli
2552 2053 2896 2126 scripserint,
2927 2072 3034 2112 non
3067 2067 3152 2114 est
3183 2059 3326 2130 quod
3353 2062 3578 2117 multum
3620 2064 3877 2137 disquira-

2310 2158 2466 2198 mus:
2497 2144 2639 2216 quod
2690 2156 3016 2207 autemnon
3057 2151 3196 2208 alius
3241 2152 3499 2211 adversus
3542 2157 3702 2213 alium
3740 2159 3873 2217 scri-

2307 2235 2492 2302 pserit,
2527 2235 2578 2290 id
2613 2252 2712 2307 per
2753 2245 2920 2293 totum
2963 2241 3140 2311 operis
3186 2242 3470 2312 decursum
3517 2246 3875 2309 demonstrare

2303 2326 2632 2382 conabimur.
2664 2329 2743 2384 Tu
2774 2346 2902 2386 vero
2930 2333 3019 2402 qui
3062 2333 3446 2392 dissonantiam
3481 2336 3628 2394 illam
3653 2339 3832 2411 obiicis
3852 2384 3871 2408 ,

2305 2417 2521 2486 perinde
2542 2417 2670 2474 facis
2680 2434 2742 2475 ac
2757 2421 2802 2476 si
2822 2421 3012 2478 eadem
3037 2423 3150 2494 ipsa
3172 2427 3354 2491 verba,
3377 2427 3598 2485 eosdem
3627 2429 3870 2502 loquendi

2303 2504 2489 2561 modos
2526 2506 2767 2576 proferre
2802 2509 3038 2580 jubet-es.
3069 2511 3305 2570 Necdum
3331 2515 3527 2584 dicam,
3577 2533 3671 2574 eos
3691 2523 3780 2592 qui
3805 2523 3871 2580 de

2299 2593 2564 2652 rhetorica
2589 2605 2645 2654 et
2667 2599 2736 2655 de
2759 2599 3093 2673 philosophia
3108 2604 3394 2662 admodum
3415 2608 3724 2680 gloriantur,
3754 2614 3870 2686 qui-

2296 2699 2400 2755 que
2429 2687 2624 2744 multos
2651 2688 2817 2746 libros
2856 2691 3043 2749 iisdem
3069 2693 3139 2751 de
3163 2696 3328 2753 rebus
3372 2699 3732 2772 scripserunt,
3763 2721 3867 2764 non

2295 2775 2455 2831 modo
2470 2789 2654 2834 mutuo
2681 2779 3034 2852 discrepasse,
3060 2783 3156 2841 sed
3181 2786 3341 2843 etiam
3361 2790 3627 2848 contraria
3642 2793 3856 2852 dixisse.

2291 2862 2423 2920 Nam
2450 2866 2591 2922 aliud
2621 2876 2706 2924 est
2728 2868 2940 2928 diverse
2980 2872 3147 2945 loqui,
3171 2876 3316 2932 aliud
3343 2883 3626 2951 pugnantia
3661 2885 3859 2944 dicere.

2292 2953 2360 3009 At
2388 2955 2519 3011 nihil
2543 2955 2732 3015 horum
2758 2959 2882 3017 dico
2910 2979 2925 3016 :
2955 2963 3095 3021 absit
3112 2966 3254 3022 enim
3285 2982 3354 3024 ne
3375 2970 3586 3029 illorum
3607 2973 3864 3047 insipien-

2292 3044 2364 3134 tia
2393 3053 2511 3100 utar
2537 3047 2605 3102 ad
2649 3051 2938 3117 parandam
2980 3052 3350 3113 defensionem
3371 3074 3388 3125 ;
3409 3076 3582 3134 neque
3605 3044 3744 3121 enim
3775 3085 3867 3126 ve-

2287 3133 2379 3227 lim
2395 3150 2460 3191 ex
2488 3137 2766 3195 mendacio
2793 3141 3070 3200 veritatem
3101 3145 3315 3204 ﬁrmare
3343 3167 3358 3204 :
3392 3133 3645 3212 seddillud
3674 3173 3863 3227 rogare

2288 3222 2466 3317 velim,
2499 3229 2767 3294 quomodo
2808 3231 2967 3288 tidem
3009 3239 3330 3297 meruissent
3355 3257 3417 3299 ea
3460 3262 3580 3317 qua
3618 3222 3866 3310 dissona-

2285 3313 2440 3412 rent?
2470 3328 2581 3412 quo
2607 3327 2762 3386 pacto
2797 3329 3177 3412 superassent?
3205 3313 3543 3400 quomodo—si
3573 3345 3862 3412 pugnantia

2283 3399 2484 3469 loquuti
2510 3403 2750 3473 fuissent,
2779 3409 3204 3485 admirationem,
3224 3399 3390 3477 iidem
3409 3435 3464 3479 et
3491 3399 3858 3488 celebritatem

2281 3492 2623 3587 tantam-per
2665 3504 2834 3552 totum
2876 3499 3060 3557 orbem
3100 3504 3678 3587 obtinuissentlAtqui
3705 3521 3859 3578 multi

2277 3591 2431 3635 erant
2455 3580 2720 3640 dictorum
2752 3597 2937 3657 testes,
2966 3601 3096 3649 utet
3122 3597 3272 3652 multi
3302 3600 3501 3659 inimici
3521 3613 3576 3660 et
3603 3580 3860 3666 adversa-

2276 3668 2367 3769 rii.
2393 3670 2577 3769 Neque
2604 3677 2749 3732 enim
2789 3680 2905 3738 haec
2942 3682 3000 3738 in
3045 3688 3238 3757 angulo
3276 3691 3473 3761 scripta
3514 3694 3854 3769 defoderunt,

2273 3759 2370 3814 sed
2398 3761 2592 3833 ubique
2612 3773 2876 3825 terrarum
2899 3781 2954 3826 et
2973 3776 3200 3832 marium
3222 3811 3225 3814 -
3244 3759 3493 3839 omnibus
3516 3759 3856 3851 audientibus

2275 3850 2621 3953 publica-runt.
2653 3873 2668 3910 :
2701 3858 2930 3953 inimicis
2963 3869 3312 3933 pmsentibus
3356 3872 3474 3932 inec
3518 3878 3849 3953 legebantur,

2271 3942 2791 4038 quemadmodum“
2819 3950 3007 4018 hodie;
3035 3964 3090 4010 et
3119 3961 3384 4018 neminem
3405 3942 3653 4038 umquam
3678 3942 3852 4031 oﬂ‘en;

2267 4025 2489 4126 derunt,
2517 4032 2678 4103 idque
2702 4037 2831 4126 jure
2855 4043 3066 4098 merito.
3101 4046 3287 4104 Divina
3313 4025 3850 4126 quippe-virtuserat

2267 4128 2389 4209 quas
2419 4117 2534 4176 hmc
2568 4125 2745 4179 omnia
2767 4131 3091 4198 operaballﬂ‘
3115 4137 3256 4205 890d
3299 4117 3600 4201 universos.
3635 4117 3850 4209 Etenim
3895 4152 3908 4168 ⁷

2266 4206 2318 4306 si
2355 4222 2461 4260 non
2505 4211 2574 4264 ita
2708 4229 2796 4271 res
2844 4218 3136 4288 habuisset,
3184 4231 3454 4296 quomodo
3511 4206 3846 4310 publicanus,

2269 4294 2506 4397 piscator
2527 4307 2582 4354 et
2621 4302 2902 4363 illiteratus
2944 4310 3057 4368 bzec
3100 4294 3396 4384 potuissent
3437 4294 3846 4397 philosophari;

2263 4382 2392 4450 Quae
2420 4390 2564 4444 enim
2595 4407 2672 4489 ‘ne
2699 4409 2797 4465 per
2822 4397 3085 4458 somnium
3104 4382 3334 4476 quidem
3365 4382 3533 4470 exieri
3561 4382 3845 4489 imaginari

2261 4485 2563 4570 potuerant,
2594 4483 2708 4539 haec
2733 4501 2853 4543 eum
2879 4493 3196 4552 auctoritate
3225 4514 3410 4570 magna
3440 4502 3492 4558 hi
3522 4483 3845 4567 annuntiant
3953 4509 3968 4518 ’

2258 4573 2330 4667 et.
2359 4569 2606 4667 suadent,
2652 4573 2810 4667 idque
2852 4595 2960 4637 non
2995 4585 3154 4642 modo
3180 4588 3233 4643 in
3271 4569 3407 4648 vivis
3450 4610 3689 4667 agentes,
3740 4603 3846 4661 sed

2258 4657 2417 4712 etiam
2465 4657 2696 4763 defuncti
2730 4682 2874 4724 :non
2903 4671 3108 4730 duobus
3147 4678 3229 4733 vel
3270 4681 3456 4750 viginti
3483 4657 3840 4763 hominibus;

2256 4760 2363 4800 non
2411 4753 2650 4809 centenis
2678 4757 2760 4812 vel
2814 4760 3074 4830 millenis,
3105 4766 3188 4821 vel
3224 4768 3405 4827 decies
3449 4777 3706 4847 millenis;
3737 4753 3842 4842 sed

2255 4835 2490 4941 urbibus,
2537 4843 2802 4914 gentibus,
2844 4851 3087 4921 populis,
3143 4864 3317 4924 teme,
3374 4865 3528 4931 mari,
3580 4835 3837 4941 Graia—te:

2255 4926 2606 5028 barbarorum
2643 4938 2968 5009 regionibus,
2998 4945 3115 5001 orbi
3153 4958 3208 5004 et
3232 4950 3492 5020 desertis;
3515 4926 3683 5028 idque

2250 5017 2319 5073 de
2342 5022 2555 5092 scriptis
2580 5038 2821 5096 ageretur
2842 5043 3085 5092 naturam
3103 5050 3340 5100 nostram
3361 5017 3642 5108 admodum
3663 5017 3836 5111 essu:

2250 5112 2574 5203 pet-antibus.
2611 5116 2742 5174 Nam
2787 5123 2949 5181 missa
3000 5136 3164 5199 terra,
3203 5133 3273 5190 de
3297 5137 3600 5195 caelestibus
3643 5147 3837 5203 omnia

2244 5199 2542 5298 edisserunt
2570 5223 2584 5261 :
2615 5209 2772 5267 aliam
2817 5216 2974 5272 nobis
3003 5219 3313 5282 inducentes
3339 5229 3506 5296 vitam
3531 5242 3586 5287 et
3608 5199 3834 5298 vivendi

2243 5289 2526 5361 rationem,
2553 5297 2682 5352 alias
2702 5299 2934 5371 divitias,
2959 5309 3116 5365 aliam
3146 5291 3510 5385 paupertatem
3537 5363 3553 5390 ,
3587 5289 3834 5388 liberta:

2244 5381 2732 5459 tem,‘serv'itutem,
2761 5394 2918 5452 aliam
2946 5399 3110 5457 vitam
3138 5381 3297 5476 atque
3339 5381 3567 5469 mortem
3589 5455 3608 5478 .
3651 5381 3833 5481 aliain

2243 5678 2380 5789 ub(om)
2779 5690 2858 5756 hic
2881 5697 3128 5750 evolutum
3163 5702 3328 5756 mulus
3352 5708 3541 5765 videtur
3558 5714 3844 5779 amicum.
