4056 6504
78 12 185 23 *νη-ιιι..
224 22 247 23 7
272 22 289 24 ἡ

246 496 313 553 l9

237 600 521 669 mundum,
548 599 699 657 aliud
746 596 1047 655 institutum
1080 638 1093 663 ,
1128 592 1305 650 omnia
1347 590 1831 658 denique-mutata.

238 692 354 749 Non
382 693 522 748 sicut
569 692 744 757 Plato,
795 689 888 762 qui
937 687 1218 744 ridiculam
1272 683 1416 742 illam
1446 679 1833 750 rempublicam

249 784 503 850 instituit,
541 797 648 839 non
682 780 821 837 sicut
846 779 994 836 Zeno
1016 777 1091 850 (α)
1112 818 1127 843 ,
1156 784 1210 831 et
1247 774 1292 829 si
1324 772 1416 843 qui
1447 768 1539 825 alii
1578 768 1647 824 de
1678 782 1835 837 repu-

242 874 381 949 blica
408 873 698 942 scripsere,
728 873 981 943 legesque
1007 867 1246 924 edidere.
1274 862 1551 934 Siquidem
1578 861 1660 915 uel
1688 874 1754 913 cx
1781 872 1839 912 re

239 959 352 1025 ipsa
379 957 727 1026 conspicuum
748 954 864 1020 fuit,
891 954 1179 1023 malignum
1210 952 1475 1020 spiritum,
1503 949 1832 1004 dzemonem-

238 1063 344 1120 que
368 1048 682 1119 quempiam
710 1044 904 1111 rerum,
934 1054 1138 1098 natura:
1160 1051 1357 1096 nostra:
1383 1039 1631 1095 hostem.
1667 1038 1834 1093 casti-

240 1138 365 1192 tatis
393 1138 691 1203 inimicum,
722 1133 1017 1189 honestatis
1045 1129 1416 1186 adversarium
1438 1169 1453 1194 ,
1498 1129 1676 1183 omnia
1709 1140 1834 1180 sus-

238 1228 415 1296 deque
459 1232 759 1282 vertentem
789 1264 805 1289 ,
855 1224 971 1277 hace
1021 1222 1231 1276 illorum
1277 1219 1471 1273 animis
1516 1218 1828 1273 inseruisse.

236 1317 378 1374 Cum
404 1318 547 1373 enim
566 1330 763 1371 uxores
792 1313 1043 1369 omnibus
1062 1323 1379 1365 communes
1410 1308 1627 1375 iaciant,
1660 1307 1834 1363 nudas

238 1409 477 1479 virgines
504 1406 572 1459 ad
616 1404 982 1475 spectaculum
1026 1403 1263 1456 virorum
1310 1400 1362 1454 in
1401 1399 1714 1470 palmstram
1730 1396 1833 1452 du-

235 1510 389 1566 cant,
440 1494 803 1553 clandestinus
844 1494 1060 1565 nuptias
1112 1498 1397 1563 apparent,
1444 1490 1625 1543 omnia
1675 1485 1833 1544 simul

237 1589 656 1646 commiscentes
681 1595 738 1643 et
765 1587 1186 1648 conturbantes,
1218 1589 1532 1652 naturaeque
1574 1580 1835 1635 terminos

236 1690 563 1745 evertentes,
596 1678 723 1749 quid
753 1676 895 1734 aliud
921 1675 990 1731 de
1020 1675 1126 1730 illis
1152 1674 1259 1730 dici
1278 1671 1489 1743 possit?
1510 1669 1664 1737 Quod
1688 1668 1833 1724 enim

238 1772 357 1825 haec
384 1770 567 1824 omnia
609 1769 718 1823 sint
757 1769 1061 1823 daemonum
1091 1767 1306 1821 inventa
1351 1775 1407 1821 et
1436 1771 1643 1818 natum
1670 1776 1835 1832 repu-

235 1863 477 1933 gnantia,
507 1861 621 1931 ipsa
650 1870 796 1916 certe
828 1868 1014 1914 natura
1046 1852 1365 1913 testiﬁcatur
1386 1897 1402 1923 ,
1432 1872 1554 1927 quis
1580 1864 1637 1912 et
1662 1870 1829 1926 supra

229 1952 395 2009 dictis
420 1952 678 2008 abhorret
719 1958 819 2006 :et
866 1952 953 2005 illa
984 1965 1089 2004 non
1140 1964 1260 2003 cum
1302 1947 1832 2017 persequutionibus,

236 2060 347 2100 non
364 2059 485 2100 cum
514 2042 769 2115 periculis
787 2042 873 2097 vel
905 2041 1124 2111 prtuliis,
1153 2039 1245 2095 sed
1266 2054 1387 2094 cum
1421 2038 1670 2093 libertate
1687 2038 1836 2093 omni

233 2145 294 2191 et
321 2135 609 2191 securitate
633 2132 1006 2194 scribentium,
1054 2138 1109 2185 et
1133 2138 1324 2183 ornatu
1367 2128 1636 2182 sermonis
1662 2127 1834 2183 multo

234 2241 385 2294 smpe
437 2224 697 2279 utentium
733 2264 749 2290 ,
796 2221 1016 2296 [emissa
1069 2216 1243 2290 sunt.]
1296 2218 1496 2272 Contra
1528 2231 1657 2273 vero
1704 2218 1823 2273 hac

233 2331 355 2384 qua:
385 2315 672 2387 praedicata
698 2323 822 2369 sunt
846 2329 875 2367 a
901 2310 1275 2383 piscatoribus,
1301 2309 1487 2381 pulsis,
1515 2309 1834 2365 verberibus

232 2406 412 2471 czesia,
441 2405 578 2459 inter
606 2404 840 2475 pericula
872 2402 1215 2459 versantibus
1236 2442 1250 2465 ,
1280 2400 1537 2456 ineruditi
1570 2440 1584 2463 ,
1617 2402 1831 2471 sapien-

234 2506 339 2562 tes,
368 2496 531 2563 servi,
559 2495 733 2562 liberi,
754 2509 929 2566 reges.
954 2494 1170 2561 milites,
1205 2493 1438 2561 barbari,
1465 2494 1663 2562 Grmci,
1700 2513 1826 2553 cum

232 2586 384 2643 omni
405 2587 777 2643 benevolentia
797 2600 1076 2653 excepere.

301 2802 354 2858 5.
385 2788 570 2873 Neqite
595 2817 725 2858 vero
743 2801 923 2859 dicere
952 2805 1129 2873 possis
1150 2846 1165 2868 ,
1191 2804 1308 2861 haec
1327 2848 1340 2872 ,
1368 2810 1511 2878 quod
1542 2825 1706 2879 parva
1735 2828 1821 2869 es-

224 2902 348 2947 sent
379 2902 436 2948 ct
464 2893 690 2948 humilia
713 2934 729 2957 ,
758 2892 913 2950 facile
938 2909 968 2949 a
992 2897 1203 2951 cunctis
1244 2909 1494 2967 suscepta
1527 2900 1711 2956 fuisse.
1735 2904 1821 2958 Si-

223 2983 446 3054 quidem
478 2985 594 3040 haec
622 2985 793 3040 multo
838 2985 1149 3041 sublimiora
1178 2998 1303 3043 sunt
1332 2989 1458 3043 illis.
1488 2988 1820 3059 Virginitatis

224 3077 373 3137 enim
404 3074 477 3129 illi
506 3090 575 3130 ne
604 3089 800 3131 nomen
826 3075 1042 3147 quidem
1079 3080 1163 3134 vel
1210 3096 1308 3151 per
1330 3082 1598 3136 somnium
1625 3082 1812 3153 imagi-

226 3165 341 3220 nati
380 3175 524 3232 sunt,
566 3180 673 3220 non
719 3176 1086 3236 paupertatem
1112 3210 1128 3235 ,
1176 3185 1286 3225 non
1324 3171 1610 3241 jejunium,
1644 3189 1818 3243 neque

226 3256 534 3327 quampiam
591 3257 752 3312 aliam
803 3273 984 3313 rerum
1032 3260 1365 3315 sublimium.
1413 3262 1648 3332 Magistri
1693 3281 1819 3320 vero

226 3349 402 3402 nostri
452 3362 559 3402 non
604 3349 765 3402 modo
811 3350 1300 3419 concupiscentiam
1358 3354 1661 3417 eliminant,
1711 3371 1817 3410 non

227 3436 394 3492 modo
444 3438 641 3492 malum
692 3452 829 3507 opus
866 3439 1154 3509 castigant,
1200 3441 1295 3496 sed
1340 3443 1501 3498 etiam
1544 3453 1819 3510 aspectum

231 3528 582 3599 impudicum,
611 3530 772 3584 verba
794 3532 1205 3596 contumeliosa,
1230 3532 1397 3589 risum
1418 3535 1820 3607 immodestum,

227 3621 498 3686 habitum,
530 3622 820 3686 incessum,
853 3623 1169 3688 clamorem,
1201 3636 1255 3678 et
1284 3640 1453 3695 usque
1491 3628 1559 3681 ad
1602 3630 1822 3684 minima

227 3721 535 3768 accuratam
569 3712 908 3781 disciplinam
954 3714 1251 3769 extendunt
1276 3755 1292 3778 ,
1321 3726 1483 3787 atque
1512 3718 1823 3774 universum

227 3803 417 3859 urbem
448 3804 768 3874 virginitatis
811 3805 1055 3875 germine
1081 3805 1446 3873 repleverunt.
1479 3807 1555 3863 De
1586 3808 1695 3864 Deo
1734 3824 1827 3864 au-

229 3904 341 3951 tem
369 3896 541 3966 deque
589 3895 890 3951 caelestibus
922 3912 983 3950 ea
1026 3896 1391 3967 philOSOphari
1430 3899 1679 3965 suadent,
1708 3917 1826 3970 qua:

231 3987 365 4043 nulli
399 4003 589 4043 eorum
629 4002 877 4055 umquam
905 3988 957 4041 in
1004 3997 1240 4042 mentem
1292 3990 1478 4046 venire
1516 3999 1824 4059 potuerunt.

230 4071 517 4139 Quomodo
540 4071 685 4125 enim
714 4070 827 4126 hch
853 4072 1175 4141 cogitassent
1203 4074 1291 4140 qui
1314 4072 1573 4139 ferarum,
1601 4090 1827 4144 serpen-

231 4165 370 4219 tium
399 4164 735 4233 aliorumque
762 4161 1005 4217 viliorum
1029 4164 1287 4232 imagines
1318 4164 1368 4217 in
1389 4163 1614 4218 deorum
1637 4182 1827 4221 nume-

232 4268 356 4308 rum
380 4251 613 4307 retulere
632 4252 933 4307 ‘!-Attamen
964 4250 1080 4306 haec
1106 4243 1351 4307 sublimia
1375 4252 1623 4325 dogmata
1648 4269 1830 4311 susce~

232 4362 329 4424 pta
356 4361 413 4407 ct
448 4350 647 4406 credita
669 4359 791 4404 sunt
818 4351 867 4403 in
890 4348 1114 4419 diesque
1155 4349 1347 4405 ﬂorent
1363 4359 1521 4418 atque
1537 4360 1785 4405 crescunt
1810 4368 1826 4415 ;

233 4442 455 4500 illorum
480 4456 610 4496 vero
648 4442 822 4494 cultus
856 4439 965 4492 abit
1003 4448 1059 4494 et
1104 4440 1277 4507 perit,
1306 4450 1466 4509 atque
1511 4456 1826 4497 aranearum

233 4534 368 4589 telis
404 4531 614 4586 facilius
659 4531 951 4584 evanescit.
996 4528 1233 4599 illudque
1272 4531 1464 4583 merito
1498 4548 1510 4583 :
1556 4528 1832 4587 daemones

238 4624 388 4681 enim
444 4623 557 4678 haec
603 4621 963 4692 praedicarunt
1008 4641 1020 4674 :
1069 4630 1395 4691 quapropter
1441 4636 1561 4676 cum
1608 4622 1827 4679 lascivia

236 4714 465 4770 multam
488 4712 684 4768 habent
709 4712 985 4780 caliginem
1011 4710 1372 4780 majoremque
1399 4710 1655 4767 laborem.
1690 4714 1830 4780 Qdid

236 4805 386 4861 enim
433 4804 601 4873 magis
651 4803 935 4858 ridiculum
973 4802 1132 4857 fuerit
1158 4843 1173 4868 ,
1205 4817 1363 4873 quam
1406 4802 1686 4873 disciplina
1717 4806 1830 4872 illa,

128 4930 139 4939 -
236 4896 355 4959 ubi,
388 4906 581 4965 prmter
628 4910 691 4949 ea
736 4910 859 4964 qua:
905 4894 1047 4950 dicta
1095 4905 1239 4958 sunt,
1270 4895 1563 4952 innumeris
1614 4898 1834 4967 prolatis

238 4984 494 5038 versibus
526 4986 873 5051 philosophus
894 5025 909 5048 ,
949 4994 1007 5037 ut
1033 4987 1160 5052 quid
1192 4986 1261 5038 sit
1289 4985 1493 5053 justum
1543 4988 1832 5055 ostendat,

231 5084 384 5133 tanta
416 5076 733 5147 loquacitate
763 5086 818 5134 et
842 5078 1167 5135 obseuritate
1190 5078 1331 5135 dicta
1354 5096 1449 5135 sua
1474 5082 1669 5151 replet,
1704 5095 1763 5139 ut
1789 5087 1834 5140 si

234 5166 369 5237 quid
397 5167 558 5222 etiam
588 5168 712 5230 boni
763 5169 1064 5234 haberent,
1096 5169 1383 5225 admodum
1414 5182 1595 5227 tamen
1628 5177 1833 5232 inutilia

233 5268 421 5313 essent
465 5259 740 5313 hominum
763 5260 926 5316 vitaz?
949 5262 1003 5316 Si
1030 5263 1175 5316 enim
1210 5264 1466 5333 agricola,
1501 5266 1584 5320 vel
1612 5270 1833 5325 arraritts

233 5348 391 5403 l’abcr
431 5350 515 5404 vel
557 5350 901 5416 architectus,
952 5363 1046 5408 aut
1086 5356 1436 5425 gubernator,
1487 5366 1578 5413 aut
1620 5361 1663 5413 si
1712 5363 1831 5431 quis

230 5440 373 5496 aiius
402 5455 613 5507 eorum,
644 5442 733 5512 qui
780 5442 975 5498 diurno
1003 5460 1259 5501 manuum
1296 5463 1461 5517 opere
1489 5452 1687 5505 victum
1732 5467 1827 5522 pa-

233 5541 377 5599 rant,
401 5533 559 5590 vellet
586 5534 657 5589 ab
684 5545 799 5591 arte
825 5549 919 5591 sua
943 5536 1198 5607 justeque
1228 5538 1415 5596 labore
1458 5542 1753 5611 abstinere,
1776 5546 1827 5601 in

301 5766 380 5830 (α)
415 5768 561 5830 [dator
581 5769 623 5817 is
643 5766 985 5830 depopuhlica
1009 5778 1132 5828 Opus
1155 5768 1345 5830 ignorat
1365 5780 1528 5819 nemo.
1543 5768 1619 5821 De
1644 5775 1834 5822 Zenone

240 5827 369 5881 vero
389 5828 556 5881 sleate
582 5829 696 5879 vide
717 5827 991 5892 Diogenem
1013 5827 1272 5879 neruum.

1422 480 1489 535 IN
1528 476 1945 535 MATTHIEUM
2008 475 2244 531 HOMIL
2284 481 2329 542 1,

3449 476 3522 532 ΞΟ

1930 606 2102 661 caque
2147 606 2207 646 re
2250 591 2449 645 multos
2467 604 2641 646 annos
2666 590 2974 657 absumere,
3006 596 3066 644 ut
3084 589 3212 660 quid
3240 590 3532 660 sitjusttnn

1926 681 2197 737 edisceret
2228 701 2240 735 :
2276 696 2425 765 stripe
2476 681 2786 750 priusquam
2821 680 2954 735 illud
3005 679 3354 748 edidicisset,
3388 682 3532 739 fame

1928 782 2299 841 consumptus,
2347 771 2523 826 abiret
2577 771 2707 841 justi
2764 770 3005 826 discendi
3042 786 3225 836 causa,
3275 781 3334 827 et
3380 772 3529 828 nulla

1927 873 2234 933 comparata
2265 862 2381 919 utili
2410 860 2717 933 disciplina,
2752 861 3043 917 violentam
3064 871 3295 919 mortem
3326 864 3526 919 obiret.

1930 954 2119 1009 Nostra
2151 969 2283 1009 vero
2312 970 2417 1009 non
2445 954 2754 1024 huiusmodi
2777 964 2934 1019 sunt;
2962 953 3058 1011 sed
3084 954 3288 1022 justum
3311 994 3325 1019 ,
3355 955 3529 1008 hone-

1925 1058 2090 1114 stum,
2124 1048 2278 1111 utile,
2296 1048 2636 1116 virtutesque
2674 1060 2885 1113 omnes,
2906 1046 3100 1115 paucis
3124 1046 3299 1115 iisque
3314 1044 3530 1113 perspi-

1926 1141 2042 1195 cuis
2072 1140 2250 1197 verbis
2270 1138 2517 1196 Christus
2538 1154 2638 1193 nos
2658 1137 2868 1193 edocuit
2890 1136 3052 1192 modo
3067 1136 3251 1191 dicens
3273 1154 3286 1189 :
3314 1136 3377 1190 In
3396 1136 3529 1190 duo-

1927 1232 2017 1285 bus
2044 1231 2300 1285 mandatis
2326 1231 2412 1285 lex
2435 1240 2479 1285 et
2512 1231 2773 1299 propnat:
2797 1228 3014 1299 patch
3040 1228 3256 1299 (Matth.
3279 1228 3372 1283 ἓξ.
3390 1228 3484 1297 40)
3508 1245 3528 1295 ;

1928 1322 1978 1377 id
1996 1332 2099 1387 est,
2138 1322 2304 1376 iuDei
2336 1321 2640 1391 etprosimi
2681 1321 2945 1379 caritate;
2980 1319 3269 1390 aliquando
3308 1304 3527 1375 autem}

1930 1413 2273 1479 Quemnam:
2302 1413 2452 1466 vultis
2494 1421 2546 1466 ut
2594 1412 2782 1482 faciant
2813 1411 2952 1465 vobis
2981 1411 3232 1477 Imminet,
3262 1420 3308 1465 et
3336 1426 3422 1467 vos
3447 1416 3533 1482 fs-

1926 1505 2023 1559 cite
2043 1504 2166 1559 illis.
2193 1502 2323 1558 licet:
2348 1512 2420 1557 est
2445 1503 2579 1557 enim
2604 1502 2688 1555 [ex
2723 1512 2773 1556 et
2811 1500 3072 1571 prop/tcta:
3098 1500 3309 1571 (Matth.
3336 1503 3387 1555 7.
3417 1501 3526 1572 l2).

1924 1596 2056 1664 Qua:
2080 1605 2135 1651 et
2175 1596 2445 1667 agricolae,
2487 1603 2542 1650 et
2568 1610 2747 1659 servo,
2777 1603 2831 1648 et
2856 1594 3063 1657 vidum,
3090 1603 3147 1648 et
3176 1610 3364 1663 puero,
3419 1596 3530 1650 imo

1925 1685 2088 1740 etiam
2110 1686 2164 1742 ei
2187 1684 2275 1754 qui
2306 1682 2596 1739 admodum
2633 1683 2832 1738 bardus
2857 1696 2979 1738 esse
3009 1682 3274 1744 videatur,
3307 1683 3526 1738 intelle-

1926 1786 2016 1829 ctu
2047 1775 2224 1830 facilia
2255 1776 2477 1831 omnino
2514 1782 2661 1829 sunt.
2692 1774 2823 1829 ilzec
2848 1782 2929 1829 cst
2948 1773 3095 1827 enim
3124 1772 3368 1827 veritatis
3396 1786 3529 1827 con-

1924 1864 2079 1921 ditio.
2131 1865 2260 1921 Illud
2317 1874 2497 1922 autem
2548 1864 2865 1921 testiﬁcatur
2914 1867 3031 1933 ipse
3090 1878 3275 1919 rerum
3323 1864 3527 1921 exitus.

1924 1955 2199 2026 Siquidem
2231 1970 2424 2012 omnes
2446 1971 2571 2028 qua:
2600 1953 2808 2026 agenda
2849 1964 3007 2010 erant
3048 1953 3375 2019 didicerunt,
3411 1969 3515 2012 nec

1924 2052 2228 2107 didicerunt
2244 2051 2428 2116 modo,
2453 2049 2548 2105 sed
2571 2049 2735 2105 etiam
2766 2046 2987 2116 exsequi
3015 2045 3338 2101 studuerunt
3362 2061 3375 2098 :
3406 2057 3516 2098 non

1916 2146 1968 2199 in
2000 2142 2222 2198 urbibus
2246 2150 2475 2209 tantum,
2497 2156 2598 2196 nec
2621 2141 2673 2194 in
2699 2138 2879 2195 medio
2908 2136 3027 2192 loro
3051 2153 3065 2202 ;
3092 2135 3189 2191 sed
3213 2146 3272 2192 et
3292 2136 3344 2189 iu
3365 2150 3522 2189 mou-

1922 2237 2055 2289 tium
2084 2234 2379 2290 verticibus
2412 2233 2512 2305 (a).
2559 2232 2633 2287 lbi
2684 2232 2830 2287 enim
2875 2229 3097 2285 multam
3130 2226 3312 2284 videas
3342 2226 3516 2297 philo-

1921 2325 2187 2393 sophiam,
2218 2323 2416 2377 choros
2444 2323 2759 2393 angelorum
2788 2322 2840 2377 in
2871 2320 3105 2375 humano
3135 2332 3365 2387 corpore
3411 2316 3522 2372 ful-

1914 2433 2041 2488 gere
2061 2459 2076 2481 ,
2112 2426 2167 2470 et
2195 2416 2498 2469 institutum
2528 2415 2746 2469 cteleste
2785 2414 3007 2467 micare.
3052 2410 3189 2465 Nam
3218 2409 3520 2464 institutum

1916 2506 2043 2558 vitae
2091 2504 2247 2559 nobis
2283 2504 2586 2572 piscatores
2632 2502 2897 2572 scripsere
2928 2518 2944 2557 :
2978 2516 3087 2555 non
3116 2516 3143 2553 a
3176 2514 3343 2568 puero
3370 2498 3529 2553 iusti-

1919 2599 1993 2651 tui
2046 2597 2301 2665 jubentes
2349 2606 2406 2649 ut
2436 2595 2509 2649 illi
2540 2593 2882 2665 philosophi,
2918 2607 3024 2648 non
3052 2602 3256 2646 certam
3306 2600 3523 2647 atatem

1920 2688 2131 2742 virtutis
2160 2686 2407 2742 studioso
2438 2687 2878 2758 praescribentes,
2905 2685 3001 2740 sed
3027 2684 3273 2754 quamvis
3301 2692 3519 2739 uatem

1919 2779 2282 2833 instituentes.
2338 2778 2430 2831 Illa
2476 2779 2619 2833 enim
2668 2791 2961 2847 puerorum
3005 2775 3163 2830 ludus
3196 2784 3356 2841 sunt;
3411 2775 3527 2828 hrcc

1918 2875 2319 2932 autem,rerum
2365 2866 2583 2921 veritas.
2612 2866 2747 2921 lluic
2782 2865 3031 2921 instituto
3066 2864 3241 2919 locum
3288 2864 3531 2933 assigna-

1917 2972 2047 3011 vere
2077 2958 2303 3023 caelum,
2341 2957 2619 3028 Deumque
2650 2958 2977 3015 induerunt
3023 2958 3141 3028 ejus
3168 2957 3421 3041 Opiﬁccm
3465 2971 3532 3011 ac

1921 3046 2097 3117 legum
2124 3048 2355 3103 latorem
2380 3090 2396 3113 ,
2431 3060 2487 3101 ut
2533 3064 2631 3118 par
2660 3049 2881 3105 omnino
2914 3059 3049 3104 erat.
3104 3048 3342 3104 lnstituti
3398 3063 3532 3102 vero

1923 3140 2141 3206 praemia
2164 3178 2178 3200 ,
2212 3152 2319 3191 non
2352 3138 2488 3193 lauri
2540 3138 2685 3203 folia,
2717 3154 2823 3195 non
2869 3140 3087 3196 oleastri
3138 3155 3360 3204 corona,
3416 3154 3523 3194 non

1920 3229 2223 3283 convivium
2262 3229 2315 3283 in
2369 3229 2637 3299 Prytaneo
2662 3230 2735 3299 (b)
2760 3268 2779 3293 ,
2820 3246 2925 3286 non
2968 3247 3126 3285 mea:
3152 3238 3369 3294 statum,
3423 3245 3534 3285 non

1923 3318 2113 3387 frigida
2142 3319 2332 3372 istlncc
2358 3329 2413 3373 et
2438 3319 2615 3372 inania
2648 3337 2661 3373 :
2689 3319 2785 3375 sed
2815 3320 2919 3375 vita
2942 3320 3103 3375 linem
3132 3336 3238 3375 non
3260 3320 3533 3386 habitura,

1921 3412 2115 3467 collata
2161 3412 2394 3466 ﬁliorum
2428 3410 2521 3466 Dei
2571 3410 2830 3477 conditio,
2880 3412 3096 3468 choreae
3141 3426 3266 3468 cum
3324 3413 3537 3483 angelis

1924 3513 2081 3565 actae,
2112 3511 2237 3557 ante
2280 3502 2471 3556 solium
2503 3501 2708 3572 regium
2740 3502 3043 3571 praesentia,
3065 3501 3384 3573 perpetuum
3406 3518 3532 3559 cum

1926 3592 2138 3651 Christo
2168 3595 2523 3650 consortium.

2002 3794 2054 3845 ti.
2089 3791 2257 3860 Hujus
2286 3804 2452 3860 porro
2490 3785 2720 3843 instituti
2756 3786 3011 3842 doctores
3054 3794 3181 3842 sunt
3222 3784 3534 3855 publicani,

1930 3892 2226 3961 piscatores
2264 3894 2323 3939 et
2349 3884 2702 3940 tentoriorum
2738 3881 2995 3952 opiﬁces,
3039 3897 3144 3937 non
3184 3884 3273 3952 qui
3321 3884 3535 3939 modico

1932 3991 2173 4048 tempore
2199 3976 2449 4039 vixerint,
2473 3974 2569 4028 sed
2590 3973 2680 4043 qui
2704 3982 2959 4039 aeternam
2984 3980 3148 4041 agant
3170 3975 3355 4027 vitam.
3383 3972 3535 4027 ldcu-

1929 4084 2032 4138 que
2052 4068 2211 4123 etiam
2234 4075 2353 4136 post
2373 4073 2605 4119 mortem
2621 4063 2851 4119 instituti
2878 4072 3173 4118 sectatores
3189 4062 3378 4132 juvare
3405 4078 3535 4132 pos-

1929 4159 2056 4210 sint.
2107 4155 2243 4209 liuic
2284 4154 2531 4207 instituto
2580 4153 2779 4207 bellum
2824 4161 2925 4217 est,
2979 4168 3085 4207 non
3129 4152 3389 4209 adversus
3432 4153 3536 4209 ho-

1932 4250 2140 4311 mines,
2186 4244 2282 4301 sed
2330 4243 2588 4299 adversus
2624 4242 2900 4297 daemones
2939 4251 2993 4297 et
3040 4244 3386 4312 incorporeas
3417 4245 3537 4299 illas

1936 4344 2251 4406 potestates.
2288 4333 2521 4403 Ideoque
2547 4332 2653 4386 dux
2688 4331 2792 4385 illis
2814 4342 2919 4396 est,
2951 4346 3057 4386 non
3087 4331 3272 4399 homo,
3306 4348 3413 4387 non
3436 4350 3535 4387 an-

1939 4436 2213 4506 gelus.setl
2233 4435 2345 4501 ipse
2362 4432 2520 4487 Deus.
2536 4434 2701 4485 Amta
2713 4444 2845 4484 vero
2860 4428 3078 4486 illorum
3099 4428 3332 4484 militum
3346 4430 3412 4483 ad
3431 4431 3502 4483 hu

1935 4530 2027 4599 jus
2080 4527 2205 4581 belli
2245 4525 2511 4578 rationem
2552 4522 2830 4593 quadrant
2867 4539 2881 4576 :
2923 4536 3100 4591 neque
3138 4522 3284 4575 enim
3322 4537 3385 4575 ex
3424 4523 3534 4589 pel-

1932 4638 2066 4685 libus
2084 4638 2343 4700 parantur
2364 4637 2456 4683 aut
2484 4626 2649 4693 ferro,
2674 4626 2768 4681 sed
2793 4642 2859 4682 ex
2887 4625 3131 4690 veritate,
3158 4624 3383 4692 justitia,
3407 4622 3537 4689 tide,

1934 4720 2379 4792 philosophiaque
2416 4719 2584 4774 omni.
2616 4718 2879 4786 Quoniam
2930 4718 3092 4787 igitur
3117 4715 3185 4770 de
3229 4714 3537 4785 huiusmodi

1936 4814 2219 4885 disciplina
2234 4814 2322 4870 hic
2343 4813 2475 4868 liber
2491 4822 2571 4867 est
2591 4812 2953 4881 conscriptus,
2978 4809 3044 4865 de
3061 4824 3163 4879 qua
3182 4807 3336 4863 nobis
3354 4807 3540 4863 dicere

1934 4907 2270 4976 propositum
2304 4914 2385 4958 est
2406 4944 2419 4967 ,
2452 4902 2760 4957 Mattbmum
2790 4912 2997 4957 attente
3028 4899 3311 4955 audiamus
3348 4900 3415 4956 de
3442 4900 3540 4956 illa

1934 4998 2215 5069 perspicue
2240 4996 2595 5051 disserentem
2625 5013 2637 5048 :
2663 5009 2768 5048 non
2792 4994 2933 5047 enim
2961 4993 3076 5063 ejus
3098 5001 3224 5046 sunt
3249 4991 3412 5059 dicta,
3439 4991 3536 5047 sed

1932 5089 2152 5154 Christi,
2183 5089 2273 5158 qui
2301 5087 2439 5141 hanc
2464 5086 2802 5157 disciplinam
2841 5085 3091 5139 instituil.
3126 5085 3378 5138 Animum
3403 5098 3537 5153 ergo

1936 5183 2307 5245 adhibeamus,
2341 5191 2398 5235 ut
2425 5180 2477 5234 in
2510 5179 2601 5234 illa
2626 5194 2929 5234 mercamur
2957 5177 3211 5243 adscribi,
3243 5192 3305 5230 ac
3334 5175 3541 5245 fulgere

1934 5292 2055 5331 cum
2094 5276 2157 5329 iis
2188 5275 2276 5345 qui
2309 5273 2410 5327 hoc
2439 5273 2740 5327 institutum
2786 5271 2991 5326 emensi
3045 5270 3377 5325 immorzales
3420 5270 3542 5325 illas

1936 5380 2194 5437 accepere
2239 5379 2489 5421 coronas.
2540 5363 2719 5417 Multis
2746 5372 2897 5416 certe
2927 5362 3043 5416 ha‘c
3087 5360 3261 5415 facilia
3292 5358 3545 5415 videntur

1938 5474 2086 5521 esse,
2122 5456 2503 5526 prophetarum
2539 5469 2670 5509 vero
2712 5452 2855 5508 dicta
2896 5451 3123 5505 multum
3165 5451 3363 5505 habere
3400 5450 3541 5503 diiti-

1939 5547 2171 5603 cultatis.
2208 5546 2406 5602 Verum
2440 5544 2510 5599 ita
2551 5542 2861 5597 existimant
2909 5542 2980 5607 ii,
3017 5542 3107 5609 qui
3152 5540 3542 5595 sententiarum

1992 5703 2065 5825 Eag
2099 5702 2176 5752 De
2193 5705 2442 5751 monachis
2466 5704 2513 5751 in
2537 5711 2703 5751 monte
2726 5702 3028 5765 degentibus
3053 5704 3283 5766 loquitur.
3342 5766 3345 5767 ν

2016 5764 2043 5813 b
2100 5771 2386 5825 Prylanenm
2403 5765 2535 5811 locus
2553 5774 2658 5813 erat
2681 5764 2765 5812 ubi
2790 5777 3078 5815 communes
3103 5766 3263 5825 epulae
3287 5766 3345 5815 da

2016 5764 2065 5825 ὸ)
2086 5771 2386 5827 νΡι-ςωηρψη
2403 5765 2535 5827 locus
2553 5774 2658 5813 erat
2681 5764 2765 5812 ubi
2790 5764 3078 5815 communes
3103 5764 3263 5827 epulae
3287 5766 3528 5816 dabantur

1930 5825 1991 5873 iis
2013 5823 2095 5889 qui
2119 5823 2183 5875 de
2208 5823 2403 5889 publico
2428 5826 2557 5875 bene
2582 5833 2884 5876 meruerant.
