4056 6508
625 432 694 488 ει
1319 435 1378 489 δ.
1413 431 1694 489 εοωαιε
1727 431 1913 490 CHRY
1923 429 2174 489 SOSTOI

2284 432 2568 491 LRCHIEP.
2603 431 3148 491 CONSTANTINOP.
3782 433 3852 490 ει

613 549 684 603 ibi
709 545 1100 604 reconditarum
1125 546 1537 617 profunditatem
1560 547 1825 616 ignorant.
1854 542 2188 612 Quapropter

611 649 762 707 rogo,
776 652 874 693 nos
890 653 1010 693 cum
1023 639 1214 708 magno
1229 637 1404 692 studio
1417 634 1732 705 sequamini.
1749 641 1810 688 ut
1821 631 2032 687 Christo
2045 632 2180 688 duce

610 729 664 784 in
689 729 792 785 hoc
814 730 1133 799 scriptorum
1156 729 1370 800 pelagus
1389 727 1590 798 ingredi
1613 729 1908 782 valeamus.
1931 725 2002 781 Ut
2021 740 2183 795 porro

611 816 818 874 facilius
848 818 961 874 haec
985 818 1260 874 addiscere
1289 818 1500 888 possitis
1521 857 1537 878 .
1566 830 1816 888 rogamus
1844 825 1899 870 et
1923 816 2179 871 obsecra-

611 923 752 974 mus,
768 909 818 962 id
833 907 973 978 quod
987 907 1144 963 etiam
1161 908 1214 961 in
1229 907 1348 961 aliis
1363 906 1758 976 Seripturarum
1777 905 1927 960 libris
1937 903 2184 974 fecimus,

612 1007 672 1052 ut
686 998 830 1053 illam
849 997 1134 1068 Scriptum
1148 996 1439 1053 clausulam
1454 1035 1469 1063 ,
1491 1011 1650 1067 quam
1667 996 2064 1065 iiterpretaturi
2093 1009 2154 1049 su
2167 1025 2184 1036 ο

609 1097 752 1149 mus,
777 1085 1088 1154 prmlibetis,
1113 1096 1168 1139 ut
1194 1086 1354 1140 lectio
1377 1089 1732 1156 cognitionem
1753 1087 2014 1156 pmccdat
2046 1089 2063 1118 ⁸
2082 1103 2098 1152 ;
2120 1086 2175 1143 id

605 1172 749 1242 quod
780 1173 832 1228 in
861 1175 1104 1230 eunucho
1130 1176 1384 1247 contigit,
1415 1180 1662 1247 quodque
1695 1178 1914 1233 multam
1944 1179 2179 1248 prtebeat

608 1263 934 1322 facilitatem.
963 1267 1296 1335 Qumstiones
1337 1270 1477 1324 enim
1521 1270 1773 1340 plurima:
1793 1279 1849 1326 et
1877 1271 2180 1342 frequentes

606 1365 916 1412 occurrunt.
935 1357 1310 1414 Animadverte
1331 1373 1459 1430 ergo
1483 1361 1661 1414 statim
1690 1360 1742 1414 in
1766 1360 1883 1430 ipso
1903 1360 2175 1431 Evangelii

607 1444 849 1509 exordio,
880 1457 1009 1515 quot
1034 1456 1090 1502 et
1114 1457 1308 1518 quanta
1336 1449 1619 1518 qua-renda
1644 1460 1944 1504 occurrant.
1972 1449 2173 1518 Primo,

605 1547 702 1587 cur
720 1532 937 1604 Josephi
957 1537 1263 1606 genealogis
1293 1537 1538 1605 ducatur,
1567 1539 1656 1608 qui
1677 1538 1871 1594 Christi
1901 1549 2049 1610 pater
2072 1555 2176 1595 non

606 1631 744 1677 erat.
769 1622 1036 1692 Secundo,
1058 1626 1326 1696 quomodo
1344 1628 1555 1697 planum
1584 1629 1686 1685 erit
1704 1629 1876 1700 ipsum
1897 1645 1964 1685 es
1983 1632 2179 1687 Davide

605 1711 868 1781 originem
895 1713 1109 1780 ducere,
1139 1730 1258 1769 eum
1297 1716 1568 1786 ignoretur
1597 1718 1812 1788 quinam
1855 1720 2032 1775 Maria:
2061 1736 2176 1774 nia-

606 1801 708 1857 tris
731 1802 849 1872 eius
885 1804 1114 1874 majores
1141 1807 1336 1862 fuerint
1369 1825 1383 1861 :
1424 1824 1596 1880 neque
1641 1810 1783 1865 enim
1827 1809 2054 1880 Virginis
2078 1827 2175 1882 ge-

603 1893 842 1963 nealogia
870 1895 1134 1966 descripta
1159 1897 1276 1952 fuit.
1305 1899 1506 1966 Tertio,
1533 1915 1629 1955 cur
1653 1899 1892 1972 Iosephi,
1923 1903 2011 1972 qui
2043 1904 2174 1958 nihil

601 1984 669 2037 ad
693 1987 1088 2054 generationem
1118 1989 1362 2054 contulit,
1390 1992 1698 2062 genealogis
1725 1995 1951 2068 ducatur
1969 2035 1986 2062 ,
2015 1994 2176 2064 Virgo

602 2083 780 2130 autem
805 2091 925 2146 quae
951 2087 1121 2132 mater
1148 2088 1251 2142 est,
1281 2094 1388 2148 quo
1417 2091 1589 2149 patre,
1621 2098 1721 2135 avo
1749 2092 1803 2138 et
1846 2083 2018 2138 abavo
2059 2095 2174 2139 orta

602 2165 674 2218 ait
713 2179 820 2220 non
850 2177 1115 2223 narretur.
1145 2169 1225 2223 Ad
1255 2172 1369 2225 haec
1399 2171 1527 2225 illud
1565 2175 1746 2227 etiam
1775 2175 2044 2244 inquirere
2085 2192 2178 2245 par

601 2265 707 2319 cst,
754 2269 856 2311 cur
880 2257 1109 2312 virorum
1147 2261 1508 2330 genealogiam
1551 2277 1892 2331 persequens,
1925 2266 2180 2321 mulieres

601 2352 779 2400 tamen
823 2349 1302 2404 commemoravit:
1337 2360 1392 2405 et
1416 2353 1629 2420 quando
1652 2351 1706 2408 id
1747 2355 1818 2407 ita
1863 2357 1964 2426 ipsi
2003 2357 2174 2412 visum

601 2443 708 2499 est,
737 2449 834 2489 cur
861 2451 967 2490 non
992 2451 1182 2492 omnes
1223 2439 1482 2495 mulieres
1503 2443 1828 2510 nominavit,
1859 2445 1954 2498 sed
2001 2445 2176 2501 missis

603 2522 672 2580 iis
698 2540 818 2594 qua:
844 2525 915 2581 ob
940 2527 1255 2596 probitatem
1280 2531 1519 2588 celebres
1537 2541 1690 2588 erant
1708 2575 1724 2602 ,
1749 2543 1808 2588 ut
1830 2535 1959 2590 Sara
1987 2545 2043 2592 et
2068 2536 2172 2593 ﬂeo

603 2614 789 2682 bocca,
821 2627 876 2673 et
901 2618 1184 2688 similibus,
1214 2621 1334 2677 illas
1361 2625 1564 2678 tantum
1589 2625 1646 2679 in
1674 2625 1905 2680 medium
1933 2629 2172 2696 protulit.

600 2723 721 2776 qua:
745 2710 925 2779 aliquo
950 2711 1078 2765 vitio
1105 2713 1345 2768 celebres
1371 2724 1528 2768 erant
1554 2730 1572 2769 :
1594 2717 1638 2770 si
1662 2731 1768 2786 qua
1797 2717 2039 2774 videlicet
2065 2720 2166 2773 fur-

602 2798 803 2853 nicaria
828 2809 919 2855 aut
946 2801 1182 2857 adultera
1204 2813 1367 2870 esset,
1387 2811 1446 2860 et
1465 2806 1510 2860 si
1537 2821 1640 2877 qua
1664 2819 1915 2884 extrapca
1943 2821 2028 2862 aut
2057 2811 2173 2864 bar-

598 2883 898 2941 bara.Natn
930 2905 1150 2945 uxorein
1176 2892 1319 2948 Uria:
1337 2905 1400 2950 et
1421 2894 1720 2952 Thatuarct
1742 2901 1996 2953 italiabet
2020 2901 2164 2953 [tutu

598 2979 1042 3034 commemoravit
1061 2997 1076 3046 ;
1097 2996 1331 3051 quarum
1342 2985 1449 3040 alia
1463 2985 1764 3055 alienigena
1781 2988 2031 3054 erat,alia
2053 3004 2160 3043 me-

598 3063 785 3128 retrix,
800 3065 948 3120 aliaa
964 3082 1154 3124 socero
1169 3071 1354 3128 vitiata
1369 3071 1492 3140 fuit,
1518 3089 1624 3128 non
1643 3075 1757 3145 lege
1773 3077 2054 3137 connubii.
2073 3076 2168 3133 sed

598 3150 776 3208 iurata
802 3158 1147 3212 concubitum
1183 3170 1238 3214 et
1293 3163 1598 3218 meretricis
1635 3175 1914 3234 assumpta
1951 3167 2165 3235 specie:

593 3241 740 3311 quod
763 3254 972 3313 spectat
987 3255 1164 3301 autem
1184 3246 1326 3304 Uria
1341 3254 1810 3322 oxorem,ignorat
1826 3253 2070 3310 neruoob
2090 3254 2170 3307 fa-

590 3330 1278 3403 cinorisconspicuitatem.
1291 3338 1545 3394 Attamen
1561 3341 1744 3396 missis
1755 3337 1878 3396 aliis
1891 3342 2167 3408 omnibus,

597 3426 756 3478 hasce
787 3435 992 3480 tantum
1018 3427 1074 3482 in
1097 3431 1403 3502 genealogia
1433 3435 1627 3503 posuit.
1660 3441 1818 3507 Atqui
1845 3439 1890 3493 si
1919 3442 2175 3498 mulieres

594 3525 1024 3572 commemorare
1051 3522 1322 3590 oportuit,
1349 3537 1536 3580 omnes
1567 3541 1850 3584 recensere
1887 3545 1985 3600 par
2021 3541 2173 3600 erat;

589 3600 633 3654 si
665 3618 770 3658 non
795 3618 1007 3672 omnes,
1029 3612 1183 3665 ‘certe
1207 3612 1395 3681 aliqua:
1417 3629 1600 3669 earum
1633 3617 1969 3686 proferenda
1995 3633 2171 3688 erant,

587 3705 708 3759 qua:
737 3693 932 3750 virtute
975 3697 1299 3765 floruerant,
1331 3718 1436 3757 non
1467 3720 1652 3760 carum
1693 3723 1921 3778 quarum
1957 3722 2170 3780 peccata

586 3790 712 3835 sunt
742 3785 1042 3841 manifesta.
1072 3788 1260 3846 Videte
1289 3803 1481 3861 quanta
1516 3798 1668 3852 nobis
1694 3801 1987 3857 attentione
2007 3805 2088 3858 vel
2117 3806 2169 3858 in

587 3872 810 3926 exordio
829 3875 898 3928 sit
912 3891 1068 3944 opus,
1089 3880 1296 3934 etiamsi
1317 3881 1417 3936 hoc
1433 3887 1711 3941 exnnlinm
1724 3892 1934 3946 creteris
1951 3893 2168 3961 clarius,

2371 540 2425 594 7.
2451 539 2722 594 Conclusio
2747 540 2955 596 moralis
2975 557 2994 596 :
3019 540 3277 596 auditores
3313 555 3346 595 tt
3373 537 3672 610 spectaculis
3706 549 3870 602 arcet;

2299 633 2526 687 studium
2567 632 2702 687 verbi
2747 632 2906 687 divini
2948 633 3002 687 in
3036 634 3108 686 eis
3149 633 3372 688 excitare
3412 640 3640 687 conatur.
3670 659 3744 671 -—
3771 628 3869 683 Sed

2297 739 2364 778 ne
2381 726 2544 779 multa
2567 723 2725 778 simul
2746 733 3094 794 congerentes
3110 724 3423 778 memoriam
3439 733 3674 779 vestram
3695 721 3872 775 obrua-

2295 829 2416 869 mus
2461 814 2546 870 hic
2565 813 2812 883 loquendi
2836 813 2996 870 ﬁnem
3025 813 3298 869 faciemus.
3327 812 3533 867 Sufficit
3557 813 3700 868 enim
3725 809 3868 864 vobis

2299 913 2356 958 ut
2385 903 2688 958 excttemini
2711 944 2726 968 ,
2759 903 2803 956 si
2833 905 3153 973 qumstioncs
3203 903 3318 958 illas
3344 903 3614 959 ediscatis.
3645 903 3703 960 Si
3739 917 3860 958 vero

2291 991 2610 1048 solutionem
2634 991 2971 1059 desideratis,
2994 1004 3049 1050 et
3076 993 3205 1049 illud
3234 1008 3452 1065 quoque
3474 994 3555 1049 vel
3584 1004 3861 1065 antequam

2292 1079 2594 1152 loquamur,
2625 1083 2678 1137 in
2705 1091 2880 1138 vestra
2911 1085 3013 1139 erit
3043 1093 3306 1154 potestate
3339 1085 3522 1139 situm.
3553 1085 3609 1138 Si
3641 1099 3863 1153 namque

2292 1185 2386 1226 vos
2406 1172 2667 1228 excitatos
2688 1182 2743 1227 et
2762 1172 3004 1229 discendi
3027 1174 3248 1244 cupidos
3275 1175 3522 1240 viderim,
3545 1175 3860 1229 solutionem

2291 1261 2446 1315 vobis
2469 1260 2663 1317 afferre
2686 1263 2939 1328 tentabo;
2968 1264 3048 1318 sin
3087 1263 3384 1319 oscitantes
3411 1271 3468 1319 et
3498 1278 3602 1318 non
3634 1272 3863 1318 attentos

2289 1365 2655 1421 conspexero,
2681 1361 2736 1408 et
2760 1354 3083 1423 qumstiones
3106 1362 3162 1410 et
3186 1355 3507 1408 solutionem
3537 1353 3746 1407 illarum
3771 1367 3862 1406 oc-

2288 1441 2534 1508 cultabo,
2562 1442 2756 1497 divina:
2778 1443 3081 1514 obsequens
3110 1444 3208 1514 legi
3238 1461 3254 1500 :
3285 1437 3482 1506 Nolite,
3514 1445 3722 1513 inquit,
3750 1459 3867 1496 san-

2291 1541 2425 1584 ctum
2448 1530 2573 1586 dare
2600 1532 2829 1598 canibus,
2859 1549 3018 1603 neque
3041 1533 3322 1604 proﬁciatis
3350 1533 3652 1603 margaritas
3681 1543 3866 1586 vestros

2287 1630 2404 1674 ante
2422 1637 2620 1691 porcos,
2639 1639 2701 1675 ne
2727 1625 2859 1692 forte
2877 1621 3170 1676 conculcari
3188 1640 3273 1677 cas
3290 1623 3498 1691 pedibus
3523 1623 3626 1677 suis
3649 1621 3668 1690 (
3679 1621 3863 1676 Matth.

2288 1709 2338 1764 ’1.
2372 1708 2447 1782 6).
2491 1710 2626 1778 Quis
2648 1721 2730 1766 est
2755 1721 2933 1767 autem
2973 1713 3061 1783 qui
3102 1713 3421 1768 conculcat?
3458 1713 3560 1780 Qui
3599 1715 3712 1769 h.rc
3763 1729 3866 1768 non

2289 1803 2519 1871 pretiosa
2546 1813 2599 1857 et
2625 1802 2830 1858 honore
2854 1795 3012 1874 digna
3034 1819 3154 1859 esse
3174 1814 3379 1858 censet.
3397 1803 3616 1874 Ecquis,
3640 1805 3865 1874 inquies,

2288 1891 2357 1946 ita
2388 1893 2551 1947 miser
2577 1901 2681 1958 est,
2711 1903 2767 1948 ut
2796 1894 2911 1948 haec
2939 1910 3045 1948 non
3077 1894 3280 1950 honore
3304 1895 3483 1966 digna.
3515 1911 3613 1951 nec
3631 1897 3866 1951 omnium

2288 1983 2666 2051 pretiosissima
2695 1998 2816 2039 esse
2839 1983 3042 2040 ducat?
3069 1984 3117 2040 ls
3138 1986 3229 2055 qui
3258 2001 3366 2039 non
3389 1984 3496 2039 illis
3523 1994 3727 2039 tantum
3752 1996 3867 2040 stu-

2284 2072 2430 2127 dium
2457 2073 2699 2140 adhibet,
2747 2084 3008 2145 quantum
3057 2076 3432 2132 meretricibus
3475 2078 3786 2133 mulieribus
3809 2078 3866 2132 in

2284 2161 2535 2218 satanicis
2567 2163 2811 2218 theatris.
2858 2165 2930 2219 lbi
2960 2166 3107 2220 enim
3135 2166 3354 2236 plurimi
3383 2175 3522 2222 totos
3547 2168 3661 2223 dies
3689 2177 3870 2222 trans-

2283 2255 2459 2325 igunt,
2513 2255 2787 2324 multaque
2833 2257 2885 2310 in
2915 2271 2976 2312 re
3004 2257 3302 2313 domestica
3345 2259 3638 2329 negligant,
3681 2259 3752 2314 ob
3783 2261 3870 2313 in-

2283 2348 2651 2418 tempestivam
2682 2348 2824 2402 illam
2866 2349 3270 2420 occupationem
3292 2391 3307 2415 ,
3341 2350 3736 2420 diligenterque
3775 2350 3869 2405 illa

2283 2439 2542 2506 retinent,
2571 2455 2692 2510 qua:
2720 2440 2912 2495 ibidem
2940 2441 3168 2496 audiunt
3186 2483 3201 2507 ,
3232 2442 3428 2511 illaque
3455 2443 3508 2496 in
3539 2443 3730 2496 anima:
3759 2457 3873 2498 sua:

2283 2531 2572 2598 perniciem
2595 2542 2939 2586 conservant.
2972 2530 3068 2586 llic
3093 2541 3271 2586 autem
3305 2533 3420 2601 ipso
3451 2532 3564 2587 Deo
3594 2533 3869 2602 loquente,

2281 2634 2350 2673 ne
2379 2619 2658 2672 minimum
2685 2620 2900 2689 quidem
2929 2621 3188 2690 temporis
3222 2636 3445 2676 manere
3473 2622 3680 2677 volunt.
3712 2622 3872 2678 Ideo—

2280 2723 2383 2777 que
2432 2708 2564 2763 nihil
2591 2723 2879 2764 commune
2917 2709 3177 2766 habemus
3205 2727 3328 2767 cum
3369 2712 3501 2767 calo
3533 2730 3548 2766 :
3577 2713 3671 2768 sed
3703 2714 3874 2772 verbo

2285 2807 2441 2852 lenus
2479 2799 2600 2853 vita:
2631 2784 2930 2854 institutum
2977 2809 3222 2856 nostrum
3257 2803 3548 2872 peragitur.
3591 2802 3749 2858 Certe
3774 2820 3873 2874 ge-

2284 2887 2514 2940 hennam
2544 2888 2746 2945 idcirco
2773 2890 2913 2946 Deus
2937 2892 3295 2946 comminatus
3315 2901 3422 2958 est,
3444 2908 3553 2948 non
3577 2902 3635 2948 ut
3660 2895 3716 2953 in
3743 2910 3869 2951 eam

2287 2991 2388 3030 nos
2408 2977 2701 3045 conjiciat;
2740 2983 2830 3034 sed
2854 2991 2912 3035 ut
2945 2985 3102 3040 nobis
3136 2989 3457 3053 persuadeat
3496 2993 3862 3060 perniciosam

2286 3065 2432 3120 illam
2487 3069 2824 3139 tyrannidem
2861 3075 2883 3105 ³
2925 3073 3132 3145 fugere.
3178 3075 3287 3132 Nos
3331 3095 3458 3135 vero
3498 3098 3528 3136 c
3580 3088 3862 3144 contrario

2283 3158 2524 3246 agimus;
2571 3162 2844 3227 audimus,
2888 3174 2945 3219 et
2983 3167 3226 3234 quOtidie
3268 3171 3334 3224 ad
3380 3173 3521 3228 viam
3564 3190 3686 3246 quae
3726 3177 3862 3234 illuc

2279 3245 2429 3301 ducit
2459 3249 2798 3306 accurrimus
2825 3269 2842 3305 :
2872 3251 3088 3323 Deoque
3121 3256 3351 3326 iubente
3387 3276 3498 3317 non
3537 3245 3714 3320 solum
3755 3283 3859 3322 au-

2277 3330 2416 3395 dire,
2437 3334 2530 3388 sed
2553 3335 2716 3390 etiam
2738 3337 2883 3392 dicta
2907 3344 3156 3413 exsequi,
3181 3359 3284 3401 nos
3322 3363 3390 3404 ne
3411 3352 3628 3420 quidem
3663 3357 3859 3416 audire

2278 3421 2631 3477 sustinemus.
2669 3424 3024 3490 Quandouam
3070 3432 3235 3502 igitur
3274 3451 3358 3502 ea,
3390 3455 3512 3509 qua:
3547 3443 3807 3510 jubemur
3833 3487 3853 3514 ,

2276 3535 2497 3585 exemtis
2516 3563 2539 3619 ,
2559 3537 2630 3619 et,
2652 3529 2905 3600 operibus
2950 3540 3167 3591 marium
3197 3538 3622 3612 admovebimus,
3650 3552 3873 3619 quando

2272 3626 2416 3682 tngre
2441 3626 2498 3670 et
2527 3617 2744 3705 indigne
2771 3618 2996 3679 ferimus
3025 3641 3222 3692 moras,
3259 3631 3347 3686 hic
3376 3633 3443 3689 ad
3480 3617 3866 3697 brevissimum

2274 3706 2532 3775 temporis
2556 3711 2786 3779 spatium
2818 3717 3098 3784 prolatas?
3121 3720 3282 3792 Atqui
3313 3739 3415 3781 nos
3456 3743 3578 3783 cum
3605 3730 3675 3786 de
3697 3733 3862 3793 rebus

2269 3793 2471 3850 frivolis
2496 3800 2656 3854 verba
2685 3801 2963 3872 facientes,
2992 3823 3089 3863 eos
3112 3814 3202 3880 qui
3234 3816 3510 3873 nobiscum
3539 3822 3723 3878 sedent
3751 3843 3854 3883 nor

2267 3885 2545 3942 attendere
2608 3891 2970 3964 advertimus,
3020 3899 3074 3954 id
3117 3909 3458 3964 contumelia:
3517 3912 3634 3969 loco
3686 3915 3857 3973 babe-

583 3957 691 4011 imo
722 3961 946 4018 fortasse
967 3966 1205 4034 plurimis
1233 3971 1706 4039 superfluuntcsse
1747 3979 2008 4048 videatur,
2043 3986 2166 4052 quia
2267 3989 2437 4040 πιωὲ
2489 3977 2653 4034 Deum
2711 3999 2837 4038 νετο
2889 4003 2997 4042 non
3067 4001 3315 4060 Pumilus
3387 3991 3484 4055 ηδε
3535 4003 3856 4076 (tuendae.

581 4052 1014 4167 ttltltm'inatantum
1041 4059 1264 4127 plurima
1287 4066 1677 4132 complectitur.
1702 4069 1828 4122 Post
1853 4071 1965 4126 have
1984 4083 2162 4128 autem
2263 4067 2478 4136 quando
2521 4071 2671 4127 illum
2719 4075 2786 4130 de
2840 4081 3002 4136 tantis
3051 4052 3213 4140 rebus
3262 4088 3570 4160 loquentem
3622 4052 3858 4167 despici:

585 4138 712 4193 illud
743 4141 1010 4211 inquirere
1037 4163 1131 4215 par
1157 4159 1259 4216 est,
1289 4168 1385 4206 cur
1414 4163 1525 4208 tres
1555 4171 1707 4224 reges
1735 4159 1997 4216 omiserit.
2030 4162 2161 4218 Nam

585 4229 621 4258 ιῖ
668 4243 849 4258 ,ειη-...κ
903 4243 1083 4258 ..ι-.-.Α
1132 4239 1278 4258 -›ᾉ-Α
1300 4240 1322 4258 a
1382 4257 1405 4258 η
1471 4243 1482 4254 ι
1584 4245 1594 4255 ι
1937 4251 1947 4258 .

2284 4171 2381 4256 nus
2426 4168 2480 4213 et
2509 4161 2614 4215 alio
2659 4165 2846 4221 oculos
2879 4174 3284 4231 convertimus?
3319 4138 3483 4236 1Certe
3527 4199 3692 4241 senex
3723 4138 3856 4258 'qui-

577 4229 621 4280 με
666 4243 850 4286 eorum
903 4243 1090 4303 ιιιροιο
1131 4239 1416 4294 “modum
1471 4243 1752 4311 ίιηρίοτυηι
1808 4251 2021 4302 nomina
2081 4261 2161 4304 la-
2258 4246 2340 4298 vis
2383 4261 2628 4318 magnam
2673 4268 2922 4313 emensus
2960 4271 3116 4318 terra:
3163 4276 3390 4335 partem,
3419 4229 3710 4332 stadiorum
3733 4229 3852 4336 ii;-

577 4321 917 4434 ςηξινῗξηηξ
952 4324 1088 4380 alios
1115 4328 1245 4396 ίριίε
1291 4330 1495 4386 similes
1538 4347 1960 4394 commemorare
2004 4355 2163 4410 οροιι.
2256 4348 2485 4434 merum,
2532 4341 2742 4397 urbium
2791 4348 3108 4414 positionem
3252 4321 3502 4426 fortnam,
3553 4321 3850 4434 port'tis";c

582 4407 698 4460 ¹¹¹ίίο
730 4409 844 4463 Mi“
876 4410 1001 4467 ίῑθιη
1041 4416 1266 4483 (ἰυωειίο
1293 4420 1550 4490 exsurgit.
1580 4421 1714 4477 Cum
1755 4407 2156 4495 quatuordecim
2251 4421 2426 4480 fortun
2451 4407 2859 4500 diligentissime
2887 4441 3040 4496 nobis
3058 4407 3312 4504 describit
3338 4467 3352 4503 :
3379 4407 3845 4529 at"n’osrn’e.qiiar-i:

582 4513 695 4529 noon
719 4503 1088 4529 ηΑκΑκιὲΑ---
1118 4505 1332 4529 ,ει-2---.
1391 4511 1436 4529 9-
1491 4513 1610 4529 ,ηλο
1704 4516 1717 4529 ι
1888 4518 1900 4529 ι
2253 4522 2285 4529 .-
2469 4518 2478 4529 ο
2506 4519 2517 4529 .
2809 4527 2816 4529 .

574 4513 695 4554 csse
719 4503 1092 4569 generationes
1114 4505 1358 4576 dixisset,
1389 4511 1442 4566 in
1491 4513 1648 4568 tertia
1669 4516 1844 4572 classe
1886 4518 2028 4575 hunc
2058 4537 2155 4575 nu-
2251 4522 2362 4569 ιυῐη
2389 4518 2606 4586 quidem
2639 4527 2818 4591 Ιποευί
2849 4529 3020 4586 δίκηυεί
3063 4534 3134 4587 ab
3163 4536 3250 4592 illa

571 4605 773 4645 nierum
801 4607 906 4647 non
937 4598 1187 4653 servavit.
1219 4599 1457 4672 Itemque
1483 4618 1580 4659 cur
1606 4605 1776 4664 luteas
1804 4610 1906 4665 alia
1935 4614 2150 4667 nomina

2284 4619 2396 4698 ius;
2423 4607 2657 4680 alioquin
2684 4625 2860 4670 autem
2886 4621 2983 4675 via:
3005 4622 3388 4696 longitudinem
3415 4637 3657 4692 minuere
3681 4655 3845 4698 cura-

570 4684 862 4750 rceensuit,
891 4695 946 4740 et
969 4702 1067 4743 cur
1094 4704 1200 4745 non
1230 4691 1403 4748 solum
1433 4710 1538 4750 non
1569 4697 1788 4753 eosdem
1816 4715 2025 4767 omnes,
2055 4706 2148 4760 sed

2284 4694 2530 4791 issemus,
2555 4701 2600 4754 si
2629 4717 2817 4774 nempe
2847 4709 2992 4765 illam
3021 4713 3327 4774 distantiam
3353 4731 3678 4783 teneremus.
3711 4731 3842 4791 Non

567 4772 730 4826 etiam
762 4776 927 4830 multo
957 4778 1138 4846 plures
1171 4787 1657 4843 commemoravit:
1697 4787 1982 4846 ilatthaaus
2021 4809 2148 4850 vero

572 4870 623 4892 ΔΙ
656 4861 784 4892 αιῖιι.
816 4874 863 4892 ,ιι
894 4865 1130 4892 A:..-..--
1196 4871 1395 4892 -.μ-.-ρ
1443 4874 1485 4892 μ
1537 4890 1545 4892 ξ
1592 4876 1604 4888 .
1695 4877 1710 4892 .
1849 4879 1862 4892 .
2037 4881 2050 4892 .

2284 4785 2385 4842 nim
2434 4797 2638 4845 tantum
2685 4772 2962 4855 dumtaxat
3003 4817 3033 4856 a
3061 4806 3218 4862 nobis
3260 4809 3423 4866 distat
3463 4817 3657 4874 civitas

572 4870 627 4914 et
654 4861 786 4980 alioxs
814 4874 865 4919 et
892 4865 1162 4934 diversos,
1190 4871 1396 4928 etiamsi
1442 4874 1556 4944 ipse
1589 4876 1642 4931 in
1682 4877 1974 4948 loseplnim
2017 4881 2144 4937 des-
2239 4889 2498 4946 quantum
2524 4891 2607 4937 cst
2635 4885 2773 4942 inter
2791 4891 2981 4946 c'clum
3007 4904 3062 4949 ct
3085 4905 3277 4953 terram
3313 4861 3838 4980 interstitio;
3907 4920 3918 4929 ‘

572 4951 678 4980 ἱΑ-ἕι
769 4971 798 4980 ..
856 4970 956 4980 -..Α
1010 4969 1055 4980 Δ.
1105 4959 1271 4980 l__-__
1326 4962 1355 4980 ιι
1411 4978 1419 4980 ξ
1532 4965 1554 4980 ιι
1617 4967 1648 4980 ο-
1707 4968 1801 4980 η..
2104 4975 2113 4980 -
2334 4969 2347 4980 .
2574 4974 2585 4980 -
2702 4977 2712 4980 _

564 4951 713 5066 icr'it.
746 4953 799 5051 in
853 4970 960 5024 quo
1005 4969 1060 5013 et
1325 4962 1484 5066 fuiem
1531 4965 1673 5022 fecit.
1707 4968 1896 5025 Videte
1932 4975 2144 5040 quantis
2238 4969 2408 5025 Inttito
2450 4974 2638 5043 magis,
2670 4977 2714 5031 si
2744 4983 3110 5052 ncgligamus;

560 5039 716 5138 nobis
755 5042 827 5162 si:
852 5058 986 5162 opus
1015 5048 1210 5117 vigiliis
1237 5065 1345 5106 non
1371 5051 1440 5106 ad
1469 5054 1788 5110 solvendum
1821 5039 1978 5114 modo
1999 5100 2013 5124 ,
2047 5063 2141 5118 sed
2233 5058 2369 5114 diosi
2391 5062 2583 5131 simus,
2614 5065 2665 5120 in
2689 5039 2957 5127 monicnio
2984 5080 3239 5147 temporis
3263 5083 3328 5136 ad
3351 5086 3466 5156 ejus
3481 5039 3672 5156 ianua;
3697 5039 3832 5162 ἐξ-

560 5139 717 5162 saluam
759 5147 802 5162 σι.
905 5135 1175 5162 ειν-ηιμιλημ
1223 5155 1453 5162 ---μ-,γη
1504 5143 1543 5162 ,9
1588 5156 1601 5162 -
1649 5160 1661 5162 _
1708 5146 1720 5162 a
1848 5149 1861 5162 ι
1959 5152 1999 5162 ι.
2338 5153 2349 5162 .
2592 5156 2604 5162 -
2773 5161 2811 5162 γέ

557 5129 718 5183 etiam
758 5132 824 5186 ad
864 5133 1176 5192 discendum
1217 5155 1460 5210 quaenam
1500 5143 1606 5198 sint
1642 5146 1916 5204 solvenda.
1957 5152 2139 5224 Neque
2232 5153 2413 5208 venire
2437 5156 2747 5226 poterimus.
2770 5161 2883 5218 Non
2908 5168 3052 5222 enim
3081 5129 3317 5229 locorum
3343 5129 3832 5252 lotigiiudine,yzeil

557 5233 754 5322 parum
788 5234 874 5280 est
899 5241 959 5280 ea
993 5229 1231 5286 invenire
1270 5248 1390 5302 qua:
1422 5246 1642 5301 possunt
1695 5238 1748 5292 in
1793 5239 2009 5297 dubium
2047 5261 2139 5301 νο-
2229 5243 2468 5316 ἱιιδιίιιῃο
2489 5265 2694 5308 uterum
2725 5255 2840 5314 lucc
2865 5261 3033 5329 spatia
3065 5229 3504 5326 metienda

553 5312 712 5435 :‘aril
883 5317 1017 5435 Iillud
1061 5335 1272 5435 quoque
1299 5323 1353 5435 ill
1392 5323 1573 5435 initiis
1618 5339 2136 5435 ηῑιωετξιιξιξηειυο-
2296 5337 2351 5392 8.
2379 5337 2458 5394 Tu
2489 5357 2616 5396 vero
2643 5312 2920 5414 przcsentis
2949 5354 3071 5408 vitm
3103 5371 3189 5411 res
3217 5358 3502 5430 diligenter
3551 5370 3726 5435 nosti,
3762 5383 3826 5428 et

551 5400 712 5456 modo
734 5401 971 5462 Elisabet
996 5423 1064 5463 ex
1088 5407 1317 5465 Levitica
1330 5413 1500 5480 tribu,
1529 5428 1751 5487 cognata
1775 5421 1845 5477 sit
1863 5421 2064 5480 Mar-im.
2223 5443 2358 5485 nova
2409 5443 2464 5487 ct
2489 5400 2701 5505 antiqua
2746 5451 2799 5496 et
2835 5453 3016 5501 vctcra
3040 5488 3054 5513 ,
3101 5400 3491 5522 principesque.

615 5728 638 5761 ⁶
668 5728 859 5794 IoreL,
881 5739 929 5782 ut
955 5730 1089 5784 lectio
1112 5733 1356 5788 lectionem
1378 5743 1646 5802 praecutit.
2301 5762 2317 5790 ³
2351 5756 2575 5822 Quidam,
2597 5765 2997 5830 consuetudinem.
