4056 6510
345 499 416 558 9.3
1507 497 1575 554 1N
1613 496 1927 556 IAT'ﬂLE

2071 498 2310 557 Βοωιι..
2373 498 2440 555 ιι.
2679 567 2686 574 ε
3587 517 3658 574 ε,

355 621 530 682 potes,
547 611 651 670 sub
667 612 862 685 quibus
882 611 1154 683 prmlcrito
1182 619 1423 685 tempore
1449 615 1689 671 militasti
1719 634 1734 671 :
1759 617 1954 672 etiam-

353 717 460 774 que
479 705 882 778 agonotbetam,
913 718 1235 759 coronarum
1263 704 1664 771 distribtores,
1687 716 1742 760 et
1761 706 1948 773 duces,

353 810 474 866 quae
504 810 595 853 res
623 793 758 851 nihil.
791 793 881 850 libi
917 793 1174 864 prodesse
1199 795 1396 850 valent.
1429 794 1560 864 Quis
1587 812 1717 868 vero
1742 797 1849 851 dux
1881 797 1953 851 sit

351 886 405 940 in
433 885 534 941 hac
556 884 625 940 de
649 899 751 954 qua
776 883 1044 954 loquimur
1063 885 1297 952 civitate,
1323 885 1445 955 quis
1466 887 1690 956 primus,
1715 888 1836 958 quis
1861 901 1949 943 so-

345 971 574 1037 cundus,
600 971 722 1042 quis
746 972 956 1039 tertius,
986 973 1073 1028 vel
1093 983 1291 1044 quanto
1311 976 1536 1047 quisque
1556 987 1798 1049 tempore
1823 995 1938 1037 me-

345 1064 534 1132 ruerit,
576 1063 773 1134 quidve
818 1065 1076 1135 praeclare
1117 1068 1366 1137 gesserit,
1412 1085 1482 1126 ne
1526 1086 1621 1140 per
1666 1073 1934 1128 somnium

343 1153 564 1225 quidem
594 1156 862 1225 cogitasti.
892 1157 966 1212 De
1001 1157 1213 1229 legibus
1255 1173 1387 1214 vero
1425 1159 1584 1232 hujus
1607 1162 1838 1219 civitatis
1870 1180 1938 1221 ne

342 1250 480 1306 alios
524 1251 738 1321 quidem
787 1250 1067 1321 loquentes
1114 1252 1350 1308 sustines
1395 1254 1605 1311 audire.
1653 1255 1938 1325 Quomodo

342 1341 528 1413 igitur,
575 1342 661 1398 dic
707 1342 858 1408 mihi,
906 1344 1171 1414 promissa
1213 1343 1358 1400 bona
1387 1353 1441 1399 te
1477 1358 1934 1417 eonscquuturum

341 1449 549 1502 speras,
580 1435 670 1504 qui
703 1448 802 1488 nec
825 1433 986 1490 dictis
1029 1433 1096 1490 ad
1125 1434 1214 1490 illa
1240 1436 1605 1505 spectantibus
1649 1439 1938 1496 attendas?

343 1523 544 1578 Verum
571 1525 616 1579 si
663 1523 714 1577 id
745 1538 850 1578 non
879 1534 1005 1580 ante
1052 1525 1404 1594 prastitimns
1425 1567 1439 1592 ,
1469 1527 1554 1581 vel
1583 1543 1727 1583 nunc
1759 1528 1936 1592 facere

340 1630 610 1672 curemus.
641 1616 856 1671 Etenim
884 1617 928 1672 si
956 1617 1097 1672 Deus
1129 1616 1180 1670 id
1207 1619 1567 1686 concesserit,
1599 1619 1787 1674 urbem
1813 1622 1936 1676 adi-

344 1706 448 1760 turi
497 1721 686 1761 sumus
732 1709 984 1772 auream,
1013 1715 1068 1760 et
1111 1706 1304 1775 quovis
1351 1720 1486 1761 auro
1536 1709 1932 1778 pretiosiorem.

341 1798 470 1869 Ejus
498 1814 626 1869 ergo
650 1798 995 1855 fundamenta
1025 1799 1299 1855 discamus
1319 1841 1334 1866 ,
1367 1800 1483 1870 ejus
1507 1812 1692 1873 portas
1719 1818 1785 1860 ex
1811 1820 1936 1876 sap-

341 1889 496 1960 phiro
523 1898 580 1944 et
605 1890 911 1961 margaritis
940 1898 1174 1946 structas
1206 1890 1522 1947 :ductorem
1563 1894 1762 1964 quippe
1791 1897 1935 1965 opti-

339 1997 486 2035 mum
516 1981 780 2038 habemus
799 1981 1128 2036 Mattlueum.
1159 1981 1264 2036 Per
1287 1984 1452 2052 ipsius
1473 1998 1703 2054 namque
1725 1997 1934 2054 portam

339 2089 485 2130 nunc
515 2075 795 2138 intramus,
825 2073 1106 2144 multoque
1131 2074 1288 2129 nobis
1316 2073 1495 2129 studio
1517 2084 1603 2130 est
1621 2091 1777 2146 opus.
1799 2077 1934 2132 Nam

338 2169 384 2222 si
410 2166 716 2236 quempiam
759 2165 953 2221 viderit
993 2180 1100 2220 non
1153 2173 1454 2231 attentum,
1483 2167 1662 2236 ejiciet
1705 2183 1773 2223 ex
1800 2170 1937 2224 civi-

341 2267 474 2312 tate.
505 2256 600 2312 Est
639 2257 838 2326 quippe
868 2255 997 2311 urbs
1022 2256 1110 2310 illa
1154 2256 1387 2311 maxime
1415 2257 1560 2327 regia
1589 2267 1644 2314 et
1672 2259 1895 2316 illustris
1915 2301 1932 2326 ,

339 2363 516 2418 neque
546 2358 605 2402 ut
651 2347 812 2402 urbes
841 2357 1042 2403 nostra:
1062 2390 1076 2413 ,
1108 2347 1160 2402 in
1191 2347 1364 2403 lorum
1407 2357 1463 2404 et
1490 2351 1690 2420 regiam
1737 2352 1932 2407 distin-

337 2442 518 2511 guitur
547 2462 562 2494 -.
594 2441 690 2494 sed
722 2439 793 2494 ibi
823 2441 1003 2495 omnia
1034 2441 1182 2511 regia
1231 2451 1375 2496 sunt.
1408 2444 1729 2512 Aperiamus
1757 2446 1938 2516 itaque

337 2531 535 2584 mentis
572 2530 802 2600 januas,
847 2530 1153 2599 aperiamus
1198 2545 1392 2597 aures,
1435 2541 1492 2587 et
1527 2549 1650 2588 cum
1700 2543 1936 2593 tremore

338 2621 769 2692 plurimolimina
783 2623 1194 2692 transgressuri,
1219 2621 1419 2693 Regem
1442 2622 1594 2677 illum
1615 2623 1935 2683 adoremus:

333 2724 464 2768 nam
509 2714 595 2768 vel
638 2714 844 2784 primus
883 2727 1212 2783 congressus
1255 2715 1507 2769 sectatori
1545 2722 1806 2770 terrorem
1858 2717 1938 2771 in-

335 2816 524 2865 cutere
557 2807 718 2861 valet.
748 2805 904 2862 Modo
930 2805 1146 2876 quidem
1177 2816 1344 2876 porta:
1374 2808 1491 2862 istte
1520 2807 1676 2863 nobis
1705 2808 1937 2863 occlusa

429 3097 1844 3124 W—

2066 619 2222 665 sunt:
2243 612 2462 682 quando
2485 621 2665 668 autem
2692 612 2822 670 istas
2841 623 3056 686 apertas
3083 616 3386 679 videbimus
3414 622 3556 692 (bro
3577 637 3663 682 est

2061 701 2208 754 enim
2253 702 2608 772 quaestionum
2657 705 2915 777 solutio),
2953 716 3080 762 tunc
3106 710 3332 766 multum
3383 714 3527 770 intus
3553 715 3660 771 fui-

2060 805 2244 859 gorem
2277 792 2691 862 eonspiciemus.
2721 793 2956 864 Spiritus
2979 800 3122 854 enim
3151 802 3322 857 oculis
3340 802 3534 860 ductus
3557 822 3655 876 pu-

2059 881 2308 942 blicauus
2335 882 2444 951 hic,
2473 885 2656 940 omnia
2683 900 2744 942 se
2775 887 2866 941 tibi
2908 898 3263 945 ostensurum
3281 907 3404 949 esse
3432 896 3655 964 pollice-

2060 980 2147 1026 tur
2176 991 2190 1026 :
2219 973 2436 1029 ubinam
2463 975 2579 1030 Rex
2601 976 2788 1032 sedeat
2806 1019 2822 1043 ,
2848 979 3070 1047 quinam
3100 981 3168 1036 de
3193 984 3552 1041 excercitibus
3582 987 3658 1043 illi

2063 1066 2274 1133 adsint;
2305 1065 2521 1127 obitum
2551 1067 2660 1124 sint
2689 1069 2888 1140 angeli,
2916 1069 3008 1124 ubi
3037 1071 3345 1142 archangeli
3371 1090 3386 1128 :
3411 1073 3532 1142 quis
3563 1087 3661 1130 no-

2061 1160 2141 1213 vis
2187 1160 2339 1214 istius
2373 1160 2521 1217 urbis
2550 1161 2758 1218 civibus
2794 1165 2865 1217 sit
2905 1163 3196 1233 deputatus
3235 1164 3414 1231 locus;
3441 1181 3561 1236 qua:
3587 1166 3657 1223 sit

2063 1251 2147 1304 via
2168 1251 2304 1306 istoc
2330 1251 2568 1319 ducens;
2595 1268 2755 1324 quam
2777 1263 2976 1310 sortem
3001 1255 3307 1324 acceperint
3338 1255 3396 1322 ii,
3418 1257 3506 1326 qui
3531 1265 3658 1312 sunt

2060 1340 2291 1410 pritnum
2324 1342 2446 1396 istic
2476 1343 2622 1397 cives
2646 1341 2865 1398 admissi
2889 1384 2904 1407 ,
2937 1353 2992 1399 et
3035 1353 3157 1413 post
3198 1343 3297 1399 bos
3321 1347 3563 1413 secundi,
3591 1361 3655 1402 ac

2057 1429 2252 1484 deinde
2283 1430 2423 1484 tertii
2449 1447 2463 1484 :
2496 1439 2628 1500 quot
2651 1431 2761 1490 sint
2787 1431 3003 1486 illorum
3033 1433 3229 1488 civium
3258 1436 3498 1502 ordines,
3523 1445 3654 1506 quot

2055 1528 2302 1573 senatum
2330 1520 2685 1584 etmstituant,
2709 1522 3177 1593 quotdignitatum
3208 1523 3542 1580 discrimina.
3572 1524 3654 1584 He

2056 1608 2237 1674 itaque
2262 1626 2385 1687 cum
2410 1612 2641 1666 tumultu
2663 1620 2718 1667 et
2741 1613 2969 1683 strepitu
2999 1613 3384 1684 ingrediamur,
3412 1617 3508 1672 sed
3527 1631 3653 1673 cum

2053 1699 2270 1755 silentio
2298 1703 2548 1774 mystico.
2579 1702 2634 1758 Si
2670 1703 2817 1759 enim
2848 1704 2902 1758 in
2930 1705 3143 1761 theatro
3183 1721 3306 1761 cum
3351 1722 3546 1778 magno
3574 1709 3652 1764 si-

2056 1790 2224 1844 lentio
2251 1792 2596 1861 imperatoris
2637 1795 2809 1849 literae
2852 1795 3109 1865 leguntur
3136 1812 3154 1852 :
3184 1800 3355 1853 multo
3400 1801 3570 1872 magis
3599 1805 3651 1859 in

2055 1881 2155 1936 hac
2185 1883 2314 1938 urbe
2338 1885 2517 1939 omnia
2553 1885 2728 1940 sedari
2755 1895 2985 1955 oportet,
3008 1895 3178 1957 atque
3203 1891 3427 1945 arrectis
3454 1893 3652 1952 animis

2047 1977 2100 2020 et
2121 1970 2339 2025 auribus
2364 1973 2614 2029 standum
2642 1985 2727 2032 est
2744 1979 2784 2032 ³.
2808 1977 2924 2034 Non
2943 1980 3087 2036 enim
3111 1983 3312 2040 terreni
3336 1985 3638 2056 cujuspiam

2043 2058 2208 2127 regis,
2236 2062 2331 2116 sed
2359 2065 2670 2134 angelorum
2697 2067 2906 2124 Domini
2930 2072 3126 2143 scripta
3155 2073 3381 2145 legenda
3408 2088 3552 2132 sunt.
3578 2077 3638 2134 Si

2045 2147 2116 2201 ita
2163 2165 2260 2206 nos
2285 2169 2611 2222 componere
2657 2159 3018 2229 voluerimus,
3051 2163 3166 2233 ipsa
3193 2164 3428 2234 Spiritus
3467 2169 3636 2237 gratia

2041 2254 2162 2293 cum
2191 2257 2378 2313 magna
2407 2244 2681 2316 diligentia
2711 2265 2810 2306 nos
2837 2251 3111 2320 deducet,
3141 2255 3208 2310 ad
3239 2256 3522 2328 ipsumque
3552 2274 3638 2313 re-

2039 2331 2184 2399 gium
2215 2335 2408 2390 solium
2449 2339 2789 2408 accedemus,
2819 2342 3065 2413 bonaque
3103 2347 3283 2400 omnia
3331 2362 3634 2419 conseque-

2041 2434 2179 2483 mur,
2205 2425 2374 2491 gratia
2395 2435 2450 2480 et
2472 2426 2802 2498 benignitate
2829 2433 3037 2486 Domini
3066 2436 3234 2492 nostri
3258 2435 3384 2492 Jeso
3409 2438 3632 2504 Christi,

2038 2511 2122 2564 cui
2150 2513 2320 2580 gloria
2363 2525 2417 2570 et
2455 2517 2736 2588 imperium
2766 2534 2888 2577 cum
2919 2525 3077 2580 Patre
3105 2535 3160 2582 et
3187 2540 3374 2584 sancto
3406 2529 3631 2600 Spiritu,

2039 2616 2180 2656 nunc
2205 2613 2259 2658 et
2284 2620 2517 2677 semper,
2550 2620 2606 2665 et
2631 2613 2680 2665 in
2706 2616 2902 2668 saecula
2932 2619 3276 2673 seculorum.
3308 2624 3501 2678 Amen.

2103 2799 2118 2828 ι
2153 2800 2341 2862 lorel.,
2366 2806 2570 2856 arrectis
2592 2809 2794 2862 auribus
2813 2815 3042 2872 Mm
3063 2825 3154 2884 est,

1739 3297 2097 3361 HOMILIA
2141 3301 2222 3361 ll.

327 3528 451 3583 Car.
490 3530 526 3582 I.
554 3533 679 3582 v.1.
707 3529 854 3584 Liber
878 3537 1214 3599 generationis
1240 3529 1366 3584 Iesu
1389 3530 1578 3586 Christi
1606 3533 1702 3601 ﬁlia
1727 3531 1916 3601 David,

923 3617 1022 3685 lilii
1042 3617 1316 3671 Abraham.

400 3750 451 3802 1.
500 3749 785 3802 Auentinae
851 3748 1166 3804 audientium
1227 3751 1479 3818 excitata,
1528 3750 1918 3821 descriptionem

324 3839 468 3910 regni
480 3838 692 3893 calatis
710 3838 960 3892 ador-itur.
978 3867 1050 3878 —
1063 3839 1142 3892 An
1159 3841 1473 3895 meministis
1496 3840 1876 3900 admonitionis
1896 3887 1916 3910 ,

323 3944 428 3998 qua
457 3943 628 3996 nuper
651 3942 749 3982 vos
775 3928 966 3982 hortati
998 3943 1205 3994 sumus,
1233 3939 1285 3982 ut
1315 3944 1435 3983 cum
1459 3932 1603 3985 omni
1629 3932 1844 3988 silentio
1864 3944 1922 3992 et

323 4021 550 4090 mystica
565 4019 747 4089 quiete
769 4019 908 4074 dicta
935 4021 1112 4075 omnia
1140 4021 1428 4075 audiretis?
1454 4021 1606 4077 Nunc
1632 4035 1814 4080 autem
1834 4041 1922 4080 sa-

322 4126 414 4166 cra
447 4112 628 4166 limina
660 4111 815 4166 hodie
835 4112 1024 4166 adituri
1056 4127 1274 4176 sumus;
1302 4113 1529 4182 ideoque
1553 4117 1703 4170 vobis
1723 4117 1920 4172 adhor-

325 4202 584 4256 tationem
615 4201 760 4256 illam
791 4203 844 4256 in
868 4212 1103 4258 mentem
1131 4205 1396 4258 revocavi.
1426 4203 1557 4258 Nam
1587 4206 1630 4260 si
1653 4205 1820 4261 Iudici
1851 4208 1916 4263 ad

323 4301 567 4348 montem
593 4293 892 4360 ardentem,
917 4294 982 4348 ad
1015 4295 1210 4364 ignem,
1252 4294 1318 4349 ad
1341 4295 1639 4365 caliginem,
1662 4296 1729 4351 ad
1763 4305 1915 4352 tene-

323 4382 451 4438 bras
482 4391 536 4436 et
557 4383 839 4452 procellam
869 4385 1134 4440 accessuri
1161 4402 1176 4450 ;
1210 4385 1315 4440 imo
1336 4401 1443 4440 non
1472 4389 1742 4441 accessuri
1767 4429 1782 4452 ,
1819 4390 1911 4442 sed

321 4489 386 4530 ea
416 4472 654 4528 audituri
685 4474 892 4529 eminus
928 4483 984 4529 et
1029 4476 1192 4530 visuri
1221 4515 1236 4541 ,
1270 4476 1440 4530 tribus
1475 4487 1598 4531 ante
1627 4477 1816 4531 diebus
1851 4477 1922 4532 ab

323 4561 587 4617 uxoribus
625 4562 891 4617 abstinere
925 4563 1284 4632 jubebantur,
1329 4576 1612 4632 veStesque
1655 4565 1916 4632 abluere;

323 4663 491 4725 atque
518 4670 570 4708 tn
603 4654 794 4708 timore
821 4669 880 4708 ac
911 4663 1142 4710 tremore
1165 4655 1447 4725 degebant,
1468 4656 1783 4729 Moysesque
1799 4674 1918 4714 cum

323 4744 458 4815 ipsis
487 4761 502 4798 :
534 4744 702 4800 multo
729 4745 896 4815 magis
921 4760 1019 4799 nos
1044 4746 1170 4800 talia
1196 4746 1426 4800 audituri
1451 4748 1636 4812 verba,
1661 4763 1767 4805 non
1797 4765 1920 4818 pro-

321 4832 412 4886 cul
454 4848 487 4885 a
527 4843 709 4887 monte
746 4833 980 4889 fumante
1008 4844 1246 4898 stantes.
1289 4836 1384 4890 sed
1423 4837 1593 4905 ipsum
1624 4839 1919 4910 ingressuri

321 4923 520 4979 caelum
547 4963 563 4987 ,
615 4924 870 4993 majorem
912 4925 1166 4983 debemus
1199 4930 1454 4987 exhibere
1485 4934 1872 5005 philosophiam
1894 4979 1912 5006 ,

320 5028 430 5067 non
462 5013 784 5068 vestimenta
813 5016 1111 5083 abluentes,
1138 5021 1232 5074 sed
1263 5025 1456 5078 animae
1488 5028 1676 5082 stulam
1703 5030 1912 5084 abster-

318 5115 552 5175 gentes,
599 5115 656 5160 et
693 5106 761 5160 ab
786 5111 928 5163 omni
958 5111 1294 5167 stecuiarium
1337 5131 1517 5172 rerum
1541 5122 1919 5180 commixtione

326 5196 505 5252 liberi.
552 5193 672 5251 Non
699 5197 842 5256 enim
869 5201 1150 5271 caliginem
1193 5203 1482 5272 videbitis,
1525 5224 1632 5264 non
1676 5210 1911 5281 fumum,

325 5304 432 5344 non
474 5289 809 5358 procellam;
839 5290 932 5346 sed
960 5293 1132 5362 ipsum
1164 5294 1359 5367 Regem
1388 5299 1664 5358 sedentem
1694 5308 1748 5359 in
1785 5309 1922 5362 solio

323 5380 619 5438 iueﬂ’abilis
641 5381 785 5437 illius
809 5383 1009 5452 gloriae.
1027 5387 1353 5459 angelusque
1371 5398 1422 5445 et
1443 5394 1789 5463 areliangelos
1819 5398 1920 5467 ipsi

328 5472 630 5540 adstantes,
663 5485 1074 5544 sanctorumque
1120 5481 1342 5548 populos
1385 5496 1504 5536 cum
1547 5485 1916 5544 innumerabili

330 5563 546 5617 illorum
576 5574 741 5618 coetu.
768 5565 913 5621 Talis
941 5569 1136 5638 quippe
1163 5579 1245 5623 est
1274 5571 1458 5627 civitas
1485 5562 1595 5637 Dei.
1632 5578 1918 5633 Ecclesium

329 5654 737 5723 primitivorum
771 5657 971 5712 habens
992 5700 1008 5722 ,
1037 5660 1254 5728 spiritus
1274 5661 1536 5730 justorum
1559 5706 1574 5731 ,
1613 5670 1920 5737 angelorum

335 5745 724 5816 frequentiam,
752 5749 1064 5818 sanguinem
1094 5754 1418 5819 aspersionis
1443 5793 1456 5819 ,
1486 5770 1593 5823 quo
1621 5759 1796 5811 omnia
1827 5774 1918 5814 oo-

341 5839 611 5909 pulantur,
643 5839 834 5897 uelum
867 5849 1076 5898 terrena
1105 5845 1359 5913 suscepit,
1388 5854 1444 5900 ct
1474 5854 1612 5902 terra
1639 5849 1867 5906 cwlcsua
1907 5870 1916 5904 :

2025 3567 2079 3612 et
2107 3557 2213 3625 jam
2246 3557 2375 3612 olim
2404 3556 2705 3611 desiderata
2735 3572 2834 3628 pax
2858 3558 3063 3628 anelis
3104 3568 3267 3631 atque
3291 3560 3493 3614 sant-tis
3517 3560 3621 3614 do-

2028 3659 2152 3703 nata
2183 3659 2284 3704 est.
2317 3651 2372 3704 in
2402 3651 2502 3706 hac
2530 3651 2662 3706 urbe
2685 3651 2864 3705 crucis
2893 3657 3150 3721 tropaeum
3176 3653 3388 3709 lliustre
3415 3654 3542 3708 illud
3567 3664 3626 3711 et

2026 3743 2372 3812 conspicuum
2403 3752 2642 3798 erectum
2672 3754 2758 3799 est
2793 3763 2806 3798 :
2836 3746 3005 3815 spoiia
3029 3745 3244 3800 Christo
3273 3755 3455 3815 parta,
3487 3761 3620 3802 esu-

2029 3837 2126 3890 vire
2157 3845 2362 3887 naturae
2385 3842 2603 3898 postne,
2637 3835 2902 3887 manubiae
2932 3836 3091 3905 Bigis
3117 3835 3286 3888 nostri
3320 3852 3334 3887 :
3362 3850 3482 3903 quae
3507 3851 3625 3889 om-

2035 3929 2121 3982 nia
2148 3943 2216 3982 οι
2252 3925 2541 3997 evangeliis
2584 3937 2834 3986 accurate
2877 3925 3165 3983 discemus.
3213 3927 3271 3984 Si
3319 3943 3441 3985 cum
3493 3945 3628 3986 ron-

2032 4019 2242 4088 gruenti
2272 4021 2450 4090 quiete
2476 4020 2738 4090 sequaris,
2775 4022 3073 4093 poterimus
3101 4031 3150 4075 te
3184 4036 3278 4091 per
3302 4033 3494 4078 cuncta
3518 4025 3629 4077 cir-

2035 4110 2394 4173 cumducere,
2446 4111 2841 4179 ostendereque
2884 4110 2978 4165 tibi
3020 4113 3236 4166 ubinam
3286 4127 3431 4166 mors
3475 4113 3632 4169 allisa

2029 4197 2238 4267 jaceat,
2271 4201 2355 4254 ubi
2400 4210 2674 4270 peccatum
2704 4215 3024 4270 suspensum
3056 4205 3146 4270 sit,
3180 4207 3266 4258 ubi
3301 4207 3543 4274 plurimm
3570 4223 3634 4263 ac

2036 4289 2308 4344 mirabiles
2336 4305 2403 4343 ex
2434 4289 2535 4344 hoc
2578 4290 2752 4354 bello,
2783 4306 2848 4345 es
2890 4292 2990 4346 hac
3021 4309 3192 4362 pugna
3223 4295 3507 4350 manubiae.
3538 4296 3636 4352 Vi-

2031 4379 2187 4435 debis
2212 4390 2267 4437 et
2295 4391 2579 4451 tyrannum
2610 4382 2846 4437 vinctum
2873 4397 2995 4437 cum
3028 4385 3367 4442 multitudine
3392 4389 3634 4459 captivo-

2035 4487 2153 4525 rum
2182 4483 2464 4542 sequente,
2482 4483 2538 4527 et
2564 4488 2767 4537 arcem,
2796 4489 2862 4528 ex
2890 4489 2993 4542 qua
3023 4474 3263 4544 impurus
3286 4478 3373 4533 ille
3396 4479 3633 4550 daemon,

2035 4564 2304 4631 prarterito
2328 4575 2590 4634 tempore,
2625 4566 2871 4622 incursus
2897 4568 2948 4621 in
2979 4571 3159 4624 omnia
3192 4571 3419 4627 faciebat
3447 4591 3460 4627 :
3491 4574 3636 4630 vide-

2034 4653 2118 4708 bis
2138 4655 2298 4709 etiam
2327 4655 2460 4709 luris
2490 4655 2710 4710 latibula
2739 4664 2795 4711 et
2819 4657 3128 4726 speluncas,
3152 4660 3394 4732 diruptas
3417 4663 3636 4733 quidem

2031 4754 2088 4798 et
2115 4745 2402 4812 patelaetas
2431 4763 2443 4798 :
2475 4758 2596 4799 na...
2630 4745 2700 4799 ibi
2732 4762 2943 4816 quoque
2972 4749 3082 4804 Res
3110 4751 3298 4805 adl'uit.
3337 4753 3533 4810 Verum
3566 4772 3634 4810 ne

2033 4833 2266 4901 l'atiscas,
2289 4835 2486 4890 dilecte
2513 4855 2528 4890 :
2565 4852 2742 4906 neque
2767 4838 2912 4890 enim
2941 4840 2984 4893 si
3008 4841 3127 4908 quis
3158 4842 3357 4896 bellum
3387 4845 3487 4900 sub
3509 4863 3633 4902 sen-

2031 4941 2151 4982 sum
2177 4929 2376 4984 cadens
2400 4940 2711 4994 enarraret,
2762 4931 2805 4985 si
2841 4941 3039 5002 tropaea
3069 4976 3083 4996 ,
3125 4935 3167 4986 si
3200 4936 3448 4991 victorias
3470 4979 3485 5003 ,
3520 4938 3639 4995 iure

2031 5034 2151 5074 cum
2181 5018 2393 5074 fastidio
2416 5022 2730 5092 exciperes;
2764 5023 2871 5076 imo
2902 5039 3000 5078 nec
3040 5026 3216 5080 cibum
3244 5067 3259 5090 ,
3313 5044 3410 5083 nec
3452 5041 3634 5098 potum

2033 5110 2159 5165 huic
2184 5113 2476 5168 narrationi
2507 5124 2887 5183 anteponeres.
2920 5115 3074 5181 Quod
3103 5117 3146 5170 si
3181 5117 3268 5172 illa
3296 5121 3533 5188 jucunda
3555 5135 3638 5179 est

2031 5202 2294 5270 narratio,
2323 5203 2492 5258 multo
2515 5204 2683 5274 magis
2713 5203 2826 5258 hzec
2853 5206 2976 5260 erit.
2999 5205 3277 5274 Perpende
3297 5214 3440 5264 enim
3463 5225 3638 5280 quan-

2035 5302 2146 5347 tum
2176 5293 2305 5348 illud
2337 5295 2405 5348 sit
2428 5294 2650 5359 audire,
2689 5295 2961 5362 quomodo
3002 5294 3142 5350 Deus
3171 5296 3239 5352 de
3260 5298 3428 5364 cado,
3460 5301 3637 5372 deque

2033 5385 2182 5456 regio
2206 5385 2344 5441 solio
2370 5399 2612 5454 surgens,
2648 5385 2698 5438 in
2723 5394 2944 5453 terram,
2971 5386 3132 5456 inque
3156 5389 3328 5459 ipsum
3358 5391 3631 5450 infernum

2033 5475 2291 5542 eruperit,
2332 5483 2387 5529 et
2417 5474 2470 5528 in
2491 5474 2605 5528 acie
2629 5475 2872 5531 steterit:
2897 5476 3167 5544 quomodo
3189 5478 3434 5534 diabolus
3462 5484 3634 5540 aciem

2034 5575 2088 5620 ct
2119 5567 2230 5635 ipse
2258 5581 2408 5620 suam
2437 5577 2622 5620 contra
2654 5566 2819 5621 Deum
2855 5568 3192 5631 instruxerit;
3219 5569 3329 5623 imo
3371 5589 3476 5628 non
3505 5589 3634 5630 eon-

2036 5666 2118 5712 tra
2163 5659 2324 5713 Deum
2357 5660 2556 5714 nudum
2579 5701 2592 5724 ,
2624 5659 2719 5713 sed
2752 5661 2914 5714 lietnn
2950 5661 3001 5713 in
3044 5669 3229 5714 natura
3257 5662 3630 5721 absconditum

2037 5749 2284 5803 humana.
2315 5751 2574 5821 Quodpte
2606 5751 2849 5804 mirabile
2872 5761 2973 5815 est,
3005 5760 3233 5807 mortem
3277 5766 3452 5809 morte
3479 5759 3630 5812 soln-

2034 5851 2142 5898 tam
2166 5845 2403 5909 videbis,
2446 5856 2500 5900 et
2530 5842 2878 5900 maledictum
2919 5844 3204 5900 maledicto
3227 5847 3530 5909 sublatum;
3579 5864 3632 5909 et
