4056 6530
429 579 524 645 per
545 586 662 645 qtre
686 568 930 626 diabolus
952 576 1075 624 ante
1096 565 1332 631 valebat,
1366 580 1460 635 per
1485 564 1667 621 eadem
1694 565 1810 636 ejus
1847 570 1994 622 solu-

433 679 542 725 tam
568 665 920 739 tyrannidem.
947 664 1304 733 Exsurgamus
1327 661 1485 735 igitur
1503 702 1518 728 ,
1549 670 1604 716 et
1631 674 1877 715 somnum
1920 659 2013 715 de-

431 760 702 830 pellamus
725 775 742 813 :
765 772 888 813 ecce
913 767 1092 826 portas
1116 756 1270 809 video
1297 754 1449 808 nobis
1485 760 1734 822 apertas;
1761 750 1857 805 sed
1888 765 2008 804 cum

431 852 578 907 omni
625 849 886 906 modestia
924 862 986 902 ac
1025 857 1260 902 tremore
1290 844 1651 916 ingrediamur
1675 883 1691 909 ,
1733 842 1914 899 statim
1946 841 2010 894 li-

433 940 577 994 mina
606 948 869 1009 petentes.
897 937 1025 1004 Qua:
1064 946 1188 990 sunt
1216 936 1398 990 isthmc
1442 933 1656 989 limina?
1687 932 1835 987 Liber
1861 949 2014 1002 gens-

433 1033 645 1086 ralionis
666 1030 790 1085 Jestt
815 1028 997 1084 Christi
1039 1028 1134 1088 lilii
1167 1026 1333 1081 David
1363 1067 1380 1093 ,
1423 1027 1519 1094 ﬁlii
1561 1025 1837 1080 Abraham.
1879 1021 2015 1088 Quid

436 1123 616 1179 dicis?
638 1121 707 1177 de
735 1120 1002 1190 unigenito
1029 1119 1123 1173 Dei
1152 1118 1289 1174 Filio
1315 1125 1367 1172 te
1393 1118 1730 1188 loquuturum
1757 1129 1876 1170 csse
1907 1114 2018 1184 pol-

438 1211 705 1278 licebaris,
736 1218 791 1264 et
818 1209 1072 1264 Davidem
1100 1223 1364 1263 memoras
1388 1247 1404 1272 ,
1435 1206 1702 1262 hominem
1729 1213 1851 1274 post
1871 1203 2015 1258 mille

439 1302 816 1372 generationes
839 1309 1040 1363 natum,
1070 1299 1345 1367 ipsumque
1369 1295 1502 1350 dicis
1521 1309 1641 1350 esse
1661 1303 1714 1350 et
1733 1303 1933 1364 patrem
1962 1301 2018 1346 et

439 1405 694 1461 proavum
710 1389 734 1442 ἵ
760 1388 1040 1457 Exspecta,
1054 1402 1124 1442 ne
1146 1386 1302 1442 simul
1329 1386 1503 1440 omnia
1521 1385 1758 1438 ediscere
1777 1397 2020 1453 quaeras;

440 1480 540 1536 sed
585 1479 783 1535 sensim
829 1487 987 1546 atque
1013 1477 1283 1546 paulatim.
1328 1475 1385 1530 ln
1430 1473 1614 1528 limine
1670 1472 1842 1528 solum
1871 1479 2019 1537 stas,

441 1571 617 1626 adhuc
643 1570 696 1624 in
722 1570 838 1636 ipso
863 1568 1031 1630 ostio;
1065 1565 1188 1635 quid
1218 1565 1435 1620 festinas
1461 1565 1525 1619 ad
1549 1562 1845 1620 interiora?
1873 1561 2020 1617 Non-

443 1660 570 1714 dum
593 1657 857 1712 exteriora
884 1655 1060 1710 omnia
1103 1655 1268 1725 probe
1293 1654 1580 1722 explorasti
1615 1671 1630 1707 :
1662 1668 1835 1722 neque
1877 1653 2020 1707 enim

445 1747 589 1803 illam
619 1745 712 1801 tibi
738 1744 1131 1816 generationem
1183 1742 1354 1797 adhuc
1391 1756 1678 1805 recenseo;
1712 1742 1818 1796 imo
1857 1755 2028 1809 neque

446 1837 590 1892 illam
618 1851 736 1906 quae
775 1843 894 1904 post
919 1836 1197 1903 sequitur,
1242 1848 1358 1902 qum
1406 1830 1688 1888 inefl’abilis
1727 1841 1780 1886 et
1826 1845 2020 1885 arcana

447 1933 551 1982 est.
587 1923 800 1994 lloeque
825 1923 920 1978 tibi
948 1931 1073 1998 ante
1101 1936 1190 1977 me
1217 1921 1377 1976 Isaias
1414 1919 1672 1990 propheta
1703 1919 1980 1974 denuntiat
2009 1933 2026 1972 :

453 2014 716 2083 siquidem
757 2012 872 2082 ejus
901 2010 1201 2082 passionem
1231 2011 1523 2080 prmdicans
1543 2053 1557 2075 ,
1588 2011 1859 2080 ipsiusque
1885 2010 2027 2063 circa

448 2105 631 2159 orbem
663 2112 926 2159 terrarum
957 2103 1342 2172 providentiam
1371 2105 1386 2134 ⁸
1427 2122 1438 2155 :
1468 2102 1736 2157 admirans
1764 2100 1884 2169 quis
1906 2115 2027 2157 cum

450 2203 592 2248 esset
619 2194 745 2264 quid
789 2193 958 2248 factus
974 2193 1081 2256 sit,
1134 2207 1306 2261 quove
1345 2193 1714 2257 descenderit,
1759 2172 1947 2260 magna
1977 2197 2034 2246 et

449 2283 589 2337 clara
620 2297 751 2337 voce
778 2282 1123 2336 exclamando
1148 2281 1280 2336 dixit
1313 2299 1326 2334 :
1361 2279 1743 2334 Geuerationem
1785 2280 1894 2350 eius
1918 2279 2033 2349 quis

450 2372 698 2427 tumebit
724 2370 880 2441 (Isai.
903 2371 991 2423 53.
1019 2369 1074 2427 8i
1101 2370 1123 2424 ἲ

519 2558 576 2614 2.
609 2556 901 2612 lncamatio
924 2567 1166 2626 quantum
1193 2562 1474 2626 stupenda;
1504 2557 1752 2622 quomodo
1773 2571 1865 2609 nos
1890 2555 2032 2611 ml—

454 2659 542 2705 lct.
563 2647 790 2705 Christus
814 2647 965 2701 Vetus
991 2645 1369 2700 Testamentum
1387 2646 1439 2699 Ν
1445 2662 1535 2699 ouo
1555 2647 1808 2716 adjmixil.
1839 2644 1906 2698 In
1942 2645 2037 2700 νο.

453 2750 550 2798 ωτι
577 2743 889 2796 Testamento
915 2741 1100 2811 ﬁgura,
1119 2739 1170 2792 in
1189 2735 1337 2792 Nouo
1363 2738 1648 2792 seritas.—
1669 2735 1788 2791 Non
1817 2752 1947 2807 ergo
1965 2734 2034 2792 de

455 2833 544 2888 illa
569 2831 912 2902 generatione
938 2829 1094 2884 nobis
1111 2842 1292 2885 sermo
1316 2835 1418 2891 est,
1443 2826 1537 2881 sed
1562 2826 1628 2882 de
1655 2825 1756 2881 Itac
1778 2824 2034 2881 inferiore

453 2931 510 2976 et
538 2931 742 2976 terrena
765 2959 782 2986 ,
821 2934 939 2989 qua:
969 2919 1276 2986 innumeros
1302 2917 1386 2970 sui
1419 2925 1584 2970 testes
1611 2915 1789 2970 habet.
1835 2914 1910 2970 De
1934 2913 2034 2969 hac

455 3027 615 3082 porro
642 3027 736 3081 pro
775 3011 910 3065 virili
941 3020 1126 3065 nostra
1151 3009 1449 3072 secundum
1493 3019 1764 3078 acceptam
1806 3008 2035 3079 Spiritus

459 3103 725 3172 gratiam,
768 3102 846 3157 sic
890 3115 1195 3156 sermonem
1241 3100 1601 3155 instituemus.
1640 3099 1822 3169 Neque
1858 3107 2035 3153 tamen

458 3192 599 3248 hanc
622 3207 744 3247 cum
788 3193 930 3246 omni
972 3191 1349 3261 perspicuitate
1391 3190 1656 3258 explicare
1703 3203 2032 3259 possumus:

457 3296 583 3338 nam
623 3289 679 3338 et
711 3281 823 3352 ipsa
852 3296 1063 3350 quoque
1091 3279 1378 3334 admodum
1407 3279 1665 3348 stupenda
1695 3286 1798 3334 est.
1826 3277 1904 3332 Ne
1931 3278 2035 3331 ita-

457 3386 564 3443 que
588 3371 775 3440 exigua
804 3377 858 3425 te
881 3369 1066 3424 audire
1095 3379 1247 3439 putes
1269 3409 1285 3434 ,
1317 3368 1443 3422 dum
1469 3367 1607 3422 hanc
1633 3367 1785 3422 audis
1808 3382 2037 3437 genera-

459 3463 693 3527 tionem;
725 3460 819 3516 sed
857 3470 1090 3516 mentem
1135 3460 1327 3524 excita,
1375 3467 1433 3514 et
1460 3459 1638 3513 statim
1667 3458 1995 3514 exhorresce
2018 3499 2034 3524 ,

462 3552 631 3608 Deum
658 3552 710 3606 in
740 3559 934 3606 terram
963 3550 1170 3604 venisse
1195 3549 1437 3603 audiens.
1471 3548 1600 3602 lllud
1645 3549 1791 3604 enim
1835 3549 1914 3604 sic
1939 3546 2038 3602 ad-

461 3626 760 3696 mirandum
779 3679 794 3704 ,
825 3639 906 3693 sic
935 3638 1351 3706 inexspectatum
1379 3646 1526 3704 erat,
1559 3645 1615 3690 ut
1633 3635 1802 3707 angeli
1830 3635 1885 3690 in
1906 3634 2041 3691 cho-

463 3745 583 3784 rum
611 3729 814 3783 collecti
841 3743 1002 3797 super
1027 3729 1126 3783 hac
1153 3743 1214 3783 re
1241 3743 1335 3798 pro
1365 3737 1476 3782 toto
1517 3728 1647 3783 orbe
1687 3728 1894 3783 laudem
1924 3728 2039 3798 glo-

461 3819 699 3886 riamque
725 3817 1097 3882 concinerent,
1145 3827 1198 3871 et
1237 3818 1511 3888 propheta:
1537 3820 1646 3888 jam
1676 3819 1806 3873 olim
1835 3817 1903 3873 de
1940 3817 2042 3872 hac

463 3923 524 3962 re
549 3907 980 3977 obstupescerent
1002 3949 1018 3972 ,
1045 3909 1184 3977 quod
1213 3909 1264 3961 in
1298 3918 1438 3962 terra
1459 3909 1603 3961 visus
1632 3919 1686 3962 et
1713 3923 1832 3962 cum
1863 3907 2041 3961 homi-

464 3999 619 4053 nibus
634 4007 975 4053 conversatus
989 3998 1055 4051 sit
1068 3997 1312 4066 (Barac-It.
1331 3999 1383 4054 5.
1407 3996 1521 4065 58).
1537 3996 1742 4052 Etenim
1756 3997 2041 4052 admodum

465 4086 782 4155 stupendum
812 4096 888 4140 cst
918 4085 1132 4150 audire,
1170 4087 1332 4139 Deum
1380 4084 1696 4140 ineﬂ'abilem
1720 4127 1736 4153 ,
1769 4085 2043 4141 inenarra-

465 4177 643 4239 biletn,
674 4173 1284 4243 incomprehensibilem,
1317 4174 1456 4228 Patri
1483 4175 1736 4244 aequalem
1762 4215 1779 4238 ,
1807 4191 1902 4243 per
1928 4178 2042 4230 vir-

465 4280 673 4336 gineam
703 4264 914 4319 venisse
938 4264 1170 4328 vulvam,
1194 4271 1248 4316 et
1270 4277 1340 4317 ex
1370 4262 1591 4317 muliere
1612 4264 1753 4318 nasci
1770 4263 2042 4334 dignatum

465 4371 608 4420 esse,
634 4368 867 4423 avosque
881 4353 1078 4408 habere
1099 4352 1346 4406 Davidem
1360 4360 1414 4406 et
1433 4351 1814 4408 Abrahamum.
1837 4354 1901 4409 Et
1917 4356 2041 4424 quid

467 4445 588 4499 dico
617 4443 870 4498 Davidem
893 4450 946 4496 et
967 4440 1359 4495 Abrahamum?
1386 4440 1517 4496 Nam
1545 4442 1685 4510 quod
1719 4444 2040 4512 horribilius,

467 4533 625 4588 etiam
664 4532 914 4587 mulieres
941 4531 1058 4585 illas
1101 4530 1411 4587 meretrices
1441 4533 1494 4596 ',
1543 4546 1674 4602 quas
1719 4535 1876 4602 paulo
1921 4544 2044 4588 ante

468 4623 780 4680 memoravi.
807 4622 932 4678 Haec
960 4622 1206 4689 audiens,
1237 4624 1471 4676 animum
1494 4625 1636 4694 erige
1655 4664 1670 4689 ,
1702 4633 1756 4678 et
1781 4625 1908 4680 nihil
1939 4626 2044 4680 vile

409 4715 412 4720 ’
470 4713 756 4784 suspiceris
783 4730 797 4764 :
830 4711 1064 4783 illudque
1094 4713 1323 4768 maxime
1344 4713 1560 4781 mirare,
1585 4715 1724 4783 quod
1756 4716 1919 4771 Filius
1943 4759 1959 4782 ,
1990 4727 2044 4772 ct

471 4803 734 4871 genuinus
754 4800 919 4856 Filius
941 4801 1032 4856 Dei
1048 4802 1166 4857 sine
1185 4801 1443 4871 principio
1463 4804 1768 4860 exsistentis
1800 4820 1857 4860 se
1881 4807 2044 4862 lilium

474 4893 686 4950 Davidis
710 4893 896 4949 audire
935 4907 1123 4963 passus
1165 4894 1272 4961 sit,
1316 4903 1373 4948 ut
1400 4903 1450 4950 te
1479 4895 1679 4952 laceret
1710 4897 1799 4953 Dei
1828 4898 1996 4954 lilium
2029 4916 2041 4954 :

473 5001 661 5057 passus
685 4992 768 5038 cst
794 4999 851 5038 se
876 4997 1077 5054 patrem
1099 4984 1295 5040 habere
1319 5000 1552 5050 servum,
1576 4997 1633 5041 ut
1661 4989 1753 5043 tibi
1778 5004 1935 5044 servo
1955 5004 2051 5060 pa-

475 5086 610 5131 trem
655 5073 854 5129 faceret
896 5074 1197 5128 Dominum.
1252 5074 1432 5131 Viden'
1477 5078 1659 5132 statim
1703 5093 1734 5132 a
1781 5081 2046 5151 principio

474 5179 714 5235 quamam
744 5163 852 5222 sint
872 5164 1187 5232 evangelia?
1213 5164 1362 5232 Quod
1393 5166 1436 5221 si
1467 5167 1534 5220 de
1565 5167 1668 5220 tuis
1696 5168 1906 5224 dubitas
1930 5212 1943 5233 ,
1979 5171 2047 5226 ab

478 5256 541 5310 iis
567 5270 684 5325 qua:
725 5253 794 5308 ad
833 5255 1005 5324 ipsum
1031 5260 1276 5325 spectant
1309 5255 1424 5311 hasc
1462 5265 1518 5312 ut
1547 5258 1732 5313 credas
1758 5259 2044 5316 inducaris.

476 5346 655 5422 Longe
678 5347 819 5410 enim
847 5346 1119 5403 diﬂlcilius
1145 5356 1250 5414 est,
1277 5357 1531 5418 quantum
1557 5349 1622 5403 ad
1649 5350 1935 5407 humanum
1965 5353 2046 5408 in-

1137 460 1194 519 S.
1230 459 1513 518 IOANNIS
1548 454 2034 515 CHRYSOSTOMI
2071 451 2382 519 ARCHIEP.
2420 449 2962 514 CONSTANTINOP-

2098 591 2220 630 nem
2260 575 2351 629 Del
2385 570 2554 626 lilium
2581 582 2721 624 esse.
2748 564 2887 620 Cum
2925 562 3090 632 igitur
3133 558 3289 616 audis
3334 554 3536 612 Filium
3570 552 3665 607 Dei

2098 667 2267 722 lilium
2299 676 2419 720 esse
2448 660 2666 714 Davidis
2692 665 2746 712 et
2770 655 3024 716 Abrahae,
3051 651 3301 708 dubitare
3316 646 3428 719 jam
3452 645 3667 706 desim,

2098 767 2150 812 te
2176 759 2349 811 lilium
2382 754 2509 809 Adae
2534 751 2705 806 lilium
2742 748 2833 802 Dei
2863 745 3107 800 futurum
3135 757 3278 798 esse.
3310 737 3493 808 Neque
3514 734 3666 790 enim

2097 847 2303 903 frustra
2323 857 2376 902 et
2401 847 2674 901 incassum
2701 839 2939 909 seipsum
2963 837 3036 890 ita
3053 832 3415 894 humiliassct,
3435 825 3546 882 nisi
3569 840 3673 880 nos

2097 941 2434 995 exaltaturus
2453 942 2616 990 esset.
2643 931 2817 986 Natus
2836 941 2919 984 est
2936 929 3081 982 enim
3105 923 3404 980 secundum
3426 933 3676 980 carnem,

2115 1029 2172 1075 ut
2199 1031 2252 1074 tu
2278 1017 2570 1075 nascereris
2596 1015 2885 1071 secundum
2898 1015 3140 1086 spiritum
3170 1031 3183 1067 :
3214 1021 3366 1067 natus
3379 1020 3466 1068 est
3479 1026 3542 1068 ex
3567 1026 3692 1066 mu-

2115 1111 2267 1177 liere,
2317 1119 2376 1165 ut
2423 1117 2477 1163 tu
2512 1107 2802 1165 desineres.
2834 1106 2973 1160 ﬁlius
3001 1120 3121 1162 esse
3165 1104 3428 1160 mulieris.
3468 1103 3701 1172 Ideoque

2116 1200 2311 1272 duplex
2334 1198 2604 1270 generatio
2625 1196 2740 1260 luit,
2772 1204 2825 1250 et
2853 1211 2972 1266 qure
3000 1195 3188 1249 similis
3216 1203 3413 1249 nostra
3441 1201 3606 1255 esset.
3643 1202 3702 1247 et

2118 1306 2238 1362 qua:
2267 1299 2503 1344 nostram
2533 1288 2554 1319 ³
2579 1295 2943 1356 cxsuperaret.
2966 1285 3173 1340 Etenim
3207 1301 3270 1340 ex
3304 1285 3528 1339 muliere
3553 1283 3702 1337 nasci

2122 1381 2278 1436 nobis
2306 1380 2580 1450 competit;
2610 1379 2751 1433 nasci
2773 1388 2949 1433 autem
2973 1392 3080 1431 non
3104 1392 3168 1431 ex
3199 1376 3476 1446 sanguine,
3505 1390 3615 1430 non
3637 1390 3705 1430 ex

2119 1475 2391 1528 voluntate
2418 1472 2514 1525 viri
2545 1479 2599 1526 et
2621 1470 2820 1536 carnis,
2848 1469 2940 1525 sed
2962 1485 3028 1523 ex
3058 1469 3258 1538 Spiritu
3288 1478 3474 1523 saneto
3492 1510 3507 1532 ,
3535 1484 3704 1537 gene-

2124 1567 2386 1621 rationem
2414 1580 2511 1619 nos
2551 1573 2958 1632 exsuperantem
2989 1571 3043 1617 et
3089 1561 3317 1615 futuram
3351 1554 3670 1629 prm’nuntiat
3693 1599 3709 1622 ,

2123 1674 2243 1728 qum
2266 1672 2330 1713 ex
2359 1655 2560 1725 Spiritu
2605 1655 2757 1710 nobis
2782 1640 3122 1709 concedenda
3153 1664 3287 1707 erat.
3316 1649 3452 1716 Quin
3495 1659 3548 1702 et
3594 1665 3705 1702 cst:-

2127 1759 2242 1806 tera
2277 1763 2492 1819 quoque
2545 1746 2722 1802 omnia
2772 1742 3078 1815 lmjusmodi
3125 1751 3296 1797 erant.
3342 1741 3552 1795 Etenim
3599 1739 3709 1794 tale

2127 1851 2242 1899 erat
2269 1851 2322 1897 et
2349 1842 2618 1894 lavacrum
2638 1856 2652 1892 :
2671 1837 2940 1907 quidpiam
2970 1836 3115 1891 enim
3139 1851 3206 1890 ex
3229 1834 3418 1897 veteri,
3439 1832 3710 1903 quidpiam

2128 1933 2289 1987 etiam
2319 1946 2389 1986 ex
2430 1944 2567 1984 novo
2595 1927 2846 1983 habebat.
2877 1925 3008 1982 Nam
3052 1941 3083 1979 a
3127 1913 3666 1996 prephcta'baptizari
3693 1960 3716 1989 ,

2128 2037 2226 2092 per
2253 2020 2382 2076 illud
2409 2031 2562 2074 vetus
2589 2017 2987 2088 exprimebatur
3012 2034 3026 2071 :
3053 2016 3314 2086 Spiritum
3359 2023 3537 2070 autem
3585 2028 3716 2067 san-

2131 2125 2274 2170 ctum
2291 2111 2638 2175 descendere,
2658 2124 2850 2163 novum
2868 2107 3252 2162 subindieabat.
3271 2105 3348 2161 Ac
3362 2102 3714 2175 quemadmr-

2134 2204 2260 2259 dum
2285 2205 2328 2256 si
2355 2203 2475 2271 quis
2504 2201 2556 2254 in
2603 2198 2780 2254 medio
2819 2207 3000 2264 stans,
3041 2197 3177 2251 duos
3223 2197 3357 2251 alios
3401 2194 3709 2264 sejunctas.

2135 2292 2382 2363 expansis
2408 2291 2520 2345 suis
2548 2289 2885 2359 arreptisque
2911 2287 3124 2342 illorum
3169 2288 3416 2355 utrinque
3437 2283 3682 2340 manibus
3703 2323 3720 2347 ,

2137 2383 2477 2453 conjunxerit
2512 2382 2626 2434 :ita
2675 2388 2731 2435 et
2775 2381 2868 2433 ille
2911 2378 3068 2440 fecit,
3115 2375 3280 2432 Vetus
3319 2375 3722 2430 Testamentum

2138 2473 2286 2529 Novo
2326 2471 2658 2542 adiungens,
2707 2477 2948 2524 naturam
3001 2467 3231 2522 divinam
3283 2465 3573 2529 humanm,
3622 2478 3716 2517 sua

2138 2564 2356 2620 nostris.
2387 2560 2571 2616 Viden‘
2594 2559 2739 2614 urbis
2785 2558 3005 2627 hujusce
3033 2557 3290 2627 fulgorem
3313 2597 3329 2623 ,
3355 2564 3722 2625 quantumque

2142 2665 2194 2710 te
2236 2669 2267 2708 a
2305 2651 2566 2724 principio
2614 2648 3040 2704 collustraverit?
3091 2645 3357 2715 quomodo
3406 2645 3497 2699 tibi
3543 2659 3723 2714 regem

2144 2748 2320 2802 statim
2349 2742 2582 2799 ostendit
2608 2744 2660 2796 in
2695 2752 2783 2795 tua
2814 2740 2992 2810 specie
3015 2778 3031 2804 ,
3062 2740 3212 2809 quasi
3240 2739 3291 2792 in
3321 2737 3497 2790 medio
3525 2736 3731 2790 exerci-

2147 2841 2238 2894 tu?
2265 2838 2446 2906 Neque
2474 2835 2616 2889 enim
2657 2832 2729 2886 ibi
2758 2847 2849 2886 rex
2881 2846 3095 2899 semper
3121 2830 3428 2899 dignitatem
3452 2843 3602 2882 suam
3635 2843 3727 2880 os-

2148 2929 2335 2993 tendit,
2363 2926 2458 2983 sed
2496 2926 2656 2981 missa
2698 2939 2928 2993 purpura
2957 2931 3009 2976 et
3050 2921 3349 2976 diademate
3379 2959 3394 2982 ,
3442 2919 3730 2973 militarem

2149 3034 2292 3088 stupe
2315 3025 2521 3073 vestem
2553 3015 2744 3068 induit.
2783 3011 2888 3067 Sed
2917 3011 2986 3065 ibi
3014 3009 3265 3080 quidem,
3299 3023 3365 3064 ne
3409 3017 3566 3063 notus
3605 3022 3734 3062 cunt

2151 3111 2241 3175 sit,
2272 3108 2455 3164 hostes
2481 3106 2546 3160 ad
2575 3120 2635 3160 se
2659 3101 2925 3165 attrahat;
2963 3101 3050 3155 hic
3074 3109 3258 3155 contra
3281 3140 3296 3161 ,
3328 3114 3396 3153 ne
3422 3108 3580 3151 notus
3607 3112 3732 3151 cum

2156 3208 2246 3272 sit,
2267 3203 2475 3260 hostem
2496 3219 2563 3258 ex
2590 3202 2869 3257 conﬂictus
2889 3199 3079 3252 timore
3105 3197 3156 3250 in
3187 3194 3361 3265 fugam
3380 3199 3573 3256 vertat,
3598 3203 3734 3245 neve

2155 3309 2282 3351 suos
2304 3296 2588 3351 conturbet
2616 3292 2875 3347 :salutem
2921 3289 3064 3344 enim
3107 3287 3275 3356 ipsis,
3317 3298 3421 3338 non
3470 3292 3732 3338 terrorem

2157 3384 2348 3440 allerre
2376 3385 2574 3439 studet.
2608 3383 2731 3437 Ideo
2754 3379 2931 3436 statim
2953 3380 3124 3449 ipsum
3143 3378 3236 3431 illo
3256 3375 3472 3430 nomine
3501 3371 3731 3438 vaeavit,

2158 3489 2351 3542 nempe
2375 3473 2576 3529 Jesum.
2604 3474 2713 3528 lloc
2732 3473 2927 3542 quippe
2948 3483 3141 3523 nomen
3170 3466 3325 3521 Iesus
3350 3480 3455 3518 non
3482 3473 3564 3517 est
3586 3462 3738 3517 Grzr-

2155 3577 2300 3629 cum;
2323 3563 2419 3619 sed
2441 3563 2696 3618 llebraica
2719 3561 2891 3631 lingua
2910 3559 2988 3614 sic
3000 3557 3300 3627 appellatur
3321 3555 3495 3612 Iesus:
3525 3554 3575 3607 id
3592 3552 3737 3620 quod

2156 3652 2344 3709 Grece
2362 3652 2644 3723 signiﬁcat,
2671 3660 2854 3721 Συτὴρ,
2880 3649 3126 3706 Salvator
3152 3665 3166 3702 :
3195 3646 3436 3702 Salvator
3461 3661 3622 3716 porro
3655 3645 3739 3700 di-

2154 3744 2314 3814 citur,
2336 3745 2477 3815 quod
2503 3746 2715 3803 salvum
2743 3743 2902 3798 faciat
2925 3739 3177 3814 populum
3197 3752 3377 3793 suum.

2237 3922 2288 3978 3.
2306 3921 2468 3977 Vides
2491 3921 2757 3992 quomodo
2775 3922 3070 3980 auditorem
3095 3925 3282 3988 erexit,
3304 3934 3562 3982 consueto
3590 3940 3744 3984 more

2165 4011 2324 4066 verba
2352 4011 2570 4079 faciens,
2597 4027 2661 4067 ac
2685 4028 2779 4082 per
2803 4029 2865 4069 ea
2894 4030 3014 4084 qua:
3041 4015 3188 4083 dicit,
3218 4015 3305 4071 illa
3332 4031 3451 4086 quae
3475 4030 3625 4085 spem
3651 4031 3741 4072 su-

2162 4113 2350 4170 perant
2373 4104 2530 4160 nobis
2556 4105 2800 4159 omnibus
2832 4105 3072 4162 indicat?
3097 4107 3228 4162 Nam
3259 4109 3535 4177 utriusque
3565 4109 3741 4164 nomi-

2161 4194 2244 4243 nis
2277 4207 2465 4260 magna
2489 4205 2605 4248 erat
2635 4195 2770 4262 apud
2795 4195 3008 4250 indutos
3046 4198 3296 4266 cognitio.
3329 4197 3460 4265 Quia
3488 4199 3632 4254 enim
3662 4200 3744 4255 in-

2159 4290 2460 4348 exspectata
2515 4283 2756 4352 quaedam
2812 4285 3013 4354 agenda
3059 4296 3252 4352 erant,
3302 4288 3411 4357 jam
3466 4291 3741 4345 nominum

2159 4369 2341 4438 ﬁgura:
2366 4383 2784 4442 praecesserant;
2817 4375 2886 4430 ita
2916 4386 2973 4431 ut
2996 4377 3105 4445 jam
3131 4379 3256 4431 olim
3287 4381 3462 4435 omnis
3489 4384 3742 4440 novitati;

2146 4474 2408 4528 tumultus
2422 4481 2718 4542 praereptus
2733 4483 2894 4528 esset.
2909 4473 3067 4529 Jesus
3082 4488 3226 4530 entm
3241 4487 3463 4531 vocatur
3474 4478 3718 4549 qui,post

2147 4563 2404 4631 Moysem,
2427 4563 2681 4632 pupulum
2701 4563 2752 4616 in
2776 4571 2976 4618 terram
2998 4565 3374 4634 promissionis
3393 4568 3716 4625 introduxit.

2151 4652 2347 4706 Vidisti
2392 4651 2640 4723 ﬁguram,
2676 4652 2800 4706 vide
2840 4661 2894 4706 et
2938 4653 3239 4708 veritatem.
3284 4655 3377 4708 ille
3417 4655 3470 4708 in
3516 4665 3717 4714 terram

2146 4741 2565 4812 promissiOnis,
2615 4743 2704 4797 hic
2746 4743 2800 4796 in
2838 4744 3028 4797 calum
3071 4752 3126 4798 et
3167 4743 3221 4799 in
3259 4744 3496 4801 cmlestia
3537 4747 3715 4802 bona:

2148 4833 2236 4886 ille
2282 4841 2403 4902 post
2461 4843 2684 4888 mortem
2727 4833 2926 4904 Moysis
2953 4873 2967 4897 ,
3013 4834 3102 4889 hic
3147 4843 3431 4906 postquam
3480 4838 3563 4892 lex
3605 4853 3721 4894 ces-

2150 4927 2292 4981 savit
2335 4943 2350 4981 :
2394 4925 2484 4980 ille
2515 4935 2575 4982 ut
2613 4928 2796 4997 populi
2841 4927 2973 4992 dux,
3024 4929 3112 4984 hic
3147 4937 3208 4984 ut
3231 4945 3346 4986 rex.
3395 4928 3500 4986 Sed
3544 4949 3612 4986 ne
3632 4932 3720 4987 Je-

2151 5031 2271 5091 sotn
2309 5014 2533 5071 audiens
2569 5031 2631 5071 ex
2670 5018 2955 5072 nominum
2995 5019 3353 5075 similitudine
3385 5021 3680 5091 decipiaris
3703 5062 3720 5089 ,

2153 5087 2298 5159 aliud
2317 5104 2559 5161 subdidit
2582 5121 2597 5158 :
2623 5103 2754 5161 Iesu
2772 5106 2974 5160 Christi
2996 5108 3100 5175 ﬁlii
3122 5107 3322 5164 David.
3345 5109 3439 5165 Ille
3462 5087 3592 5164 vero
3614 5087 3722 5164 non

2152 5210 2218 5250 ex
2245 5195 2466 5261 Davitie,
2494 5196 2586 5251 sed
2609 5212 2674 5251 ex
2696 5199 2801 5251 alia
2825 5198 2970 5252 tribu
2995 5207 3134 5254 erat.
3161 5199 3266 5255 Sed
3287 5215 3389 5254 cur
3410 5199 3612 5254 librmn
3639 5215 3727 5255 vo-

2157 5293 2247 5339 cat
2268 5287 2637 5356 generationis
2657 5285 2787 5344 Jesu
2811 5288 3034 5355 Christi,
3062 5303 3187 5345 cum
3213 5299 3396 5345 tamen
3424 5306 3532 5345 non
3549 5291 3722 5346 solam

478 5440 742 5495 tellectum
769 5439 1015 5510 pertinet,
1045 5441 1212 5498 Deum
1243 5440 1512 5498 hominem
1538 5442 1673 5510 ﬁeri,
1700 5445 2045 5514 quamhomio
2142 5453 2167 5470 ‘

541 5626 705 5693 ξᾼῑίἰ,
729 5625 1135 5693 misericordiam.

543 5687 570 5724 ι
595 5683 714 5749 Vox,
739 5684 1031 5748 meretrices,
1057 5689 1203 5738 deest
1229 5701 1274 5737 ιιι
1299 5683 1640 5749 hlanuscriptis
1666 5683 1904 5750 plurimis.

2215 5509 2236 5541 ³
2259 5516 2409 5586 savii.
2433 5522 2488 5568 et
2513 5517 2704 5586 Ἀργει..
2719 5527 2943 5586 naturam
2966 5528 3198 5586 nostrain.
3223 5523 3325 5574 Sed
3350 5530 3721 5586 venturarum,

2156 5577 2311 5654 deest
2326 5581 2646 5654 innomnlbus
2666 5577 2796 5654 pene
2833 5582 3196 5654 lauuscrlptis,
3217 5598 3320 5654 _nec
3340 5577 3722 5654 exprimiturab

2158 5637 2367 5761 amittam.
2397 5640 2515 5690 Nam
2541 5637 2912 5706 vox,'nostram,
2935 5637 3153 5696 relert'ur
3169 5637 3229 5697 ad
3255 5637 3726 5712 roceni,gensralio.
