4056 6510
346 413 413 468 ις
1500 422 1565 480 ιιι
1602 424 1929 485 ιιΑττΒιΕΙ

2049 429 2276 489 IIOMIL.
2320 436 2380 492 η.

354 523 597 604 ἀναστὰς
642 527 754 581 τῶν
808 529 1125 600 βασιλικῶν,
1185 532 1280 588 καὶ
1322 533 1403 597 είς
1442 530 1541 604 τὴν
1572 529 1699 601 γῆν,
1737 530 1831 584 καὶ
1860 531 1942 596 εἰς

352 612 517 669 αὑτὸν
549 616 642 671 τὸν
668 619 802 692 ᾲδην
816 621 984 687 ἥλατο
1004 625 1032 678 ό
1060 623 1211 688 Θεὸς,
1240 625 1333 678 καὶ
1354 625 1446 677 ἐπὶ
1460 623 1558 693 τῆς
1581 621 1941 695 παρατάξεως

353 700 507 775 ίσττΓ
540 707 658 773 πῶς
686 710 744 764 δι
789 710 839 745 ⁸⁵
867 713 1338 785 ἀντιπαρετάξατο
1366 716 1394 768 0
1418 714 1682 782 διάϐολος,
1732 715 1935 786 μᾶλλον

352 792 408 847 δὲ
427 796 491 848 οὕ
512 798 631 873 Θεῷ
661 803 872 875 γυμνῷ.
908 805 1042 861 ἀλλά
1076 806 1195 877 Θεῷ
1234 807 1548 879 ἀνθρωπίνη
1576 807 1939 879 κρυπωμένφ

355 882 537 953 WG“.
589 891 698 946 Kal
733 894 797 948 τὸ
841 895 906 968 δὴ
951 896 1281 968 θαυμαστὸν,
1319 898 1400 953 ὅτι
1446 898 1662 971 θανάτῳ
1708 897 1939 953 θάνατον

351 974 471 1043 ϐψει
508 977 785 1049 λυόμενον,
816 983 906 1035 καὶ
948 986 1192 1055 κατάραν
1242 984 1642 1056 ἀφανιζομένην
1693 986 1931 1058 κατάρᾳ,

352 1065 445 1118 καὶ
464 1065 539 1119 δι’
560 1060 634 1121 ὧν
671 1071 891 1142 ῖσχυσεν
926 1075 955 1127 0
990 1073 1258 1137 διάϐολος,
1288 1073 1377 1128 διὰ
1404 1073 1609 1128 τούτων
1636 1073 1801 1129 αὑτοῦ
1833 1092 1935 1129 κα-

347 1152 685 1228 ταλυομένην
710 1163 811 1231 τὴν
836 1164 1146 1232 τυραννίδα.
1194 1163 1581 1234 Διαναστῶμεν
1608 1164 1807 1231 τοίνυν,
1837 1165 1932 1220 καὶ

350 1244 426 1314 μὴ
456 1246 824 1321 καθεύδωμεν·
863 1252 972 1306 ίδοὺ
1016 1253 1125 1326 γὰρ
1152 1254 1263 1325 ὁρῶ
1296 1256 1395 1316 τάς
1428 1253 1603 1320 πύλας
1621 1257 1755 1326 ήμῖν
1784 1256 1931 1309 ἀνοι-

347 1335 605 1405 γομένας·
632 1338 748 1393 ἀλλ’
785 1341 1044 1411 είσίωμεν
1089 1343 1228 1414 μετά
1266 1335 1521 1408 εὐταξίας
1558 1343 1778 1415 ἀπάσης
1833 1343 1928 1398 καὶ

343 1428 569 1498 τρόμου,
615 1430 725 1484 τῶν
762 1432 1047 1504 προθύρων
1074 1434 1254 1490 αὐτῶν
1292 1435 1497 1499 εὐθέως
1537 1435 1926 1500 ἐπιϐαίνοντες.

346 1517 481 1573 Τίνα
503 1519 563 1573 δέ
595 1520 712 1576 ἐστι
739 1522 912 1578 ταῦτα
940 1524 1011 1578 τά
1050 1525 1330 1598 πρόθυρα;
1382 1528 1601 1594 Βίϐλος
1636 1528 1928 1598 γννέσεως

362 1609 564 1678 Ἰησοῦ
604 1614 885 1681 Χριστοῦ.
933 1616 1069 1672 υιοῦ
1125 1618 1324 1683 Δαυτδ,
1361 1618 1498 1673 υίοῦ
1557 1618 1829 1690 Ἀϐραάμ.
1861 1619 1929 1677 Τί

342 1695 559 1767 λέγεις;
595 1703 726 1773 περὶ
761 1702 857 1757 τοῦ
883 1706 1206 1775 μονογενοῦς
1234 1706 1365 1762 Υίοῦ
1402 1708 1498 1761 τοῦ
1530 1708 1666 1763 Θεοῦ
1692 1708 1928 1775 διαλέξε-

342 1786 468 1842 σθαι
498 1790 545 1822 ⁸⁸
573 1793 904 1863 ἐπηγγείλω,
950 1796 1045 1851 καὶ
1065 1797 1161 1851 τοῦ
1208 1798 1371 1853 Δαυῖδ
1414 1800 1792 1871 μνημονεύεις.
1828 1801 1926 1855 ἀν-

341 1875 562 1946 θρώπου
596 1882 732 1950 μετά
786 1885 988 1956 μυρίας
1036 1887 1231 1955 γενεάς
1266 1891 1586 1961 γενομένου,
1613 1892 1709 1946 καὶ
1763 1890 1928 1946 αὐτὸν

340 1961 481 2021 εἶναι
516 1970 624 2041 φὴς
653 1972 747 2025 καὶ
787 1972 1000 2046 πατέρα
1028 1976 1124 2029 καὶ
1161 1980 1459 2048 πρόγονον;
1522 1980 1802 2051 Ἐπίσχες,
1830 1981 1927 2035 καὶ

342 2056 420 2129 μὴ
475 2061 651 2115 πάντα
699 2062 911 2133 ἀθρόως
962 2063 1117 2136 ζήτει
1171 2068 1381 2138 μαθεῖν,
1422 2069 1537 2123 ἀλλ’
1600 2071 1784 2142 ἡρέμα
1830 2072 1927 2126 καὶ

339 2147 481 2200 κατά
525 2150 740 2221 μικρόν.
782 2152 871 2207 Ἐν
918 2155 1029 2227 γάρ
1060 2157 1175 2221 τοῖς
1226 2158 1518 2230 προθύροις
1563 2160 1801 2232 ἐστηκας
1842 2160 1924 2215 ἔτι

340 2237 471 2307 παρ’
521 2240 662 2295 αὑτά
708 2242 777 2297 τά
813 2244 1147 2315 προπύλαια·
1180 2248 1234 2302 τί
1280 2250 1459 2304 τοίνυν
1505 2250 1755 2316 σπεύδεις
1786 2253 1925 2325 πρὸς

336 2327 408 2381 τά
432 2328 638 2398 ἀδυτα;
666 2332 833 2389 Οὔπω
860 2335 929 2390 τά
952 2335 1056 2402 ἔξω
1072 2339 1253 2404 καλῶς
1268 2342 1661 2409 κατώπτευσας
1685 2344 1919 2400 ἄπαντα.

339 2419 473 2473 Οὐδὲ
508 2422 617 2491 γὰρ
647 2424 864 2495 ἐκείνην
888 2443 973 2480 σοι
1014 2428 1156 2493 τέως
1192 2430 1486 2504 διηγοῦμαι
1520 2434 1621 2505 τὴν
1646 2434 1919 2504 γέννησιν·

340 2508 545 2579 μᾶλλον
571 2511 627 2565 δὲ
650 2512 772 2567 οὐδὲ
794 2514 893 2587 τὴν
920 2517 1059 2587 μετά
1084 2518 1275 2576 ταῦτα·
1303 2523 1676 2594 ἀνέκφραστος
1695 2525 1805 2598 γὰρ
1828 2528 1922 2581 καὶ

338 2600 671 2674 ἀπόρρητος.
707 2606 819 2660 Kal
863 2606 970 2679 πρὸ
1001 2610 1138 2681 ἐμοῦ
1177 2628 1259 2667 σοι
1285 2612 1444 2669 τοῦτο
1471 2617 1500 2669 0
1521 2617 1812 2689 προφήτης
1846 2615 1925 2671 εί·-

338 2710 441 2747 πεν
478 2694 728 2762 Ἡσαΐας·
764 2699 1158 2775 ἀνακηρύττων
1188 2705 1299 2779 γὰρ
1336 2706 1501 2762 αὑτοῦ
1529 2708 1591 2762 τδ
1621 2709 1795 2774 πάθος
1824 2710 1922 2765 καὶ

333 2783 435 2856 τὴν
477 2787 677 2861 πολλὴν
706 2791 849 2864 ὑπὲρ
893 2797 993 2866 τῆς
1041 2799 1369 2870 οίκουμένης
1424 2801 1774 2872 κηδεμονίαν,
1826 2803 1921 2857 καὶ

331 2876 881 2962 έκπληττόμενοςτίς
929 2886 1004 2941 ὢν
1052 2889 1106 2942 τί
1155 2889 1368 2958 γέγονε,
1402 2893 1496 2945 καὶ
1533 2893 1638 2947 ποῦ
1686 2895 1915 2965 κατέϐη,

331 2965 448 3041 [91]
481 2971 743 3042 ἀνεϐόησε
788 2978 930 3047 μέγα
962 2980 1058 3034 καὶ
1100 2980 1353 3055 λαμπρὸν
1381 2985 1525 3038 οὕτω
1564 2986 1762 3055 λέγων·
1798 2987 1919 3057 Τὴν

326 3060 544 3151 τεν-εὰν
563 3064 752 3120 αὐτοῦ
768 3068 859 3151 τις
894 3068 1241 3141 διηγήσεται
1261 3090 1279 3137 ;

402 3149 468 3219 β’.
488 3153 563 3205 Ού
582 3154 758 3209 τοίνυν
780 3149 908 3231 περὶ
921 3161 1135 3233 ἐκείνης
1148 3165 1281 3235 ἡμῖν
1294 3167 1322 3219 0
1335 3164 1490 3235 λόγος
1504 3165 1624 3231 νῦν,
1640 3166 1776 3221 ἀλλά
1789 3167 1917 3239 περὶ

329 3242 533 3314 ταύτης
562 3245 664 3316 τῆς
694 3249 865 3316 κάτω,
892 3251 992 3322 τῆς
1020 3255 1079 3307 ἐν
1110 3257 1177 3324 τῇ
1197 3259 1268 3326 γῇ
1306 3256 1623 3327 γενομένης,
1644 3258 1744 3327 τῆς
1778 3258 1917 3328 μεεά

334 3334 544 3404 μυρίων
578 3338 889 3411 μαρτύρων.
921 3343 1030 3396 Kal
1064 3345 1193 3415 περὶ
1214 3344 1420 3415 ταύτης
1436 3346 1515 3411 δέ,
1551 3345 1628 3410 ὡς
1658 3349 1794 3418 ήμῖν
1819 3347 1916 3401 δυο

335 3437 495 3493 νατὺν
528 3440 702 3491 εἰπεῖν
737 3438 1053 3509 δεξαμένοις
1098 3438 1196 3509 τὴν
1248 3436 1343 3492 τοῦ
1387 3438 1705 3510 Πνεύματος
1732 3438 1913 3508 χάριν,

334 3526 478 3582 οὑτω
491 3526 892 3599 διηγησόμεθα.
912 3527 1049 3582 Οὐδὲ
1080 3527 1189 3597 γάρ
1213 3527 1419 3598 ταύτην
1457 3526 1595 3598 μετά
1618 3525 1916 3597 σαφηνείας

336 3616 522 3687 πάσης
549 3616 896 3688 παραστῆσαι
927 3616 1026 3672 ένι·
1050 3618 1172 3672 ἐπεὶ
1192 3619 1289 3672 καὶ
1312 3617 1450 3689 αῦτη
1478 3617 1912 3690 φρικωδεστάτη.

334 3707 427 3779 Μὴ
458 3707 636 3760 τοίνυν
688 3706 861 3779 μικρὰ
908 3708 1139 3781 νομίσῃς
1191 3706 1431 3772 ἀκούειν,
1472 3707 1678 3775 ταύτην
1699 3703 1915 3759 ἀκούων

336 3799 433 3870 τὴν
458 3798 733 3869 γέννησιν·
782 3798 897 3853 ἀλλ’
930 3799 1232 3869 ἀνάστησόν
1272 3816 1368 3852 σου
1390 3800 1488 3869 τὴν
1515 3799 1772 3860 διάνοιαν,
1820 3796 1916 3849 καὶ

333 3886 537 3951 εὐθέως
562 3886 770 3959 φρίξον.
799 3888 1041 3951 ἀκούσας
1068 3889 1149 3942 ὅτι
1171 3888 1302 3951 Θεὸς
1322 3888 1414 3940 ἐπὶ
1436 3888 1540 3956 γῆς
1578 3883 1763 3957 ἦλθεν.
1804 3884 1913 3939 Οὕ-

334 3994 413 4031 τω
442 3978 551 4049 γὰρ
576 3978 735 4032 τοῦτο
780 3978 1092 4049 θαυμαστὸν
1136 3980 1228 4033 xal
1256 3978 1555 4050 παράδοξον
1600 3973 1690 4048 ῆν,
1711 3978 1787 4041 ὡς
1820 3977 1917 4030 καὶ

332 4068 459 4132 τοὺς
515 4068 781 4137 ἀγγέλους
823 4069 984 4141 χορὸν
1030 4068 1171 4140 ὑπὲρ
1214 4068 1419 4121 τούτων
1471 4069 1773 4136 στήσαντας
1814 4065 1914 4133 τὴν

334 4157 477 4229 ὑπὲρ
523 4157 626 4228 τῆς
676 4159 1003 4229 οἰκουμένης
1034 4160 1125 4212 ἐπὶ
1169 4157 1377 4221 τούτοις
1413 4155 1706 4225 ἀναφέρειν
1742 4154 1914 4223 εὐφη-

338 4247 488 4318 μίανο
528 4249 622 4302 καὶ
658 4249 784 4312 τοὺς
820 4250 1107 4320 προφήτας
1146 4247 1356 4317 ἀνωθεν
1408 4245 1567 4301 τοῦτο
1613 4242 1913 4313 ἐκπλήττε-

337 4339 482 4403 σθαι,
516 4340 599 4393 ὅτι
646 4340 772 4392 Ἐπί
797 4338 909 4406 τῆς
931 4338 1045 4408 γῆς
1082 4337 1270 4407 ὤφθη,
1303 4336 1403 4391 καὶ
1431 4335 1555 4403 τοῖς
1582 4331 1915 4402 ἀνθρώποις

334 4430 827 4499 avrai-sath.
860 4432 970 4485 Kal
989 4431 1097 4502 7&9
1130 4431 1172 4465 "
1196 4430 1402 4501 σφόδρα
1432 4427 1729 4501 παράδοξον
1748 4424 1915 4480 ἀκοῦ-

337 4537 451 4584 σαι,
485 4522 570 4577 ὅτι
589 4523 617 4574 0
646 4521 690 4554 ⁸³
721 4520 856 4584 Θεὸς
893 4523 923 4574 0
955 4522 1265 4593 ἀπόρρητος
1298 4522 1363 4587 ⁸³,
1398 4522 1492 4575 καὶ
1520 4519 1911 4591 ἀνέκφραστος,

338 4610 434 4662 καὶ
451 4609 827 4681 ἀπερινόητος.
862 4610 957 4664 καὶ
988 4608 1067 4680 τῷ
1095 4612 1270 4683 Πατρὶ
1291 4610 1419 4675 ῖσος.
1444 4608 1533 4664 διά
1549 4610 1762 4681 μήτρας
1780 4604 1913 4679 ἦλθε

339 4698 694 4770 παρθενικῆς,
729 4700 824 4755 καὶ
851 4699 1107 4770 γενέσθαι
1153 4702 1218 4753 ἐκ
1258 4700 1516 4770 γυναικὸς
1563 4697 1911 4765 κατεδέξατο,

340 4791 431 4846 καὶ
461 4793 608 4862 σχεῖν
635 4792 933 4863 προγόνους
960 4791 1051 4847 τὸν
1072 4791 1236 4847 Δαυῖδ
1256 4792 1352 4846 καὶ
1383 4792 1473 4846 τὸν
1513 4788 1781 4861 Ἀϐραάμ.
1801 4791 1914 4845 Kal

339 4881 391 4933 τί
429 4880 573 4949 λέγω
619 4882 709 4937 τὸν
759 4883 922 4936 Δαυῒδ
961 4882 1055 4937 καὶ
1105 4882 1197 4937 τὸν
1252 4881 1535 4954 Ἀϐραάμ,
1582 4882 1658 4935 Τὸ
1702 4880 1814 4955 γὰρ
1848 4882 1913 4955 δὴ

339 4972 789 5045 φρικωδέστερον,
816 4976 916 5039 τάς
946 4977 1211 5045 γυναῖκας
1253 4974 1465 5035 ἐκείνας
1503 4974 1571 5038 ⁷⁸,
1602 4966 1677 5027 ὧν
1710 4974 1914 5045 ἀρτίως

338 5064 711 5137 ἐμνήσθημεν.
761 5067 943 5122 Ταῦτα
992 5068 1224 5134 ἀκούων,
1268 5064 1549 5137 ἀνάστηθι,
1598 5065 1693 5125 καὶ
1748 5064 1913 5136 μηδὲν

335 5158 591 5210 ταπεινὸν
622 5157 990 5230 ὑποπτεύσῃς,
1022 5158 1159 5212 ἀλλά
1202 5160 1297 5211 καὶ
1329 5154 1418 5211 διά
1446 5155 1603 5209 τοῦτο
1642 5153 1774 5207 αὐτὸ
1805 5154 1913 5224 μά-

338 5246 496 5301 λιστα
526 5246 824 5317 θαύμασον,
852 5247 933 5299 ὅτι
963 5248 1093 5310 Υἱὸς
1123 5246 1197 5301 ὣν
1227 5246 1320 5300 τοῦ
1360 5246 1599 5316 ἀνάρχου
1627 5244 1786 5308 Θεοῦ,
1820 5246 1914 5299 καὶ

342 5338 562 5407 γνήσιος
592 5337 739 5401 Υἱὸς,
768 5336 1027 5406 ἠνέσχετο
1076 5337 1304 5392 ἀκοῦσαι
1335 5336 1429 5390 καὶ
1465 5335 1627 5389 Δαυῖδ
1664 5335 1800 5399 υίὸς,
1826 5336 1916 5388 ῖνα

343 5427 403 5479 at
430 5429 630 5498 ποιήσῃ
660 5427 772 5480 υἱὸν
793 5426 949 5480 Θεοῦ·
976 5426 1232 5497 ἠνέσχετο
1256 5429 1467 5498 πατέρα
1492 5426 1641 5497 αὐτῷ
1662 5424 1914 5495 γενέσθαι

338 5516 545 5580 δοῦλον,
571 5517 659 5571 ἵνα
692 5517 775 5571 σοὶ
801 5517 880 5589 τῷ
918 5518 1091 5590 δούλῳ
1124 5517 1342 5589 Πατέρα
1359 5519 1562 5589 ποιήσῃ
1591 5518 1683 5570 τὸν
1708 5515 1915 5569 Δεσπό-

339 5625 459 5679 την.
489 5604 638 5673 Εῐδες
693 5612 756 5664 ἐκ
802 5610 1104 5682 προοιμίων
1135 5610 1333 5675 εὐθέως
1362 5606 1451 5664 οἷα
1490 5610 1560 5664 τὰ
1587 5610 1912 5680 εὐαγγελια;

421 5822 468 5855 ⁸⁸
500 5819 644 5924 001.4'
668 5819 779 5875 Θε⁶
820 5818 878 5873 Ε.
956 5822 1002 5855 ⁸⁸
1022 5822 1371 5889 διαλέςασθαι
1404 5836 1488 5893 pr.
1527 5822 1587 5877 ἰ).
1618 5822 1765 5876 διαλέ
1807 5820 1962 5875 εσθαι
1990 5820 2055 5878 Ε.
2155 5820 2201 5854 π
2238 5820 2351 5874 Kal
2380 5818 2513 5923 7&9]
2538 5821 2579 5871 +
2601 5819 2695 5873 καί
2722 5818 2786 5873 Β.

421 5890 493 5945 ω.
526 5959 535 5961 ξ
595 5891 621 5961 ’ί
656 5839 993 5961 άπὲἓρητος]
1018 5891 1313 5961 ἀπρόσιτος
1339 5892 1402 5946 ε.
1480 5892 1525 5924 ν·
1554 5837 1852 5961 ικιιναςῖδπ
1882 5891 1979 5961 sa:
2002 5892 2209 5961 εεάρνας
2244 5889 2385 5961 εάάε
2488 5892 2502 5961 ξ
2535 5887 2670 5961 γᾴρ]
2691 5888 2786 5961 μιν

806 5891 993 5993 ρῃτος]
1018 5891 1311 5963 ἀπρόσιτος
1339 5889 1423 5946 ΕΣ
1480 5892 1525 5924 ’⁸
1554 5889 1794 5975 ἐκείνας]
1812 5893 1852 5942 +
1882 5891 1979 5955 τάς
2002 5892 2209 5962 πόρνας
2244 5889 2382 5943 Edd.

882 5964 1264 5993 -M-.......-....r
1290 5960 1331 5993 ιι
1380 5962 1455 5993 Δ..
1577 5960 1622 5993 τι
1652 5958 1912 5993 ωηο..-αυῖ
1939 5962 1981 5993 .ι.
2000 5957 2068 5993 ι..
2090 5960 2130 5993 n
2230 5960 2274 5991 η
2302 5955 2382 5993 ..ΑΊ

882 5957 1350 6032 προαναφωνεῖᾼΒ.
1372 5962 1479 6032 A_n.
1577 5957 1981 6032 ’δ-ςιοιοίἳτονῌ⁵
2000 5957 2151 6032 ἦν’Β.

356 5886 493 5945 Edd.
563 5886 616 5924 τ’
656 5891 736 5944 ἀπ

356 5959 538 6015 celeri
572 5959 728 6016 ἀλλά.
771 5959 781 5961 “
806 5959 1264 6017 ⁷⁸⁷ποόαναφωνεῖ
1290 5960 1350 6014 Β.
1372 5962 1479 6016 An.

2058 537 2127 597 El
2168 536 2225 595 δὲ
2277 539 2393 614 [22]
2444 540 2806 612 ἀμφιϐάλλεις
2858 542 2986 612 περὶ
3032 540 3142 593 τῶν
3198 538 3328 601 σῶν,
3372 536 3481 590 ἀπὸ
3525 549 3639 589 των

2056 635 2267 690 ἐκείνου
2289 634 2384 688 καὶ
2418 634 2591 687 ταῦτα
2639 634 2880 687 πίστευε.
2910 632 3050 687 Πολὺ
3076 636 3187 703 γάρ
3211 626 3634 697 δυσκολώτερον.

2055 727 2179 782 δσον
2204 729 2283 791 είς
2310 726 2647 799 ἀνθρώπινον
2676 724 2954 797 λογιιτμδν⁴
2987 724 3120 778 Θεὸν
3162 723 3445 794 ἄνθρωπον
3476 718 3635 788 γενέ-

2058 818 2203 881 σθαι,
2246 818 2281 891 ﬁ
2326 816 2611 889 ἄνθρωπον
2636 815 2749 873 υίὸν
2776 815 2913 870 Θεοῦ
2959 812 3311 885 χρηματίσαι.
3341 811 3509 864 Ὅταν
3540 804 3636 862 οὖν

2056 908 2314 981 ἀκούσῃς,
2344 912 2431 961 ὅτι
2462 908 2490 960 0
2518 907 2644 971 Υἱὸς
2664 905 2758 961 τοῦ
2784 906 2919 959 Θεοῦ
2948 905 3061 968 υίὸς
3088 902 3183 957 τοῦ
3209 901 3373 956 Δαυῒδ
3403 902 3517 953 ἐσττ
3541 899 3637 952 xal

2055 995 2149 1051 τοῦ
2178 996 2449 1066 Ἀϐραὰμ,
2478 998 2551 1067 μὴ
2573 995 2877 1066 ἀμφίϐαλλε
2901 993 3105 1057 λοιπὸν,
3134 992 3216 1046 ὅτι
3238 990 3329 1043 καὶ
3360 990 3445 1050 σὺ,
3472 991 3501 1042 0
3521 986 3638 1050 υίὸς

2044 1086 2141 1139 τοῦ
2187 1088 2380 1159 Ἀδὰμ.
2415 1090 2532 1153 υίὸς
2570 1088 2668 1161 ἔσῃ
2695 1087 2790 1141 τοῦ
2836 1084 2992 1139 Θεοῦ.
3035 1083 3173 1138 Οὐδὲ
3206 1082 3315 1152 γάρ
3352 1078 3474 1150 είκῆ
3533 1077 3629 1132 καὶ

2045 1173 2224 1245 μάτην
2254 1175 2505 1229 τοσοῦτον
2542 1173 2735 1228 ἐαυτὸν
2779 1171 3165 1231 ἐταπείνωσεν,
3201 1169 3249 1220 εί
3296 1165 3370 1237 μὴ
3402 1163 3629 1234 ἔμελλεν

2042 1261 2190 1331 ἡμᾶς
2212 1260 2469 1330 ἀνυψοῦν.
2512 1258 2806 1330 Ἐγεννήθη
2832 1258 2940 1328 7&9
2970 1256 3013 1287 "
3045 1253 3189 1309 κατά
3220 1254 3418 1322 σάρκα.
3448 1250 3535 1303 ῐνα
3558 1248 3625 1301 σὺ

2039 1349 2308 1421 γεννηθῇς
2352 1350 2497 1405 κατὰ
2543 1348 2782 1419 πνεῦμα·
2836 1346 3096 1418 ἐγεννήθη
3132 1345 3198 1396 ἐκ
3228 1340 3509 1410 γυναικὸς,
3538 1338 3627 1391 (va

2040 1440 2105 1493 σὺ
2130 1440 2314 1513 παύσῃ
2346 1439 2603 1509 γυναικὸς
2631 1437 2707 1491 ὣν
2734 1437 2865 1501 υἱός.
2909 1436 3008 1490 Διά
3029 1433 3187 1488 τοῦτο
3210 1432 3375 1501 διπλῆ
3399 1430 3626 1500 γέγονεν

2037 1530 2071 1599 ἡ
2099 1530 2373 1600 γέννησις,
2406 1529 2502 1583 καὶ
2530 1520 2916 1599 ἐοικυῖαήμῖν,
2947 1526 3041 1578 καὶ
3072 1521 3476 1596 ὑπερϐαίνουσα
3521 1518 3623 1589 τὴν

2036 1618 2332 1691 ἡμετέραν.
2364 1619 2438 1674 Τὸ
2470 1618 2567 1689 μὲν
2601 1616 2711 1688 γὰρ
2736 1618 2802 1671 ἐκ
2837 1614 3095 1686 γυναικὸς
3135 1610 3463 1682 γεννηθῆναι
3489 1609 3624 1679 ἡμῖν

2036 1710 2335 1763 συνέϐαινε·
2373 1711 2437 1764 τὸ
2464 1710 2521 1764 δέ
2579 1708 2654 1779 μὴ
2677 1706 2737 1773 ἐξ
2768 1707 3021 1778 αἵματος,
3069 1704 3202 1776 μηδὲ
3230 1704 3294 1756 ἐκ
3318 1698 3622 1771 θελήματος

2036 1801 2299 1876 σαρκὸςῆ
2331 1800 2543 1866 ἀνδρὸς,
2581 1801 2695 1854 ἀλλ’
2743 1803 2809 1855 ἐκ
2856 1800 2903 1832 ⁷⁸
2950 1796 3265 1867 Πνεύματος
3303 1793 3481 1862 ἀγίου,
3516 1790 3620 1861 τὴν

2030 1885 2471 1963 ὑπερϐαίνουσαν
2510 1893 2656 1963 ἡμᾶς
2701 1891 2799 1945 καὶ
2821 1889 2919 1961 τὴν
2960 1887 3257 1960 μέλλουσαν
3297 1881 3619 1956 προανεφώ·

2031 1997 2113 2036 νει
2141 1983 2187 2014 ⁷³
2212 1982 2483 2053 γέννησιν,
2507 1982 2576 2053 ήν
2596 1985 2730 2053 ἡμῖν
2762 1979 2985 2052 ἔμελλεν
3010 1982 3077 2033 ἐκ
3105 1975 3423 2047 Πνεύματος
3454 1971 3617 2045 χαρί-

2031 2072 2237 2138 ζεσθαι.
2257 2074 2369 2128 Kal
2413 2074 2591 2128 πάντα
2617 2072 2674 2126 δὲ
2708 2072 2777 2127 τά
2808 2071 2945 2127 ἀλλα
2975 2069 3202 2125 τοιαῦτα
3241 2062 3334 2139 ῆν.
3372 2064 3481 2119 Kal
3502 2063 3614 2134 γὰρ

2026 2162 2089 2216 τὸ
2110 2161 2333 2235 λουτρὸν
2362 2162 2607 2216 τοιοῦτον
2627 2162 2695 2194 ⁷⁸·
2718 2156 2832 2231 εἶχε
2873 2160 2984 2231 γάρ
3008 2176 3061 2212 τι
3084 2157 3177 2213 τοῦ
3210 2152 3465 2215 παλαιοῦ,
3498 2146 3614 2220 εἶχέ

2028 2268 2080 2307 τι
2110 2252 2330 2307 καὶτοῦ
2378 2252 2588 2306 καινοῦ.
2643 2250 2718 2305 T0
2777 2253 2876 2325 μέν
2908 2250 3017 2324 7&9
3043 2247 3148 2302 ὑπὸ
3196 2244 3291 2299 τοῦ
3332 2242 3611 2315 προφήτου

2028 2344 2412 2415 βαπτισθῆναι,
2435 2344 2497 2397 τὸ
2525 2344 2572 2377 "'
2603 2344 2829 2399 παλαιὸν
2878 2342 3106 2397 ἐδείκνυ·
3132 2338 3194 2392 τὸ
3214 2336 3272 2391 δέ
3312 2332 3538 2403 Πνεῦμα
3561 2330 3614 2363 ’⁸

2026 2434 2329 2498 κατελθεῖν,
2360 2434 2423 2488 τὺ
2447 2434 2566 2489 νέον
2601 2432 2888 2507 ὑπέγραψε
2913 2435 2981 2487 ".
3018 2431 3131 2487 Kal
3151 2427 3404 2497 καθάπερ
3423 2441 3507 2489 τις
3550 2423 3612 2476 ἐν

2028 2526 2337 2599 μεταιχμίῳ
2360 2525 2512 2591 στὰς,
2529 2526 2622 2580 δύο
2637 2525 2799 2580 τινῶν
2824 2524 3069 2595 ἀλλήλων
3099 2516 3481 2590 διεστηκότων.
3504 2515 3611 2584 ἀμ·

2025 2618 2262 2691 φοτέρας
2295 2617 2555 2689 ἀπλώσας
2576 2617 2675 2681 τάς
2714 2619 2905 2690 χεῖρας
2923 2611 3261 2686 ἑκατέρωθεν
3275 2609 3456 2664 λαϐὼν
3484 2621 3611 2659 συν-

2023 2709 2232 2779 ἀψειεν·
2265 2708 2406 2763 οὕτω
2432 2710 2526 2763 καὶ
2552 2708 2716 2773 αὐτὸς
2737 2708 2980 2779 ἐποίησε,
3006 2705 3106 2777 τὴν
3127 2701 3362 2758 παλαιὰν
3384 2702 3454 2770 τῇ
3481 2714 3609 2752 καιο

2022 2804 2087 2872 νῇ
2116 2799 2423 2865 συνάπτων,
2440 2801 2540 2871 τὴν
2569 2800 2721 2854 θείαν
2747 2800 2909 2870 φύσιν
2938 2800 3004 2873 τῇ
3036 2794 3373 2867 ἀνθρωπίνῃ.
3408 2792 3479 2846 τά
3505 2788 3609 2845 αὑ-

2021 2890 2117 2944 τοῦ
2143 2892 2256 2954 τοῖς
2279 2892 2591 2962 ἡμετέροις.
2631 2889 2784 2955 Εἶδες
2808 2889 2908 2961 τὴν
2936 2888 3227 2961 ἀστραπὴν
3253 2887 3351 2956 τῆς
3374 2882 3605 2945 πόλεως.

2020 2985 2122 3059 ὅσῃ
2158 3002 2218 3057 σε
2254 2986 2319 3039 ἐκ
2355 2987 2657 3058 προοιμίων
2684 2988 2997 3059 κατηύγωε
3022 2988 3089 3057 τῇ
3118 2981 3457 3056 λαμπηδόν.ι;
3488 2976 3610 3042 πῶς

2022 3092 2105 3129 σοι
2131 3076 2223 3129 τὸν
2265 3075 2501 3130 Βασιλέα
2556 3076 2758 3141 εὐθέως
2785 3077 2989 3133 εδειειν
3016 3078 3076 3129 ἐν
3103 3074 3183 3145 τῷ
3232 3072 3311 3143 σῷ
3337 3071 3604 3143 σχήματι.

2020 3166 2221 3220 ὡσανεὶ
2277 3167 2334 3219 ἐν
2365 3167 2744 3239 στρατοπέδῳς
2794 3167 2930 3222 0000
2982 3167 3091 3238 ,γὰρ
3136 3166 3253 3219 ἐκεῖ
3274 3163 3372 3234 τὴν
3397 3161 3609 3216 οἰκείαν

2018 3256 2176 3322 ἀξίαν
2208 3258 2461 3327 φαίνεται
2488 3258 2627 3328 έχων
2661 3257 2927 3328 διηνεκῶς
2958 3260 2987 3311 0
3031 3255 3304 3329 βασιλεὺς,
3334 3251 3473 3308 ἀλλά
3502 3250 3605 3321 τὴν

2019 3347 2314 3416 ἀλουργίδα
2337 3347 2499 3417 ἀφεὶς
2522 3348 2616 3401 καὶ
2647 3346 2710 3400 τὸ
2736 3346 2995 3417 διάδημα,
3039 3343 3369 3419 στρατιώτου
3415 3339 3604 3412 σχῆμα

2019 3437 2187 3493 ὑπέδυ
2230 3438 2512 3502 πολλάκις.
2542 3437 2682 3491 Ἀλλ’
2717 3438 2834 3492 ἐκεῖ
2869 3436 2989 3508 μέν,
3025 3438 3113 3491 Eva
3146 3437 3221 3507 μὴ
3400 3428 3604 3504 γνώρι-

2024 3544 2123 3598 μος
2140 3527 2427 3599 γενόμενος
2457 3528 2544 3597 ἐφ’
2577 3527 2769 3581 ἐαυτὸν
2799 3525 3005 3599 ἐλκύσῃ
3024 3527 3149 3589 τοὺς
3183 3512 3493 3595 πολεμίους·
3516 3523 3609 3575 lv-

2018 3619 2195 3676 ταῦθα
2244 3619 2301 3673 δέ
2356 3619 2686 3681 τούναντίον,
2726 3619 2812 3672 ῐνα
2858 3623 2933 3690 μή
2988 3618 3263 3689 γνώριμος
3295 3615 3603 3684 γενόμενος.

2020 3710 2209 3778 φυγεῖν
2232 3708 2625 3781 παρασκευάσῃ
2665 3708 2766 3776 τῆς
2799 3707 2935 3777 πρὸς
2972 3706 3133 3759 αὑτὸν
3163 3701 3483 3775 συμπλοκῆς
3510 3700 3604 3754 τὸν

2018 3798 2234 3871 ἐχθρὸν,
2272 3801 2366 3853 καὶ
2402 3800 2528 3863 τοὺς
2563 3799 2800 3863 οἰκείους
2826 3796 3123 3868 summa
3166 3794 3395 3857 πάντας·
3431 3791 3605 3845 σῶσαι

2026 3889 2158 3959 γὰρ,
2197 3890 2297 3942 οὑκ
2321 3889 2610 3958 ἐκπλῆξαι,
2632 3886 2955 3943 ἐσπούδασε.
2975 3889 3075 3943 Διά
3098 3888 3256 3943 τοῦτο
3283 3890 3379 3942 καὶ
3410 3886 3615 3951 εὐθέως

2027 3979 2189 4033 αὑτὸν
2240 3978 2349 4032 ἀπὸ
2371 3977 2574 4048 ταύτης
2606 3977 2832 4037 ἐκάλεσε
2863 3979 2963 4049 τῆς
2994 3978 3614 4059 προσηγορίας,’1ησοῦν

2028 4068 2358 4139 προσειπών.
2391 4068 2465 4120 T0
2507 4068 2614 4137 7&9
2655 4068 2860 4134 Ἰησοῦς
2888 4068 3048 4122 τοῦτο
3092 4068 3264 4140 ὄνομα
3315 4068 3416 4122 οὑκ
3464 4068 3615 4123 ἐστιν

2040 4158 2375 4229 Ἑλληνικὸν,
2432 4158 2568 4212 ἀλλά
2616 4161 2684 4229 τῇ
2720 4159 2989 4230 Ἐϐραίων
3042 4162 3193 4229 φωνῇ
3224 4158 3367 4211 οὕτω
3392 4158 3613 4227 λέγεται

2041 4247 2269 4319 Ἰησοῦς·
2306 4248 2335 4302 0
2384 4249 2531 4303 ἐστιν
2586 4250 2667 4303 εἰς
2724 4249 2824 4319 τὴν
2887 4250 3112 4303 Ἐλλάδα
3156 4249 3405 4318 γλῶτταν
3439 4249 3616 4320 ἐρμη-

2029 4340 2336 4409 νευόμενον,
2369 4340 2581 4411 Σωτήρ·
2606 4340 2800 4412 Σωτὴρ
2830 4339 2908 4403 δέ,
2941 4339 3051 4392 ἀπὸ
3069 4337 3161 4392 τοῦ
3185 4338 3358 4393 σῶσαι
3378 4340 3469 4393 τὸν
3484 4338 3615 4393 λαὸν

2031 4428 2219 4483 αὑτοῦ.

2100 4525 2171 4587 γ’.
2216 4516 2368 4583 Εἶδες
2407 4518 2523 4582 πῶς
2555 4520 2901 4592 ἀνεπτέρωσε
2925 4520 3016 4573 τὸν
3044 4519 3341 4591 ἀκροατὴν,
3369 4518 3439 4573 τά
3465 4533 3524 4572 τε
3555 4519 3615 4570 ἐν

2034 4607 2295 4679 συνηθείᾳ
2324 4608 2712 4679 φθεγξάμενος,
2738 4609 2833 4663 καὶ
2858 4609 2924 4663 δι’
2951 4609 3127 4662 αὑτῶν
3155 4608 3224 4661 τὰ
3253 4608 3394 4679 ὑπὲρ
3424 4606 3616 4661 ἐλπίδα

2035 4696 2201 4749 πᾶσιν
2232 4697 2365 4767 ήμῖν
2398 4698 2687 4769 ἐμφήνας;
2718 4699 2832 4753 Kal
2861 4698 2970 4769 7&9
2999 4699 3325 4770 ἀμφοτέρων
3358 4697 3468 4751 τῶν
3492 4698 3614 4751 ὀνο-

2037 4786 2223 4855 μάτων
2256 4786 2460 4840 τούτων
2502 4787 2671 4859 πολλὴ
2705 4789 2739 4859 ὴ
2764 4789 2967 4856 γνῶσις
3001 4788 3153 4859 παρά
3189 4791 3302 4852 τοῖς
3336 4787 3617 4853 Ἰουδαίοις

2030 4873 2099 4949 ἦν
2132 4878 2197 4930 ⁷⁸.
2242 4877 2459 4948 Ἐπειδὴ
2489 4877 2599 4949 γὰρ
2632 4878 2911 4950 παράδοξα
2950 4876 3019 4951 ῆν
3049 4880 3118 4934 τὰ
3163 4879 3425 4951 μέλλοντα
3464 4879 3613 4947 γίνε-

2036 4968 2180 5030 σθαι,
2210 4968 2305 5021 καὶ
2336 4970 2387 5021 οἱ
2411 4968 2521 5023 τῶν
2551 4970 2831 5041 ὀνομάτων
2859 4972 3203 5043 προέδραμω
3231 4970 3423 5025 τύποι·
3471 4970 3613 5024 ὥστε

2034 5060 2239 5115 ἀνωθεν
2275 5060 2453 5114 πάντα
2481 5062 2829 5132 καινοτομίας
2860 5062 3326 5133 προαναιρεθῆναι
3355 5061 3609 5133 θόρυϐον.

2038 5152 2143 5205 Kal
2179 5150 2290 5223 7&9
2324 5151 2531 5221 Ἰησοῦς
2557 5152 2603 5184 ⁷⁸
2636 5153 2666 5204 ό
2715 5153 2853 5222 μετά
2894 5153 3134 5207 Μωῦσέα
3181 5151 3494 5221 εἰσαγαγὼν
3526 5153 3623 5204 τὸν

2036 5240 2163 5293 λαὸν
2189 5242 2270 5303 είς
2296 5238 2397 5310 τὴν
2422 5240 2527 5309 γῆν
2554 5240 2654 5309 τῆς
2688 5238 3022 5314 ἐπαγγελίας
3065 5238 3305 5307 λέγεται.
3342 5234 3497 5300 Εἶδες
3530 5237 3623 5290 τὸν

2039 5330 2241 5392 τύπον;
2274 5328 2439 5398 βλέπε
2467 5327 2564 5399 τὴν
2598 5328 2643 5360 ⁸⁸
2674 5326 2957 5399 ἀλήθειαν·
2998 5328 3237 5390 Ἐκεῖνος
3279 5328 3360 5389 είς
3387 5326 3487 5397 τὴν
3517 5327 3623 5394 γῆν

2038 5417 2135 5486 τῆς
2184 5415 2536 5496 ἐπαγγελίας,
2588 5407 2744 5479 οὗτος
2781 5417 2861 5478 εἰς
2908 5415 3001 5468 τὸν
3032 5414 3262 5486 οὐρανὸν
3295 5415 3391 5469 καὶ
3445 5414 3515 5467 τά
3562 5415 3621 5467 ἐν

2038 5509 2149 5569 τοῖς
2180 5507 2430 5578 οὐρανοῖς
2486 5505 2703 5575 ἀγαθά·
2754 5506 2961 5569 ἐκεῖνος
3012 5506 3154 5577 μετά
3190 5505 3252 5559 τὸ
3296 5504 3621 5574 τελευτῆσαι

2041 5595 2300 5663 Μωῦσέα,
2334 5590 2487 5661 οὗτος
2515 5596 2657 5668 μετά
2688 5600 2749 5651 τὸ
2779 5596 3093 5652 παύσασθαι
3117 5595 3210 5651 τὸν
3249 5594 3436 5667 νόμον·
3479 5597 3622 5649 ἐκεῖ-

2891 5818 2936 5851 ⁸⁶
2971 5818 3000 5871 0
3029 5831 3138 5871 om.
3168 5814 3230 5870 C.
3263 5815 3329 5870 Ι).
3359 5816 3445 5871 his
3481 5830 3602 5876 om.

2535 5887 2665 5957 γάρ]
2691 5888 2793 5957 μὲν
2819 5887 2928 5957 γὰρ
2959 5888 3020 5957 8-
3071 5884 3287 5957 ff“?
3307 5883 3394 5957 ἐκ]
3416 5884 3509 5939 Sic
3540 5884 3599 5957 [3-

2614 5887 2670 5961 ρ]
2691 5887 2891 5961 μὲν-γά

2244 5887 2401 5943 Εάά.
2458 5887 2512 5923 ἰ’
2535 5887 2793 6011 γάρέμέν
2819 5887 2928 6008 7&9
2959 5888 3020 5940 ε,
3099 5888 3146 5920 τ’
3169 5887 3394 5967 alyn)
3416 5887 3509 5939 Sic
3540 5887 3599 5944 Β.

2230 5960 2274 5991 ’⁸
2302 5955 2386 6023 τό]
2420 5959 2512 6013 καὶ
2539 5958 2601 6012 τό
2682 5995 2698 6012 .
2794 5958 2839 5989 ⁷⁸
2865 5974 2894 6008 τ
2951 5956 3007 6009 δέ
3041 5954 3164 6017 ην.)
3188 5972 3269 6023 τῳ
3307 5953 3363 6007 δὲ
3408 5970 3503 6010 πν.
3534 5951 3599 6014 C.

359 6027 421 6081 υ.
454 6028 516 6083 τὸ
541 6037 648 6102 (pr.
681 6026 783 6103 τῷ)
812 6027 868 6083 δὲ
900 6016 962 6083 τὶ
989 6047 1077 6085 πν.
1106 6016 1197 6101 Ε,
1244 6030 1289 6065 τ’
1321 6029 1606 6103 ὑπέγραφε
1631 6016 1785 6087 Εόᾱ.
1842 6016 1929 6084 ⁷⁸’ἰ

2033 6016 2125 6086 ιω.
2155 6029 2218 6083 Δ.
2248 6028 2309 6084 C.
2348 6016 2407 6084 Ε.
2484 6029 2529 6062 ⁷⁸
2562 6026 2772 6095 Ἰησοῦς
2796 6034 2922 6083 ante
2945 6016 3162 6096 λέγεται
3192 6016 3426 6081 εὸιιοωι
3450 6024 3516 6078 Δ.
