4056 6506
353 391 420 448 9.1
1540 400 1602 456 ΙΝ
1637 402 1730 458 ΜΛ
1739 402 1925 460 ΤΤΙΙᾸ

2041 410 2042 415 “
2084 409 2311 469 ΒΟΜΙΙ..
2353 415 2414 473 li.
3570 423 3643 479 28

358 496 780 567 generationem,
812 498 904 553 sed
937 505 1100 553 totam
1140 496 1596 567 dispensationem
1625 497 1955 567 complecta-

359 587 490 641 tur?
517 586 652 654 Quia
685 587 786 642 huc
826 588 986 642 totius
1012 587 1427 658 dispensationis
1465 597 1625 658 caput
1654 599 1758 656 est,
1793 600 1956 661 atque

356 683 675 756 principium
718 689 872 746 nobis
899 702 954 748 et
991 695 1141 748 radix
1170 695 1406 749 omnium
1440 694 1722 750 bonorum.
1749 694 1940 764 Quem-

353 777 642 833 admodum
694 781 888 838 librum
953 786 1068 860 cani
1118 796 1173 840 et
1227 795 1384 840 terrae
1431 788 1643 841 vocavit
1691 787 1942 858 Moyses,

353 869 563 924 etiamsi
596 887 702 926 non
747 873 816 928 de
858 873 990 930 cmlo
1037 885 1092 929 et
1142 885 1279 931 terra
1313 884 1516 931 tantum
1552 876 1819 946 loquatur,
1848 875 1942 931 sed

351 956 420 1013 de
451 960 514 1013 iis
539 963 702 1017 etiam
744 980 863 1033 qua:
897 967 948 1020 in
996 965 1174 1021 medio
1216 969 1386 1036 posita
1427 976 1581 1020 erant
1611 985 1624 1020 :
1656 967 1730 1022 ita
1773 977 1827 1023 et
1857 967 1942 1023 hic

352 1064 566 1120 quoque
590 1068 655 1108 ex
686 1056 860 1124 capite
890 1056 1151 1112 bonorum
1178 1068 1242 1112 ac
1283 1058 1537 1126 praeclare
1565 1068 1837 1127 gestorum
1883 1058 1943 1110 li-

352 1137 506 1194 brum
535 1145 880 1212 nuncupavit.
904 1146 1056 1213 Quod
1085 1146 1226 1202 enim
1249 1148 1570 1217 stupendum
1591 1157 1674 1203 est
1699 1162 1942 1203 omnem-

349 1243 457 1296 que
480 1244 632 1300 spem
673 1239 1236 1310 exspectationemque
1273 1249 1490 1308 superat
1511 1281 1525 1304 ,
1559 1248 1643 1295 est
1668 1239 1941 1298 hominem

354 1319 521 1376 Deum
552 1323 666 1380 fieri
697 1344 708 1378 :
738 1343 844 1397 quo
871 1328 1013 1384 facto
1049 1330 1229 1384 omnia
1269 1328 1562 1385 secundum
1601 1331 1860 1386 rationem
1889 1340 1944 1386 et

351 1418 786 1485 consequentiam
808 1419 1081 1474 eveniunt.

423 1609 639 1666 Davidis
701 1611 962 1688 splendor.
1017 1612 1262 1678 Qua'dam
1297 1616 1360 1667 de
1406 1615 1699 1686 gmteaIOgia
1746 1616 1934 1672 Christi

341 1703 648 1773 quastione:
694 1701 974 1757 solvuntur.
1002 1733 1073 1743 --
1102 1703 1211 1758 Cur
1239 1716 1416 1759 autem
1462 1723 1567 1761 non
1613 1707 1779 1774 dixit,
1813 1709 1932 1764 Filii

342 1794 636 1859 Abraham,
666 1803 722 1848 et
749 1795 1088 1864 postea,Filii
1123 1797 1322 1850 David?
1345 1798 1484 1864 Non,
1514 1811 1571 1863 ut
1590 1801 1804 1869 quidam
1826 1802 1935 1871 opi-

343 1897 559 1952 nantur,
593 1888 662 1942 ab
691 1886 1035 1942 inferioribus
1081 1890 1271 1944 volens
1311 1892 1376 1944 ad
1420 1895 1695 1961 superiora
1747 1910 1937 1949 ascen-

341 1977 510 2032 dere:
541 1978 776 2048 alioquin
827 1979 880 2032 id
914 1979 1126 2034 fecisset
1152 1981 1295 2049 quod
1339 1993 1392 2036 et
1427 1983 1630 2048 Lucas;
1661 2001 1801 2042 nunc
1840 2003 1936 2041 au-

342 2078 447 2123 tem
479 2085 509 2123 e
533 2069 802 2123 contrario
831 2069 972 2124 facit.
1002 2071 1112 2125 Cur
1141 2088 1268 2140 ergo
1300 2072 1550 2127 Davidem
1581 2079 1936 2132 memoravit?

339 2160 472 2228 Quia
500 2161 586 2216 ille
616 2162 668 2214 in
711 2163 948 2216 omnium
979 2177 1074 2217 ore
1103 2162 1390 2229 ferebatur,
1421 2175 1530 2220 tum
1561 2167 1630 2222 ob
1658 2178 1931 2238 gestorum

339 2244 704 2322 splendorem,
729 2264 838 2307 tum
866 2256 1027 2308 etiam
1064 2258 1320 2325 temporis
1343 2272 1525 2323 causa,
1552 2260 1695 2330 quod
1723 2276 1828 2316 non
1858 2272 1935 2317 tot

336 2351 464 2398 ante
496 2345 712 2398 saeculis
741 2354 982 2399 mortuus
1008 2355 1187 2411 esset,
1210 2357 1342 2416 quot
1378 2349 1669 2404 Abraham.
1709 2353 1931 2408 Etiamsi

337 2450 467 2491 vero
497 2437 706 2506 utrique
728 2437 994 2506 pollicitus
1014 2438 1084 2492 sit
1113 2439 1272 2507 Deus,
1300 2441 1428 2496 illud
1457 2449 1632 2497 tamen
1655 2446 1805 2514 quasi
1833 2462 1934 2501 an-

336 2530 538 2600 tiquius
601 2530 924 2596 tacebatur;
979 2530 1080 2586 hoc
1124 2543 1301 2587 autem
1328 2575 1345 2599 ,
1377 2545 1561 2605 utpote
1613 2539 1881 2594 recentius
1912 2581 1929 2606 ,

336 2611 576 2678 omnium
625 2635 721 2676 ore
749 2619 1247 2677 circumferebantur.
1279 2625 1382 2693 Ipsi
1430 2641 1661 2696 namque
1698 2628 1882 2684 dicunt
1914 2647 1927 2684 :

337 2711 528 2767 Nonne
569 2729 633 2766 ea:
677 2712 864 2765 semine
892 2711 1063 2765 David
1106 2722 1151 2766 et
1194 2712 1486 2769 Bethleltem
1529 2718 1677 2784 nico,
1710 2718 1798 2772 ubi
1825 2731 1932 2773 erat

337 2803 669 2869 David,reuit
699 2803 926 2858 Christus
946 2804 1128 2872 (Joan.
1153 2805 1206 2858 7.
1233 2805 1364 2876 42)?
1389 2805 1558 2861 Nemo
1585 2807 1735 2862 illum
1764 2809 1932 2864 tilium

333 2893 565 2948 Abralm
591 2934 606 2956 ,
635 2892 728 2946 sed
756 2907 942 2947 omnes
970 2886 1134 2947 filium
1167 2893 1337 2949 David
1376 2895 1676 2950 vocabant:
1707 2911 1831 2953 nam
1861 2897 1932 2953 ob

337 2985 599 3054 temporis
624 2984 874 3052 spatium,
902 2991 960 3037 ut
987 2981 1116 3048 dixi,
1146 2991 1203 3038 et
1226 2983 1297 3038 ob
1325 2999 1569 3054 regnum,
1595 2985 1646 3040 in
1675 2987 1931 3042 memoria

336 3081 612 3133 hominum
656 3078 825 3147 magis
865 3077 1200 3133 versabatur.
1227 3076 1482 3132 Similiter
1510 3086 1564 3132 et
1601 3093 1755 3148 reges
1786 3093 1924 3148 quos

333 3169 742 3231 venerabantur,
778 3169 974 3237 quique
999 3179 1120 3237 post
1149 3166 1295 3220 illum
1325 3167 1490 3233 fuere,
1523 3167 1591 3221 ab
1611 3168 1703 3222 illo
1731 3183 1925 3238 cogno-

333 3257 607 3311 tuinabaut
629 3299 644 3323 ,
674 3271 772 3310 nec
812 3255 914 3324 ipsi
958 3257 1128 3309 solum
1155 3295 1172 3323 ,
1204 3255 1297 3309 sed
1326 3256 1484 3309 etiam
1519 3255 1676 3311 Deus.
1707 3257 1920 3311 Etenim

335 3347 582 3402 Ezechiel
628 3358 682 3401 et
727 3347 812 3401 alii
848 3348 1120 3415 propheta:
1157 3348 1339 3401 dicunt
1365 3356 1646 3401 venturum
1673 3361 1794 3402 esse
1821 3348 1923 3401 Da-

333 3438 418 3490 vid
447 3447 500 3492 et
529 3448 951 3493 resurrecturum
993 3451 1112 3492 esse
1133 3479 1146 3501 ,
1175 3443 1280 3490 non
1309 3436 1376 3492 de
1405 3437 1605 3492 Davide
1648 3438 1740 3505 qui
1778 3453 1922 3493 mor-

333 3534 456 3581 tuus
481 3536 599 3581 erat
630 3527 907 3596 loquentes
935 3566 950 3591 ,
982 3526 1076 3581 sed
1103 3526 1171 3582 de
1201 3527 1266 3581 iis
1293 3529 1380 3597 qui
1406 3527 1524 3597 ejus
1557 3529 1804 3583 virtutem
1836 3545 1922 3584 se-

331 3628 622 3674 ctarentur.
650 3619 894 3673 Ezechias
921 3635 1047 3672 vero
1076 3621 1150 3672 ait
1176 3637 1189 3671 :
1221 3618 1491 3689 Prolegam
1516 3620 1763 3673 civitatem
1788 3621 1920 3677 Itane

333 3718 538 3778 prapter
566 3724 644 3761 me
663 3719 710 3762 et
733 3717 936 3777 propter
955 3705 1120 3762 David
1149 3725 1358 3778 puerum
1383 3725 1548 3763 meum
1584 3709 1657 3779 (4.
1679 3710 1804 3780 Reg.
1828 3712 1914 3767 i9.

332 3798 446 3870 δι).
479 3799 753 3854 Salomoni
784 3814 912 3853 vero
940 3799 1168 3867 dicebat,
1200 3814 1260 3854 se
1292 3809 1508 3868 prepter
1545 3800 1798 3854 Davidem
1827 3816 1918 3855 re-

330 3905 492 3957 gnum
522 3891 736 3945 vivente
765 3890 881 3961 ipso
910 3888 1242 3961 [Salomone]
1275 3904 1379 3943 non
1407 3888 1650 3945 divisisse
1678 3891 1754 3960 (3.
1784 3889 1917 3960 Reg.

331 3981 421 4036 ii.
448 3982 564 4051 δι).
596 3981 779 4052 Magna
818 3983 961 4036 enim
991 3989 1106 4036 erat
1146 3981 1285 4034 illius
1329 3980 1427 4034 viri
1468 3980 1635 4049 gloria
1683 3991 1737 4036 et
1777 3981 1917 4049 apud

333 4071 502 4128 Deum
544 4082 599 4127 et
626 4073 763 4140 apud
795 4072 1058 4126 homines.
1088 4070 1315 4140 ideoque
1362 4071 1429 4124 ab
1467 4071 1558 4124 illo
1597 4070 1688 4140 qui
1739 4071 1917 4124 nonor

332 4174 448 4218 erat
487 4164 762 4218 exordium
793 4162 974 4227 ducit,
1005 4171 1058 4217 et
1086 4169 1212 4215 tunc
1245 4161 1310 4215 ad
1335 4161 1685 4230 antiquiorem
1717 4174 1915 4230 paren-

333 4263 441 4308 tem
472 4255 738 4319 recurrit,
784 4253 1108 4322 superiluum
1150 4251 1386 4316 ducens,
1430 4259 1684 4320 quantum
1722 4249 1788 4304 ad
1819 4249 1916 4305 Ju-

334 4343 482 4399 daios
505 4385 518 4407 ,
552 4346 796 4413 superius
833 4358 1136 4398 sermonem
1185 4343 1371 4398 ordiri.
1404 4341 1470 4397 iii
1498 4342 1642 4397 enim
1685 4342 1918 4397 maxime

332 4435 607 4490 mirabiles
651 4444 801 4488 erant
832 4450 846 4486 :
878 4433 963 4490 hic
986 4475 1001 4500 ,
1030 4442 1212 4503 utpote
1249 4449 1342 4488 rex
1389 4443 1443 4487 et
1467 4433 1756 4502 propheta;
1791 4433 1877 4487 ille
1897 4474 1913 4500 ,

331 4535 390 4581 ut
415 4526 713 4596 patriarcha
741 4535 795 4580 et
825 4527 1104 4596 propheta.
1132 4527 1196 4580 Et
1217 4525 1356 4580 unde
1382 4525 1654 4594 probatur,
1679 4525 1911 4595 inquies,

333 4617 485 4672 illum
530 4633 597 4672 ex
639 4617 836 4672 Davide
863 4629 1037 4672 ortum
1068 4617 1224 4672 esse?
1249 4616 1306 4672 Si
1330 4617 1472 4673 enim
1503 4631 1607 4673 non
1655 4634 1719 4672 ex
1760 4620 1874 4672 viro
1894 4659 1911 4685 ,

333 4707 429 4763 sed
455 4723 521 4763 ex
553 4707 784 4762 muliere
806 4717 1007 4762 tantum
1040 4717 1195 4762 natus
1221 4716 1303 4763 est
1328 4746 1348 4776 ,
1374 4706 1595 4778 virginis
1619 4717 1796 4762 autem
1825 4724 1917 4779 ge-

333 4801 572 4870 nealogia
607 4815 712 4855 non
763 4800 998 4866 texitur,
1031 4799 1300 4870 quomodo
1348 4800 1580 4853 sciemus
1630 4801 1798 4869 ipsum
1846 4816 1910 4856 ex

331 4890 534 4946 Davide
575 4905 694 4944 esse
723 4890 939 4944 ortum?
971 4890 1096 4942 Duae
1125 4904 1352 4958 namque
1389 4897 1514 4942 sunt
1540 4889 1864 4959 qumstiones
1895 4907 1908 4942 :

329 4995 430 5036 cur
455 4979 638 5034 matris
663 4980 966 5048 genealogia
997 4995 1100 5032 non
1135 4980 1347 5044 texitur,
1377 4987 1432 5033 et
1459 4994 1554 5034 cur
1578 4979 1794 5049 Joseph,
1821 4981 1910 5049 qui

332 5072 462 5127 nihil
488 5071 804 5135 contulitad
843 5072 1261 5140 generationem,
1291 5071 1358 5123 ab
1403 5072 1510 5126 illis
1538 5081 1862 5126 memoratur
1893 5088 1908 5126 τ

331 5163 541 5217 videtur
569 5161 710 5216 enim
729 5160 836 5214 hoc
863 5160 1182 5226 redundare,
1208 5170 1262 5214 et
1287 5160 1415 5215 illud
1441 5162 1751 5216 desiderari.
1774 5162 1908 5228 Quid

332 5267 459 5322 ergo
501 5253 647 5320 prius
691 5251 1103 5320 perquirendum
1152 5253 1282 5318 est:
1311 5253 1587 5317 Quomodo
1616 5269 1680 5308 ex
1713 5253 1910 5310 Davide

331 5344 492 5414 Virgo
539 5354 655 5398 orta
701 5343 878 5397 fuerit.
901 5343 1018 5408 Quo
1047 5353 1200 5412 pacto
1245 5352 1420 5397 autem
1457 5345 1687 5400 sciemus
1713 5360 1779 5400 ex
1809 5346 1924 5400 Da—

328 5435 447 5487 vide
469 5442 640 5487 ortam
663 5447 783 5487 esse
809 5433 831 5485 ?
873 5431 1009 5486 Audi
1051 5433 1214 5486 Deum
1240 5431 1471 5488 Gabrieli
1510 5434 1903 5503 prmcipienzem

336 5535 392 5580 ut
431 5527 603 5582 adiret
643 5525 892 5597 Virginem
932 5529 1286 5595 desponsatam
1329 5532 1467 5598 viro,
1499 5534 1583 5584 cui
1608 5548 1785 5587 nomen
1815 5543 1922 5588 erat

331 5615 544 5687 Ioseph,
577 5619 640 5672 de
669 5619 819 5672 domo
847 5630 895 5672 et
919 5621 1120 5688 familia
1143 5621 1306 5675 David
1332 5625 1348 5692 (
1379 5622 1501 5678 Luc.
1535 5625 1583 5677 i.
1612 5623 1681 5678 97
1712 5625 1750 5693 ).
1780 5625 1916 5693 Quid

332 5709 526 5764 clarius
555 5709 794 5780 postulas
815 5720 982 5773 ,‘cum
1024 5711 1175 5768 audis
1213 5714 1278 5770 de
1312 5713 1473 5769 domo
1502 5723 1555 5770 et
1594 5715 1788 5768 familia
1821 5716 1925 5769 Da-

326 5799 413 5855 vid
457 5797 733 5871 Virginem
765 5797 980 5855 fuisse?

2145 520 2197 571 4.
2233 517 2383 574 Unde
2431 529 2609 591 patet,
2642 521 2841 592 loseph
2880 525 3042 582 etiam
3087 527 3212 584 inde
3255 538 3431 586 ortum
3462 532 3651 590 fuisse.

2073 605 2182 661 Lex
2216 611 2410 680 quippe
2435 621 2552 666 erat
2577 628 2696 683 qua:
2741 624 2945 670 vetaret
2989 633 3185 678 uxores
3211 620 3440 688 ducere,
3471 621 3573 679 nisi
3601 641 3670 681 ex

2074 699 2285 764 propria
2315 699 2473 753 tribu.
2509 700 2815 756 Patriarcba
2842 719 2972 758 vero
3012 705 3180 761 Jaeob
3219 709 3366 764 illum
3411 725 3478 766 ex
3523 712 3667 767 tribu

2069 786 2204 841 Juda
2231 791 2562 845 exoritnrum
2594 808 2713 848 esse
2741 796 3024 863 pra-dixit:
3061 797 3185 853 Non
3209 799 3406 871 deﬁciet
3429 804 3668 874 princeps

2069 879 2132 932 de
2155 879 2296 934 Iuda
2319 923 2336 948 ,
2377 899 2538 952 neque
2563 884 2671 938 dua:
2695 885 2759 939 de
2784 887 3059 956 femoribus
3100 890 3213 960 ejus
3234 933 3250 956 ,
3298 892 3458 947 donec
3503 895 3670 948 veniat

2065 971 2145 1021 cui
2175 974 2450 1039 repositum
2467 983 2541 1026 est
2559 989 2580 1028 :
2605 983 2654 1029 et
2677 974 2787 1045 ipse
2811 978 2905 1031 erit
2933 981 3238 1048 exspectatio
3262 984 3486 1052 gentium
3503 982 3662 1054 (Gen.

2064 1058 2152 1112 49.
2184 1060 2296 1130 10).
2327 1057 2489 1120 Certe
2519 1063 2632 1118 [nec
2660 1066 2940 1135 prophetia
2964 1106 2981 1134 ,
3013 1070 3155 1140 quod
3196 1086 3262 1125 ex
3303 1072 3442 1128 tribu
3494 1074 3659 1129 David

2064 1149 2243 1213 fuerit,
2267 1150 2501 1206 declarat
2527 1169 2542 1218 ;
2573 1165 2628 1208 at
2656 1171 2760 1208 non
2791 1156 2932 1225 quod
2958 1174 3023 1212 ex
3044 1174 3243 1229 genere
3269 1163 3501 1218 Davidis.
3521 1163 3663 1220 Num

2063 1239 2224 1308 igitur
2260 1240 2314 1295 in
2343 1244 2481 1296 tribtt
2502 1243 2635 1298 Jnda
2657 1259 2764 1299 non
2793 1246 2938 1301 aliud
2966 1257 3086 1302 erat
3113 1264 3283 1319 genus
3307 1268 3466 1320 ιιιιςιιιι
3507 1254 3667 1309 Davi-

2061 1329 2186 1383 dis?
2215 1330 2324 1384 lmo
2360 1332 2526 1386 multa
2558 1334 2682 1398 alia,
2715 1344 2769 1390 et
2793 1338 3106 1407 contingere
3132 1343 3300 1407 potuit
3329 1351 3388 1396 ut
3415 1354 3558 1397 esset
3596 1360 3663 1399 ex

2063 1423 2200 1477 tribu
2226 1422 2360 1478 Juda
2385 1464 2402 1492 ,
2429 1425 2556 1493 quin
2593 1436 2737 1480 esset
2762 1442 2827 1482 ex
2851 1442 3050 1498 genere
3089 1431 3326 1486 Davidis.
3364 1433 3559 1488 Verum
3593 1452 3660 1491 ne

2061 1513 2165 1569 hoc
2191 1514 2421 1582 diceres,
2452 1515 2590 1572 hanc
2621 1518 2711 1574 tibi
2739 1521 3102 1588 suspicionem
3134 1524 3270 1577 tollit
3291 1527 3656 1596 evangelista,

2057 1604 2243 1659 dicens
2289 1605 2435 1660 illum
2483 1607 2645 1663 fuisse
2672 1625 2737 1663 ex
2779 1610 2940 1665 domo
2982 1621 3037 1666 et
3061 1612 3258 1667 familia
3289 1613 3474 1669 David.
3505 1616 3658 1682 Quod

2058 1699 2102 1751 si
2133 1698 2183 1752 id
2211 1699 2426 1757 aliunde
2455 1704 2616 1756 etiam
2643 1704 2852 1759 discere
2881 1707 3037 1774 velis,
3070 1721 3178 1764 non
3206 1709 3378 1766 deerit
3401 1710 3509 1768 alia
3537 1729 3660 1782 pro-

2054 1788 2203 1843 batio
2232 1808 2245 1843 :
2274 1807 2379 1846 non
2410 1793 2571 1846 modo
2603 1794 2744 1848 enim
2771 1810 2874 1848 non
2910 1796 3106 1851 licebat
3132 1813 3196 1853 ex
3225 1799 3328 1855 alia
3359 1802 3497 1856 tribu
3526 1819 3660 1856 uxo-

2057 1894 2169 1934 rem
2201 1879 2416 1947 dueere,
2446 1897 2539 1938 seu
2565 1899 2736 1950 neque
2761 1900 2825 1938 ex
2852 1887 2955 1939 alia
2981 1886 3197 1950 familia,
3229 1890 3280 1944 id
3309 1899 3412 1952 est.
3443 1907 3507 1946 ex
3546 1894 3650 1951 alia

2052 1971 2387 2040 cognatione.
2414 1972 2595 2042 itaque
2624 1974 2667 2026 si
2694 1974 2844 2039 illud,
2877 1975 2960 2029 Ea:
2986 1977 3137 2031 domo
3166 1987 3213 2031 et
3240 1980 3440 2050 familia
3460 1979 3653 2048 David,

2054 2057 2256 2128 Virgini
2283 2070 2548 2129 aptemus,
2572 2062 2772 2117 dictum
2803 2063 2932 2119 illud
2960 2068 3224 2122 constabit
3247 2085 3262 2133 ;
3307 2069 3350 2123 si
3378 2069 3646 2141 Josepbo.

2055 2149 2182 2203 illud
2214 2149 2385 2219 ipsum
2416 2156 2781 2221 consequitur.
2813 2155 2868 2210 Si
2905 2157 3050 2213 enim
3087 2174 3150 2212 ex
3177 2159 3339 2216 domo
3361 2171 3415 2217 et
3443 2162 3644 2218 familia

2051 2240 2210 2294 David
2237 2253 2352 2297 erat
2372 2243 2593 2314 Joseph,
2611 2261 2714 2300 non
2741 2248 2958 2305 aliunde
2983 2253 3187 2323 accepit
3219 2269 3468 2322 uxorem,
3488 2271 3650 2327 quam

2042 2345 2106 2385 ex
2138 2323 2454 2402 cognatione
2477 2351 2590 2390 sua.
2612 2337 2749 2416 Quid
2778 2341 3182 2411 veroﬂnquies,
3202 2345 3246 2398 si
3277 2344 3448 2416 legem
3470 2323 3648 2416 trans-

2043 2435 2258 2489 grrssns
2286 2423 2356 2477 sit
2376 2424 2402 2477 τ
2439 2424 2544 2480 Sed
2575 2415 2774 2482 idcirco
2802 2445 3183 2501 praeoccupans
3211 2415 3522 2490 testificatus
3541 2415 3644 2503 est',

2040 2510 2242 2583 .loscpb
2290 2513 2455 2571 fuisse
2496 2516 2736 2586 justum,
2779 2528 2935 2576 utne
2967 2521 3068 2577 hoc
3094 2523 3305 2581 diceres
3329 2567 3346 2590 ,
3377 2525 3472 2582 sed
3507 2528 3653 2586 iilius

2043 2608 2293 2660 virtutem
2327 2606 2583 2674 edoctus,
2615 2624 2805 2666 nosses
2843 2612 3020 2685 legem
3051 2615 3119 2668 ab
3160 2615 3279 2686 ipso
3320 2633 3426 2673 non
3473 2620 3663 2678 fuisser

2041 2697 2315 2752 violatam.
2346 2696 2445 2762 Qui
2472 2700 2614 2752 enim
2643 2699 2712 2754 ita
2744 2700 3010 2759 humanus
3033 2715 3150 2760 erat
3173 2707 3190 2738 ¹
3215 2713 3268 2762 et
3291 2722 3321 2762 a
3352 2724 3516 2778 pravo
3541 2710 3641 2765 ho-

2045 2785 2202 2840 minis
2227 2785 2417 2840 all‘ectn
2437 2802 2654 2850 vacuus,
2677 2799 2734 2843 ut
2758 2803 2838 2845 ne‘
2850 2794 3154 2863 suspicione
3179 2797 3394 2866 quidem
3417 2811 3642 2870 urgente

2046 2871 2206 2927 vellet
2235 2872 2302 2928 de
2330 2873 2551 2945 Virgine
2569 2878 2706 2932 sumi
2737 2880 3080 2949 supplicium,
3111 2886 3382 2954 quomodo
3407 2887 3641 2944 libidinis

2041 2982 2197 3020 causa
2228 2968 2398 3037 legem
2423 2977 2786 3038 transgressus
2814 2974 3006 3030 esset?
3031 2975 3130 3044 Qui
3156 2979 3300 3033 enim
3330 2959 3451 3050 plus
3478 2996 3640 3052 quam

2045 3056 2130 3110 lex
2163 3058 2364 3112 ferebat
2390 3059 2865 3130 pliilusophabatnr
2885 3066 3033 3139 {nam
3053 3066 3326 3125 dimittere
3351 3077 3406 3125 et
3431 3071 3642 3127 occulte

2044 3146 2345 3215 dimittere,
2380 3149 2506 3204 illud
2533 3161 2648 3207 erat
2677 3154 2812 3207 ultra
2840 3142 3011 3225 legem
3041 3156 3430 3229 pbiiOSopbari)
3452 3203 3468 3228 ,
3499 3177 3639 3232 quo-

2041 3236 2202 3289 modo
2224 3245 2410 3290 contra
2442 3238 2612 3307 legem
2640 3242 2848 3309 aliquid
2894 3246 3244 3314 admitteret,
3294 3251 3454 3321 idque
3492 3253 3636 3308 nulla

2035 3335 2262 3395 cogente
2289 3328 2610 3384 necessitate
2634 3331 2657 3382 τ
2687 3329 2886 3401 Verum
2928 3349 2992 3389 ex
3021 3351 3223 3404 genere
3269 3341 3434 3396 David
3463 3342 3639 3414 Virgi-

2049 3430 2168 3470 nem
2200 3414 2386 3482 fuisse,
2415 3431 2479 3471 ex
2501 3418 2607 3486 jam
2637 3419 2794 3475 dictis
2827 3423 2998 3490 palam
3026 3435 3132 3483 est.
3157 3428 3273 3483 lam
3299 3447 3427 3485 vero
3456 3449 3636 3503 opera:

2039 3506 2270 3573 pretium
2302 3505 2461 3561 fuerit
2491 3509 2688 3575 dicere,
2724 3521 2948 3568 cur'non
2978 3516 3140 3580 illius,
3171 3520 3263 3574 sed
3291 3520 3510 3593 .losepbi
3541 3539 3636 3593 ge-

2034 3597 2332 3667 nealogiam
2364 3599 2596 3654 duxerit.
2629 3602 2741 3668 Qua
2788 3603 2855 3658 de
2899 3620 3058 3661 causa
3106 3609 3307 3677 igitur?
3352 3612 3469 3668 Non
3515 3625 3633 3672 erat

2033 3701 2146 3739 mos
2177 3687 2313 3756 apud
2355 3688 2568 3744 Juda'os
2608 3692 2891 3750 mulierum
2938 3698 3275 3768 genealogias
3316 3710 3518 3757 texere.
3561 3705 3632 3761 Ut

2031 3778 2189 3846 igitur
2217 3779 2514 3833 secundum
2554 3796 2758 3837 morem
2785 3794 2964 3854 ageret
2989 3827 3004 3852 ,
3037 3803 3134 3842 nec
3162 3790 3434 3846 videretur
3475 3794 3625 3851 illum

2028 3869 2097 3922 ab
2125 3869 2614 3955 initio‘transgredi,
2643 3881 2803 3942 utque
2824 3875 2981 3930 simul
3020 3879 3174 3934 nobis
3197 3879 3431 3950 Virginis
3454 3899 3631 3955 genus

2030 3949 2324 4026 indicarei,
2358 3962 2524 4030 ipsius
2557 3964 2792 4032 majores
2828 3967 3058 4023 reticens
3083 4011 3096 4033 ,
3126 3949 3345 4041 Josepbi
3374 3949 3630 4045 genealo-

2026 4050 2164 4118 giam
2195 4049 2365 4104 duxit.
2397 4052 2452 4106 Si
2496 4054 2638 4106 enim
2670 4055 2720 4106 id
2749 4055 2816 4110 de
2848 4057 3066 4137 Virgine
3096 4061 3342 4129 fecisset;
3372 4067 3628 4122 novitatis

2025 4150 2207 4195 notam
2229 4158 2333 4195 non
2357 4142 2664 4212 effugisset;
2688 4145 2732 4199 si
2759 4145 3051 4218 Jo'sepbum
3085 4155 3359 4224 tacuisset,
3391 4158 3627 4230 Virginis

2026 4233 2395 4302 progenitores
2425 4250 2528 4288 non
2560 4251 2859 4292 nossemus.
2884 4237 2954 4295 Ut
2995 4241 3172 4312 itaque
3202 4245 3471 4303 discamus
3499 4266 3622 4320 qua:

2024 4333 2167 4380 esset
2192 4324 2375 4389 Maria,
2399 4335 2454 4380 et
2475 4325 2615 4381 unde
2640 4338 2776 4393 orta,
2801 4329 3053 4402 legesque
3073 4333 3286 4391 intacta:
3313 4351 3620 4408 manerent,

2024 4414 2205 4483 sponsi
2239 4416 2354 4482 eius
2382 4417 2745 4488 genealogiam
2766 4425 3064 4490 contexuit,
3096 4433 3150 4479 et
3177 4441 3242 4481 ex
3270 4427 3432 4484 domo
3455 4431 3621 4487 David

2024 4507 2255 4562 ostendit
2287 4523 2427 4562 esse.
2461 4507 2574 4564 lioc
2600 4511 2740 4564 enim
2769 4525 3222 4582 commonstrato,
3256 4518 3386 4574 illud
3409 4537 3624 4593 quoque

2024 4597 2183 4652 simul
2226 4600 2527 4655 ostenditur
2561 4601 2834 4672 Virginem
2877 4606 3038 4660 etiam
3071 4607 3194 4663 inde
3215 4620 3388 4666 ortam
3419 4612 3620 4679 fuisse;

2024 4688 2484 4758 quandoquidem,
2509 4700 2568 4744 ut
2591 4691 2698 4744 dixi
2727 4733 2738 4754 ,
2765 4693 3028 4750 noluisset
3051 4696 3228 4766 jusms
3278 4702 3367 4756 ille
3405 4703 3624 4760 aliunde

2027 4793 2246 4832 uxorem
2269 4779 2536 4848 accipere.
2561 4780 2818 4851 Saperest
2844 4793 2897 4838 et
2922 4785 3023 4839 alia
3047 4803 3206 4842 causa
3238 4793 3406 4862 magis
3427 4808 3621 4850 arcana

2029 4880 2076 4921 et
2101 4871 2344 4938 mystica,
2368 4887 2462 4925 cur
2486 4872 2716 4941 Virginis
2745 4876 2976 4946 majores
2994 4878 3205 4935 silentio
3230 4884 3375 4940 missi
3402 4885 3621 4953 fuerint,

2017 4981 2175 5035 quam
2202 4968 2526 5038 bic,aperire
2561 4972 2740 5027 minus
2775 4985 3134 5043 Opportunum
3160 4992 3324 5048 esset,
3354 4987 3474 5054 quia
3492 4987 3604 5057 jam

2017 5056 2181 5110 multa
2209 5055 2349 5112 dicta
2374 5069 2517 5112 sunt.
2548 5061 2911 5126 Quamobrem
2941 5067 3025 5122 hic
3047 5073 3403 5138 qumstionum
3447 5055 3603 5134 finem

2016 5147 2287 5214 facientes,
2315 5163 2377 5203 ea
2404 5166 2522 5218 quas
2555 5151 2709 5207 nobis
2748 5155 3009 5222 explicata
3035 5170 3160 5214 sunt
3193 5176 3442 5221 accurate
3473 5171 3607 5223 retis

2017 5251 2274 5291 neamus:
2307 5253 2535 5308 nempe,
2565 5256 2662 5296 cur
2698 5243 2910 5298 Davidis
2947 5250 3150 5303 mentio
3189 5253 3418 5321 primum
3466 5256 3604 5314 facta

2016 5326 2172 5380 fuerit
2189 5343 2202 5389 ;
2221 5342 2314 5382 cur
2332 5329 2521 5384 librum
2539 5335 2809 5388 vocaverit
2827 5336 3014 5390 librum
3033 5343 3415 5412 generationis,
3438 5363 3607 5416 quare

2017 5417 2363 5480 dixeritJew
2381 5417 2770 5492 Christi;quare
2799 5430 3076 5494 generatio
3107 5431 3174 5483 sit
3209 5437 3510 5492 communis
3552 5449 3605 5493 et

2017 5529 2119 5567 non
2137 5517 2463 5577 communis;
2484 5515 2746 5570 undenam
2773 5518 2932 5572 Maria
2955 5535 3019 5575 ex
3039 5521 3236 5578 Davide
3251 5536 3364 5580 orta
3385 5543 3503 5584 esse
3524 5545 3604 5585 os-

2018 5603 2292 5670 tendatur;
2314 5619 2409 5660 cur
2433 5606 2572 5662 illius
2596 5607 2888 5677 majoribus
2908 5609 3120 5668 silentio
3137 5615 3337 5685 missis,
3357 5621 3604 5688 genealo-

2095 5825 2109 5852 ι
2150 5822 2262 5884 Alii,
2289 5819 2354 5870 ita
2381 5819 2565 5872 virtutis
2588 5827 2689 5872 erat
2715 5829 2922 5873 ωιιίειον.
