4056 6518
442 383 515 440 29
1087 385 1152 443 S.
1201 385 1488 442 JOANNIS
1525 383 2002 440 CHRYSUSTUMI
2043 380 2363 437 ARCHIEP.
2406 373 2950 437 CONSTANTINOP.
3597 378 3669 436 30

431 496 515 565 gia
532 493 745 563 Iosephi
772 492 930 549 ducta
958 489 1136 548 fuerit.
1160 491 1217 547 Si
1241 491 1382 546 enim
1405 489 1517 545 lucc
1543 488 1907 552 servaveritis,
1931 487 1998 542 ad

432 586 632 656 reliqua
659 581 884 640 dicenda
914 585 1205 640 alacriores
1229 597 1326 637 nos
1345 580 1577 638 reddetis
1597 598 1613 646 ;
1631 581 1674 635 si
1716 595 1842 636 vero
1887 580 1999 635 lucc

433 675 742 744 respueritis
765 683 820 730 et
841 690 908 729 ex
942 673 1206 729 mentibus
1233 672 1391 726 missa
1423 673 1671 734 feceritis,
1703 669 1769 724 ad
1795 680 1989 725 caetera

433 765 750 836 proferenda
788 764 1062 834 segniores
1107 763 1329 817 erimus.
1368 760 1548 830 Neque
1593 761 1733 816 enim
1768 760 1998 830 agricola

433 863 625 910 terram
648 895 663 920 ,
685 869 802 925 qua:
829 854 1031 910 semina
1060 860 1403 922 corrumpat,
1437 852 1661 907 libenter
1685 852 1998 906 excoluerit.

431 942 784 1009 Quamobrem
805 982 819 1007 ,
847 956 976 1011 rogo
999 981 1014 1002 .
1059 940 1172 995 haec
1213 949 1391 994 mente
1426 939 1668 994 volvatis.
1701 939 1777 994 Ex
1820 940 1999 993 talium

324 1097 331 1102 λ
433 1032 630 1102 quippe
651 1046 830 1086 rerum
860 1029 1204 1084 meditatione
1231 1043 1477 1098 magnum
1508 1028 1774 1097 quidpiam
1791 1037 1844 1082 et
1861 1027 2003 1082 saluo

438 1133 548 1178 tare
574 1123 770 1176 bonum
797 1121 989 1176 animm
1011 1119 1234 1188 paritur.
1256 1118 1384 1173 Nam
1413 1127 1467 1173 et
1493 1119 1602 1174 Deo
1623 1117 1831 1187 placere
1852 1125 2002 1186 pote.

431 1217 598 1270 rinms
619 1255 634 1278 ,
661 1214 704 1267 si
731 1213 845 1266 ha-c
867 1227 1134 1276 curemus,
1153 1220 1207 1266 et
1233 1226 1323 1266 ora
1345 1219 1525 1265 nostra
1563 1224 1593 1263 a
1625 1209 1962 1265 contumeliis
1982 1247 2001 1275 ,

431 1307 694 1362 obscaenis
721 1306 897 1361 verbis
921 1314 974 1359 et
1009 1304 1260 1359 conviciis
1309 1317 1436 1363 Dura
1465 1312 1658 1369 erunt,
1689 1303 1814 1356 dum
1839 1301 2000 1371 spiri-

434 1399 662 1452 tualibus
708 1395 1098 1452 exercehuntt‘tr
1124 1387 1385 1465 eloquiis';
1432 1393 1864 1462 daemonibnsque
1893 1392 2003 1448 for-

432 1487 711 1543 midabiles
737 1501 856 1542 esse
881 1485 1192 1556 poterimus,
1219 1483 1265 1538 si
1294 1484 1522 1553 linguam
1545 1491 1781 1540 nostram
1810 1484 2004 1539 talibus

434 1577 716 1631 verborum
755 1577 920 1631 armis
960 1574 1296 1630 muniamus:
1348 1573 1471 1627 hinc
1519 1573 1797 1628 oculorum
1852 1573 2006 1629 nobis

434 1665 810 1736 perspicacitas
839 1674 1078 1733 augetur.
1104 1662 1236 1717 Nam
1265 1670 1320 1718 et
1342 1661 1548 1727 oculos,
1579 1671 1633 1716 et
1655 1676 1736 1728 os,
1769 1671 1823 1718 et
1849 1662 2002 1717 audi-

438 1768 547 1814 tum
575 1756 695 1811 ideo
719 1758 770 1811 in
801 1755 954 1809 nobis
985 1755 1177 1822 posuit,
1207 1762 1264 1808 ut
1286 1754 1467 1808 omnia
1497 1753 1596 1821 ipsi
1625 1755 1860 1808 membra
1893 1767 2008 1808 ser-

439 1850 648 1914 virent;
680 1857 736 1902 ut
761 1862 879 1918 qum
907 1843 1073 1917 ipsius
1103 1855 1227 1900 sunt
1255 1847 1566 1914 loquamur,
1599 1853 1657 1899 ut
1692 1861 1811 1913 quae
1840 1847 2005 1913 ipsius

439 1946 562 1993 sunt
589 1952 888 2006 operemur.
919 1945 976 1988 ut
1005 1943 1259 2004 perpetuo
1283 1932 1508 2004 hymnos
1533 1933 1631 2001 ipsi
1656 1947 1927 1999 canamus,
1949 1942 2006 1988 nt

438 2028 728 2098 gratiarum
756 2025 993 2080 actiones
1029 2024 1332 2079 emittamus
1349 2062 1365 2088 ,
1394 2037 1458 2077 ac
1484 2037 1577 2090 per
1597 2023 1711 2078 haec
1732 2025 2008 2078 censcien-

445 2119 568 2172 tiam
600 2127 835 2170 nostram
875 2128 1182 2185 purgemus.
1221 2111 1676 2180 Quemadmodum
1718 2117 1858 2167 enim
1885 2129 2008 2168 cor-

439 2224 543 2278 pus
564 2222 706 2279 puro
732 2207 920 2262 fruens
944 2221 1070 2278 aere
1095 2205 1366 2260 valentius
1392 2205 1606 2266 evadet,
1635 2205 1715 2258 sic
1743 2213 1801 2258 et
1823 2203 2006 2258 anima

437 2301 525 2357 his
553 2299 832 2357 exercitiis
870 2297 1157 2364 innutrita,
1185 2295 1546 2367 philosoth
1578 2296 1749 2366 magis
1787 2293 2008 2351 addicta

439 2388 569 2444 erit.

450 2637 453 2639 ί
506 2569 561 2619 κ.
587 2566 777 2622 annon
803 2563 952 2620 vides
993 2561 1236 2632 corporis
1263 2559 1446 2615 oculos
1470 2600 1485 2626 ,
1516 2558 1641 2614 dum
1669 2561 1721 2612 in
1743 2557 1887 2613 fumo
1907 2573 2026 2614 ver-

439 2652 644 2723 santur,
674 2655 935 2725 laerymas
961 2665 1171 2721 semper
1198 2649 1434 2713 fundere,
1459 2662 1580 2703 cum
1606 2656 1783 2703 autem
1808 2648 1861 2701 in
1891 2662 2024 2718 puro

442 2765 591 2815 aere,
621 2749 674 2803 in
703 2757 876 2818 prato,
906 2748 958 2801 in
989 2745 1255 2812 fontibus,
1286 2747 1340 2799 in
1372 2744 1559 2809 hortis,
1587 2752 1644 2800 et
1667 2744 2021 2814 perspicacioo

441 2851 528 2891 res
556 2846 611 2891 et
637 2836 875 2890 saniores
896 2834 1054 2891 esse?
1081 2833 1227 2889 Talis
1247 2841 1404 2889 estet
1427 2832 1618 2887 anima:
1644 2833 1828 2887 oculus
1851 2850 1865 2887 :
1888 2832 1932 2886 si
1963 2832 2019 2885 in

440 2935 592 2996 [rato
613 2925 962 2995 spiritualium
983 2925 1312 2995 eloquiorum
1339 2931 1605 2993 pascatur,
1637 2938 1819 2992 purus,
1844 2923 2018 2977 clarus

441 3025 498 3071 et
523 3015 794 3085 perspicax
815 3015 952 3078 erit;
981 3015 1062 3068 sin
1105 3013 1303 3070 fumum
1324 3013 1656 3068 saecularium
1685 3013 2018 3082 negotiorum

442 3107 616 3170 adeat,
646 3106 925 3176 plurimum
953 3103 1330 3174 lacrymabitur
1347 3117 1411 3156 ac
1439 3101 1616 3167 ﬂebit,
1645 3110 1700 3157 ct
1729 3116 1869 3157 nunc
1892 3111 1945 3155 et
1971 3101 2022 3155 in

443 3197 642 3253 futuro.
685 3196 924 3250 Humana
963 3195 1158 3265 quippe
1216 3193 1426 3262 negotia
1476 3192 1617 3246 fumo
1659 3201 1783 3246 sunt
1810 3192 2020 3246 similia.

441 3286 669 3358 ideoque
694 3286 907 3342 dicebat
945 3283 1202 3354 quispiam
1227 3300 1239 3336 :
1265 3282 1564 3352 Defererunt
1583 3283 1712 3336 sicut
1731 3282 1899 3351 fantur
1918 3283 2023 3337 dies

444 3380 543 3431 mei
572 3377 741 3448 (Paul.
772 3377 894 3430 101.
926 3375 1008 3444 4).
1047 3372 1152 3429 Sed
1203 3373 1294 3427 ille
1321 3372 1531 3440 quidem
1575 3371 1643 3425 de
1684 3371 1943 3425 brevitate
1971 3380 2023 3425 et

446 3465 514 3520 de
539 3466 656 3534 luga
683 3465 894 3519 mobilis
922 3465 1020 3519 ξιινί
1050 3462 1318 3532 loquitur:
1345 3475 1444 3532 ego
1471 3475 1596 3516 vero
1622 3475 1726 3516 non
1753 3461 1820 3515 de
1841 3463 1938 3515 hac
1959 3475 2018 3515 re

448 3566 674 3621 tantum,
704 3555 799 3611 sed
827 3557 986 3612 etiam
1025 3555 1092 3610 de
1121 3553 1514 3625 perturbatione
1540 3553 1554 3584 ⁸
1582 3566 1756 3607 rerum
1787 3565 2018 3620 praesen.

446 3649 576 3700 tium
601 3648 713 3701 haec
738 3644 1043 3716 accipienda
1063 3657 1186 3699 esse
1208 3655 1425 3709 censeo.
1470 3640 1609 3695 Nihil
1660 3641 1803 3695 enim
1831 3639 2022 3694 mentis

444 3736 656 3790 oculum
685 3739 754 3789 ita
781 3737 918 3790 male
942 3734 1104 3790 afﬁcit
1129 3742 1184 3789 et
1210 3732 1407 3795 turbat,
1433 3739 1489 3784 ut
1511 3731 1843 3784 saacularium
1868 3743 2024 3783 cura-

449 3840 566 3878 rum
597 3826 869 3884 tumultus.
893 3834 947 3878 et
969 3809 1516 3892 concupiscentiarum
1540 3820 1711 3874 turba.
1737 3820 1860 3873 Haec
1880 3820 2021 3873 enim

455 3905 601 3966 sunt
625 3914 753 3966 fumi
803 3911 1020 3980 hujusce
1067 3912 1227 3981 ligna.
1258 3914 1335 3967 Ac
1372 3909 1816 3984 quemadmodum
1846 3909 1980 3980 ignis
2001 3948 2022 3976 ,

446 4018 566 4055 cum
596 4001 864 4056 humidam
887 4001 1160 4056 materiam
1201 4003 1440 4070 corripit,
1468 4001 1690 4055 multum
1718 4001 1912 4054 excitat
1938 4000 2020 4054 fu-

455 4105 634 4145 rnum:
663 4091 739 4145 sic
766 4100 820 4146 et
843 4089 1267 4160 concupiscentia
1285 4129 1302 4156 ,
1332 4105 1452 4159 qum
1496 4091 1706 4144 fervens
1736 4098 1790 4144 et
1818 4089 1927 4158 ipsa
1957 4103 2020 4144 ac

446 4181 592 4251 quasi
616 4181 853 4240 ﬂammea
887 4190 988 4245 est,
1018 4195 1137 4235 eum
1161 4179 1428 4233 humidam
1451 4179 1734 4252 quamdam
1757 4192 1820 4230 ac
1846 4178 2025 4230 disso-

457 4273 618 4324 lutam
643 4269 866 4337 corripit
887 4270 1137 4332 animam,
1171 4266 1392 4320 multum
1417 4274 1472 4321 et
1495 4267 1608 4336 ipsa
1639 4267 1841 4320 fumum
1864 4265 2020 4334 parit.

449 4360 650 4415 Idcirco
682 4373 815 4427 opus
834 4371 916 4412 est
935 4373 1055 4414 rore
1075 4358 1320 4426 Spiritus,
1345 4367 1398 4411 et
1419 4371 1542 4410 aura
1571 4357 1680 4422 illa,
1705 4371 1825 4425 qua:
1847 4356 2021 4424 ignem

447 4452 781 4520 exstinguat,
808 4463 872 4503 ac
895 4447 1097 4502 fumum
1124 4447 1377 4517 dissipet,
1411 4455 1745 4516 mentemque
1783 4454 2019 4498 nostram

449 4540 718 4594 vtlucrem
746 4536 949 4592 reddat.
977 4535 1084 4591 Nec
1111 4539 1231 4606 quis
1260 4545 1450 4606 potest,
1477 4550 1575 4590 nec
1599 4543 1770 4605 potest
1797 4534 1977 4604 utique
1998 4574 2015 4599 ,

448 4632 524 4676 tut
548 4622 769 4676 obrutus
795 4619 948 4674 malis
989 4620 1054 4674 ad
1101 4622 1290 4674 caelum
1331 4619 1553 4673 volare:
1599 4620 1692 4674 sed
1723 4620 2012 4688 Optandum

446 4721 546 4776 est,
577 4726 672 4765 nos
696 4711 967 4779 expeditos
987 4709 1123 4766 hanc
1150 4724 1301 4780 posse
1320 4723 1537 4779 carpere
1561 4710 1730 4775 viam;
1757 4711 1862 4765 imo
1888 4726 2019 4766 vero

447 4818 514 4857 ne
544 4803 619 4857 sic
662 4802 1187 4873 quidempossumus
1205 4843 1219 4864 ,
1251 4801 1353 4855 nisi
1382 4802 1492 4856 alas
1521 4792 1749 4870 Spiritus
1772 4818 2014 4857 assuma-

447 4909 582 4947 mus.
614 4893 667 4948 Si
700 4893 875 4962 itaque
915 4891 1156 4960 expedita
1205 4900 1411 4954 mente,
1442 4905 1505 4946 ac
1543 4890 1799 4958 spirituali
1842 4893 2010 4960 gratia

447 4998 580 5054 opus
609 4981 761 5036 nobis
785 4991 865 5036 est
889 5022 901 5045 ,
927 4992 984 5036 ut
1009 4980 1072 5033 ad
1104 4990 1304 5033 tantam
1332 4980 1707 5034 sublimitatem
1728 4981 2014 5036 ascendere

447 5074 754 5136 valeamus;
793 5087 912 5126 cum
960 5085 1142 5124 eorum
1183 5068 1338 5134 nihil,
1362 5069 1454 5122 sed
1501 5082 1719 5138 prorsus
1748 5071 2013 5124 contraria

447 5162 756 5232 pondusque
783 5160 1072 5214 satanicum
1102 5157 1476 5212 contrahamus
1503 5176 1516 5212 :
1548 5174 1652 5225 quo
1685 5168 1835 5227 pacto
1866 5171 2014 5227 pote-

447 5252 616 5306 rimus
638 5249 882 5316 avolare,
915 5255 1062 5302 tanto
1104 5261 1266 5302 onere
1306 5245 1584 5315 depressi?
1629 5245 1682 5301 Si
1729 5247 1848 5316 quis
1873 5248 2012 5302 enim

516 5491 533 5520 ι
570 5486 714 5536 Morel
742 5521 756 5542 ,
781 5486 841 5535 de
872 5483 1146 5548 (immittite.
1187 5481 1243 5548 In
1264 5488 1424 5534 Graeco
1454 5481 1652 5548 legitur,
1683 5488 1901 5548 ἀρεχνσδις,
1921 5493 2015 5543 qua

450 5560 568 5597 voce
593 5540 882 5607 exprimitur
905 5540 1135 5607 fragilitas
1158 5541 1275 5607 telas
1295 5540 1530 5607 araneae;
1549 5542 1636 5607 sed
1665 5540 1795 5607 nulla
1834 5555 1890 5591 su

451 5617 510 5674 tu
541 5619 635 5674 vox
655 5602 798 5658 latina
817 5619 927 5674 quae
944 5602 1184 5668 cdpiosam
1212 5602 1336 5654 hanc
1355 5602 1750 5667 signiﬁcationem
1770 5604 1821 5654 in
1843 5602 1908 5655 se'
1923 5602 2014 5653 ha-

2098 488 2248 556 quasi
2273 500 2326 539 m
2347 484 2504 554 iustis
2545 488 2764 535 staterts
2808 478 3070 547 cogitatus
3113 481 3324 530 nostros
3373 470 3678 541 appendere

2099 575 2262 642 velit,
2288 575 2426 628 inter
2455 571 2596 626 mille
2625 569 2817 623 talenta
2852 565 3185 621 s:ecularium
3209 577 3515 620 sermonum
3541 602 3558 628 ,
3588 561 3679 616 vix

2100 665 2346 720 denarios
2362 670 2576 716 centum
2592 657 2941 729 spiritualium
2958 656 3239 710 verborum
3260 652 3524 715 Inveniet;
3548 651 3679 716 imo,

2102 770 2170 810 ne
2197 754 2380 808 decem
2405 751 2613 804 obolos.
2643 752 2833 802 Annon
2861 761 2990 816 ergo
3010 753 3164 813 turpe
3191 744 3518 813 omninoque
3544 740 3677 796 ridi-

2101 844 2275 898 culum
2305 849 2422 907 est,
2468 839 2595 894 dum
2641 852 2853 892 servum
2880 835 3152 911 habentes,
3182 833 3274 887 illo
3310 842 3368 888 ut
3395 833 3678 903 plurimum

2101 936 2300 988 utimur
2328 930 2394 986 ad
2427 945 2514 986 res
2539 930 2889 992 necessarias,
2922 940 3021 981 nos
3048 940 3162 989 ore,
3191 925 3435 980 membro
3455 932 3640 979 nostro
3662 964 3680 991 ,

2101 1021 2456 1093 non-perinde
2480 1021 2554 1074 uti
2592 1027 2750 1087 atque
2778 1032 2974 1082 servo;
3005 1015 3100 1071 sed
3130 1023 3317 1070 contra
3336 1055 3352 1079 ,
3382 1013 3448 1068 ad
3476 1012 3683 1068 inutilia

2102 1123 2158 1170 et
2175 1113 2438 1183 superﬂua
2465 1109 2711 1181 negotia?
2739 1108 2911 1177 Atque
2935 1108 3134 1162 utinam
3161 1106 3228 1161 ad
3257 1105 3522 1175 superﬂua
3555 1117 3678 1160 tan-

2108 1217 2262 1270 tum:
2290 1204 2389 1259 sed
2421 1203 2586 1257 etiam
2618 1200 2711 1255 illo
2752 1202 2963 1254 utimur
2992 1197 3058 1252 ad
3096 1196 3377 1252 contraria
3424 1203 3482 1250 et
3523 1194 3688 1252 noxia

2064 1343 2071 1351 ,.
2105 1307 2164 1353 et
2206 1296 2343 1351 nihil
2386 1292 2641 1349 utilitatis
2679 1291 2960 1346 habentia.
2991 1289 3047 1344 Si
3083 1288 3231 1342 enim
3266 1287 3427 1342 nobis
3455 1302 3521 1342 ea
3565 1300 3692 1357 qua

2105 1387 2389 1458 loquimur
2414 1384 2574 1441 utilia
2599 1391 2805 1445 essent,
2823 1382 2988 1438 etiam
3019 1381 3132 1437 Deo
3158 1378 3545 1452 proculdubio
3568 1377 3691 1451 pla-

2106 1488 2320 1535 cerent.

2173 1678 2387 1750 Lingua
2409 1671 2730 1729 moderanda
2755 1669 2990 1724 ναίω-ι·
3009 1665 3160 1722 Nunc
3184 1676 3360 1722 autem
3401 1681 3465 1721 ea
3504 1663 3686 1719 omni:

2105 1771 2372 1841 loquimur
2398 1781 2516 1837 qua:
2543 1763 2785 1818 diabolus
2824 1759 3175 1830 suggesserit,
3222 1757 3382 1813 modo
3417 1756 3690 1821 ridentes,

2106 1861 2268 1917 modo
2296 1859 2494 1913 urbana
2520 1855 2816 1922 loquentes.
2845 1848 3005 1902 modo
3030 1847 3310 1902 maledicta
3334 1857 3389 1902 et
3410 1855 3693 1902 contume-

2081 1949 2208 2007 lias
2235 1946 2586 2017 proferentes,
2619 1938 2778 1995 modo
2812 1937 3052 2007 iurantes
3074 1976 3092 2002 ,
3141 1937 3463 1992 mentientes
3484 1975 3500 2000 ,
3547 1933 3696 2005 peie-

2109 2046 2316 2102 rantes;
2349 2049 2489 2091 nunc
2514 2031 2859 2098 ferocientes,
2904 2043 3044 2084 nunc
3082 2025 3247 2082 iutilia
3275 2036 3330 2081 et
3357 2026 3585 2080 anilibus
3611 2023 3695 2079 fa-

2113 2128 2253 2183 bulis
2279 2126 2475 2181 leviora
2497 2165 2512 2190 ,
2541 2138 2660 2191 qua:
2689 2122 2820 2177 nihil
2847 2123 2912 2177 ad
2940 2136 3038 2176 nos
3077 2118 3336 2183 attinent,
3379 2116 3429 2171 in
3459 2115 3696 2170 medium

2111 2216 2414 2272 aﬂcrentes.
2432 2213 2562 2280 Quis
2579 2214 2719 2269 enim
2743 2223 2996 2276 vestrum,
3019 2222 3223 2279 quaeso,
3247 2206 3515 2276 psalmum
3531 2218 3695 2258 unum

2114 2310 2342 2362 recitare
2379 2315 2628 2374 rogatus,
2679 2304 2732 2359 id
2759 2303 2936 2360 dicere
2959 2299 3164 2370 possit,
3201 2296 3286 2351 vel
3322 2295 3478 2350 aliam
3504 2308 3697 2364 quam-

2117 2400 2257 2469 piam
2296 2396 2489 2450 divina:
2516 2395 2804 2464 Scriptum
2833 2389 3078 2462 partem?
3115 2386 3283 2442 Nemo
3322 2400 3472 2441 sane.
3511 2383 3697 2452 Neque

2123 2487 2248 2542 illud
2275 2487 2446 2540 solum
2471 2499 2630 2552 grave
2655 2493 2767 2546 est;
2813 2481 2906 2537 sed
2944 2477 3084 2550 quod
3110 2478 3249 2533 circa
3277 2473 3566 2544 spiritualia
3596 2471 3696 2527 de-

2117 2569 2258 2624 sides
2282 2609 2297 2634 ,
2345 2567 2486 2623 circa
2525 2569 2760 2622 satanica
2799 2567 2920 2636 igne
2948 2567 3064 2622 sitis
3093 2565 3459 2620 ferventiores.
3489 2563 3624 2619 Nam
3650 2578 3698 2620 st

2116 2659 2232 2727 quis
2259 2673 2355 2713 vos
2385 2659 2713 2727 interrogare
2755 2657 2883 2711 velit
2921 2656 2989 2710 de
3027 2654 3300 2711 diabolicis
3327 2655 3584 2720 canticis,
3628 2653 3700 2710 de

2118 2749 2432 2804 meretriciis
2472 2759 2527 2804 et
2569 2748 2780 2802 lascivis
2819 2747 3178 2813 carminibus,
3225 2744 3423 2800 multos
3464 2745 3699 2800 inveniet

2118 2839 2204 2905 qui
2237 2837 2351 2891 haec
2395 2847 2641 2892 accurate
2684 2837 2888 2902 sciant,
2930 2846 2984 2890 et
3029 2850 3152 2890 cum
3196 2835 3466 2904 voluptate
3504 2847 3697 2905 magna

2120 2929 2484 2995 pronuntient.
2513 2928 2615 2983 Sed
2645 2942 2763 2997 quze
2791 2926 3032 2984 defensio
3069 2927 3134 2982 ad
3174 2929 3331 2983 talem
3372 2926 3700 2982 criminatio-

2120 3019 2286 3072 nem?
2317 3017 2429 3073 Non
2460 3034 2609 3082 sum,
2655 3018 2854 3088 inquit,
2897 3017 3217 3084 monachus,
3259 3017 3353 3073 sed
3393 3033 3611 3073 uxorem
3640 3027 3698 3074 et

2121 3106 2257 3162 ﬁlios
2290 3107 2482 3171 habeo,
2510 3122 2798 3177 curamque
2825 3106 3134 3163 domesticae
3159 3108 3239 3163 rei
3267 3122 3416 3178 gero.
3444 3106 3606 3178 Atqui
3632 3107 3698 3162 il-

2119 3198 2207 3250 lud
2238 3209 2320 3254 est
2348 3199 2489 3269 quod
2519 3200 2696 3255 omnia
2723 3198 3032 3269 pessumdat
3055 3240 3070 3265 ,
3115 3200 3257 3270 quod
3298 3199 3366 3254 ad
3403 3199 3698 3256 monachos

2117 3288 2289 3344 solum
2321 3289 2514 3359 putetis
2557 3291 2822 3360 pertinere
2857 3290 3140 3346 lectionem
3179 3289 3475 3346 divinarum
3513 3289 3696 3361 Scrip-

2121 3383 2387 3440 turarum,
2431 3392 2552 3431 cum
2599 3379 2766 3446 multo
2810 3380 2976 3447 magis
3011 3395 3169 3448 quam
3199 3377 3303 3433 illis
3329 3379 3399 3433 sit
3424 3380 3575 3434 vobis
3601 3393 3698 3435 ne-

2117 3465 2370 3519 cessaria.
2403 3463 2480 3519 Illi
2509 3466 2652 3521 enim
2681 3468 2770 3535 qui
2804 3467 2856 3520 in
2888 3467 3064 3521 medio
3092 3477 3393 3532 versantur,
3423 3481 3479 3523 et
3513 3469 3693 3538 quoti-

2118 3553 2203 3607 die
2223 3556 2438 3610 vulnera
2461 3555 2751 3631 excipiunl,
2777 3559 2943 3613 multo
2957 3560 3125 3629 magis
3145 3559 3494 3617 medicamine
3513 3573 3694 3631 egent.

2118 3638 2299 3709 Itaque
2329 3643 2482 3714 longe
2509 3647 2658 3714 pejus
2687 3657 2799 3710 est,
2822 3661 2978 3716 quam
3011 3663 3115 3702 non
3146 3648 3339 3718 legere,
3370 3649 3693 3720 superﬂuam
3717 3667 3727 3671 ·

2119 3746 2230 3786 rem
2275 3749 2396 3789 esse
2448 3744 2654 3806 putare.
2703 3737 2828 3792 llaec
2856 3739 3052 3808 quippe
3094 3739 3255 3796 verba
3295 3741 3529 3797 satanica
3567 3753 3703 3804 sunt

2119 3832 2439 3877 commenta.

2191 4003 2242 4056 6.
2304 3999 2470 4053 Lectio
2514 3995 2880 4066 evangeliorum
2926 3990 3222 4044 necessaria.
3247 3984 3450 4038 -—Non
3501 3982 3697 4038 auditis

2120 4093 2340 4148 Paulum
2371 4089 2670 4150 dicentem,
2707 4087 2820 4140 haec
2849 4082 3026 4139 omnia
3052 4080 3117 4133 ad
3147 4078 3538 4147 correptionem
3568 4090 3696 4131 nos-

2125 4192 2259 4232 tram
2287 4178 2482 4244 scripta
2501 4191 2618 4229 esse
2641 4175 2658 4244 (
2683 4176 2732 4228 I.
2759 4174 2875 4228 Cor.
2907 4172 2992 4226 I0.
3022 4171 3080 4224 11
3103 4167 3160 4239 )‘.’
3184 4168 3262 4222 Tu
3283 4182 3432 4230 vero,
3459 4166 3503 4220 si
3533 4165 3698 4220 Evan-

2125 4271 2320 4341 gelium
2349 4267 2510 4323 ill0tis
2537 4265 2780 4319 manibus
2815 4276 3027 4317 sumere
3067 4267 3371 4328 oporteret,
3420 4256 3472 4310 id
3515 4256 3696 4326 utique

2126 4359 2318 4422 nolles,
2347 4368 2401 4413 et
2431 4366 2606 4410 tamen
2630 4365 2783 4424 putas
2807 4369 2868 4407 ea
2895 4368 3013 4420 qua:
3035 4351 3085 4404 in
3113 4351 3203 4404 illo
3227 4349 3564 4404 continentur
3589 4363 3698 4404 non

2125 4467 2245 4507 esse
2272 4448 2555 4503 admodum
2584 4444 2900 4501 necessaria.
2941 4443 3168 4511 Ideoque
3193 4441 3368 4495 omnia
3397 4455 3489 4495 sus
3528 4440 3703 4509 deque

2129 4556 2279 4596 versa
2308 4547 2451 4594 sunt.
2481 4538 2630 4603 Quod
2657 4537 2702 4590 si
2745 4535 2951 4590 discere
2985 4533 3117 4588 velis
3147 4543 3400 4601 quantum
3447 4530 3578 4584 lucri
3618 4545 3705 4586 re-

2131 4641 2368 4703 portetur
2392 4645 2454 4684 ex
2484 4627 2768 4696 Scriptnris
2794 4644 2807 4678 :
2836 4635 2887 4680 te
2907 4625 3076 4694 ipsum
3097 4623 3361 4682 examina,
3385 4637 3492 4691 quo
3513 4637 3705 4692 nempe

2133 4726 2184 4777 in
2210 4723 2314 4777 situ
2339 4729 2394 4776 et
2422 4729 2560 4775 statu
2588 4720 2660 4774 sis
2689 4733 2808 4772 cum
2851 4716 3084 4784 psalmos
3112 4713 3262 4767 audis
3281 4753 3297 4778 ,
3345 4726 3399 4766 et
3427 4727 3554 4783 quo,
3583 4727 3705 4768 cum

2133 4813 2421 4866 satanicam
2470 4811 2783 4863 cantilenam
2825 4812 2848 4855 ι
2876 4813 2982 4870 quo
3022 4802 3212 4856 allecto
3258 4804 3333 4856 sis
3381 4803 3432 4856 in
3476 4803 3707 4860 ecclesia

2137 4914 2356 4955 versans
2375 4940 2391 4965 ,
2423 4912 2528 4968 quo
2555 4898 2605 4952 in
2637 4898 2845 4953 theatro
2871 4896 3100 4951 sedens:
3127 4892 3432 4963 videbisque
3457 4902 3713 4963 quantum

2136 4993 2207 5046 sit
2233 4990 2523 5045 discrimen
2555 4989 2689 5042 inter
2718 4985 2855 5040 hanc
2882 4995 2937 5039 et
2975 4985 3117 5038 illam
3163 4984 3414 5048 animam,
3458 4983 3582 5036 licet
3611 4996 3714 5036 una

2137 5081 2428 5151 eademque
2458 5078 2544 5132 sit.
2577 5075 2804 5147 Ideoque
2832 5075 3024 5129 Paulus
3052 5074 3214 5128 dicit:
3241 5071 3581 5139 Coi-mimum
3608 5087 3716 5125 mo-

2140 5189 2218 5226 res
2243 5173 2396 5249 impos
2422 5168 2670 5236 colloquia
2697 5182 2850 5237 prava
2876 5167 2958 5236 (I.
2988 5165 3104 5219 Cor.
3134 5165 3221 5220 I5.
3250 5165 3377 5232 55).
3412 5161 3612 5215 Itlcinco
3639 5176 3720 5218 asc

2139 5261 2306 5316 siduis
2327 5259 2552 5328 Spiritus
2574 5258 2740 5312 sancti
2763 5256 3003 5311 cantibus
3022 5270 3258 5324 egemus.
3287 5251 3418 5305 lllud
3458 5251 3600 5306 enim
3637 5261 3719 5307 est

2141 5352 2194 5406 in
2224 5367 2329 5421 quo
2365 5351 2533 5404 brutis
2574 5356 2925 5418 prazstamus,
2977 5346 3100 5400 licet
3141 5345 3194 5399 in
3242 5344 3358 5399 aliis
3398 5342 3716 5412 quibusdam

2144 5441 2298 5511 longe
2331 5441 2455 5509 ipsis
2483 5439 2762 5495 inferiores
2788 5439 2980 5493 simus.
3008 5437 3120 5492 Hoc
3152 5444 3236 5492 est
3260 5436 3573 5490 alimentum
3601 5433 3717 5490 auio

2145 5547 2274 5597 mae,
2310 5530 2410 5585 hoc
2436 5538 2803 5586 ornamentum
2830 5569 2844 5593 ,
2892 5529 2991 5584 hoc
3028 5527 3322 5588 securitas;
3360 5533 3546 5580 contra
3586 5540 3720 5580 vero

2144 5635 2250 5677 no
2276 5620 2491 5686 audire,
2531 5620 2655 5680 illud
2698 5619 2891 5683 fames,
2931 5616 3060 5673 illud
3095 5615 3366 5685 corruptio
3392 5625 3474 5672 est
3517 5625 3531 5662 :
3576 5613 3733 5668 Dabo
