4056 6552
248 449 305 504 51
1388 445 1451 502 ΙΝ
1494 441 1841 500 MATTIUEI

1979 437 2214 494 HOMIL
2259 434 2353 489 ιιι.
3435 441 3507 497 3,

243 562 376 614 enim
429 561 524 622 eis,
574 560 773 628 inquit,
832 574 936 612 non
995 559 1190 627 {ament
1246 558 1420 628 panis,
1468 573 1634 627 neque
1682 556 1825 610 sitim

243 680 428 734 aqua;
471 666 564 719 sed
618 665 817 732 famem
869 663 1119 718 audiendi
1171 665 1314 717 verbi
1366 664 1581 718 Domini
1633 663 1828 733 (Amos

243 769 292 824 8.
338 771 395 824 ll
420 769 461 838 ).
500 767 640 834 Quid
681 776 867 822 autem
909 766 1185 822 infelicius
1229 782 1352 824 esse
1387 769 1578 838 possit,
1633 783 1823 838 quam,

241 890 364 928 cum
397 872 533 928 illud
567 873 715 942 quod
743 873 888 928 Deus
918 881 981 925 ut
1011 887 1230 942 pmnam
1260 874 1652 936 comminatur,
1688 871 1826 926 illud

241 979 416 1048 ipsum
460 980 667 1032 malum
717 985 777 1032 tu
819 985 1016 1048 sponte
1064 979 1118 1032 in
1165 987 1332 1048 caput
1363 987 1518 1033 tuum
1550 979 1823 1040 attrahis,

238 1083 367 1137 dum
392 1085 717 1154 gravissima
741 1083 882 1137 fame
911 1083 1083 1140 amcis
1105 1085 1344 1139 animam
1369 1094 1540 1148 tuam,
1565 1084 1826 1153 illamque

237 1189 495 1258 omnibus
533 1165 1114 1245 inﬁrmioremireddis
1137 1191 1159 1243 ?
1186 1190 1322 1244 Nam
1363 1206 1394 1244 a
1423 1190 1610 1244 verbis
1644 1189 1738 1244 illa
1771 1195 1828 1243 et

236 1294 514 1362 corrumpi
556 1303 613 1347 et
648 1295 829 1349 sanari
857 1294 1018 1349 solet.
1064 1294 1351 1364 Siquidem
1379 1295 1491 1349 illis
1521 1303 1579 1348 et
1603 1295 1658 1347 in
1690 1292 1827 1347 iram

236 1398 562 1461 concitatur,
595 1408 650 1452 et
679 1407 956 1453 commota
985 1398 1307 1469 mitigatur:
1331 1400 1399 1454 ad
1429 1399 1828 1467 concupiscen-

236 1501 368 1555 tiam
423 1501 689 1555 lascivum
739 1502 950 1556 dictum
1005 1501 1274 1565 incendit,
1309 1509 1367 1555 et
1402 1500 1467 1555 ad
1517 1499 1828 1556 castitatem

235 1607 467 1661 verbum
513 1606 808 1660 honestum
859 1606 1099 1661 reducit.
1157 1604 1216 1660 Si
1263 1605 1412 1660 enim
1461 1618 1642 1660 sermo
1677 1604 1828 1658 solus

240 1718 446 1765 tantam
473 1709 584 1763 vim
608 1710 797 1774 habet,
824 1726 946 1776 cur,
971 1725 1178 1781 quaeso,
1206 1711 1522 1780 Scripturas
1547 1709 1828 1779 despicis?

239 1813 295 1869 Si
325 1829 563 1884 namque
594 1814 1004 1871 admonitiones
1032 1822 1244 1869 tantum
1274 1814 1480 1878 valent,
1509 1814 1684 1868 multo
1711 1827 1826 1867 ma-

239 1916 319 1986 gis
370 1918 592 1986 quando
645 1934 770 1972 cum
826 1918 1298 1973 admonitionibus
1353 1918 1512 1973 adest
1565 1918 1823 1987 Spiritus.

241 2021 458 2076 Etenim
498 2022 727 2076 verbum
759 2036 827 2076 ex
866 2021 1174 2093 Scripturis
1204 2022 1409 2078 divinis
1436 2022 1710 2094 prolatum
1746 2023 1829 2076 in-

238 2124 492 2180 duratam
528 2128 763 2181 animam
801 2128 926 2199 igne
957 2130 1344 2184 vehementius
1377 2129 1608 2194 emollit,
1655 2138 1711 2184 et
1757 2128 1826 2183 ad

239 2230 498 2298 quaelibet
522 2231 665 2285 bona
690 2242 873 2301 aptam
901 2232 1088 2288 edicit.
1121 2233 1214 2288 Sic
1241 2249 1367 2288 cum
1399 2233 1602 2288 Paulus
1626 2231 1824 2287 Corin-

239 2332 386 2388 thios
408 2334 626 2390 inflatos
651 2344 707 2390 et
735 2344 1014 2392 tumentes
1034 2352 1156 2393 esse
1181 2337 1653 2407 deprehendisset,
1679 2352 1826 2392 com-

238 2441 440 2509 pressit
480 2456 545 2493 ac
582 2440 948 2496 modestiores
997 2442 1258 2498 reddidit.
1308 2443 1385 2498 De
1427 2443 1634 2513 quibus
1679 2442 1829 2496 enim

237 2544 450 2611 pudore
484 2544 798 2614 ruboreque
829 2545 967 2601 allici
1006 2562 1105 2616 par
1138 2556 1280 2610 erat,
1326 2547 1395 2601 de
1426 2547 1621 2601 iisdem
1653 2546 1826 2600 altum

239 2646 548 2716 sepiebant.
590 2648 694 2702 Sed
737 2658 1030 2718 postquam
1075 2650 1230 2705 Pauli
1271 2651 1560 2719 epistolam
1597 2664 1826 2720 accepe-

238 2759 386 2815 rant,
431 2750 563 2804 audi
610 2752 833 2807 illorum
868 2754 1254 2817 mutationem,
1282 2770 1446 2825 quam
1491 2757 1608 2825 ipse
1639 2756 1833 2810 doctor

238 2852 570 2907 testificatus
591 2863 677 2908 est
702 2855 791 2911 his
818 2856 1040 2911 verbis:
1062 2857 1172 2910 Hoc
1189 2860 1329 2911 enim
1348 2860 1520 2927 ipsum
1547 2859 1834 2912 secundum

239 2955 416 3010 Deum
456 2961 788 3024 contristari,
830 2970 1092 3031 quantum
1130 2965 1184 3016 in
1218 2965 1358 3017 vobis
1392 2972 1643 3032 operatur
1681 2964 1833 3018 solli-

238 3061 526 3115 citudinem
555 3078 574 3115 :
601 3065 694 3116 sed
723 3065 1104 3134 defensionem,
1138 3068 1229 3120 sed
1265 3067 1706 3137 indignationem,
1746 3072 1836 3123 sed

236 3163 670 3232 mulationem,
716 3167 809 3222 sed
856 3169 1143 3222 uindictam
1180 3169 1266 3240 (Ξ.
1316 3169 1439 3223 Cor.
1485 3171 1534 3221 7.
1586 3171 1704 3237 ll).
1746 3170 1836 3224 Sic

1927 555 2181 618 famulos,
2223 554 2384 619 illius,
2422 569 2639 616 uxores.
2686 557 2893 611 amicos
2931 554 3306 619 instituamus,
3337 566 3394 611 et
3436 556 3510 612 de

1927 663 2169 718 inimicis
2195 665 2403 718 amicos
2433 663 2614 717 facere
2638 678 2916 718 curemus.
2943 663 3033 717 Sic
3060 664 3240 732 magni
3273 662 3354 716 illi
3378 663 3508 724 viri.

1927 769 2151 839 Deoque
2184 768 2369 831 amici,
2402 768 2663 822 meliores
2692 766 2872 821 effecti
2905 776 3053 819 sunt.
3091 766 3308 821 Etenim
3341 765 3510 821 David

1926 883 2050 941 post
2103 882 2414 942 peccatum,
2464 872 2623 927 verbi
2679 871 2883 934 fructu,
2940 869 2994 924 in
3045 871 3310 940 Optimam
3363 868 3514 926 illam

1927 977 2200 1031 deductus
2229 986 2313 1031 est
2343 977 2724 1046 paenitentiam
2755 975 2829 1044 (2.
2852 974 2981 1044 Reg.
3008 974 3092 1028 12.
3124 977 3210 1043 15)
3239 993 3252 1028 :
3277 977 3514 1045 apostoli

1927 1095 2149 1149 quoque
2200 1080 2282 1134 sic
2329 1080 2467 1134 tales
2517 1089 2834 1143 evaserunt,
2890 1079 3080 1148 quales
3131 1081 3408 1144 novimus,
3457 1088 3519 1136 et

1931 1185 2249 1240 universum
2274 1185 2474 1240 orbem
2512 1192 2878 1240 attraxerant.
2917 1185 3124 1255 Ecquis
3154 1184 3393 1250 fructus,
3429 1185 3519 1239 in-

1929 1291 2107 1361 quies,
2157 1291 2201 1346 si
2249 1291 2375 1360 quis
2421 1290 2628 1356 audiat,
2676 1299 2733 1346 et
2783 1290 2930 1345 dicta
2980 1305 3092 1345 non
3141 1292 3519 1360 exsequatur?

1929 1399 2049 1453 Non
2101 1397 2382 1452 modicum
2429 1404 2580 1452 certe
2632 1411 2700 1450 ex
2749 1396 2941 1450 auditu
2997 1395 3223 1451 accedet
3278 1395 3515 1449 lucrum.

1930 1504 2066 1559 Nam
2089 1504 2136 1557 is
2173 1504 2415 1572 seipsum
2449 1501 2734 1557 damnabit
2766 1509 2822 1554 et
2858 1501 3201 1571 ingemiscet,
3233 1511 3290 1555 et
3320 1516 3386 1555 eo
3419 1501 3521 1554 ali-

1929 1610 2151 1679 quando
2181 1608 2509 1671 deducetur,
2543 1617 2604 1662 ut
2633 1621 2754 1676 qure
2788 1606 2935 1660 dicta
2963 1616 3095 1660 sunt
3128 1605 3376 1674 impleat.
3413 1605 3519 1670 Qui

1927 1729 2061 1771 vero
2095 1731 2166 1769 ne
2213 1714 2438 1784 quidem
2478 1715 2584 1768 scit
2621 1728 2688 1766 an
2715 1711 3048 1781 peccaverit,
3076 1710 3298 1779 quando
3328 1726 3358 1764 a
3391 1725 3521 1779 pec-

1935 1819 2111 1874 cando
2140 1818 2411 1874 desistet?
2445 1817 2668 1888 quando
2701 1822 2922 1885 peccata
2957 1814 3244 1868 damnabit
3274 1814 3412 1868 sua?
3441 1813 3521 1867 Ne

1935 1923 2121 1992 itaque
2153 1930 2575 1978 contemnamus
2603 1920 2915 1975 divinarum
2944 1919 3238 1973 lectionem
3271 1917 3523 1987 Scriptu-

1932 2044 2141 2082 rarum.
2178 2029 2306 2084 Haec
2336 2029 2484 2084 enim
2518 2026 2790 2082 diabolica
2828 2037 2914 2080 est
2954 2026 3216 2095 cogitatio
3255 2039 3378 2093 qua:
3406 2039 3520 2078 non

1931 2133 2206 2200 permittit
2245 2141 2307 2187 ut
2349 2133 2671 2188 thesaurum
2716 2130 3025 2192 videamus,
3065 2143 3137 2182 ne
3171 2126 3395 2181 divitias
3426 2141 3521 2180 ac-

1932 2240 2238 2308 quiramus.
2262 2238 2390 2294 ldeo
2415 2238 2555 2292 nihil
2581 2250 2704 2292 esse
2727 2235 2866 2290 dicit
2889 2233 3083 2288 audire
3106 2233 3326 2288 divinas
3347 2232 3520 2301 leges,

1932 2360 2004 2399 ne
2033 2359 2101 2398 ex
2130 2329 2324 2398 auditu
2354 2357 2456 2397 nos
2488 2342 2556 2397 ad
2580 2341 2840 2397 effectum
2865 2355 2979 2394 rem
3004 2338 3280 2393 deducere
3310 2337 3522 2393 videat.

1937 2451 2184 2506 Scientes
2207 2451 2396 2520 igitur,
2430 2450 2573 2504 hanc
2597 2450 2717 2519 ejus
2735 2461 2859 2501 esse
2893 2444 3289 2516 nequissimam
3320 2449 3521 2508 artem,

1937 2560 2181 2630 undique
2219 2574 2322 2614 nos
2360 2558 2696 2617 muniamus,
2728 2565 2788 2610 ut
2819 2556 2906 2608 his
2947 2553 3118 2608 armis
3155 2552 3434 2615 instructi,
3466 2559 3524 2606 et

1936 2681 2036 2720 nos
2053 2664 2240 2718 invicti
2263 2676 2583 2716 maneamus
2597 2661 2828 2729 ejusque
2848 2666 3013 2727 caput
3029 2657 3313 2720 feriamus,
3331 2656 3525 2724 sicque

1934 2769 2177 2826 victoriae
2219 2767 2527 2838 insignibus
2565 2765 2840 2820 coronati.
2889 2764 3080 2816 futura
3112 2775 3522 2830 consequamur

1937 2875 2109 2938 bona,
2161 2874 2334 2944 gratia
2392 2880 2448 2925 et
2495 2870 2836 2940 benignitate
2889 2866 3108 2921 Domini
3162 2863 3340 2918 nostri
3394 2863 3521 2918 Jesu

1935 2979 2177 3043 Christi,
2217 2979 2307 3032 cui
2339 2976 2514 3047 gloria
2541 2982 2598 3028 et
2633 2973 2922 3043 imperium
2967 2972 3020 3026 in
3058 2970 3257 3026 saecula
3298 2969 3531 3026 saculo-

1944 3099 2088 3138 rum.
2127 3085 2315 3136 Amen.

1655 3780 1997 3839 HOMILIA
2046 3779 2152 3839 III.

242 4061 379 4122 CAP.
436 4062 485 4128 l,
537 4078 597 4116 v.
634 4061 691 4113 l.
727 4059 878 4112 Liber
921 4057 1275 4129 generationis
1323 4055 1449 4109 Iesu
1491 4053 1710 4118 Christi,
1761 4049 1859 4117 ﬁlii

748 4163 941 4226 David,
978 4161 1082 4230 ﬁlii
1107 4162 1398 4216 Abraham.

323 4374 374 4427 Ι.
408 4372 531 4426 εω-
583 4371 838 4438 Joscphi,
889 4385 994 4423 non
1031 4367 1214 4421 Marii:
1261 4368 1570 4437 genera-logia
1608 4367 1857 4417 ducatur.

237 4481 482 4535 —Ecce
530 4480 658 4549 jam
708 4475 928 4529 tertiam
972 4473 1457 4534 dissertatiouem,
1503 4483 1559 4525 et
1597 4469 1863 4539 promtnia

235 4585 498 4641 nondum
550 4578 925 4636 absolvimus.
981 4578 1102 4631 Non
1158 4591 1290 4647 ergo
1336 4575 1541 4629 frustra
1589 4573 1861 4635 dicebam,

235 4689 559 4745 admodum
627 4681 970 4754 profundam
1025 4695 1147 4736 esse
1204 4681 1401 4734 harum
1462 4680 1862 4734 sententiarum

236 4803 530 4851 naturam.
586 4793 717 4861 Age
765 4788 931 4842 hodie
974 4801 1096 4856 quae
1147 4786 1365 4842 residua
1419 4795 1548 4838 sunt
1596 4784 1863 4839 dicamus.

236 4898 384 4965 Quid
418 4913 564 4967 ergo
593 4897 718 4964 jam
757 4891 1097 4960 quaerimus?
1131 4890 1244 4945 Cur
1291 4889 1516 4958 Joseplii
1549 4887 1866 4957 genealogia

239 5007 509 5066 ducatur,
547 5001 653 5072 qui
691 4997 839 5052 nihil
881 4997 950 5051 ad
989 4997 1402 5066 generationem
1450 4992 1719 5049 contulit?
1746 4990 1864 5046 iam

237 5126 408 5165 unam
445 5120 692 5164 causam
721 5101 966 5156 diximus
995 5118 1008 5152 :
1038 5113 1220 5169 opera:
1242 5097 1484 5168 pretium
1509 5106 1594 5152 est
1618 5105 1678 5150 ut
1704 5095 1864 5150 aliam

237 5215 520 5274 dicamus,
574 5206 772 5278 magis
827 5203 1110 5274 mysticam
1164 5212 1221 5258 et
1277 5218 1552 5257 arcanam.
1609 5200 1867 5266 Quaenam

239 5319 331 5372 illa
378 5317 504 5370 est?
552 5311 819 5368 Nolehat
851 5307 1073 5362 ‘Judaeis
1124 5315 1313 5360 notum
1349 5322 1471 5363 esse
1516 5306 1635 5375 ipso
1682 5315 1870 5378 partus

254 5432 510 5490 tempore
551 5435 620 5473 ex
654 5413 899 5482 Virgine
923 5412 1074 5465 nasci
1101 5409 1401 5464 Christum.
1434 5410 1541 5465 Sed
1577 5425 1646 5465 ne
1681 5412 1871 5466 turbe-

241 5525 376 5582 mini
400 5525 472 5580 de
500 5524 908 5589 inexspectata
931 5513 1309 5583 responsione.
1334 5515 1521 5583 Neque
1542 5515 1689 5570 enim
1715 5530 1871 5569 meus

245 5633 336 5687 hic
362 5640 453 5686 est
491 5638 715 5687 sermo,
752 5618 855 5674 sed
892 5626 1110 5687 patrum
1147 5626 1467 5672 nostrorum
1513 5619 1866 5675 admirando-

245 5751 367 5794 rum
423 5731 874 5805 insigniumquc
909 5737 1178 5778 urorum.
1213 5722 1271 5778 Si
1324 5723 1472 5780 enim
1509 5725 1682 5780 multa
1735 5725 1869 5780 sub-

1964 4049 2195 4104 obscure
2226 4050 2294 4103 ab
2320 4049 2479 4101 initio
2509 4050 2773 4116 loquutus
2801 4058 2905 4111 est,
2932 4051 3132 4104 Filium
3157 4053 3402 4105 hominis
3425 4067 3550 4109 sese

1961 4167 2184 4213 vocans,
2215 4166 2320 4205 nec
2351 4151 2558 4218 ubique
2607 4163 2762 4203 suam
2808 4164 2936 4204 cum
2976 4149 3135 4205 Patre
3178 4154 3548 4222 aequalitatem

1963 4259 2107 4312 clare
2159 4257 2429 4319 revelans,
2469 4257 2600 4325 quid
2637 4257 2853 4311 miraris
2903 4257 2949 4312 si
3001 4257 3106 4312 hoc
3153 4260 3319 4313 etiam
3357 4261 3551 4314 adum-

1964 4364 2162 4428 bravit,
2195 4377 2391 4431 magna
2423 4362 2659 4430 quadam
2695 4373 2752 4417 et
2779 4363 3018 4424 mirabili
3045 4379 3180 4419 usus
3210 4368 3553 4420 oeconomia?

1963 4466 2176 4534 Ecquid
2203 4466 2294 4521 hic
2314 4465 2605 4519 mirabile?
2630 4465 2949 4535 iuquies.Ut
2977 4478 3224 4522 servaret
3249 4469 3550 4540 Virginem,

1963 4583 2019 4626 et
2043 4588 2072 4626 a
2107 4586 2274 4641 prava
2305 4571 2620 4640 suspicione
2656 4571 2937 4626 liberaret.
2967 4573 3024 4627 Si
3052 4577 3201 4629 enim
3226 4577 3346 4631 haec
3376 4577 3553 4633 Judzni

1966 4679 2032 4732 ab
2086 4677 2246 4730 initio
2297 4675 2607 4739 audissent,
2656 4676 2896 4746 maligne
2951 4694 3065 4732 rem
3116 4680 3555 4751 interpretantes

1966 4781 2246 4851 Virginem
2276 4780 2628 4848 lapidassent,
2657 4791 2820 4849 atque
2852 4792 2911 4836 ut
2955 4785 3262 4840 adulteram
3293 4788 3554 4841 damnas-

1967 4893 2108 4939 sent.
2141 4883 2278 4938 Nam
2329 4885 2373 4938 si
2422 4885 2478 4937 in
2526 4884 2670 4946 aliis,
2703 4900 2939 4954 quorum
2971 4888 3138 4942 etiam
3167 4892 3415 4960 exempla
3455 4893 3555 4946 ha-

1969 4991 2174 5046 bebant
2201 4993 2254 5045 in
2285 4993 2470 5046 Veteri
2500 4990 2873 5060 Testamento,
2906 4997 3258 5066 impudenter
3286 5002 3463 5068 palam
3495 5018 3556 5058 se

1971 5097 2235 5166 gerebant
2271 5116 2283 5150 :
2312 5097 2356 5150 si
2387 5097 2609 5166 quando
2634 5097 2912 5154 dremonas
2940 5102 3121 5170 ejecit.
3156 5104 3554 5162 daemoniacum

1974 5203 2262 5263 vocabant,
2300 5203 2342 5256 si
2372 5204 2499 5270 quia
2529 5203 2583 5256 in
2615 5203 2843 5257 sabbato
2878 5207 3115 5271 curavit,
3154 5209 3268 5261 Deo
3296 5211 3556 5266 adversa-

1982 5306 2124 5358 rium
2157 5306 2443 5374 putabant,
2469 5308 2687 5361 etiamsi
2715 5319 2877 5362 antea
2906 5308 3198 5364 sabbatum
3233 5327 3376 5382 same
3405 5315 3551 5369 solu-

1980 5420 2096 5465 tum
2133 5411 2328 5465 fuisset
2357 5430 2370 5463 :
2400 5412 2532 5480 quid
2580 5429 2686 5467 non
2721 5414 2920 5468 dicturi
2956 5426 3136 5482 erant,
3168 5418 3276 5473 hoc
3322 5422 3554 5476 audien-

1980 5518 2098 5571 tes?
2124 5517 2338 5571 Etenim
2368 5533 2468 5586 pro
2510 5518 2645 5587 ipsis
2673 5532 2970 5590 pugnasset
3003 5532 3177 5576 totum
3212 5527 3556 5593 praeteritum

1976 5631 2212 5691 tempus,
2239 5624 2329 5677 ubi
2360 5639 2656 5691 numquam
2687 5625 2819 5693 quid
2848 5628 3024 5682 simile
3046 5638 3260 5698 gestum
3284 5631 3479 5686 fuerat.
3500 5627 3557 5687 Si

1977 5741 2212 5795 namque
2244 5736 2369 5797 post
2397 5737 2476 5783 tot
2506 5729 2657 5798 signa
2691 5729 2846 5783 illum
2900 5731 3078 5788 adhuc
3131 5734 3350 5802 Iosephi
3385 5735 3560 5792 filium
