4056 6514
594 358 664 408 37'
1298 369 1353 422 S.
1384 367 1656 425 JOANNIS
1694 366 2160 424 CIIRYSOSTOMI
2202 367 2512 422 ABtllllEP.
2556 369 3082 426 (lOl‘x'S'fANTINUl‘.
3771 371 3835 424 Μ

596 466 954 534 appellatiant,
982 466 1242 534 quomodo
1285 476 1406 518 ante
1446 468 1530 518 illa
1577 471 1719 537 signa
1749 471 1918 538 ipsum
1948 484 2012 525 cx
2047 471 2159 525 Vir.

591 559 710 621 giae
743 567 919 609 natunt
947 557 1296 612 credidissent
1327 561 1347 610 Ἰ
1393 553 1532 614 Μεθ’
1557 562 1730 628 itaque
1770 563 1887 628 ejus
1913 577 2161 631 genealo-

591 649 672 714 gia
712 647 950 712 ducitur,
983 647 1352 717 Virginemquc
1397 650 1700 716 desponsal.
1748 650 1969 718 Quando
2019 655 2160 708 enim

591 735 806 803 Joseph,
851 737 932 789 vir
974 736 1144 804 justus
1175 748 1227 791 et
1269 738 1645 802 admirandus,
1697 742 1874 795 multis
1904 758 2036 810 opus
2069 745 2162 796 ha-

591 827 723 890 buit,
755 839 808 880 ut
837 828 974 894 quod
1004 839 1205 896 gestum
1247 839 1362 883 erat
1391 831 1667 892 edisceret.
1695 835 1917 900 angelo,
1958 837 2160 890 visione

591 931 684 982 per
713 932 954 970 somnum
987 959 1000 980 ,
1033 929 1087 972 et
1118 921 1490 987 prophetarum
1523 922 1852 984 testimonio;
1894 927 2158 992 quomodo

589 1007 751 1058 .lnda-i
780 1009 1012 1074 perversi
1046 1019 1099 1062 et
1138 1012 1390 1080 corrupti,
1415 1020 1467 1064 et
1498 1013 1568 1065 illi
1603 1011 1814 1078 infensi,
1845 1013 1979 1068 hanc
2003 1030 2155 1068 exce-

587 1099 784 1164 pissent
831 1099 1179 1166 opinionem?
1229 1101 1524 1153 Admodum
1569 1103 1706 1154 enim
1755 1102 1872 1157 illos
1919 1118 2006 1158 res
2051 1114 2155 1159 tam

592 1209 722 1246 nova
749 1234 764 1256 ,
789 1203 894 1246 tam
925 1194 1276 1260 inexspectata
1323 1191 1688 1256 perturbatum
1721 1205 1866 1256 erat,
1911 1210 1974 1251 eo
2017 1199 2156 1263 quod

588 1284 976 1350 progenitor-nni
1017 1297 1231 1334 suorum
1278 1296 1390 1334 arvo
1440 1282 1569 1335 nihil
1601 1283 1898 1350 hujusmodi
1953 1297 2155 1354 gestum

587 1389 830 1440 umquam
862 1373 1061 1424 fuisset.
1091 1372 1295 1424 Etenim
1318 1372 1405 1438 qui
1431 1372 1594 1424 semel
1619 1373 1842 1426 credidit
1871 1375 2017 1429 illum
2038 1391 2157 1430 esse

588 1463 674 1515 Ιὶοὶ
702 1463 909 1525 Filium,
936 1461 1060 1513 nihil
1091 1461 1188 1513 bac
1210 1460 1277 1513 de
1303 1476 1362 1513 re
1383 1461 1648 1530 ambigere
1669 1462 1885 1518 debuit:
1914 1465 2002 1533 qui
2031 1480 2159 1520 vero

585 1552 728 1603 illum
776 1551 1109 1604 seductorem
1138 1561 1189 1602 et
1235 1549 1340 1604 Deo
1383 1551 1746 1605 adversarium
1792 1554 2153 1619 existimaret,

584 1642 846 1708 quomodo
891 1655 993 1692 non
1031 1641 1124 1692 hac
1167 1638 1234 1694 de
1270 1653 1328 1694 re
1355 1642 1522 1709 magis
1564 1639 1953 1706 oll'enderetur,
1985 1646 2070 1712 qui
2105 1644 2154 1697 in

585 1732 724 1782 illam
758 1745 859 1782 non
889 1730 1237 1784 deduceretur
1279 1731 1579 1798 opinionem
1605 1733 1628 1784 ‘l
1659 1731 1884 1801 Ideoque
1932 1733 2159 1802 apostoii

585 1822 685 1876 hoc
711 1821 885 1874 statim
915 1823 982 1874 ab
1005 1822 1150 1874 initio
1179 1836 1281 1874 non
1303 1821 1517 1884 dicunt,
1548 1822 1640 1876 sed
1675 1822 1743 1878 de
1769 1826 2156 1881 resurrectione

583 1913 745 1964 multa
784 1927 922 1981 szepe
970 1913 1271 1978 disserunt,
1323 1915 1474 1981 cujus
1511 1914 1619 1982 jam
1659 1918 1902 1985 exempla
1950 1917 2158 1972 fuerant

586 2005 862 2070 praeteritis
914 2006 1266 2072 temporibus,
1314 2008 1410 2059 etsi
1443 2021 1546 2059 non
1578 2006 1701 2061 huic
1749 2008 1940 2062 similia
1973 2028 1983 2061 :
2015 2011 2154 2078 quod

584 2104 756 2147 autem
779 2095 845 2147 de
860 2094 1075 2162 Virgine
1100 2105 1253 2148 natus
1282 2095 1368 2155 sit.
1395 2111 1500 2149 non
1521 2097 1589 2150 ita
1614 2096 1913 2167 frequenter
1938 2098 2153 2164 dicunt;

583 2183 674 2236 sed
721 2199 889 2249 neque
938 2193 1105 2236 mater
1130 2184 1179 2237 id
1206 2195 1286 2237 est
1314 2199 1439 2237 ausa
1469 2187 1724 2251 proferre.
1759 2187 1889 2241 Vide
1931 2205 2156 2256 namque

581 2273 705 2340 quid
735 2273 808 2325 illi
841 2273 994 2339 Virgo
1023 2274 1161 2326 dicat
1193 2293 1203 2326 :
1240 2272 1369 2326 Ecce
1409 2291 1497 2344 ego
1526 2287 1570 2326 et
1599 2287 1739 2342 pater
1765 2288 1877 2329 tuus
1903 2281 2159 2346 qua'reba-

583 2381 693 2417 mus
723 2363 957 2432 tetLuc.
985 2364 1039 2416 2.
1069 2364 1136 2417 48
1154 2363 1195 2430 ).
1247 2364 1376 2417 Nam
1427 2367 1470 2418 si
1517 2366 1645 2418 illud
1702 2367 1753 2419 in
1801 2369 2154 2435 suspicionem

582 2455 847 2516 venisset,
903 2470 1075 2522 neque
1125 2455 1334 2507 Davidis
1362 2455 1575 2508 demum
1621 2455 1755 2508 filius
1780 2471 1896 2508 esse
1925 2459 2156 2513 creditus

583 2546 796 2598 fuisset:
821 2547 917 2598 hac
959 2560 1113 2613 porro
1141 2545 1341 2598 sublata
1386 2545 1661 2612 opinione.
1693 2546 1854 2600 multa
1893 2549 1991 2601 alia
2023 2549 2153 2602 sub-

583 2639 781 2690 oritura
829 2636 962 2688 mala
1005 2643 1177 2688 erant.
1206 2635 1487 2703 Propterea
1519 2651 1583 2690 ne
1610 2638 1706 2704 ipsi
1739 2637 1951 2704 quidem
1980 2640 2152 2704 angeli

588 2726 718 2776 illud
759 2725 965 2787 dicunt,
1011 2724 1114 2776 nisi
1155 2723 1334 2778 Maria:
1374 2733 1579 2778 tantum
1617 2735 1669 2778 et
1712 2724 1978 2792 Joscpho;
2023 2744 2147 2780 cum

586 2830 712 2864 vero
748 2814 1056 2880 pastoribus
1097 2813 1270 2867 fausta
1329 2816 1656 2878 nuntiarent,
1706 2815 1757 2870 id
1804 2817 2024 2871 minime
2063 2818 2150 2870 ad-

583 2901 847 2969 jecerunt.
913 2903 1022 2956 Cur
1081 2904 1350 2956 Abraham
1417 2916 1755 2967 memorato,
1799 2921 1922 2982 cum
1978 2908 2147 2963 dixis-

585 3003 686 3052 set,
727 2993 911 3060 genuit
948 2994 1114 3056 Isaac,
1145 3003 1197 3046 et
1231 2994 1384 3073 Isaac
1413 2994 1601 3059 Jacob,
1637 3013 1735 3049 nec
1769 2997 1989 3052 fratrem
2015 3002 2028 3030 ¹
2053 3000 2146 3053 Ja-

584 3081 1080 3143 eohinominassct,
1117 3099 1239 3136 cum
1287 3085 1350 3137 ad
1375 3085 1639 3140 Jacobum
1677 3096 1861 3154 postea
1901 3091 2064 3153 venit,
2095 3101 2148 3144 et

583 3166 775 3219 ludam
799 3180 848 3220 el.
871 3172 1066 3224 fratres
1084 3173 1202 3238 ejus
1226 3174 1657 3224 commemorat?

650 3335 704 3388 Ξ.
745 3333 966 3401 Quidam
1013 3332 1221 3387 dicunt.
1265 3329 1312 3381 id
1367 3328 1435 3379 ob
1479 3341 1670 3392 pravos
1714 3325 1852 3378 Esau
1884 3338 2057 3378 mores
2104 3331 2162 3376 et

584 3425 808 3476 aliorum
859 3423 1088 3487 priorum
1138 3419 1330 3471 hic-tum
1362 3431 1498 3470 esse.
1553 3417 1664 3484 Ego
1710 3430 1837 3469 vero
1894 3415 2019 3468 illud
2049 3431 2154 3468 non

580 3512 801 3564 dixerim
832 3527 844 3561 :
878 3526 995 3562 nam
1025 3510 1066 3561 si
1097 3508 1194 3560 hoc
1220 3517 1383 3568 esset,
1413 3521 1506 3560 cur
1538 3507 1667 3558 tales
1691 3505 1846 3573 paulo
1886 3516 2002 3572 post
2034 3521 2153 3558 mu-

581 3601 735 3654 lieres
757 3599 1173 3652 eommemorat?
1214 3598 1338 3651 Nam
1361 3598 1523 3666 gloria
1547 3597 1662 3664 ejus
1685 3595 1770 3648 hic
1790 3611 1854 3648 ex
1875 3595 2156 3648 contrariis

575 3691 824 3744 eluceseit
852 3709 863 3720 ·
896 3707 999 3743 non
1027 3706 1088 3742 ex
1119 3705 1184 3742 eo
1214 3689 1352 3756 quod
1385 3703 1601 3754 magnos
1630 3686 1820 3738 habeat
1850 3686 2153 3757 progenito-

580 3796 698 3842 res,
730 3781 823 3832 sed
866 3782 1036 3846 potius
1080 3781 1296 3847 exiguos
1325 3790 1376 3833 ct
1409 3779 1551 3853 viles.
1594 3777 1812 3832 Sublimi
1858 3779 1997 3829 enim
2039 3777 2154 3831 ha‘c

577 3885 761 3938 magna
806 3871 971 3939 gloria
1003 3880 1077 3924 est
1107 3911 1119 3931 ,
1167 3872 1209 3922 si
1257 3871 1420 3938 possit
1471 3860 1732 3923 demissus
1763 3869 2043 3923 admodum
2097 3880 2151 3923 et

579 3961 696 4010 vilis
723 3975 976 4029 apparere
1012 3982 1023 4014 :
1058 3977 1152 4013 cur
1178 3962 1357 4026 itaque
1385 3975 1487 4011 non
1515 3960 1992 4013 commemoravit?
2019 3959 2150 4024 Quia

577 4051 708 4103 nihil
735 4064 1016 4103 commune
1049 4050 1308 4103 habebant
1339 4049 1409 4102 illi
1450 4063 1568 4102 cum
1607 4048 1892 4102 israelitico
1915 4064 2106 4118 genere
2134 4089 2147 4109 ,

576 4154 764 4204 nempe
791 4138 1076 4202 Saraceni,
1113 4138 1388 4191 lsmaelitm.
1437 4147 1490 4191 et
1528 4138 1764 4202 Arabes,
1798 4148 1850 4192 et
1875 4129 2150 4208 quotquot

572 4228 637 4276 ah
661 4227 761 4279 illis
788 4228 1077 4295 majoribus
1108 4228 1208 4279 orti
1239 4238 1380 4280 sunt.
1405 4226 1630 4295 ideoque
1663 4227 1765 4281 illis
1793 4229 2004 4282 silentio
2022 4231 2148 4281 mis-

572 4320 674 4376 sis,
707 4317 772 4369 ad
800 4317 915 4383 ejus
940 4326 994 4368 et
1023 4316 1224 4369 .ludaiei
1257 4317 1432 4385 populi
1457 4317 1680 4386 majores
1708 4329 1973 4387 prOpcrat.
2021 4321 2144 4374 ideo

571 4408 640 4457 ait
677 4425 687 4458 :
730 4405 888 4458 Jacob
917 4415 1080 4460 autem
1127 4409 1295 4477 genuit
1339 4406 1533 4459 ludam
1573 4417 1617 4459 et
1644 4409 1823 4475 fratres
1869 4412 1996 4479 ejus.
2047 4410 2144 4465 llic

569 4498 674 4560 jam
704 4495 1001 4549 ΙΙΙίΙέυυΓΙΙΙΙΙ
1032 4498 1336 4566 designatur
1375 4498 1615 4565 populus.
1663 4499 1827 4553 ludas
1860 4512 2020 4554 autem
2058 4521 2144 4571 ge-

572 4585 676 4636 nuit
710 4583 898 4636 Phares
937 4596 981 4638 et
1010 4586 1191 4639 Zuram
1219 4588 1280 4638 de
1309 4586 1551 4641 Thamar.

636 4770 713 4822 De
756 4772 1003 4837 majorum
1050 4771 1268 4838 nequitia
1316 4786 1412 4822 non
1459 4769 1858 4823 erubescendum.
1890 4804 1960 4834 τ-
1999 4775 2130 4840 Quid

563 4860 721 4918 facis,
753 4866 820 4913 mi
855 4867 1012 4912 homo
1037 4905 1049 4919 ,
1093 4864 1213 4912 dum
1245 4861 1513 4914 historiam
1559 4863 1715 4914 alters
1756 4866 1974 4932 improbi
2023 4870 2133 4920 cui.

562 4960 643 5001 lus
668 4956 686 5001 Υ
714 4949 852 5012 Quid
881 4946 1050 5000 dicis?
1081 4949 1272 5017 inquit.
1301 4950 1456 5005 Certe
1479 4954 1519 5004 si
1567 4955 1686 5004 nudi
1719 4956 1940 5010 hominis
1966 4974 2130 5024 genus

561 5055 959 5103 enarraremns,
1001 5043 1119 5108 jure
1165 5043 1280 5110 quis
1317 5043 1428 5095 haec
1473 5046 1746 5104 tacuisset;
1780 5048 1820 5097 si
1849 5056 2020 5101 autem
2051 5052 2130 5102 in-

559 5132 757 5184 carnati
785 5132 875 5184 Dei
897 5172 909 5190 .
935 5149 1038 5185 non
1082 5133 1240 5186 modo
1271 5134 1382 5186 lucc
1405 5149 1506 5186 non
1541 5136 1758 5188 tacenda
1784 5175 1798 5200 ,
1851 5139 1940 5190 sed
1967 5141 2123 5194 etiam

561 5221 834 5288 magnifice
865 5225 1220 5290 expromenda
1250 5233 1394 5289 snnt,
1419 5235 1473 5278 ut
1500 5226 1614 5293 ejus
1644 5237 1698 5279 ct
1729 5229 2052 5294 providentia
2074 5245 2126 5288 et

562 5323 792 5379 potestas
820 5315 1140 5368 ostendatur.
1189 5315 1310 5370 Ideo
1355 5333 1576 5384 namque
1607 5319 1784 5382 venit,
1817 5336 1918 5374 non
1950 5334 2006 5376 ut
2029 5340 2126 5392 op.

562 5403 768 5467 rrobria
819 5412 996 5457 nostra
1043 5405 1240 5473 fugiat;
1291 5407 1381 5461 sed
1429 5414 1484 5461 ut
1528 5408 1612 5461 illa
1641 5411 1706 5464 de
1749 5412 1924 5467 medio
1953 5415 2119 5472 tollat.

633 5585 648 5616 ‘
684 5583 818 5632 savil.
846 5584 980 5648 legi,
1010 5589 1210 5638 Domini.

2266 469 2412 521 Sicut
2442 483 2545 520 non
2575 476 2679 520 tam
2711 467 3063 522 admiramur.
3097 464 3235 532 quod
3266 473 3507 519 mortuus
3537 465 3605 518 sit
3629 506 3642 527 ,
3685 480 3836 533 (piam

2265 558 2404 624 quod
2431 557 2742 615 crucifixus;
2771 557 2888 608 licet
2913 570 2997 607 res
3027 555 3276 622 probrosa
3307 555 3375 606 sit
3401 573 3412 606 :
3445 553 3537 608 sed
3573 568 3684 623 quo
3723 570 3836 622 pro-

2266 647 2504 710 brosior,
2565 654 2710 698 tanto
2759 645 2926 710 magis
2976 645 3090 713 ejus
3143 659 3265 711 erga
3312 643 3557 698 homines
3605 659 3835 698 amorem

2259 736 2524 791 exhibet:
2571 736 2646 788 sic
2693 733 2760 787 de
2813 734 3154 802 generatione
3201 731 3318 798 ejus
3359 729 3690 786 dicendum:
3737 748 3836 787 nou

2263 825 2422 881 modo
2449 824 2588 893 quod
2618 838 2832 879 carnem
2855 822 3152 892 susceperit
3185 823 3529 876 admirandus
3576 831 3696 885 est;
3746 824 3838 877 sed

2261 917 2422 969 etiam
2452 915 2590 982 quod
2623 913 2752 968 tales
2780 912 2977 967 habere
3002 922 3255 983 cognatos
3283 913 3528 981 dignatus
3578 913 3678 974 sit,
3719 927 3833 966 nus

2259 1025 2414 1075 quam
2454 1009 2520 1063 de
2559 1008 2711 1062 malis
2732 1005 2928 1060 nostris
2955 1007 3215 1076 susceptis
3240 1006 3579 1060 erubescens.
3607 1002 3840 1072 illudque

2258 1085 2328 1154 ex.
2356 1101 2470 1169 ipso
2507 1099 2864 1168 generationis
2894 1097 3114 1153 exordio
3146 1097 3487 1166 praedicavit,
3517 1111 3577 1150 se
3602 1096 3670 1149 de
3695 1096 3840 1150 nullo

2257 1192 2396 1258 quod
2423 1191 2489 1245 ad
2517 1205 2613 1245 nos
2642 1192 2900 1259 pertineat
2943 1192 3262 1244 erubescere
3287 1207 3298 1242 :
3328 1204 3422 1256 per
3448 1188 3561 1242 lure
3589 1204 3684 1242 nos
3710 1189 3840 1242 edo.

2255 1296 2418 1346 cens,
2463 1295 2529 1336 ne
2557 1296 2804 1349 umquam
2843 1279 2912 1334 de
2954 1295 3209 1349 majorum
3259 1289 3560 1332 nostrorum
3607 1279 3836 1346 nequitia

2253 1373 2664 1434 erubescamus;
2710 1371 2803 1425 sed
2836 1370 2992 1423 ullam
3034 1372 3205 1424 solum
3233 1385 3532 1438 quaeramus
3565 1369 3835 1422 virtutem.

2252 1463 2384 1518 Nam
2408 1466 2495 1533 qui
2525 1464 2666 1516 illam
2699 1471 2948 1523 sectatur,
2975 1463 3180 1514 etiamsi
3210 1461 3562 1528 alienigenam
3592 1462 3838 1527 progenie

2255 1568 2421 1609 torem
2450 1554 2659 1615 habeat,
2686 1553 2894 1607 etiamsi
2947 1561 3170 1604 matrem
3226 1551 3580 1613 meretricem,
3620 1549 3703 1602 vel
3733 1550 3836 1601 alio

2255 1647 2412 1700 modo
2442 1645 2858 1712 deSpiciendam,
2893 1641 3020 1696 nihil
3061 1641 3184 1694 hinc
3232 1639 3533 1694 nocumenti
3582 1653 3837 1708 passurus

2251 1747 2352 1793 est.
2384 1737 2516 1791 Nam
2545 1737 2590 1790 si
2619 1734 3014 1797 fornicatorem,
3047 1732 3134 1801 qui
3165 1731 3466 1799 rcsipuerit,
3513 1730 3660 1784 nullo
3691 1731 3836 1798 prior

2252 1831 2355 1884 vita
2379 1829 2638 1884 dedecore
2655 1827 2820 1880 allicit
2853 1843 2867 1878 :
2899 1824 3064 1877 multo
3085 1823 3256 1876 minus
3278 1823 3359 1875 vir
3379 1822 3594 1890 probus,
3622 1837 3687 1876 ex
3718 1837 3834 1875 me-

2250 1922 2443 1976 retrice
2467 1919 2545 1973 vel
2573 1919 2809 1972 adultera
2828 1926 3001 1980 natus,
3026 1923 3302 1982 parentum
3323 1911 3658 1982 improbitate
3679 1912 3837 1966 deho-

2249 2011 2560 2065 nestahitur.
2609 2008 2697 2079 Sic
2741 2021 2896 2072 porro
2918 2019 2976 2058 se
3003 2003 3240 2072 gerebat,
3271 2017 3373 2056 non
3425 1998 3626 2054 tantum
3656 2010 3710 2055 ut
3737 2017 3836 2056 nos

2247 2103 2562 2164 institueret,
2593 2100 2684 2154 sed
2703 2100 2861 2153 etiam
2881 2107 2938 2151 ut
2958 2096 3260 2151 Judmorum
3282 2105 3541 2148 tumorem
3563 2094 3836 2163 deprime-

2247 2176 2498 2259 rethuia
2526 2191 2666 2243 enim
2709 2187 2869 2240 animi
2915 2187 3107 2239 virtute
3138 2184 3375 2252 neglecta
3411 2224 3425 2245 ,
3473 2183 3832 2237 Abrahamum

2249 2295 2462 2350 semper
2489 2295 2582 2334 ore
2626 2277 2900 2339 ferebant,
2940 2282 3189 2344 putantes
3217 2285 3531 2340 proavorum
3582 2273 3831 2326 virtutem

2247 2371 2540 2426 defensioni
2572 2370 2669 2423 sibi
2698 2383 2836 2430 esse,
2861 2367 2925 2418 ab
2949 2367 3062 2432 ipso
3090 2365 3238 2418 initio
3264 2363 3513 2427 ostendit,
3537 2361 3658 2418 hinc
3677 2365 3834 2417 mini-

2247 2481 2331 2517 me
2351 2465 2570 2534 gloriam
2597 2461 2844 2528 aucupari
2868 2467 3115 2525 oportere
3137 2498 3152 2519 ,
3193 2455 3284 2508 sed
3324 2455 3392 2509 de
3416 2458 3645 2525 propriis
3686 2467 3834 2512 recte

2246 2556 2413 2609 factis.
2441 2555 2564 2607 Post
2586 2553 2697 2605 hrrc
2725 2549 2850 2604 illud
2875 2564 3085 2618 quoque
3108 2547 3234 2616 agit,
3269 2556 3325 2600 ut
3365 2547 3610 2600 ostendat
3640 2562 3834 2602 omnes

2246 2645 2475 2715 peccatis
2495 2642 2750 2698 obnoxios
2773 2639 2956 2702 fuisse,
2981 2639 3246 2706 etiamque
3270 2651 3495 2705 proavos
3516 2638 3673 2706 ipsos.
3694 2638 3826 2691 Nam

2245 2737 2355 2803 ipse
2379 2732 2699 2803 patriarcha,
2721 2731 2808 2799 qui
2831 2743 3022 2782 nomen
3044 2727 3412 2798 indiditgcnti,
3431 2744 3534 2780 non
3558 2728 3827 2782 modicum

2245 2830 2604 2896 inApeceatnm
2637 2821 2816 2889 lapsus
2846 2828 3126 2872 narratur:
3151 2827 3253 2870 Stat
3283 2816 3424 2872 enim
3454 2818 3684 2871 Thamar
3709 2818 3831 2888 ejus

2245 2918 2646 2973 fornicationem
2673 2924 2929 2966 accusans
2955 2927 2967 2974 ;
3000 2909 3161 2962 David
3209 2924 3418 2979 quoque
3444 2925 3506 2964 ex
3531 2909 3828 2963 adulterata

2241 3009 2463 3062 muliere
2484 3005 2820 3057 Salomonem
2841 2997 3093 3066 suscepit.
3113 2997 3168 3052 Si
3190 3011 3348 3066 porro
3369 2998 3454 3052 lex
3474 3013 3540 3052 ne
3559 3012 3588 3050 a
3616 3000 3828 3068 magnis

2247 3087 2457 3155 quidem
2477 3087 2580 3139 illis
2598 3087 2724 3141 viris
2743 3085 2955 3154 impleta
2983 3095 3084 3147 est,
3107 3087 3276 3140 multo
3292 3087 3467 3139 minus
3495 3086 3562 3139 ab
3585 3087 3790 3153 exiguis
3813 3102 3831 3146 ;

2248 3177 2290 3227 si
2313 3187 2486 3228 autem
2517 3175 2728 3243 impleta
2756 3191 2859 3228 non
2891 3184 2993 3236 est,
3019 3190 3202 3229 omnes
3231 3183 3602 3242 pecmveruut,
3634 3189 3695 3228 ac
3724 3191 3826 3228 ne-

2248 3264 2513 3316 cessarius
2557 3264 2654 3316 fuit
2683 3262 2876 3316 Christi
2907 3264 3184 3317 adventus.
3215 3263 3500 3330 Propterea
3545 3263 3830 3318 duodecim

2249 3352 2572 3417 patriarchas
2616 3355 3084 3415 Commemoravit,
3117 3353 3238 3406 inde
3283 3367 3491 3422 quoque
3515 3353 3831 3421 jactantiam

2247 3442 2389 3494 illam
2430 3441 2499 3496 de
2543 3442 2938 3511 progenitorum
2988 3442 3262 3525 nobilitate
3310 3443 3636 3512 deprimens.
3691 3443 3830 3500 Nam

2247 3531 2433 3585 horum
2458 3532 2606 3585 multi
2634 3548 2699 3586 ex
2730 3531 2937 3585 ancillis
2969 3533 3078 3584 nati
3118 3541 3308 3585 erant:
3341 3544 3393 3586 et
3427 3542 3600 3587 tamen
3633 3547 3832 3602 paren-

2248 3631 2355 3672 tum
2385 3621 2470 3672 illa
2501 3613 2798 3674 differentia
2826 3619 3180 3673 differentiam
3214 3621 3352 3674 inter
3392 3621 3526 3674 lilios
3555 3638 3658 3674 non
3687 3623 3834 3676 intu.

2250 3709 2324 3765 lit.
2348 3707 2545 3762 Omnes
2566 3709 2706 3764 enim
2738 3709 2890 3778 simul
2917 3717 3069 3763 erant
3098 3719 3150 3763 et
3172 3709 3486 3778 patriarcha:
3509 3719 3564 3764 et
3592 3712 3827 3767 tribuum

2251 3801 2535 3867 principes.
2571 3801 2656 3852 Illa
2680 3799 2874 3868 quippe
2901 3808 2982 3852 est
3014 3799 3264 3853 Ecclesia:
3293 3801 3636 3870 praerogativa
3662 3819 3676 3854 :
3707 3801 3830 3858 ha-c

2243 3889 2378 3955 apud
2402 3903 2499 3942 nos
2519 3897 2601 3942 est
2628 3888 2914 3941 nobilitatis
2935 3887 3306 3958 dignitatisque
3333 3890 3488 3953 ratio,
3517 3890 3668 3958 cujus
3693 3891 3827 3946 olim

2244 3976 2405 4045 figura
2434 3978 2720 4044 praecessit.
2752 3977 2825 4030 Ita
2855 3978 2966 4030 sive
2996 3991 3209 4038 servus,
3253 3978 3364 4031 sive
3395 3977 3531 4031 liber
3557 3980 3662 4044 sis,
3686 3978 3828 4034 nihil

2247 4069 2361 4134 plus
2385 4109 2399 4133 ,
2431 4067 2558 4120 nihil
2584 4068 2758 4121 minus
2788 4066 3006 4129 habeas,
3033 4067 3126 4120 sed
3154 4083 3315 4120 unum
3357 4077 3438 4122 est
3461 4069 3601 4138 quod
3621 4072 3826 4139 quarri-

2246 4166 2360 4219 tur,
2397 4157 2639 4210 voluntas
2664 4155 2932 4224 animique
2959 4170 3158 4210 nares.

2313 4247 2366 4302 5.
2404 4247 2505 4301 Cur
2530 4247 2664 4300 Zara
2692 4258 2739 4301 et
2767 4248 2964 4302 Phares
3007 4251 3059 4301 in
3097 4250 3387 4318 gmealogia
3428 4251 3616 4306 Christi
3656 4257 3830 4308 nausi-

2243 4347 2444 4391 nantur.
2468 4368 2535 4378 —
2556 4339 2758 4392 Prarter
2776 4353 2838 4393 ea
2858 4355 2978 4406 qua:
3007 4339 3145 4394 dicta
3189 4349 3330 4405 sunt,
3374 4342 3476 4395 alia
3518 4357 3676 4397 causa
3721 4344 3830 4400 fuit

2244 4428 2355 4481 haec
2397 4428 2844 4481 commemoranti;
2881 4447 2891 4480 :
2922 4443 3091 4498 neque
3135 4430 3275 4482 enim
3322 4433 3438 4484 sine
3491 4446 3649 4485 causa
3697 4446 3828 4502 post

2243 4517 2440 4571 Phares
2463 4518 2670 4572 additus
2695 4525 2778 4572 ei
2799 4527 2852 4571 et
2879 4517 3034 4571 Zara.
3084 4519 3212 4571 Erat
3249 4521 3392 4571 enim
3439 4519 3743 4576 redundans
3763 4535 3828 4580 et

2240 4609 2559 4678 superﬂuum
2603 4619 2722 4679 post.
2771 4617 3245 4662 commemoratum
3294 4608 3543 4672 Pharem,
3598 4625 3661 4665 ex
3705 4629 3824 4682 quo

2239 4701 2430 4753 Christi
2466 4701 2480 4731 ί
2508 4698 2810 4768 genealogia
2843 4699 3068 4758 ducitur,
3104 4698 3254 4752 Zarae
3280 4699 3440 4752 etiam
3460 4700 3635 4753 facere
3663 4718 3822 4757 men-

2241 4793 2454 4843 tionem.
2477 4789 2580 4843 Cur
2607 4806 2732 4859 ergo
2758 4799 2806 4840 et
2834 4789 2973 4841 hunc
3006 4789 3350 4843 memoravit?
3375 4789 3507 4842 Cum
3539 4790 3635 4843 hos
3669 4798 3822 4856 pari-

2239 4892 2349 4933 tura
2385 4880 2610 4932 Thamar
2647 4890 2805 4940 esset,
2854 4880 3168 4932 adveniente
3215 4891 3386 4947 partu,
3433 4880 3565 4933 Zara
3613 4884 3821 4950 primus

2239 4986 2449 5021 manum
2481 4971 2652 5022 emisit
2680 4987 2708 5023 e
2740 4971 2889 5020 vulva
2924 4989 2934 5021 :
2969 4969 3067 5021 hoc
3099 4980 3382 5037 ceaSpecto
3426 4971 3686 5025 obstetrix
3707 5015 3722 5036 ,
3753 4986 3822 5030 ut

2238 5059 2325 5112 ille
2357 5060 2499 5125 prior
2526 5068 2853 5117 nasceretur.
2884 5060 3127 5111 coccinea
3159 5057 3317 5111 fascia
3343 5074 3555 5111 manum
3595 5061 3713 5129 ejus
3741 5064 3816 5117 li-

2234 5149 2407 5221 gavit;
2435 5159 2490 5201 ut
2516 5163 2673 5216 porro
2707 5150 2857 5216 ligata
2889 5148 3002 5210 fuit,
3035 5150 3248 5201 retraxit
3277 5163 3407 5215 puer
3437 5163 3672 5214 manum,
3702 5168 3819 5221 quo

2235 5217 2372 5292 facto
2397 5254 2641 5306 egressus
2671 5248 2751 5292 est
2780 5238 2997 5301 Phares,
3041 5248 3092 5290 et
3139 5247 3317 5304 postea
3346 5236 3499 5290 Zara.
3529 5237 3641 5292 [loc
3671 5255 3814 5294 Con-

2234 5338 2416 5393 spectu
2445 5327 2697 5382 obstetrix
2725 5328 2797 5380 ait
2820 5345 2833 5381 :
2858 5326 3024 5392 Quare
3054 5336 3254 5393 promer
3283 5336 3328 5378 lc
3366 5327 3529 5379 excisa
3561 5337 3636 5380 est
3666 5345 3816 5398 sepes

2214 5415 2381 5483 ’((ἰιη.
2412 5417 2504 5477 58.
2525 5417 2656 5486 29)?
2681 5416 2860 5472 Viden’
2884 5415 3249 5486 mysteriorum
3274 5415 3589 5482 a‘ttfgmata?
3623 5417 3815 5489 Neque
