4056 6520
264 497 333 551 35
1444 493 1514 553 ll"
1564 493 1857 551 ΜΔΤΤΗΑ

1964 496 1981 550 ι
2046 493 2279 553 ιιοιιιι.
2319 494 2400 549 ιιι.
3479 506 3548 563 εδ

266 615 407 669 enim
437 615 552 671 lucc
579 616 695 671 sine
737 630 894 671 causa
921 617 1117 688 scripta
1157 616 1312 672 nobis
1352 615 1501 673 fuere
1532 633 1543 669 :
1574 631 1746 687 neque
1786 618 1851 671 ad

269 704 504 762 historia:
523 707 836 777 dignitatem
865 710 1168 779 pertinebat
1194 708 1457 774 ediscere,
1484 708 1609 777 quid
1629 707 1848 763 dixisset

268 798 569 854 obstetrix:
605 814 781 868 neque
810 800 1135 853 narrandum
1179 799 1458 853 videbatur
1504 814 1661 865 esse,
1710 799 1851 868 quod

269 902 478 943 manum
505 888 755 942 extulerit
778 890 979 958 primus
1008 890 1051 942 is
1080 889 1166 957 qui
1195 888 1458 943 secundus
1484 902 1729 958 egressus
1748 898 1849 943 eat.

267 978 545 1045 Quodnam
563 979 721 1049 igitur
740 979 841 1033 hoc
866 980 1088 1047 aenigma
1103 979 1224 1033 est?
1252 979 1449 1046 Primo,
1466 995 1532 1035 ex
1560 981 1676 1049 ipso
1702 979 1851 1049 pueri

265 1068 481 1124 nomine
510 1070 861 1138 quaestionem
888 1069 1149 1124 solvimus
1175 1085 1189 1123 :
1215 1069 1414 1126 Phares
1444 1085 1588 1125 enim
1616 1082 1698 1125 est
1718 1072 1851 1126 divi-

263 1161 345 1213 sio
374 1169 427 1215 et
442 1160 699 1216 concisio.
725 1159 975 1215 Secundo
991 1174 1055 1215 ex
1081 1160 1193 1230 ipsa
1217 1176 1274 1215 re
1294 1170 1478 1231 gesta:
1512 1176 1682 1231 neque
1707 1163 1850 1217 enim

263 1265 327 1304 ex
386 1251 613 1305 naturali
668 1250 1047 1319 consequentia
1104 1260 1223 1304 erat
1262 1265 1383 1304 eum
1434 1250 1523 1319 qui
1571 1251 1852 1305 extulisset

262 1355 503 1405 manum,
544 1340 711 1408 ipsam
734 1333 1223 1408 postea'retrahere
1249 1338 1501 1408 ligatam;
1534 1354 1636 1393 nec
1674 1340 1728 1393 id
1768 1355 1852 1393 ra-

265 1432 393 1485 tioni
427 1431 511 1486 vel
539 1440 740 1484 natura:
786 1444 1082 1503 consonum
1113 1430 1343 1486 videtur.
1396 1430 1530 1486 Nam
1578 1432 1850 1500 praemiSs'a

261 1521 479 1592 quidem
497 1521 652 1576 unius
673 1535 855 1586 manu,
884 1521 1113 1574 alterum
1139 1520 1340 1590 egredi,
1366 1520 1417 1574 id
1444 1521 1580 1575 forte
1607 1524 1852 1577 naturale

264 1612 461 1678 fuerit;
492 1611 587 1667 sed
619 1620 845 1667 retracta
878 1626 1062 1678 manu,
1091 1611 1243 1664 alteri
1275 1611 1555 1665 transitum
1587 1612 1849 1680 praebere,

265 1707 316 1761 id
341 1721 448 1761 non
481 1706 539 1760 fit
584 1720 649 1759 ex
693 1720 842 1758 more
889 1705 1223 1757 nascentium
1250 1721 1263 1757 :
1295 1719 1483 1759 verum
1515 1704 1703 1760 aderat
1758 1704 1852 1760 Dei

261 1798 432 1866 gratia
460 1812 579 1866 qute
611 1795 725 1850 hzec
753 1794 896 1848 circa
926 1808 1120 1862 pueros
1146 1794 1483 1863 dispensaret
1503 1836 1517 1859 ,
1540 1804 1594 1850 et
1620 1810 1714 1863 per
1738 1796 1852 1851 haec

264 1889 562 1941 futurorum
585 1885 867 1955 quamdam
888 1885 1171 1953 imaginem
1195 1884 1561 1940 adumbraret.
1592 1886 1729 1953 Quid
1756 1886 1854 1955 igi-

267 1988 349 2032 tur
387 1979 539 2031 aiunt
582 1976 794 2044 quidam
846 1990 912 2029 ex
961 1974 1067 2029 illis
1113 1976 1203 2043 qui
1245 1976 1362 2031 haec
1402 1976 1853 2045 exploraverunt?

266 2069 440 2124 ilosce
491 2082 687 2139 pueros
756 2067 981 2121 duorum
1042 2081 1199 2131 esse,
1223 2067 1541 2135 populorum
1608 2070 1848 2139 ligurum.

265 2161 469 2216 Deinde
519 2171 577 2213 ut
623 2159 821 2225 discas,
870 2156 1092 2213 secundi
1122 2157 1303 2227 populi
1332 2158 1630 2213 institutum
1657 2160 1853 2228 prioris

264 2253 408 2307 ortui
433 2249 759 2321 praeluxisse,
794 2263 1009 2303 manum
1036 2248 1329 2303 extendens
1354 2264 1486 2317 puer
1531 2266 1635 2304 non
1669 2265 1729 2306 se
1775 2262 1854 2305 to—

266 2356 373 2399 tum
406 2342 644 2405 exhibet,
678 2341 784 2395 imo
814 2340 956 2394 illam
987 2348 1170 2409 postea
1198 2340 1455 2405 retrahit,
1490 2350 1544 2396 et
1576 2352 1851 2411 postquam

267 2442 405 2488 totus
432 2434 597 2487 frater
623 2445 870 2500 egressus
890 2440 991 2494 est,
1025 2437 1149 2483 tunc
1180 2439 1232 2483 ct
1259 2431 1375 2499 ipse
1405 2440 1546 2485 tctus
1582 2442 1805 2500 apparet
1837 2450 1850 2484 :

264 2526 316 2580 id
346 2525 491 2595 quod
528 2523 689 2579 etiam
718 2522 770 2575 in
813 2519 1021 2575 duobus
1072 2518 1283 2589 populis
1324 2528 1532 2589 gestum
1586 2532 1686 2575 est.
1721 2512 1854 2595 Nam

264 2633 384 2674 cum
416 2614 834 2672 ecclesiasticum
865 2612 1165 2666 institutum
1197 2611 1247 2664 in
1279 2610 1470 2666 diebus
1506 2610 1732 2666 Abrahae
1755 2627 1855 2681 ap-

263 2710 552 2781 paruisset,
604 2704 903 2772 deindeque
954 2704 1005 2756 in
1046 2702 1225 2756 medio
1277 2701 1851 2771 suppressumfuisset,

264 2803 407 2858 venit
433 2800 682 2857 Judaicus
705 2796 933 2867 pepulus
953 2803 1006 2849 et
1032 2793 1330 2848 institutum
1360 2793 1527 2863 legale
1551 2835 1566 2856 ,
1596 2802 1648 2849 et
1670 2806 1852 2863 postea

264 2910 437 2951 novus
463 2895 551 2957 ille
580 2892 806 2963 populus
841 2905 962 2944 cum
994 2888 1196 2958 legibus
1222 2888 1352 2942 suis.
1385 2887 1610 2957 Ideoque
1644 2888 1717 2941 ait
1756 2889 1853 2963 ob:

266 2988 451 3044 stetrix
528 2956 630 3038 Cur
652 2956 828 3036 excisa
854 2989 925 3034 est
956 2956 1158 3049 propter
1199 2987 1245 3033 te
1277 2995 1419 3047 sepes
1441 2956 1604 3047 iquia
1628 2956 1863 3031 instituti

262 3078 562 3133 libertatem
592 3073 674 3126 lcx
700 3070 1076 3139 superveniens
1101 3068 1373 3125 dissecuit.
1426 3067 1634 3123 Etenim
1680 3067 1851 3137 legem

263 3161 544 3233 Scriptura
569 3176 752 3232 sepem
782 3173 979 3213 vocare
1013 3158 1181 3221 solet;
1212 3158 1350 3210 sicut
1380 3154 1555 3209 David.
1594 3152 1859 3223 propheta

264 3253 414 3320 dicit,
450 3253 723 3309 Sustulisti
746 3267 910 3320 sepem
936 3249 1068 3315 eius.
1098 3258 1145 3301 et
1182 3248 1489 3300 vindemiant
1531 3261 1641 3299 eam
1694 3260 1865 3297 omnes

265 3343 854 3416 quiprwtergrediuntur
871 3341 1005 3394 viam
1023 3337 1195 3411 (Psat.
1229 3334 1471 3404 79.13);
1506 3344 1561 3388 et
1586 3334 1770 3395 Isaias,
1800 3329 1869 3388 Et

264 3454 434 3507 sepem
461 3435 803 3504 circomposui
821 3434 866 3487 ei
888 3429 1039 3502 (Isai.
1072 3427 1238 3499 5,2);
1268 3428 1393 3480 item
1423 3426 1639 3488 Paulus,
1676 3423 1736 3476 Et
1759 3438 1865 3475 me-

266 3530 404 3582 dium
437 3528 686 3598 parietem
711 3523 948 3578 maceria:
973 3518 1171 3574 solvens
1200 3515 1420 3586 (Epltes.
1451 3517 1510 3574 2,
1536 3516 1651 3582 M).

329 3726 383 3778 4.
429 3724 534 3778 Alii
582 3721 735 3787 illud,
771 3720 873 3774 Cur
892 3718 1063 3773 excisa
1114 3726 1186 3770 est
1237 3723 1443 3784 prapter
1484 3721 1530 3767 te
1577 3710 1766 3780 sepes?
1794 3708 1863 3765 de

262 3828 398 3869 novo
428 3814 627 3883 populo
654 3812 859 3867 dictum
883 3817 1087 3879 putant.
1116 3807 1213 3862 Hic
1239 3810 1435 3876 quippe
1463 3819 1583 3859 cum
1610 3802 1861 3858 advenis-

259 3912 361 3967 set,
388 3906 566 3974 legem
592 3902 892 3972 abrogavit.
926 3900 1087 3953 Vides
1112 3901 1285 3966 ipsum
1317 3912 1423 3951 non
1459 3895 1560 3950 levi
1599 3893 1669 3949 de
1698 3908 1861 3947 causa

258 4004 425 4049 totam
492 3992 1008 4049 commemoravisse
1073 3989 1226 4045 Judze
1297 3986 1612 4041 historiam?
1661 3984 1863 4040 idcirco

253 4088 420 4142 etiam
454 4086 603 4142 Ruth
628 4097 682 4141 et
708 4083 895 4140 Rahab
923 4085 939 4115 ¹
972 4083 1238 4147 meminit,
1280 4095 1504 4150 quarum
1536 4080 1704 4133 altera
1733 4079 1865 4133 alie-

259 4181 474 4250 nigena,
499 4179 671 4233 altera
700 4178 955 4232 meretrix
984 4185 1121 4240 erat,
1155 4184 1212 4228 ut
1248 4173 1522 4229 edisceres
1566 4172 1739 4240 ipsum
1770 4186 1864 4225 ve-

259 4273 405 4325 uisse
426 4280 484 4323 ut
502 4270 644 4323 mala
664 4269 841 4322 omnia
861 4276 1043 4322 nostra
1074 4266 1327 4321 solveret.
1347 4264 1418 4319 Ut
1436 4262 1673 4319 medicus
1698 4262 1863 4328 enim,

259 4378 364 4416 non
393 4374 450 4416 ut
494 4362 662 4432 judex
714 4361 881 4413 venit.
929 4355 1395 4424 Quemadmodum
1429 4355 1590 4424 igitur
1620 4352 1671 4406 hi
1706 4352 1869 4407 forni-

256 4455 429 4507 carias
458 4454 668 4507 duxere
691 4451 958 4514 mulieres,
996 4452 1067 4503 ita
1094 4460 1146 4503 et
1174 4448 1316 4502 Deus
1344 4458 1590 4501 naturam
1622 4443 1864 4500 fornica-

260 4552 364 4599 tam
420 4544 702 4615 copulavit
750 4543 895 4597 sibi:
932 4542 982 4596 id
1029 4541 1169 4611 quod
1218 4542 1347 4595 olim
1403 4540 1678 4608 prepbetae
1725 4539 1866 4593 circa

257 4653 589 4710 synagogam
616 4638 821 4690 iactum
860 4649 980 4689 esse
1026 4635 1298 4689 dixerunt.
1356 4631 1463 4687 Sed
1512 4632 1601 4685 illa
1650 4630 1865 4698 quidem

256 4730 469 4800 coniugi
499 4743 605 4784 suo
638 4728 841 4797 ingrata
869 4725 990 4788 fuit,
1023 4723 1266 4780 Ecclesia
1294 4737 1426 4778 vero
1445 4737 1474 4776 a
1501 4722 1686 4791 patriis
1712 4720 1868 4775 malis

259 4823 427 4876 semel
461 4821 721 4882 liberata,
753 4819 805 4873 in
838 4818 1019 4887 sponsi
1051 4816 1300 4885 amplexu
1325 4815 1638 4885 permansit.
1674 4813 1860 4867 Anim-

257 4913 489 4967 adverte
510 4927 575 4967 ea
606 4925 729 4981 quae
758 4908 823 4963 ad
847 4908 989 4963 Ruth
1016 4915 1260 4975 spectant
1283 4906 1481 4961 nostris
1508 4920 1631 4960 esse
1650 4904 1863 4959 similia.

257 5003 381 5058 llaec
401 4990 610 5073 quippe
638 5002 941 5069 alienigena
980 5008 1117 5063 erat,
1144 5007 1198 5053 et
1226 4997 1293 5052 ad
1334 5007 1629 5052 extremam
1669 5010 1867 5066 paupe-

254 5098 387 5151 riem
416 5095 695 5156 deducta;
734 5102 971 5146 attamen
994 5090 1184 5145 videns
1206 5089 1349 5145 illam
1372 5090 1537 5155 Booz,
1554 5102 1651 5143 nec
1670 5102 1870 5157 paupe-

258 5188 390 5242 riem
446 5184 746 5255 despexit,
784 5198 957 5253 neque
1002 5181 1233 5251 ignobile
1277 5180 1602 5249 contempsit
1646 5194 1864 5249 genus:

256 5277 720 5348 quemadmodum
753 5284 807 5330 et
839 5274 1083 5329 Christus
1135 5264 1435 5342 susceptam
1464 5271 1781 5332 Ecclesiam,
1813 5281 1868 5325 et

258 5373 620 5443 alienigenam
649 5378 706 5424 et
733 5382 1045 5437 magnorum
1077 5366 1299 5435 penuria
1320 5366 1583 5421 bonorum
1616 5364 1867 5419 laboran-

260 5474 388 5527 tem,
438 5464 491 5518 in
533 5470 851 5517 consortem
893 5458 1127 5519 admisit.
1156 5461 1233 5513 Ac
1276 5456 1722 5541 quemadmodum
1754 5456 1864 5523 illa,

263 5557 358 5611 nisi
381 5557 533 5617 prius
559 5562 777 5625 patrem
798 5551 1111 5618 dimisisset,
1129 5550 1345 5606 domum
1376 5550 1786 5619 contempsisset
1810 5558 1866 5604 et

325 5754 341 5783 ι
380 5752 431 5800 fn
452 5749 624 5813 Morel.
646 5755 780 5813 post,
813 5747 954 5806 Raab,
975 5747 1102 5801 male
1126 5748 1332 5809 additur,
1349 5757 1392 5802 et
1412 5749 1633 5809 Thamar,
1653 5751 1754 5813 ipsa
1778 5763 1859 5801 se-

263 5814 335 5861 ric
360 5813 546 5877 lapsum
572 5811 839 5861 indicante.

1970 628 2138 681 genus
2166 623 2219 670 et
2250 616 2476 683 patriam
2498 624 2551 667 et
2580 625 2837 684 cognatos
2857 657 2873 681 ,
2907 629 3196 687 numquam
3226 614 3314 669 tali
3356 628 3564 668 connu-

1970 704 2059 759 bio
2080 705 2294 775 dignata
2319 706 2503 760 fuisset
2531 723 2543 758 :
2574 708 2653 761 sic
2680 707 2921 762 Ecclesia
2973 709 3159 777 patriis
3188 706 3427 762 dimissis
3453 721 3569 760 mo-

1967 787 2137 860 ribus,
2174 805 2297 850 tunc
2324 796 2571 851 amabilis
2618 810 2822 867 sponso
2852 797 2970 851 fuit.
3002 798 3160 865 Quod
3202 807 3259 852 et
3302 795 3563 867 propheta

1969 894 2140 960 ipsam
2178 892 2458 959 alloquens
2479 890 2754 946 declarat:
2790 890 3097 946 Obliviscere
3122 892 3367 960 paparium
3395 903 3563 953 tutam.

1964 991 2011 1035 et
2031 982 2237 1036 domum
2277 982 2437 1050 patris
2462 981 2554 1046 tui,
2585 992 2633 1035 et
2679 982 2997 1049 concupiscet
3040 998 3131 1036 rea:
3160 986 3389 1037 decorent
3419 992 3566 1037 tuum

1964 1076 2137 1145 (Psat.
2168 1076 2376 1131 44.11.
2416 1076 2553 1147 12)’
2589 1073 2690 1131 hoc
2732 1084 2787 1131 et
2834 1074 2981 1131 Ruth
3033 1075 3200 1130 fecit:
3230 1076 3351 1130 Ideo
3398 1084 3571 1130 mater

1960 1183 2146 1239 regum
2178 1167 2293 1233 fuit,
2318 1167 2769 1239 quemadmodum
2785 1177 2838 1221 et
2862 1168 3094 1222 Ecclesia
3123 1184 3134 1220 :
3161 1183 3229 1222 ex
3261 1167 3349 1221 illa
3370 1168 3572 1237 quippe

1962 1269 2113 1315 ortus
2142 1270 2227 1335 est
2254 1262 2446 1316 David.
2482 1262 2584 1316 Per
2607 1259 2722 1315 haec
2764 1261 2927 1331 igitur
2975 1262 3153 1314 omnia
3205 1260 3409 1329 pudore
3448 1260 3571 1314 illos

1961 1352 2221 1417 afficiens,
2252 1353 2591 1422 suadensque
2619 1368 2687 1407 ne
2713 1352 2879 1406 altum
2902 1360 3172 1421 saperent,
3201 1351 3568 1420 genealogiam

1962 1447 2152 1509 texuit,
2176 1444 2538 1512 mulieresque
2560 1445 2692 1498 istas
2714 1444 2766 1498 in
2797 1444 3035 1499 medium
3066 1443 3307 1512 protulit.
3352 1443 3569 1496 Etenim

1962 1550 2214 1602 magnum
2237 1535 2323 1589 illa
2356 1552 2539 1604 regem
2569 1547 2664 1605 per
2694 1545 2918 1605 nepotes
2949 1536 3172 1607 genuit;
3205 1551 3379 1605 neque
3406 1550 3467 1590 ea
3503 1534 3571 1589 de

1962 1640 2020 1680 re
2049 1626 2318 1682 erubescit
2348 1625 2534 1681 David.

2021 1789 2265 1860 Nequitia
2292 1796 2559 1858 parentum
2586 1803 2686 1841 non
2714 1793 2858 1840 nocet
2892 1784 3103 1855 probis:
3127 1792 3401 1847 parentum
3428 1798 3557 1854 pro-

1950 1882 2077 1937 bitas
2123 1899 2225 1937 non
2262 1881 2465 1950 prodest
2494 1877 2753 1947 improbis.
2786 1906 2859 1917 —
2885 1875 3000 1931 Non
3032 1886 3209 1945 potest
3248 1876 3415 1940 enim,
3447 1891 3556 1929 non

1950 1983 2129 2043 potest
2150 1975 2335 2042 utique
2361 1971 2626 2042 quispiam
2656 1984 2721 2023 ex
2754 1969 2950 2024 virtute
2979 1978 3071 2023 aut
3091 1985 3153 2023 ex
3180 1968 3413 2038 nequitia
3445 1982 3559 2021 ma-

1946 2067 2123 2137 jorum
2167 2074 2259 2119 aut
2295 2064 2494 2133 probus
2530 2071 2623 2117 aut
2657 2061 2934 2132 improbus
2973 2076 3114 2125 esse,
3159 2068 3251 2115 aut
3291 2059 3558 2123 gloriosus

1952 2167 2043 2212 aut
2071 2158 2328 2227 inglorius
2358 2175 2371 2211 :
2402 2170 2590 2210 verum
2623 2156 2668 2210 si
2694 2153 2819 2224 quid
2858 2155 3050 2207 mirum
3095 2153 3238 2207 dictu
3274 2151 3557 2218 proferente

1952 2249 2103 2315 dum,
2136 2248 2227 2303 ille
2267 2248 2457 2318 majori
2489 2248 2649 2317 fulget
2678 2245 2992 2315 splendore,
3016 2244 3103 2313 qui
3132 2259 3196 2297 ex
3242 2258 3345 2295 non
3375 2242 3559 2310 probis

1953 2340 2247 2407 majoribus
2286 2348 2458 2401 ortus,
2507 2338 2706 2405 probus
2751 2344 2929 2389 tamen
2975 2333 3198 2389 eflectns
3240 2339 3341 2388 est.
3387 2331 3558 2387 Nemo

1954 2430 2115 2499 igitur
2148 2429 2216 2483 de
2257 2430 2323 2484 iis
2364 2430 2531 2483 altum
2575 2428 2769 2497 sapiat,
2822 2425 2917 2482 sed
2965 2426 3319 2483 consideratis
3350 2427 3560 2483 Domini

1953 2508 2408 2590 progenitoribus,
2439 2528 2608 2574 totum
2650 2518 2866 2587 abjiciat
2896 2526 3183 2581 tumorem,
3218 2523 3273 2573 ct
3316 2518 3382 2573 de
3425 2519 3559 2574 solis

1955 2612 2124 2680 probe
2172 2612 2339 2681 gestis
2381 2598 2687 2679 glorietur:
2724 2604 2833 2662 imo
2872 2623 2973 2664 nec
3019 2609 3087 2665 de
3117 2609 3239 2665 illis.
3291 2611 3365 2665 Ita
3414 2612 3558 2667 enim

1955 2704 2261 2759 Phariszeus
2308 2703 2595 2772 publicano
2635 2700 2862 2757 inferior
2892 2701 3007 2757 fuit.
3048 2703 3103 2759 Si
3142 2695 3223 2759 vis
3261 2704 3403 2759 enim
3448 2720 3561 2759 ma-

1955 2810 2119 2866 gnum
2170 2802 2428 2863 praestare
2475 2792 2701 2857 facinus,
2754 2806 2824 2847 ne
2869 2792 3035 2847 altum
3085 2794 3283 2863 sapias,
3334 2803 3389 2849 et
3437 2804 3563 2849 tunc

1958 2886 2130 2955 majus
2172 2883 2379 2943 facinus
2413 2884 2704 2939 exhibuisti
2740 2902 2751 2937 :
2782 2900 2848 2938 ne
2885 2892 3045 2952 putes
3086 2894 3138 2955 te
3168 2885 3441 2956 quidpiam
3483 2887 3563 2940 fe-

1956 2978 2117 3043 cisse,
2150 2985 2202 3032 ct
2231 2987 2356 3031 tunc
2384 2984 2553 3031 totum
2580 2976 2772 3031 fecisti.
2801 2974 2856 3031 Si
2892 2977 3035 3031 enim
3066 2978 3281 3047 quando
3312 2989 3564 3047 peccato-

1959 3081 2046 3121 res
2080 3080 2285 3128 sumus,
2330 3081 2450 3121 eum
2494 3080 2593 3120 nos
2628 3080 2750 3120 esse
2795 3077 3050 3135 putamus
3083 3067 3133 3121 id
3175 3059 3317 3135 quod
3352 3082 3563 3132 smnus,

1956 3157 2084 3226 justi
2116 3156 2400 3223 efﬁcimur,
2436 3165 2493 3210 ut
2522 3155 2840 3225 publicanus
2867 3157 2958 3211 ille
2982 3174 2995 3210 :
3020 3168 3222 3226 quanto
3244 3160 3413 3227 magis
3441 3173 3566 3213 cum

1957 3248 2098 3318 just?
2132 3262 2339 3311 sumus,
2373 3257 2427 3303 et
2459 3262 2555 3303 nos
2602 3261 2727 3302 esse
2756 3255 3068 3316 peccatores
3111 3248 3478 3302 arbitramur?
3509 3248 3569 3305 Si

1961 3339 2104 3392 enim
2135 3337 2408 3391 humiliter
2433 3351 2623 3405 sapere
2661 3352 2727 3390 ex
2770 3338 3145 3405 peccatoribus
3170 3338 3346 3405 justos
3380 3338 3567 3401 eiticit,

1963 3431 2172 3483 etiamsi
2208 3428 2335 3482 illud
2370 3443 2476 3481 non
2504 3442 2630 3481 vere
2654 3427 2931 3481 humilitas
2960 3428 3050 3490 sit,
3078 3428 3172 3483 sed
3203 3430 3346 3496 justa
3378 3429 3571 3483 existi-

1962 3522 2128 3575 matio
2149 3521 2166 3553 ³
2199 3536 2211 3572 :
2244 3519 2287 3574 si
2317 3517 2478 3588 igitur
2514 3517 2629 3572 haec
2651 3516 2796 3587 justa
2828 3517 3157 3573 existimatio
3189 3528 3395 3575 tantum
3424 3522 3568 3574 vaict

1968 3610 2023 3663 in
2045 3606 2436 3677 peccatoribus,
2468 3603 2593 3670 quid
2618 3619 2721 3656 non
2746 3611 2867 3671 aget
2896 3602 3170 3655 humilitas
3197 3604 3248 3655 in
3274 3604 3472 3670 justis?
3494 3602 3572 3657 Nc

1968 3700 2128 3767 igitur
2157 3698 2367 3751 labores
2394 3707 2512 3749 tuos
2539 3696 2847 3758 labefactes,
2876 3708 3010 3749 neve
3030 3693 3285 3748 sudorum
3319 3693 3570 3745 meritum

1970 3789 2205 3853 auferas,
2255 3804 2322 3843 ne
2366 3801 2504 3841 vane
2549 3801 2736 3839 curras
2770 3793 2889 3854 post
2940 3784 3085 3838 mille
3119 3784 3346 3837 decursa
3401 3780 3571 3836 stadia

1965 3893 2181 3933 omnem
2223 3877 2505 3933 cil‘undens
2535 3876 2796 3929 laborem.
2842 3873 3099 3928 Dominus
3140 3873 3284 3929 enim
3333 3875 3488 3941 longe
3521 3881 3573 3926 te

1966 3968 2156 4023 melius
2196 3969 2343 4022 novit
2377 3980 2539 4037 opera
2590 3975 2698 4019 tua.
2741 3963 2797 4019 Si
2834 3964 2920 4019 vel
2959 3975 3140 4033 potum
3180 3979 3333 4032 aqua:
3364 3960 3573 4031 frigidm

1966 4060 2179 4115 dederis
2205 4100 2220 4126 ,
2256 4074 2323 4113 ne
2375 4057 2506 4112 illud
2550 4055 2767 4126 quidem
2818 4055 3045 4124 ‘despicit
3074 4073 3087 4106 :
3118 4055 3163 4107 si
3220 4054 3303 4107 vel
3352 4053 3569 4107 obolum

1966 4150 2303 4219 prol'nderis,
2349 4148 2395 4200 si
2438 4148 2766 4215 ingemueris
2813 4156 3049 4211 tantutn,
3097 4146 3276 4200 omnia
3318 4146 3405 4199 ille
3445 4160 3570 4198 cum

1966 4242 2156 4309 magna
2206 4238 2578 4294 benevolentia
2628 4238 2840 4305 recipit,
2889 4231 3080 4291 horum
3131 4238 3467 4303 recordatur,
3514 4249 3571 4293 et

1966 4344 2156 4400 magna
2185 4328 2268 4383 his
2297 4327 2515 4397 praemia
2545 4325 2753 4381 deﬁnit.
2795 4326 2906 4378 Cur
2929 4334 3014 4379 tua
3042 4327 3311 4394 exploras,
3341 4336 3394 4379 et
3421 4341 3569 4395 saepe

1964 4423 2017 4475 in
2060 4421 2295 4476 medium
2334 4418 2534 4474 alTers?
2575 4418 2655 4471 An
2683 4416 2859 4470 nescis
2893 4417 2937 4469 si
2978 4426 3028 4470 te
3068 4416 3273 4483 laudes,
3305 4416 3472 4470 Deum
3515 4425 3568 4472 te

1964 4528 2070 4566 non
2098 4512 2233 4566 ultra
2264 4510 2599 4565 laudaturum
2636 4522 2756 4562 esse
2777 4506 2802 4559 ’ἓ
2832 4507 3282 4577 quemadmodum
3328 4517 3383 4562 et
3423 4509 3468 4562 si
3513 4518 3566 4563 te

1950 4590 2222 4655 “miserum
2252 4602 2420 4664 dicas,
2450 4616 2555 4653 non
2588 4608 2921 4653 cessaturum
2952 4607 3004 4653 te
3031 4598 3173 4667 apud
3204 4612 3396 4653 omnes
3428 4616 3568 4669 pra:-

1962 4692 2183 4750 dicare?
2212 4691 2327 4745 Non
2360 4691 2471 4744 vult
2495 4691 2638 4743 enim
2666 4690 2879 4743 labores
2910 4701 3030 4744 tuos
3071 4692 3122 4743 in
3153 4692 3363 4745 minore
3391 4692 3565 4759 pretio

1964 4782 2168 4836 haberi.
2211 4784 2275 4837 Et
2300 4782 2425 4853 quid
2458 4782 2579 4837 dico
2616 4783 2667 4834 in
2713 4783 2920 4837 minore
2954 4784 3131 4853 pretio
3163 4784 3392 4838 haberi?
3422 4784 3565 4842 Nihil

1963 4889 2067 4927 non
2086 4874 2193 4941 agit
2214 4882 2267 4927 et
2300 4873 2536 4935 molitur,
2560 4881 2619 4924 ut
2637 4872 2717 4925 vel
2742 4888 2805 4926 ex
2834 4874 3009 4941 parvis
3032 4875 3238 4928 meritis
3263 4876 3562 4941 coroneris,

1962 4974 2016 5017 et
2044 4964 2233 5018 circuit
2260 4963 2572 5018 occasiones
2597 4979 2869 5035 quaerens,
2893 4966 3046 5034 queis
3070 4965 3242 5035 possis
3264 4982 3292 5018 a
3318 4968 3564 5035 gebcnna

1962 5057 2198 5112 liberari.

2032 5149 2086 5203 5.
2130 5146 2410 5201 Humilitas
2439 5147 2841 5201 commendatur.
2880 5146 3099 5202 Peccata
3126 5152 3403 5217 memorias,
3434 5150 3567 5206 bona

2018 5418 2034 5448 ι
2071 5414 2124 5463 In
2147 5421 2328 5469 Graeco,
2353 5428 2609 5480 simum.
2639 5412 2857 5480 Anianus
2880 5416 3313 5480 vortit,confessio.
3335 5435 3429 5471 non
3449 5438 3551 5472 ma-

1960 5477 2025 5533 le,
2048 5490 2141 5526 nec
2159 5485 2326 5525 contra
2346 5475 2666 5539 Cbrysostomi
2694 5487 2915 5537 scopum,
2954 5480 3039 5540 qui
3066 5475 3160 5529 non
3186 5486 3384 5533 omnino
3408 5496 3559 5545 negat

1961 5552 2041 5621 hic
2064 5553 2333 5614 peccatoris
2363 5553 2783 5621 compunctionem
2808 5566 2923 5621 esse
2943 5568 3069 5621 _v_ere
3093 5556 3433 5621 humilitatem.
3471 5566 3565 5615 8εά

1962 5615 2029 5661 ait
2048 5627 2179 5669 esse.
2206 5624 2487 5672 ιὺνυμῡσὺνην,
2512 5615 2812 5673 probitatem,
2828 5615 3087 5675 justitiam,
3112 5618 3287 5670 iustum
3310 5615 3563 5675 existima-

1964 5675 2154 5744 tionem,
2186 5682 2236 5722 ut
2253 5674 2515 5744 distinguat
2530 5688 2557 5722 a
2580 5674 2864 5744 sanctorum
2881 5674 3155 5744 humilitate
3176 5694 3187 5727 :
3214 5695 3458 5744 amas-4
3477 5699 3563 5735 au-

1966 5734 2358 5846 tetgbqtliqu'apdo,
2380 5741 2570 5794 aratum
2593 5748 2827 5801 amnium,
2854 5739 3049 5799 indicat,
3073 5734 3365 5803 quaeeaque
3391 5734 3558 5809 etiam,

1971 5811 2028 5846 ιιι·
2127 5811 2155 5845 α
2179 5809 2201 5845 ι’
2253 5832 2266 5843 .

1970 5803 2266 5855 probantem.
