  <div class='ocr_page' id='page_1' title='image "/cluster/home/n/w/nwhite01/storage/ocr_20150623/57/uva.x004697226/051.png"; bbox 0 0 4056 6514; ppageno 0'>
   <div class='ocr_carea' id='block_1_1' title="bbox 536 410 3758 498">
    <p class='ocr_par' dir='ltr' id='par_1_1' title="bbox 536 410 3758 498">
     <span class='ocr_line' id='line_1_1' title="bbox 536 410 3758 498; baseline 0.004 -14"><span class='ocrx_word' id='word_1_1' title='bbox 536 430 606 484; x_wconf 78' lang='lat'><strong>57</strong></span> <span class='ocrx_word' id='word_1_2' title='bbox 1211 435 1269 492; x_wconf 92' lang='lat' dir='ltr'><strong>s.</strong></span> <span class='ocrx_word' id='word_1_3' title='bbox 1308 410 1589 493; x_wconf 70' lang='lat' dir='ltr'><strong>mantus</strong></span> <span class='ocrx_word' id='word_1_4' title='bbox 1625 436 2113 496; x_wconf 74' lang='lat' dir='ltr'><strong>cnavsosrout</strong></span> <span class='ocrx_word' id='word_1_5' title='bbox 2152 439 2466 498; x_wconf 65' lang='lat' dir='ltr'><strong>sacoma.</strong></span> <span class='ocrx_word' id='word_1_6' title='bbox 2506 440 3046 498; x_wconf 79' lang='lat' dir='ltr'><strong>CONSTANTINOP.</strong></span> <span class='ocrx_word' id='word_1_7' title='bbox 3340 480 3341 483; x_wconf 31' lang='grc' dir='ltr'>γ</span> <span class='ocrx_word' id='word_1_8' title='bbox 3690 425 3758 479; x_wconf 69' lang='grc'>³³</span> 
     </span>
    </p>
   </div>
   <div class='ocr_carea' id='block_1_2' title="bbox 530 532 2097 605">
    <p class='ocr_par' dir='ltr' id='par_1_2' title="bbox 530 532 2097 605">
     <span class='ocr_line' id='line_1_2' title="bbox 530 532 2097 605; baseline 0 -17"><span class='ocrx_word' id='word_1_9' title='bbox 530 548 686 597; x_wconf 69' lang='lat' dir='ltr'><strong>opera</strong></span> <span class='ocrx_word' id='word_1_10' title='bbox 710 532 943 588; x_wconf 71' lang='lat' dir='ltr'><strong>oblivioni</strong></span> <span class='ocrx_word' id='word_1_11' title='bbox 973 533 1232 589; x_wconf 77' lang='lat' dir='ltr'><strong>tradenda.</strong></span> <span class='ocrx_word' id='word_1_12' title='bbox 1264 532 1434 588; x_wconf 81' lang='lat' dir='ltr'><strong>Penus</strong></span> <span class='ocrx_word' id='word_1_13' title='bbox 1448 550 1622 588; x_wconf 81' lang='lat' dir='ltr'><strong>secura</strong></span> <span class='ocrx_word' id='word_1_14' title='bbox 1653 534 1807 603; x_wconf 77' lang='lat' dir='ltr'><strong>probe</strong></span> <span class='ocrx_word' id='word_1_15' title='bbox 1823 542 2097 605; x_wconf 74' lang='lat' dir='ltr'><strong>gestorum,</strong></span> 
     </span>
    </p>
   </div>
   <div class='ocr_carea' id='block_1_3' title="bbox 534 622 2102 692">
    <p class='ocr_par' dir='ltr' id='par_1_3' title="bbox 534 622 2102 692">
     <span class='ocr_line' id='line_1_3' title="bbox 534 622 2102 692; baseline 0.001 -15"><span class='ocrx_word' id='word_1_16' title='bbox 534 634 607 677; x_wconf 72' lang='lat' dir='ltr'><strong>est</strong></span> <span class='ocrx_word' id='word_1_17' title='bbox 654 624 835 678; x_wconf 74' lang='lat' dir='ltr'><strong>oblivio</strong></span> <span class='ocrx_word' id='word_1_18' title='bbox 877 639 1071 683; x_wconf 68' lang='lat' dir='ltr'><strong>muni.</strong></span> <span class='ocrx_word' id='word_1_19' title='bbox 1096 622 1416 692; x_wconf 89' lang='lat' dir='ltr'><strong>-—ldeoque</strong></span> <span class='ocrx_word' id='word_1_20' title='bbox 1466 624 1673 678; x_wconf 84' lang='lat' dir='ltr'><strong>etiamsi</strong></span> <span class='ocrx_word' id='word_1_21' title='bbox 1714 624 1769 678; x_wconf 91' lang='lat' dir='ltr'><strong>in</strong></span> <span class='ocrx_word' id='word_1_22' title='bbox 1820 623 2102 679; x_wconf 70' lang='lat' dir='ltr'><strong>undecimo</strong></span> 
     </span>
    </p>
   </div>
   <div class='ocr_carea' id='block_1_4' title="bbox 529 714 2100 780">
    <p class='ocr_par' dir='ltr' id='par_1_4' title="bbox 529 714 2100 780">
     <span class='ocr_line' id='line_1_4' title="bbox 529 714 2100 780; baseline 0.003 -15"><span class='ocrx_word' id='word_1_23' title='bbox 529 714 657 767; x_wconf 88' lang='lat' dir='ltr'><strong>hora</strong></span> <span class='ocrx_word' id='word_1_24' title='bbox 694 714 797 769; x_wconf 89' lang='lat' dir='ltr'><strong>diei</strong></span> <span class='ocrx_word' id='word_1_25' title='bbox 830 714 1059 778; x_wconf 82' lang='lat' dir='ltr'><strong>labores,</strong></span> <span class='ocrx_word' id='word_1_26' title='bbox 1091 722 1253 768; x_wconf 88' lang='lat' dir='ltr'><strong>totam</strong></span> <span class='ocrx_word' id='word_1_27' title='bbox 1277 714 1577 769; x_wconf 80' lang='lat' dir='ltr'><strong>mercedem</strong></span> <span class='ocrx_word' id='word_1_28' title='bbox 1618 715 1850 780; x_wconf 87' lang='lat' dir='ltr'><strong>tribuet;</strong></span> <span class='ocrx_word' id='word_1_29' title='bbox 1882 714 2100 770; x_wconf 81' lang='lat' dir='ltr'><strong>Etiamsi</strong></span> 
     </span>
    </p>
   </div>
   <div class='ocr_carea' id='block_1_5' title="bbox 526 792 2101 875">
    <p class='ocr_par' dir='ltr' id='par_1_5' title="bbox 526 792 2101 875">
     <span class='ocr_line' id='line_1_5' title="bbox 526 792 2101 875; baseline 0.001 -18"><span class='ocrx_word' id='word_1_30' title='bbox 526 804 721 858; x_wconf 79' lang='lat' dir='ltr'><strong>nullam</strong></span> <span class='ocrx_word' id='word_1_31' title='bbox 763 805 939 859; x_wconf 82' lang='lat' dir='ltr'><strong>solutis</strong></span> <span class='ocrx_word' id='word_1_32' title='bbox 975 820 1151 856; x_wconf 86' lang='lat' dir='ltr'><strong>ansam</strong></span> <span class='ocrx_word' id='word_1_33' title='bbox 1195 792 1396 869; x_wconf 72' lang='lat' dir='ltr'><strong>Italicas,</strong></span> <span class='ocrx_word' id='word_1_34' title='bbox 1443 805 1634 873; x_wconf 88' lang='lat' dir='ltr'><strong>inquit,</strong></span> <span class='ocrx_word' id='word_1_35' title='bbox 1676 815 1876 875; x_wconf 81' lang='lat' dir='ltr'><strong>propter</strong></span> <span class='ocrx_word' id='word_1_36' title='bbox 1913 822 1992 859; x_wconf 83' lang='lat' dir='ltr'><strong>me</strong></span> <span class='ocrx_word' id='word_1_37' title='bbox 2018 812 2101 875; x_wconf 76' lang='lat' dir='ltr'><strong>[a-</strong></span> 
     </span>
    </p>
   </div>
   <div class='ocr_carea' id='block_1_6' title="bbox 524 890 2093 965">
    <p class='ocr_par' dir='ltr' id='par_1_6' title="bbox 524 890 2093 965">
     <span class='ocr_line' id='line_1_6' title="bbox 524 890 2093 965; baseline 0.002 -20"><span class='ocrx_word' id='word_1_38' title='bbox 524 894 676 956; x_wconf 85' lang='lat' dir='ltr'><strong>ciam,</strong></span> <span class='ocrx_word' id='word_1_39' title='bbox 707 908 769 944; x_wconf 85' lang='lat' dir='ltr'><strong>ne</strong></span> <span class='ocrx_word' id='word_1_40' title='bbox 788 907 965 945; x_wconf 84' lang='lat' dir='ltr'><strong>nomen</strong></span> <span class='ocrx_word' id='word_1_41' title='bbox 990 906 1153 945; x_wconf 79' lang='lat' dir='ltr'><strong>meum</strong></span> <span class='ocrx_word' id='word_1_42' title='bbox 1173 890 1465 959; x_wconf 78' lang='lat' dir='ltr'><strong>profanetur</strong></span> <span class='ocrx_word' id='word_1_43' title='bbox 1486 892 1698 958; x_wconf 71' lang='lat' dir='ltr'><strong>(Esca/1.</strong></span> <span class='ocrx_word' id='word_1_44' title='bbox 1732 894 1819 949; x_wconf 77' lang='lat'><strong>36.</strong></span> <span class='ocrx_word' id='word_1_45' title='bbox 1846 894 1935 948; x_wconf 76' lang='lat'><strong>22.</strong></span> <span class='ocrx_word' id='word_1_46' title='bbox 1962 896 2093 965; x_wconf 68' lang='lat'><strong>39.);</strong></span> 
     </span>
    </p>
   </div>
   <div class='ocr_carea' id='block_1_7' title="bbox 529 981 2101 1052">
    <p class='ocr_par' dir='ltr' id='par_1_7' title="bbox 529 981 2101 1052">
     <span class='ocr_line' id='line_1_7' title="bbox 529 981 2101 1052; baseline 0.006 -18"><span class='ocrx_word' id='word_1_47' title='bbox 529 981 733 1034; x_wconf 88' lang='lat' dir='ltr'><strong>etiamsi</strong></span> <span class='ocrx_word' id='word_1_48' title='bbox 765 990 964 1035; x_wconf 87' lang='lat' dir='ltr'><strong>tantum</strong></span> <span class='ocrx_word' id='word_1_49' title='bbox 992 982 1275 1052; x_wconf 78' lang='lat' dir='ltr'><strong>gemueris,</strong></span> <span class='ocrx_word' id='word_1_50' title='bbox 1307 982 1390 1037; x_wconf 90' lang='lat' dir='ltr'><strong>vel</strong></span> <span class='ocrx_word' id='word_1_51' title='bbox 1418 983 1809 1052; x_wconf 78' lang='lat' dir='ltr'><strong>lacrymaveris,</strong></span> <span class='ocrx_word' id='word_1_52' title='bbox 1842 986 1955 1042; x_wconf 72' lang='lat' dir='ltr'><strong>haec</strong></span> <span class='ocrx_word' id='word_1_53' title='bbox 1990 998 2101 1043; x_wconf 84' lang='lat' dir='ltr'><strong>sta-</strong></span> 
     </span>
    </p>
   </div>
   <div class='ocr_carea' id='block_1_8' title="bbox 530 1069 2101 1145">
    <p class='ocr_par' dir='ltr' id='par_1_8' title="bbox 530 1069 2101 1145">
     <span class='ocr_line' id='line_1_8' title="bbox 530 1069 2101 1145; baseline 0.006 -23"><span class='ocrx_word' id='word_1_54' title='bbox 530 1071 623 1122; x_wconf 89' lang='lat' dir='ltr'><strong>tim</strong></span> <span class='ocrx_word' id='word_1_55' title='bbox 663 1069 749 1125; x_wconf 88' lang='lat' dir='ltr'><strong>ille</strong></span> <span class='ocrx_word' id='word_1_56' title='bbox 783 1071 920 1139; x_wconf 88' lang='lat' dir='ltr'><strong>rapit</strong></span> <span class='ocrx_word' id='word_1_57' title='bbox 956 1071 1009 1124; x_wconf 90' lang='lat' dir='ltr'><strong>in</strong></span> <span class='ocrx_word' id='word_1_58' title='bbox 1053 1072 1385 1125; x_wconf 80' lang='lat' dir='ltr'><strong>occasionem</strong></span> <span class='ocrx_word' id='word_1_59' title='bbox 1414 1072 1601 1126; x_wconf 88' lang='lat' dir='ltr'><strong>salutis</strong></span> <span class='ocrx_word' id='word_1_60' title='bbox 1642 1084 1768 1127; x_wconf 70' lang='lat' dir='ltr'><strong>tute.</strong></span> <span class='ocrx_word' id='word_1_61' title='bbox 1808 1074 1886 1129; x_wconf 79' lang='lat' dir='ltr'><strong>Ne</strong></span> <span class='ocrx_word' id='word_1_62' title='bbox 1920 1075 2101 1145; x_wconf 90' lang='lat' dir='ltr'><strong>itaque</strong></span> 
     </span>
    </p>
   </div>
   <div class='ocr_carea' id='block_1_9' title="bbox 530 1160 2100 1227">
    <p class='ocr_par' dir='ltr' id='par_1_9' title="bbox 530 1160 2100 1227">
     <span class='ocr_line' id='line_1_9' title="bbox 530 1160 2100 1227; baseline 0.004 -14"><span class='ocrx_word' id='word_1_63' title='bbox 530 1160 865 1223; x_wconf 78' lang='lat' dir='ltr'><strong>extollamur,</strong></span> <span class='ocrx_word' id='word_1_64' title='bbox 902 1160 995 1214; x_wconf 89' lang='lat' dir='ltr'><strong>sed</strong></span> <span class='ocrx_word' id='word_1_65' title='bbox 1034 1175 1132 1215; x_wconf 88' lang='lat' dir='ltr'><strong>nos</strong></span> <span class='ocrx_word' id='word_1_66' title='bbox 1159 1160 1400 1215; x_wconf 86' lang='lat' dir='ltr'><strong>dicamus</strong></span> <span class='ocrx_word' id='word_1_67' title='bbox 1432 1162 1668 1227; x_wconf 88' lang='lat' dir='ltr'><strong>inutiles,</strong></span> <span class='ocrx_word' id='word_1_68' title='bbox 1711 1172 1767 1218; x_wconf 85' lang='lat' dir='ltr'><strong>ut</strong></span> <span class='ocrx_word' id='word_1_69' title='bbox 1807 1165 1961 1220; x_wconf 88' lang='lat' dir='ltr'><strong>utiles</strong></span> <span class='ocrx_word' id='word_1_70' title='bbox 1989 1168 2100 1222; x_wconf 66' lang='lat' dir='ltr'><strong>citi.</strong></span> 
     </span>
    </p>
   </div>
   <div class='ocr_carea' id='block_1_10' title="bbox 527 1250 2094 1329">
    <p class='ocr_par' dir='ltr' id='par_1_10' title="bbox 527 1250 2094 1329">
     <span class='ocr_line' id='line_1_10' title="bbox 527 1250 2094 1329; baseline 0.004 -24"><span class='ocrx_word' id='word_1_71' title='bbox 527 1252 752 1306; x_wconf 87' lang='lat' dir='ltr'><strong>ciamur.</strong></span> <span class='ocrx_word' id='word_1_72' title='bbox 772 1250 905 1305; x_wconf 76' lang='lat' dir='ltr'><strong>Nam</strong></span> <span class='ocrx_word' id='word_1_73' title='bbox 931 1253 975 1307; x_wconf 86' lang='lat' dir='ltr'><strong>si</strong></span> <span class='ocrx_word' id='word_1_74' title='bbox 1008 1262 1058 1307; x_wconf 89' lang='lat' dir='ltr'><strong>te</strong></span> <span class='ocrx_word' id='word_1_75' title='bbox 1078 1252 1391 1307; x_wconf 88' lang='lat' dir='ltr'><strong>laudabilem</strong></span> <span class='ocrx_word' id='word_1_76' title='bbox 1420 1254 1642 1323; x_wconf 79' lang='lat' dir='ltr'><strong>dixeris,</strong></span> <span class='ocrx_word' id='word_1_77' title='bbox 1672 1257 1873 1329; x_wconf 88' lang='lat' dir='ltr'><strong>inutilis</strong></span> <span class='ocrx_word' id='word_1_78' title='bbox 1896 1259 2094 1326; x_wconf 80' lang='lat' dir='ltr'><strong>evadis,</strong></span> 
     </span>
    </p>
   </div>
   <div class='ocr_carea' id='block_1_11' title="bbox 527 1334 2099 1419">
    <p class='ocr_par' dir='ltr' id='par_1_11' title="bbox 527 1334 2099 1419">
     <span class='ocr_line' id='line_1_11' title="bbox 527 1334 2099 1419; baseline 0.008 -26"><span class='ocrx_word' id='word_1_79' title='bbox 527 1343 737 1397; x_wconf 77' lang='lat' dir='ltr'><strong>etiamsi</strong></span> <span class='ocrx_word' id='word_1_80' title='bbox 781 1344 1059 1399; x_wconf 77' lang='lat' dir='ltr'><strong>laudabilis</strong></span> <span class='ocrx_word' id='word_1_81' title='bbox 1101 1361 1226 1400; x_wconf 88' lang='lat' dir='ltr'><strong>vere</strong></span> <span class='ocrx_word' id='word_1_82' title='bbox 1252 1344 1435 1400; x_wconf 70' lang='lat' dir='ltr'><strong>fueris.</strong></span> <span class='ocrx_word' id='word_1_83' title='bbox 1477 1349 1532 1403; x_wconf 84' lang='lat' dir='ltr'><strong>Si</strong></span> <span class='ocrx_word' id='word_1_84' title='bbox 1562 1334 1627 1404; x_wconf 23' lang='lat' dir='ltr'><strong>Qte</strong></span> <span class='ocrx_word' id='word_1_85' title='bbox 1664 1351 1904 1407; x_wconf 88' lang='lat' dir='ltr'><strong>inutilem</strong></span> <span class='ocrx_word' id='word_1_86' title='bbox 1932 1352 2099 1419; x_wconf 85' lang='lat' dir='ltr'><strong>dicas,</strong></span> 
     </span>
    </p>
   </div>
   <div class='ocr_carea' id='block_1_12' title="bbox 528 1431 2098 1506">
    <p class='ocr_par' dir='ltr' id='par_1_12' title="bbox 528 1431 2098 1506">
     <span class='ocr_line' id='line_1_12' title="bbox 528 1431 2098 1506; baseline 0.006 -22"><span class='ocrx_word' id='word_1_87' title='bbox 528 1431 671 1487; x_wconf 86' lang='lat' dir='ltr'><strong>utilis</strong></span> <span class='ocrx_word' id='word_1_88' title='bbox 726 1433 928 1498; x_wconf 88' lang='lat' dir='ltr'><strong>evadis,</strong></span> <span class='ocrx_word' id='word_1_89' title='bbox 981 1434 1187 1487; x_wconf 88' lang='lat' dir='ltr'><strong>etiamsi</strong></span> <span class='ocrx_word' id='word_1_90' title='bbox 1246 1434 1623 1503; x_wconf 76' lang='lat' dir='ltr'><strong>improbandus</strong></span> <span class='ocrx_word' id='word_1_91' title='bbox 1669 1437 1853 1494; x_wconf 80' lang='lat' dir='ltr'><strong>fueris.</strong></span> <span class='ocrx_word' id='word_1_92' title='bbox 1899 1439 2098 1506; x_wconf 58' lang='lat' dir='ltr'><strong>Quam-</strong></span> 
     </span>
    </p>
   </div>
   <div class='ocr_carea' id='block_1_13' title="bbox 525 1522 2097 1596">
    <p class='ocr_par' dir='ltr' id='par_1_13' title="bbox 525 1522 2097 1596">
     <span class='ocr_line' id='line_1_13' title="bbox 525 1522 2097 1596; baseline 0.007 -21"><span class='ocrx_word' id='word_1_93' title='bbox 525 1522 709 1576; x_wconf 91' lang='lat' dir='ltr'><strong>obrem</strong></span> <span class='ocrx_word' id='word_1_94' title='bbox 750 1522 1046 1577; x_wconf 83' lang='lat' dir='ltr'><strong>necessaria</strong></span> <span class='ocrx_word' id='word_1_95' title='bbox 1086 1524 1240 1578; x_wconf 89' lang='lat' dir='ltr'><strong>nobis</strong></span> <span class='ocrx_word' id='word_1_96' title='bbox 1268 1534 1351 1577; x_wconf 88' lang='lat' dir='ltr'><strong>est</strong></span> <span class='ocrx_word' id='word_1_97' title='bbox 1376 1526 1539 1592; x_wconf 85' lang='lat' dir='ltr'><strong>probe</strong></span> <span class='ocrx_word' id='word_1_98' title='bbox 1580 1538 1851 1596; x_wconf 75' lang='lat' dir='ltr'><strong>gestorum</strong></span> <span class='ocrx_word' id='word_1_99' title='bbox 1878 1530 2097 1586; x_wconf 86' lang='lat' dir='ltr'><strong>oblivio.</strong></span> 
     </span>
    </p>
   </div>
   <div class='ocr_carea' id='block_1_14' title="bbox 523 1609 2100 1684">
    <p class='ocr_par' dir='ltr' id='par_1_14' title="bbox 523 1609 2100 1684">
     <span class='ocr_line' id='line_1_14' title="bbox 523 1609 2100 1684; baseline 0.007 -19"><span class='ocrx_word' id='word_1_100' title='bbox 523 1609 593 1665; x_wconf 84' lang='lat' dir='ltr'><strong>Et</strong></span> <span class='ocrx_word' id='word_1_101' title='bbox 635 1611 902 1679; x_wconf 89' lang='lat' dir='ltr'><strong>quomodo</strong></span> <span class='ocrx_word' id='word_1_102' title='bbox 949 1626 1250 1680; x_wconf 86' lang='lat' dir='ltr'><strong>possumus,</strong></span> <span class='ocrx_word' id='word_1_103' title='bbox 1276 1614 1519 1682; x_wconf 77' lang='lat' dir='ltr'><strong>inquies,</strong></span> <span class='ocrx_word' id='word_1_104' title='bbox 1561 1633 1680 1684; x_wconf 83' lang='lat' dir='ltr'><strong>quae</strong></span> <span class='ocrx_word' id='word_1_105' title='bbox 1726 1632 1851 1673; x_wconf 84' lang='lat' dir='ltr'><strong>vere</strong></span> <span class='ocrx_word' id='word_1_106' title='bbox 1903 1620 2100 1677; x_wconf 80' lang='lat' dir='ltr'><strong>scimus</strong></span> 
     </span>
    </p>
   </div>
   <div class='ocr_carea' id='block_1_15' title="bbox 523 1698 2097 1777">
    <p class='ocr_par' dir='ltr' id='par_1_15' title="bbox 523 1698 2097 1777">
     <span class='ocr_line' id='line_1_15' title="bbox 523 1698 2097 1777; baseline 0.008 -25"><span class='ocrx_word' id='word_1_107' title='bbox 523 1698 768 1767; x_wconf 77' lang='lat' dir='ltr'><strong>ignorare</strong></span> <span class='ocrx_word' id='word_1_108' title='bbox 787 1699 959 1768; x_wconf 74' lang='lat' dir='ltr'><strong>‘PQuid</strong></span> <span class='ocrx_word' id='word_1_109' title='bbox 977 1700 1145 1755; x_wconf 77' lang='lat' dir='ltr'><strong>dicis?</strong></span> <span class='ocrx_word' id='word_1_110' title='bbox 1163 1717 1283 1754; x_wconf 90' lang='lat' dir='ltr'><strong>cum</strong></span> <span class='ocrx_word' id='word_1_111' title='bbox 1305 1703 1515 1759; x_wconf 87' lang='lat' dir='ltr'><strong>assidue</strong></span> <span class='ocrx_word' id='word_1_112' title='bbox 1532 1705 1772 1760; x_wconf 81' lang='lat' dir='ltr'><strong>oll‘eudas</strong></span> <span class='ocrx_word' id='word_1_113' title='bbox 1796 1708 2097 1777; x_wconf 88' lang='lat' dir='ltr'><strong>Dominum,</strong></span> 
     </span>
    </p>
   </div>
   <div class='ocr_carea' id='block_1_16' title="bbox 524 1788 2099 1871">
    <p class='ocr_par' dir='ltr' id='par_1_16' title="bbox 524 1788 2099 1871">
     <span class='ocr_line' id='line_1_16' title="bbox 524 1788 2099 1871; baseline 0.008 -28"><span class='ocrx_word' id='word_1_114' title='bbox 524 1788 793 1845; x_wconf 89' lang='lat' dir='ltr'><strong>deliciaris</strong></span> <span class='ocrx_word' id='word_1_115' title='bbox 820 1800 873 1844; x_wconf 89' lang='lat' dir='ltr'><strong>et</strong></span> <span class='ocrx_word' id='word_1_116' title='bbox 900 1791 1062 1853; x_wconf 82' lang='lat' dir='ltr'><strong>rides.</strong></span> <span class='ocrx_word' id='word_1_117' title='bbox 1107 1807 1167 1847; x_wconf 85' lang='lat' dir='ltr'><strong>ac</strong></span> <span class='ocrx_word' id='word_1_118' title='bbox 1193 1809 1368 1862; x_wconf 89' lang='lat' dir='ltr'><strong>neque</strong></span> <span class='ocrx_word' id='word_1_119' title='bbox 1405 1796 1509 1849; x_wconf 87' lang='lat' dir='ltr'><strong>scis</strong></span> <span class='ocrx_word' id='word_1_120' title='bbox 1548 1806 1598 1851; x_wconf 84' lang='lat' dir='ltr'><strong>te</strong></span> <span class='ocrx_word' id='word_1_121' title='bbox 1644 1812 1913 1867; x_wconf 85' lang='lat' dir='ltr'><strong>peccasse,</strong></span> <span class='ocrx_word' id='word_1_122' title='bbox 1940 1812 2099 1871; x_wconf 82' lang='lat' dir='ltr'><strong>atque</strong></span> 
     </span>
    </p>
   </div>
   <div class='ocr_carea' id='block_1_17' title="bbox 524 1882 2097 1955">
    <p class='ocr_par' dir='ltr' id='par_1_17' title="bbox 524 1882 2097 1955">
     <span class='ocr_line' id='line_1_17' title="bbox 524 1882 2097 1955; baseline 0.007 -20"><span class='ocrx_word' id='word_1_123' title='bbox 524 1884 704 1936; x_wconf 83' lang='lat' dir='ltr'><strong>omnia</strong></span> <span class='ocrx_word' id='word_1_124' title='bbox 747 1882 998 1937; x_wconf 83' lang='lat' dir='ltr'><strong>oblivioni</strong></span> <span class='ocrx_word' id='word_1_125' title='bbox 1046 1883 1254 1939; x_wconf 86' lang='lat' dir='ltr'><strong>tradis:</strong></span> <span class='ocrx_word' id='word_1_126' title='bbox 1287 1885 1452 1953; x_wconf 86' lang='lat' dir='ltr'><strong>probe</strong></span> <span class='ocrx_word' id='word_1_127' title='bbox 1499 1900 1768 1955; x_wconf 78' lang='lat' dir='ltr'><strong>gesmrum</strong></span> <span class='ocrx_word' id='word_1_128' title='bbox 1814 1905 1943 1945; x_wconf 86' lang='lat' dir='ltr'><strong>vero</strong></span> <span class='ocrx_word' id='word_1_129' title='bbox 1991 1908 2097 1946; x_wconf 88' lang='lat' dir='ltr'><strong>non</strong></span> 
     </span>
    </p>
   </div>
   <div class='ocr_carea' id='block_1_18' title="bbox 520 1974 2101 2045">
    <p class='ocr_par' dir='ltr' id='par_1_18' title="bbox 520 1974 2101 2045">
     <span class='ocr_line' id='line_1_18' title="bbox 520 1974 2101 2045; baseline 0.006 -19"><span class='ocrx_word' id='word_1_130' title='bbox 520 1985 675 2044; x_wconf 89' lang='lat' dir='ltr'><strong>potes</strong></span> <span class='ocrx_word' id='word_1_131' title='bbox 702 1974 1009 2028; x_wconf 82' lang='lat' dir='ltr'><strong>memoriam</strong></span> <span class='ocrx_word' id='word_1_132' title='bbox 1046 1974 1312 2045; x_wconf 81' lang='lat' dir='ltr'><strong>abjicere?</strong></span> <span class='ocrx_word' id='word_1_133' title='bbox 1342 1977 1560 2032; x_wconf 77' lang='lat' dir='ltr'><strong>Etiamsi</strong></span> <span class='ocrx_word' id='word_1_134' title='bbox 1590 1980 1993 2036; x_wconf 76' lang='lat' dir='ltr'><strong>vehementiore</strong></span> <span class='ocrx_word' id='word_1_135' title='bbox 2031 1985 2101 2037; x_wconf 87' lang='lat' dir='ltr'><strong>sit</strong></span> 
     </span>
    </p>
   </div>
   <div class='ocr_carea' id='block_1_19' title="bbox 519 2064 2098 2139">
    <p class='ocr_par' dir='ltr' id='par_1_19' title="bbox 519 2064 2098 2139">
     <span class='ocr_line' id='line_1_19' title="bbox 519 2064 2098 2139; baseline 0.008 -22"><span class='ocrx_word' id='word_1_136' title='bbox 519 2079 655 2133; x_wconf 86' lang='lat' dir='ltr'><strong>opus</strong></span> <span class='ocrx_word' id='word_1_137' title='bbox 678 2066 888 2121; x_wconf 85' lang='lat' dir='ltr'><strong>timore.</strong></span> <span class='ocrx_word' id='word_1_138' title='bbox 921 2064 1028 2119; x_wconf 78' lang='lat' dir='ltr'><strong>Nos</strong></span> <span class='ocrx_word' id='word_1_139' title='bbox 1052 2075 1264 2133; x_wconf 87' lang='lat' dir='ltr'><strong>contra,</strong></span> <span class='ocrx_word' id='word_1_140' title='bbox 1293 2082 1415 2122; x_wconf 91' lang='lat' dir='ltr'><strong>cum</strong></span> <span class='ocrx_word' id='word_1_141' title='bbox 1452 2070 1688 2138; x_wconf 85' lang='lat' dir='ltr'><strong>quotidie</strong></span> <span class='ocrx_word' id='word_1_142' title='bbox 1714 2087 2013 2139; x_wconf 78' lang='lat' dir='ltr'><strong>peccemus.</strong></span> <span class='ocrx_word' id='word_1_143' title='bbox 2048 2078 2098 2129; x_wconf 87' lang='lat' dir='ltr'><strong>id</strong></span> 
     </span>
    </p>
   </div>
   <div class='ocr_carea' id='block_1_20' title="bbox 520 2157 2098 2227">
    <p class='ocr_par' dir='ltr' id='par_1_20' title="bbox 520 2157 2098 2227">
     <span class='ocr_line' id='line_1_20' title="bbox 520 2157 2098 2227; baseline 0.006 -17"><span class='ocrx_word' id='word_1_144' title='bbox 520 2172 591 2210; x_wconf 85' lang='lat' dir='ltr'><strong>ne</strong></span> <span class='ocrx_word' id='word_1_145' title='bbox 639 2158 693 2212; x_wconf 88' lang='lat' dir='ltr'><strong>in</strong></span> <span class='ocrx_word' id='word_1_146' title='bbox 738 2166 913 2211; x_wconf 80' lang='lat' dir='ltr'><strong>mente</strong></span> <span class='ocrx_word' id='word_1_147' title='bbox 951 2157 1164 2227; x_wconf 88' lang='lat' dir='ltr'><strong>quidem</strong></span> <span class='ocrx_word' id='word_1_148' title='bbox 1204 2159 1525 2223; x_wconf 87' lang='lat' dir='ltr'><strong>retinemus;</strong></span> <span class='ocrx_word' id='word_1_149' title='bbox 1572 2163 1615 2214; x_wconf 90' lang='lat' dir='ltr'><strong>si</strong></span> <span class='ocrx_word' id='word_1_150' title='bbox 1666 2178 1793 2216; x_wconf 85' lang='lat' dir='ltr'><strong>vero</strong></span> <span class='ocrx_word' id='word_1_151' title='bbox 1841 2165 2098 2219; x_wconf 76' lang='lat' dir='ltr'><strong>tantillum</strong></span> 
     </span>
    </p>
   </div>
   <div class='ocr_carea' id='block_1_21' title="bbox 525 2248 2095 2317">
    <p class='ocr_par' dir='ltr' id='par_1_21' title="bbox 525 2248 2095 2317">
     <span class='ocr_line' id='line_1_21' title="bbox 525 2248 2095 2317; baseline 0.005 -15"><span class='ocrx_word' id='word_1_152' title='bbox 525 2248 766 2317; x_wconf 74' lang='lat' dir='ltr'><strong>pecunite</strong></span> <span class='ocrx_word' id='word_1_153' title='bbox 794 2250 1006 2317; x_wconf 83' lang='lat' dir='ltr'><strong>pauperi</strong></span> <span class='ocrx_word' id='word_1_154' title='bbox 1038 2248 1247 2312; x_wconf 86' lang='lat' dir='ltr'><strong>demus,</strong></span> <span class='ocrx_word' id='word_1_155' title='bbox 1288 2250 1417 2303; x_wconf 85' lang='lat' dir='ltr'><strong>illud</strong></span> <span class='ocrx_word' id='word_1_156' title='bbox 1447 2265 1537 2305; x_wconf 87' lang='lat' dir='ltr'><strong>sus</strong></span> <span class='ocrx_word' id='word_1_157' title='bbox 1574 2252 1748 2316; x_wconf 87' lang='lat' dir='ltr'><strong>deque</strong></span> <span class='ocrx_word' id='word_1_158' title='bbox 1776 2269 2049 2308; x_wconf 76' lang='lat' dir='ltr'><strong>versamus</strong></span> <span class='ocrx_word' id='word_1_159' title='bbox 2079 2272 2095 2310; x_wconf 89' lang='lat'><strong>:</strong></span> 
     </span>
    </p>
   </div>
   <div class='ocr_carea' id='block_1_22' title="bbox 519 2337 2098 2409">
    <p class='ocr_par' dir='ltr' id='par_1_22' title="bbox 519 2337 2098 2409">
     <span class='ocr_line' id='line_1_22' title="bbox 519 2337 2098 2409; baseline 0.006 -19"><span class='ocrx_word' id='word_1_160' title='bbox 519 2337 571 2390; x_wconf 91' lang='lat' dir='ltr'><strong>ld</strong></span> <span class='ocrx_word' id='word_1_161' title='bbox 607 2337 745 2406; x_wconf 81' lang='lat' dir='ltr'><strong>quod</strong></span> <span class='ocrx_word' id='word_1_162' title='bbox 773 2348 1024 2393; x_wconf 67' lang='lat' dir='ltr'><strong>extremae</strong></span> <span class='ocrx_word' id='word_1_163' title='bbox 1053 2350 1133 2391; x_wconf 86' lang='lat' dir='ltr'><strong>est</strong></span> <span class='ocrx_word' id='word_1_164' title='bbox 1160 2340 1494 2406; x_wconf 64' lang='lat' dir='ltr'><strong>insipientiast,</strong></span> <span class='ocrx_word' id='word_1_165' title='bbox 1524 2341 1917 2409; x_wconf 74' lang='lat' dir='ltr'><strong>maximumque</strong></span> <span class='ocrx_word' id='word_1_166' title='bbox 1946 2346 2098 2400; x_wconf 79' lang='lat' dir='ltr'><strong>colli-</strong></span> 
     </span>
    </p>
   </div>
   <div class='ocr_carea' id='block_1_23' title="bbox 516 2424 2090 2503">
    <p class='ocr_par' dir='ltr' id='par_1_23' title="bbox 516 2424 2090 2503">
     <span class='ocr_line' id='line_1_23' title="bbox 516 2424 2090 2503; baseline 0.006 -24"><span class='ocrx_word' id='word_1_167' title='bbox 516 2424 691 2491; x_wconf 63' lang='lat' dir='ltr'><strong>xeutis</strong></span> <span class='ocrx_word' id='word_1_168' title='bbox 716 2424 1109 2480; x_wconf 86' lang='lat' dir='ltr'><strong>detrimentum.</strong></span> <span class='ocrx_word' id='word_1_169' title='bbox 1141 2426 1317 2483; x_wconf 86' lang='lat' dir='ltr'><strong>Penus</strong></span> <span class='ocrx_word' id='word_1_170' title='bbox 1342 2430 1481 2483; x_wconf 88' lang='lat' dir='ltr'><strong>enim</strong></span> <span class='ocrx_word' id='word_1_171' title='bbox 1512 2444 1697 2484; x_wconf 87' lang='lat' dir='ltr'><strong>secura</strong></span> <span class='ocrx_word' id='word_1_172' title='bbox 1725 2434 1889 2499; x_wconf 78' lang='lat' dir='ltr'><strong>probe</strong></span> <span class='ocrx_word' id='word_1_173' title='bbox 1916 2446 2090 2503; x_wconf 80' lang='lat' dir='ltr'><strong>gesto-</strong></span> 
     </span>
    </p>
   </div>
   <div class='ocr_carea' id='block_1_24' title="bbox 516 2510 2095 2589">
    <p class='ocr_par' dir='ltr' id='par_1_24' title="bbox 516 2510 2095 2589">
     <span class='ocr_line' id='line_1_24' title="bbox 516 2510 2095 2589; baseline 0.007 -18"><span class='ocrx_word' id='word_1_174' title='bbox 516 2531 655 2583; x_wconf 83' lang='lat' dir='ltr'><strong>rum,</strong></span> <span class='ocrx_word' id='word_1_175' title='bbox 704 2526 785 2571; x_wconf 85' lang='lat' dir='ltr'><strong>est</strong></span> <span class='ocrx_word' id='word_1_176' title='bbox 835 2518 1031 2571; x_wconf 85' lang='lat' dir='ltr'><strong>oblivio</strong></span> <span class='ocrx_word' id='word_1_177' title='bbox 1095 2534 1302 2573; x_wconf 89' lang='lat' dir='ltr'><strong>eorum.</strong></span> <span class='ocrx_word' id='word_1_178' title='bbox 1360 2522 1438 2578; x_wconf 82' lang='lat' dir='ltr'><strong>Ac</strong></span> <span class='ocrx_word' id='word_1_179' title='bbox 1476 2510 1926 2589; x_wconf 78' lang='lat' dir='ltr'><strong>quemadmodum</strong></span> <span class='ocrx_word' id='word_1_180' title='bbox 1974 2542 2095 2582; x_wconf 91' lang='lat' dir='ltr'><strong>cum</strong></span> 
     </span>
    </p>
   </div>
   <div class='ocr_carea' id='block_1_25' title="bbox 516 2606 2097 2691">
    <p class='ocr_par' dir='ltr' id='par_1_25' title="bbox 516 2606 2097 2691">
     <span class='ocr_line' id='line_1_25' title="bbox 516 2606 2097 2691; baseline 0.009 -34"><span class='ocrx_word' id='word_1_181' title='bbox 516 2606 837 2660; x_wconf 83' lang='lat' dir='ltr'><strong>vestimenta</strong></span> <span class='ocrx_word' id='word_1_182' title='bbox 866 2618 918 2661; x_wconf 89' lang='lat' dir='ltr'><strong>et</strong></span> <span class='ocrx_word' id='word_1_183' title='bbox 948 2624 1135 2661; x_wconf 86' lang='lat' dir='ltr'><strong>aurum</strong></span> <span class='ocrx_word' id='word_1_184' title='bbox 1176 2609 1228 2663; x_wconf 91' lang='lat' dir='ltr'><strong>in</strong></span> <span class='ocrx_word' id='word_1_185' title='bbox 1256 2610 1368 2664; x_wconf 90' lang='lat' dir='ltr'><strong>foro</strong></span> <span class='ocrx_word' id='word_1_186' title='bbox 1390 2612 1689 2680; x_wconf 80' lang='lat' dir='ltr'><strong>pandimus,</strong></span> <span class='ocrx_word' id='word_1_187' title='bbox 1722 2614 1917 2669; x_wconf 88' lang='lat' dir='ltr'><strong>multos</strong></span> <span class='ocrx_word' id='word_1_188' title='bbox 1942 2618 2097 2691; x_wconf 74' lang='lat' dir='ltr'><strong>nobis</strong></span> 
     </span>
    </p>
   </div>
   <div class='ocr_carea' id='block_1_26' title="bbox 516 2695 2091 2769">
    <p class='ocr_par' dir='ltr' id='par_1_26' title="bbox 516 2695 2091 2769">
     <span class='ocr_line' id='line_1_26' title="bbox 516 2695 2091 2769; baseline 0.007 -20"><span class='ocrx_word' id='word_1_189' title='bbox 516 2695 861 2751; x_wconf 78' lang='lat' dir='ltr'><strong>insidiatores</strong></span> <span class='ocrx_word' id='word_1_190' title='bbox 908 2712 1187 2766; x_wconf 86' lang='lat' dir='ltr'><strong>paramus,</strong></span> <span class='ocrx_word' id='word_1_191' title='bbox 1226 2699 1269 2751; x_wconf 91' lang='lat' dir='ltr'><strong>si</strong></span> <span class='ocrx_word' id='word_1_192' title='bbox 1315 2714 1442 2753; x_wconf 84' lang='lat' dir='ltr'><strong>vero</strong></span> <span class='ocrx_word' id='word_1_193' title='bbox 1484 2700 1626 2753; x_wconf 89' lang='lat' dir='ltr'><strong>domi</strong></span> <span class='ocrx_word' id='word_1_194' title='bbox 1668 2699 1996 2769; x_wconf 87' lang='lat' dir='ltr'><strong>deponamus</strong></span> <span class='ocrx_word' id='word_1_195' title='bbox 2039 2716 2091 2760; x_wconf 75' lang='lat' dir='ltr'><strong>ct</strong></span> 
     </span>
    </p>
   </div>
   <div class='ocr_carea' id='block_1_27' title="bbox 518 2786 2094 2852">
    <p class='ocr_par' dir='ltr' id='par_1_27' title="bbox 518 2786 2094 2852">
     <span class='ocr_line' id='line_1_27' title="bbox 518 2786 2094 2852; baseline 0.009 -17"><span class='ocrx_word' id='word_1_196' title='bbox 518 2786 868 2852; x_wconf 77' lang='lat' dir='ltr'><strong>occultemus,</strong></span> <span class='ocrx_word' id='word_1_197' title='bbox 908 2787 957 2839; x_wconf 92' lang='lat' dir='ltr'><strong>in</strong></span> <span class='ocrx_word' id='word_1_198' title='bbox 988 2797 1098 2840; x_wconf 88' lang='lat' dir='ltr'><strong>tuto</strong></span> <span class='ocrx_word' id='word_1_199' title='bbox 1126 2790 1301 2841; x_wconf 86' lang='lat' dir='ltr'><strong>omnia</strong></span> <span class='ocrx_word' id='word_1_200' title='bbox 1344 2789 1667 2845; x_wconf 87' lang='lat' dir='ltr'><strong>collocamus</strong></span> <span class='ocrx_word' id='word_1_201' title='bbox 1696 2807 1709 2845; x_wconf 91' lang='lat'><strong>:</strong></span> <span class='ocrx_word' id='word_1_202' title='bbox 1738 2791 1806 2845; x_wconf 86' lang='lat' dir='ltr'><strong>ita</strong></span> <span class='ocrx_word' id='word_1_203' title='bbox 1856 2804 1906 2846; x_wconf 89' lang='lat' dir='ltr'><strong>ct</strong></span> <span class='ocrx_word' id='word_1_204' title='bbox 1951 2804 2094 2849; x_wconf 88' lang='lat' dir='ltr'><strong>recte</strong></span> 
     </span>
    </p>
   </div>
   <div class='ocr_carea' id='block_1_28' title="bbox 516 2875 2094 2946">
    <p class='ocr_par' dir='ltr' id='par_1_28' title="bbox 516 2875 2094 2946">
     <span class='ocr_line' id='line_1_28' title="bbox 516 2875 2094 2946; baseline 0.003 -16"><span class='ocrx_word' id='word_1_205' title='bbox 516 2875 675 2940; x_wconf 85' lang='lat' dir='ltr'><strong>facta,</strong></span> <span class='ocrx_word' id='word_1_206' title='bbox 707 2876 750 2929; x_wconf 87' lang='lat' dir='ltr'><strong>si</strong></span> <span class='ocrx_word' id='word_1_207' title='bbox 781 2876 1087 2946; x_wconf 87' lang='lat' dir='ltr'><strong>frequenter</strong></span> <span class='ocrx_word' id='word_1_208' title='bbox 1116 2877 1168 2931; x_wconf 88' lang='lat' dir='ltr'><strong>in</strong></span> <span class='ocrx_word' id='word_1_209' title='bbox 1218 2878 1469 2932; x_wconf 83' lang='lat' dir='ltr'><strong>memoria</strong></span> <span class='ocrx_word' id='word_1_210' title='bbox 1498 2880 1953 2945; x_wconf 82' lang='lat' dir='ltr'><strong>circumferamus,</strong></span> <span class='ocrx_word' id='word_1_211' title='bbox 1998 2886 2094 2937; x_wconf 81' lang='lat' dir='ltr'><strong>Ilo-</strong></span> 
     </span>
    </p>
   </div>
   <div class='ocr_carea' id='block_1_29' title="bbox 514 2966 2093 3039">
    <p class='ocr_par' dir='ltr' id='par_1_29' title="bbox 514 2966 2093 3039">
     <span class='ocr_line' id='line_1_29' title="bbox 514 2966 2093 3039; baseline 0.006 -20"><span class='ocrx_word' id='word_1_212' title='bbox 514 2966 716 3020; x_wconf 87' lang='lat' dir='ltr'><strong>ntinum</strong></span> <span class='ocrx_word' id='word_1_213' title='bbox 746 2967 811 3019; x_wconf 89' lang='lat' dir='ltr'><strong>ad</strong></span> <span class='ocrx_word' id='word_1_214' title='bbox 839 2967 969 3020; x_wconf 89' lang='lat' dir='ltr'><strong>iram</strong></span> <span class='ocrx_word' id='word_1_215' title='bbox 1000 2968 1348 3032; x_wconf 85' lang='lat' dir='ltr'><strong>concitamus,</strong></span> <span class='ocrx_word' id='word_1_216' title='bbox 1376 2968 1690 3038; x_wconf 82' lang='lat' dir='ltr'><strong>hostemque</strong></span> <span class='ocrx_word' id='word_1_217' title='bbox 1716 2986 2005 3039; x_wconf 75' lang='lat' dir='ltr'><strong>armemus,</strong></span> <span class='ocrx_word' id='word_1_218' title='bbox 2038 2985 2093 3028; x_wconf 88' lang='lat' dir='ltr'><strong>et</strong></span> 
     </span>
    </p>
   </div>
   <div class='ocr_carea' id='block_1_30' title="bbox 513 3055 2087 3132">
    <p class='ocr_par' dir='ltr' id='par_1_30' title="bbox 513 3055 2087 3132">
     <span class='ocr_line' id='line_1_30' title="bbox 513 3055 2087 3132; baseline 0.006 -23"><span class='ocrx_word' id='word_1_219' title='bbox 513 3056 580 3110; x_wconf 87' lang='lat' dir='ltr'><strong>ad</strong></span> <span class='ocrx_word' id='word_1_220' title='bbox 612 3055 807 3111; x_wconf 90' lang='lat' dir='ltr'><strong>furtum</strong></span> <span class='ocrx_word' id='word_1_221' title='bbox 836 3058 1146 3123; x_wconf 87' lang='lat' dir='ltr'><strong>invitamus;</strong></span> <span class='ocrx_word' id='word_1_222' title='bbox 1174 3058 1255 3112; x_wconf 88' lang='lat' dir='ltr'><strong>sin</strong></span> <span class='ocrx_word' id='word_1_223' title='bbox 1287 3074 1412 3114; x_wconf 87' lang='lat' dir='ltr'><strong>vero</strong></span> <span class='ocrx_word' id='word_1_224' title='bbox 1454 3076 1609 3114; x_wconf 88' lang='lat' dir='ltr'><strong>nemo</strong></span> <span class='ocrx_word' id='word_1_225' title='bbox 1640 3061 1689 3114; x_wconf 93' lang='lat' dir='ltr'><strong>id</strong></span> <span class='ocrx_word' id='word_1_226' title='bbox 1720 3063 1920 3128; x_wconf 83' lang='lat' dir='ltr'><strong>scierit,</strong></span> <span class='ocrx_word' id='word_1_227' title='bbox 1957 3082 2087 3132; x_wconf 79' lang='lat' dir='ltr'><strong>pra:-</strong></span> 
     </span>
    </p>
   </div>
   <div class='ocr_carea' id='block_1_31' title="bbox 503 3137 2090 3225">
    <p class='ocr_par' dir='ltr' id='par_1_31' title="bbox 503 3137 2090 3225">
     <span class='ocr_line' id='line_1_31' title="bbox 503 3137 2090 3225; baseline 0.005 -27"><span class='ocrx_word' id='word_1_228' title='bbox 503 3137 597 3198; x_wconf 72' lang='grc' dir='ltr'>ἱει-</span> <span class='ocrx_word' id='word_1_229' title='bbox 618 3162 739 3199; x_wconf 90' lang='lat' dir='ltr'><strong>eum</strong></span> <span class='ocrx_word' id='word_1_230' title='bbox 775 3162 933 3215; x_wconf 85' lang='lat' dir='ltr'><strong>quem</strong></span> <span class='ocrx_word' id='word_1_231' title='bbox 964 3148 1133 3201; x_wconf 87' lang='lat' dir='ltr'><strong>solum</strong></span> <span class='ocrx_word' id='word_1_232' title='bbox 1166 3147 1279 3201; x_wconf 63' lang='lat' dir='ltr'><strong>haec</strong></span> <span class='ocrx_word' id='word_1_233' title='bbox 1314 3162 1471 3202; x_wconf 87' lang='lat' dir='ltr'><strong>nosse</strong></span> <span class='ocrx_word' id='word_1_234' title='bbox 1500 3159 1725 3218; x_wconf 65' lang='lat' dir='ltr'><strong>ot-ortet.</strong></span> <span class='ocrx_word' id='word_1_235' title='bbox 1760 3152 1811 3205; x_wconf 91' lang='lat' dir='ltr'><strong>in</strong></span> <span class='ocrx_word' id='word_1_236' title='bbox 1857 3164 1971 3225; x_wconf 77' lang='lat' dir='ltr'><strong>tutq</strong></span> <span class='ocrx_word' id='word_1_237' title='bbox 2009 3158 2090 3208; x_wconf 87' lang='lat' dir='ltr'><strong>illa</strong></span> 
     </span>
    </p>
   </div>
   <div class='ocr_carea' id='block_1_32' title="bbox 530 3227 2087 3304">
    <p class='ocr_par' dir='ltr' id='par_1_32' title="bbox 530 3227 2087 3304">
     <span class='ocr_line' id='line_1_32' title="bbox 530 3227 2087 3304; baseline 0.008 -27"><span class='ocrx_word' id='word_1_238' title='bbox 530 3238 709 3282; x_wconf 64' lang='lat' dir='ltr'><strong>erunt.</strong></span> <span class='ocrx_word' id='word_1_239' title='bbox 748 3227 825 3282; x_wconf 82' lang='lat' dir='ltr'><strong>Ne</strong></span> <span class='ocrx_word' id='word_1_240' title='bbox 881 3233 1057 3299; x_wconf 82' lang='lat' dir='ltr'><strong>itaque</strong></span> <span class='ocrx_word' id='word_1_241' title='bbox 1095 3232 1181 3285; x_wconf 81' lang='lat' dir='ltr'><strong>illa</strong></span> <span class='ocrx_word' id='word_1_242' title='bbox 1243 3234 1551 3300; x_wconf 75' lang='lat' dir='ltr'><strong>frequenter</strong></span> <span class='ocrx_word' id='word_1_243' title='bbox 1602 3251 1805 3296; x_wconf 77' lang='lat' dir='ltr'><strong>verses,</strong></span> <span class='ocrx_word' id='word_1_244' title='bbox 1855 3253 1920 3289; x_wconf 88' lang='lat' dir='ltr'><strong>ne</strong></span> <span class='ocrx_word' id='word_1_245' title='bbox 1963 3240 2087 3304; x_wconf 85' lang='lat' dir='ltr'><strong>quis</strong></span> 
     </span>
    </p>
   </div>
   <div class='ocr_carea' id='block_1_33' title="bbox 533 3314 2087 3391">
    <p class='ocr_par' dir='ltr' id='par_1_33' title="bbox 533 3314 2087 3391">
     <span class='ocr_line' id='line_1_33' title="bbox 533 3314 2087 3391; baseline 0.006 -23"><span class='ocrx_word' id='word_1_246' title='bbox 533 3314 622 3368; x_wconf 80' lang='lat' dir='ltr'><strong>illa</strong></span> <span class='ocrx_word' id='word_1_247' title='bbox 667 3316 885 3385; x_wconf 84' lang='lat' dir='ltr'><strong>diripiat</strong></span> <span class='ocrx_word' id='word_1_248' title='bbox 915 3336 930 3383; x_wconf 91' lang='lat'><strong>;</strong></span> <span class='ocrx_word' id='word_1_249' title='bbox 966 3319 1017 3371; x_wconf 88' lang='lat' dir='ltr'><strong>id</strong></span> <span class='ocrx_word' id='word_1_250' title='bbox 1035 3319 1178 3387; x_wconf 91' lang='lat' dir='ltr'><strong>quod</strong></span> <span class='ocrx_word' id='word_1_251' title='bbox 1204 3318 1479 3373; x_wconf 71' lang='lat' dir='ltr'><strong>Phariszeo</strong></span> <span class='ocrx_word' id='word_1_252' title='bbox 1535 3323 1749 3381; x_wconf 81' lang='lat' dir='ltr'><strong>accidit,</strong></span> <span class='ocrx_word' id='word_1_253' title='bbox 1779 3323 1870 3391; x_wconf 88' lang='lat' dir='ltr'><strong>qui</strong></span> <span class='ocrx_word' id='word_1_254' title='bbox 1906 3324 1996 3377; x_wconf 91' lang='lat' dir='ltr'><strong>illa</strong></span> <span class='ocrx_word' id='word_1_255' title='bbox 2034 3326 2087 3377; x_wconf 89' lang='lat' dir='ltr'><strong>in</strong></span> 
     </span>
    </p>
   </div>
   <div class='ocr_carea' id='block_1_34' title="bbox 511 3394 2082 3475">
    <p class='ocr_par' dir='ltr' id='par_1_34' title="bbox 511 3394 2082 3475">
     <span class='ocr_line' id='line_1_34' title="bbox 511 3394 2082 3475; baseline 0.008 -27"><span class='ocrx_word' id='word_1_256' title='bbox 511 3406 611 3448; x_wconf 83' lang='lat' dir='ltr'><strong>ore</strong></span> <span class='ocrx_word' id='word_1_257' title='bbox 640 3394 840 3449; x_wconf 87' lang='lat' dir='ltr'><strong>ferebat</strong></span> <span class='ocrx_word' id='word_1_258' title='bbox 868 3414 881 3448; x_wconf 87' lang='lat'><strong>:</strong></span> <span class='ocrx_word' id='word_1_259' title='bbox 910 3409 1233 3466; x_wconf 85' lang='lat' dir='ltr'><strong>quapropter</strong></span> <span class='ocrx_word' id='word_1_260' title='bbox 1269 3416 1331 3455; x_wconf 87' lang='lat' dir='ltr'><strong>ea</strong></span> <span class='ocrx_word' id='word_1_261' title='bbox 1374 3403 1488 3470; x_wconf 87' lang='lat' dir='ltr'><strong>ipsa</strong></span> <span class='ocrx_word' id='word_1_262' title='bbox 1529 3404 1771 3459; x_wconf 86' lang='lat' dir='ltr'><strong>diabolus</strong></span> <span class='ocrx_word' id='word_1_263' title='bbox 1815 3406 2082 3475; x_wconf 88' lang='lat' dir='ltr'><strong>abripuit;</strong></span> 
     </span>
    </p>
   </div>
   <div class='ocr_carea' id='block_1_35' title="bbox 512 3483 2087 3559">
    <p class='ocr_par' dir='ltr' id='par_1_35' title="bbox 512 3483 2087 3559">
     <span class='ocr_line' id='line_1_35' title="bbox 512 3483 2087 3559; baseline 0.008 -25"><span class='ocrx_word' id='word_1_264' title='bbox 512 3483 722 3536; x_wconf 85' lang='lat' dir='ltr'><strong>etiamsi</strong></span> <span class='ocrx_word' id='word_1_265' title='bbox 749 3499 867 3538; x_wconf 89' lang='lat' dir='ltr'><strong>cum</strong></span> <span class='ocrx_word' id='word_1_266' title='bbox 905 3490 1191 3554; x_wconf 79' lang='lat' dir='ltr'><strong>gratiarum</strong></span> <span class='ocrx_word' id='word_1_267' title='bbox 1231 3490 1439 3545; x_wconf 88' lang='lat' dir='ltr'><strong>actione</strong></span> <span class='ocrx_word' id='word_1_268' title='bbox 1458 3492 1474 3522; x_wconf 77' lang='grc' dir='ltr'>ί</span> <span class='ocrx_word' id='word_1_269' title='bbox 1507 3492 1596 3545; x_wconf 89' lang='lat' dir='ltr'><strong>illa</strong></span> <span class='ocrx_word' id='word_1_270' title='bbox 1624 3506 2087 3559; x_wconf 85' lang='lat' dir='ltr'><strong>commemoraret,</strong></span> 
     </span>
    </p>
   </div>
   <div class='ocr_carea' id='block_1_36' title="bbox 512 3574 2085 3642">
    <p class='ocr_par' dir='ltr' id='par_1_36' title="bbox 512 3574 2085 3642">
     <span class='ocr_line' id='line_1_36' title="bbox 512 3574 2085 3642; baseline 0.011 -20"><span class='ocrx_word' id='word_1_271' title='bbox 512 3574 794 3642; x_wconf 86' lang='lat' dir='ltr'><strong>omniaque</strong></span> <span class='ocrx_word' id='word_1_272' title='bbox 824 3574 1048 3631; x_wconf 80' lang='lat' dir='ltr'><strong>referret</strong></span> <span class='ocrx_word' id='word_1_273' title='bbox 1076 3578 1204 3633; x_wconf 86' lang='lat' dir='ltr'><strong>Deo.</strong></span> <span class='ocrx_word' id='word_1_274' title='bbox 1231 3580 1425 3635; x_wconf 87' lang='lat' dir='ltr'><strong>Verum</strong></span> <span class='ocrx_word' id='word_1_275' title='bbox 1457 3582 1557 3636; x_wconf 90' lang='lat' dir='ltr'><strong>hoc</strong></span> <span class='ocrx_word' id='word_1_276' title='bbox 1584 3599 1687 3636; x_wconf 88' lang='lat' dir='ltr'><strong>non</strong></span> <span class='ocrx_word' id='word_1_277' title='bbox 1715 3588 1843 3639; x_wconf 89' lang='lat' dir='ltr'><strong>satis</strong></span> <span class='ocrx_word' id='word_1_278' title='bbox 1872 3586 1945 3639; x_wconf 91' lang='lat' dir='ltr'><strong>illi</strong></span> <span class='ocrx_word' id='word_1_279' title='bbox 1972 3586 2085 3640; x_wconf 90' lang='lat' dir='ltr'><strong>fuit.</strong></span> 
     </span>
    </p>
   </div>
   <div class='ocr_carea' id='block_1_37' title="bbox 508 3670 2085 3751">
    <p class='ocr_par' dir='ltr' id='par_1_37' title="bbox 508 3670 2085 3751">
     <span class='ocr_line' id='line_1_37' title="bbox 508 3670 2085 3751; baseline 0.006 -26"><span class='ocrx_word' id='word_1_280' title='bbox 508 3670 625 3725; x_wconf 81' lang='lat' dir='ltr'><strong>Non</strong></span> <span class='ocrx_word' id='word_1_281' title='bbox 674 3674 815 3727; x_wconf 90' lang='lat' dir='ltr'><strong>enim</strong></span> <span class='ocrx_word' id='word_1_282' title='bbox 859 3677 1143 3743; x_wconf 81' lang='lat' dir='ltr'><strong>gratiarum</strong></span> <span class='ocrx_word' id='word_1_283' title='bbox 1191 3678 1417 3731; x_wconf 86' lang='lat' dir='ltr'><strong>actionis</strong></span> <span class='ocrx_word' id='word_1_284' title='bbox 1457 3688 1538 3732; x_wconf 84' lang='lat' dir='ltr'><strong>est</strong></span> <span class='ocrx_word' id='word_1_285' title='bbox 1585 3681 1716 3733; x_wconf 84' lang='lat' dir='ltr'><strong>alios</strong></span> <span class='ocrx_word' id='word_1_286' title='bbox 1764 3682 2085 3751; x_wconf 81' lang='lat' dir='ltr'><strong>vituperare,</strong></span> 
     </span>
    </p>
   </div>
   <div class='ocr_carea' id='block_1_38' title="bbox 508 3762 2088 3838">
    <p class='ocr_par' dir='ltr' id='par_1_38' title="bbox 508 3762 2088 3838">
     <span class='ocr_line' id='line_1_38' title="bbox 508 3762 2088 3838; baseline 0.008 -25"><span class='ocrx_word' id='word_1_287' title='bbox 508 3762 608 3814; x_wconf 85' lang='lat' dir='ltr'><strong>sibi</strong></span> <span class='ocrx_word' id='word_1_288' title='bbox 641 3778 703 3815; x_wconf 85' lang='lat' dir='ltr'><strong>ex</strong></span> <span class='ocrx_word' id='word_1_289' title='bbox 737 3764 973 3829; x_wconf 84' lang='lat' dir='ltr'><strong>plurimis</strong></span> <span class='ocrx_word' id='word_1_290' title='bbox 1001 3766 1222 3833; x_wconf 74' lang='lat' dir='ltr'><strong>gloriam</strong></span> <span class='ocrx_word' id='word_1_291' title='bbox 1260 3782 1521 3835; x_wconf 52' lang='lat' dir='ltr'><strong>quaerere,</strong></span> <span class='ocrx_word' id='word_1_292' title='bbox 1570 3778 1621 3821; x_wconf 85' lang='lat' dir='ltr'><strong>et</strong></span> <span class='ocrx_word' id='word_1_293' title='bbox 1652 3780 2088 3838; x_wconf 66' lang='lat' dir='ltr'><strong>contra-peccan-</strong></span> 
     </span>
    </p>
   </div>
   <div class='ocr_carea' id='block_1_39' title="bbox 509 3850 2088 3925">
    <p class='ocr_par' dir='ltr' id='par_1_39' title="bbox 509 3850 2088 3925">
     <span class='ocr_line' id='line_1_39' title="bbox 509 3850 2088 3925; baseline 0.006 -22"><span class='ocrx_word' id='word_1_294' title='bbox 509 3858 592 3904; x_wconf 85' lang='lat' dir='ltr'><strong>tes</strong></span> <span class='ocrx_word' id='word_1_295' title='bbox 637 3850 835 3907; x_wconf 75' lang='lat' dir='ltr'><strong>eﬂcrri.</strong></span> <span class='ocrx_word' id='word_1_296' title='bbox 881 3854 936 3907; x_wconf 88' lang='lat' dir='ltr'><strong>Si</strong></span> <span class='ocrx_word' id='word_1_297' title='bbox 985 3855 1125 3908; x_wconf 90' lang='lat' dir='ltr'><strong>enim</strong></span> <span class='ocrx_word' id='word_1_298' title='bbox 1156 3856 1353 3924; x_wconf 77' lang='lat' dir='ltr'><strong>gratias</strong></span> <span class='ocrx_word' id='word_1_299' title='bbox 1398 3856 1508 3909; x_wconf 88' lang='lat' dir='ltr'><strong>Deo</strong></span> <span class='ocrx_word' id='word_1_300' title='bbox 1554 3860 1687 3925; x_wconf 76' lang='lat' dir='ltr'><strong>agis,</strong></span> <span class='ocrx_word' id='word_1_301' title='bbox 1728 3858 1826 3913; x_wconf 79' lang='lat' dir='ltr'><strong>hac</strong></span> <span class='ocrx_word' id='word_1_302' title='bbox 1870 3862 1978 3914; x_wconf 79' lang='lat' dir='ltr'><strong>sola</strong></span> <span class='ocrx_word' id='word_1_303' title='bbox 2032 3876 2088 3915; x_wconf 90' lang='lat' dir='ltr'><strong>re</strong></span> 
     </span>
    </p>
   </div>
   <div class='ocr_carea' id='block_1_40' title="bbox 508 3946 2087 4017">
    <p class='ocr_par' dir='ltr' id='par_1_40' title="bbox 508 3946 2087 4017">
     <span class='ocr_line' id='line_1_40' title="bbox 508 3946 2087 4017; baseline 0.008 -25"><span class='ocrx_word' id='word_1_304' title='bbox 508 3949 789 3995; x_wconf 80' lang='lat' dir='ltr'><strong>contentus</strong></span> <span class='ocrx_word' id='word_1_305' title='bbox 831 3952 967 4007; x_wconf 89' lang='lat' dir='ltr'><strong>esto,</strong></span> <span class='ocrx_word' id='word_1_306' title='bbox 1015 3956 1069 3999; x_wconf 90' lang='lat' dir='ltr'><strong>et</strong></span> <span class='ocrx_word' id='word_1_307' title='bbox 1106 3961 1174 4000; x_wconf 88' lang='lat' dir='ltr'><strong>ne</strong></span> <span class='ocrx_word' id='word_1_308' title='bbox 1204 3946 1257 4011; x_wconf 86' lang='lat' dir='ltr'><strong>id</strong></span> <span class='ocrx_word' id='word_1_309' title='bbox 1305 3946 1507 4000; x_wconf 83' lang='lat' dir='ltr'><strong>referas</strong></span> <span class='ocrx_word' id='word_1_310' title='bbox 1550 3947 1871 4011; x_wconf 85' lang='lat' dir='ltr'><strong>hominibus,</strong></span> <span class='ocrx_word' id='word_1_311' title='bbox 1918 3967 2087 4017; x_wconf 86' lang='lat' dir='ltr'><strong>neque</strong></span> 
     </span>
    </p>
   </div>
   <div class='ocr_carea' id='block_1_41' title="bbox 503 4032 2082 4109">
    <p class='ocr_par' dir='ltr' id='par_1_41' title="bbox 503 4032 2082 4109">
     <span class='ocr_line' id='line_1_41' title="bbox 503 4032 2082 4109; baseline 0.007 -25"><span class='ocrx_word' id='word_1_312' title='bbox 503 4032 762 4100; x_wconf 75' lang='lat' dir='ltr'><strong>judicium</strong></span> <span class='ocrx_word' id='word_1_313' title='bbox 808 4034 947 4090; x_wconf 87' lang='lat' dir='ltr'><strong>feras</strong></span> <span class='ocrx_word' id='word_1_314' title='bbox 974 4038 1039 4091; x_wconf 89' lang='lat' dir='ltr'><strong>de</strong></span> <span class='ocrx_word' id='word_1_315' title='bbox 1068 4039 1309 4105; x_wconf 79' lang='lat' dir='ltr'><strong>proximo</strong></span> <span class='ocrx_word' id='word_1_316' title='bbox 1338 4056 1351 4090; x_wconf 91' lang='lat'><strong>:</strong></span> <span class='ocrx_word' id='word_1_317' title='bbox 1386 4040 1437 4092; x_wconf 90' lang='lat' dir='ltr'><strong>id</strong></span> <span class='ocrx_word' id='word_1_318' title='bbox 1475 4041 1615 4093; x_wconf 88' lang='lat' dir='ltr'><strong>enim</strong></span> <span class='ocrx_word' id='word_1_319' title='bbox 1643 4058 1747 4093; x_wconf 90' lang='lat' dir='ltr'><strong>non</strong></span> <span class='ocrx_word' id='word_1_320' title='bbox 1777 4053 1865 4095; x_wconf 83' lang='lat' dir='ltr'><strong>est</strong></span> <span class='ocrx_word' id='word_1_321' title='bbox 1885 4047 2082 4109; x_wconf 82' lang='lat' dir='ltr'><strong>gratia-</strong></span> 
     </span>
    </p>
   </div>
   <div class='ocr_carea' id='block_1_42' title="bbox 507 4126 2083 4198">
    <p class='ocr_par' dir='ltr' id='par_1_42' title="bbox 507 4126 2083 4198">
     <span class='ocr_line' id='line_1_42' title="bbox 507 4126 2083 4198; baseline 0.01 -24"><span class='ocrx_word' id='word_1_322' title='bbox 507 4137 622 4175; x_wconf 87' lang='lat' dir='ltr'><strong>rum</strong></span> <span class='ocrx_word' id='word_1_323' title='bbox 649 4126 888 4178; x_wconf 80' lang='lat' dir='ltr'><strong>actionis.</strong></span> <span class='ocrx_word' id='word_1_324' title='bbox 922 4127 976 4181; x_wconf 85' lang='lat' dir='ltr'><strong>Si</strong></span> <span class='ocrx_word' id='word_1_325' title='bbox 1022 4130 1311 4198; x_wconf 81' lang='lat' dir='ltr'><strong>gratiarum</strong></span> <span class='ocrx_word' id='word_1_326' title='bbox 1356 4131 1581 4184; x_wconf 85' lang='lat' dir='ltr'><strong>actionis</strong></span> <span class='ocrx_word' id='word_1_327' title='bbox 1612 4134 1825 4187; x_wconf 88' lang='lat' dir='ltr'><strong>modum</strong></span> <span class='ocrx_word' id='word_1_328' title='bbox 1863 4135 1939 4188; x_wconf 76' lang='lat' dir='ltr'><strong>vis</strong></span> <span class='ocrx_word' id='word_1_329' title='bbox 1970 4137 2083 4190; x_wconf 83' lang='lat' dir='ltr'><strong>edi-</strong></span> 
     </span>
    </p>
   </div>
   <div class='ocr_carea' id='block_1_43' title="bbox 505 4200 2084 4291">
    <p class='ocr_par' dir='ltr' id='par_1_43' title="bbox 505 4200 2084 4291">
     <span class='ocr_line' id='line_1_43' title="bbox 505 4200 2084 4291; baseline 0.008 -27"><span class='ocrx_word' id='word_1_330' title='bbox 505 4225 676 4274; x_wconf 82' lang='lat' dir='ltr'><strong>scere,</strong></span> <span class='ocrx_word' id='word_1_331' title='bbox 706 4214 826 4267; x_wconf 85' lang='lat' dir='ltr'><strong>audi</strong></span> <span class='ocrx_word' id='word_1_332' title='bbox 853 4224 962 4270; x_wconf 89' lang='lat' dir='ltr'><strong>tres</strong></span> <span class='ocrx_word' id='word_1_333' title='bbox 987 4232 1179 4284; x_wconf 88' lang='lat' dir='ltr'><strong>pueros</strong></span> <span class='ocrx_word' id='word_1_334' title='bbox 1204 4200 1442 4270; x_wconf 83' lang='lat' dir='ltr'><strong>dicentes</strong></span> <span class='ocrx_word' id='word_1_335' title='bbox 1474 4237 1486 4270; x_wconf 90' lang='lat'><strong>:</strong></span> <span class='ocrx_word' id='word_1_336' title='bbox 1522 4220 1867 4286; x_wconf 70' lang='lat' dir='ltr'><strong>Peccavimus,</strong></span> <span class='ocrx_word' id='word_1_337' title='bbox 1897 4226 2084 4291; x_wconf 85' lang='lat' dir='ltr'><strong>injuste</strong></span> 
     </span>
    </p>
   </div>
   <div class='ocr_carea' id='block_1_44' title="bbox 504 4306 2083 4383">
    <p class='ocr_par' dir='ltr' id='par_1_44' title="bbox 504 4306 2083 4383">
     <span class='ocr_line' id='line_1_44' title="bbox 504 4306 2083 4383; baseline 0.009 -28"><span class='ocrx_word' id='word_1_338' title='bbox 504 4306 695 4372; x_wconf 71' lang='lat' dir='ltr'><strong>(ginms</strong></span> <span class='ocrx_word' id='word_1_339' title='bbox 733 4320 749 4359; x_wconf 90' lang='lat'><strong><em>:</em></strong></span> <span class='ocrx_word' id='word_1_340' title='bbox 770 4307 942 4373; x_wconf 77' lang='lat' dir='ltr'><strong>justus</strong></span> <span class='ocrx_word' id='word_1_341' title='bbox 986 4322 1058 4370; x_wconf 78' lang='lat' dir='ltr'><strong>es,</strong></span> <span class='ocrx_word' id='word_1_342' title='bbox 1109 4306 1354 4369; x_wconf 83' lang='lat' dir='ltr'><strong>Domine,</strong></span> <span class='ocrx_word' id='word_1_343' title='bbox 1399 4310 1451 4360; x_wconf 88' lang='lat' dir='ltr'><strong>in</strong></span> <span class='ocrx_word' id='word_1_344' title='bbox 1491 4312 1719 4365; x_wconf 82' lang='lat' dir='ltr'><strong>omnibus</strong></span> <span class='ocrx_word' id='word_1_345' title='bbox 1770 4330 1882 4382; x_wconf 74' lang='lat' dir='ltr'><strong>qua:</strong></span> <span class='ocrx_word' id='word_1_346' title='bbox 1920 4316 2083 4383; x_wconf 63' lang='lat' dir='ltr'><strong>fecisti</strong></span> 
     </span>
    </p>
   </div>
   <div class='ocr_carea' id='block_1_45' title="bbox 504 4393 2076 4474">
    <p class='ocr_par' dir='ltr' id='par_1_45' title="bbox 504 4393 2076 4474">
     <span class='ocr_line' id='line_1_45' title="bbox 504 4393 2076 4474; baseline 0.012 -31"><span class='ocrx_word' id='word_1_347' title='bbox 504 4393 667 4451; x_wconf 79' lang='lat' dir='ltr'><strong>nobis,</strong></span> <span class='ocrx_word' id='word_1_348' title='bbox 698 4395 814 4461; x_wconf 83' lang='lat' dir='ltr'><strong>quia</strong></span> <span class='ocrx_word' id='word_1_349' title='bbox 852 4395 905 4447; x_wconf 82' lang='lat' dir='ltr'><strong>in</strong></span> <span class='ocrx_word' id='word_1_350' title='bbox 953 4412 1064 4448; x_wconf 81' lang='lat' dir='ltr'><strong>vero</strong></span> <span class='ocrx_word' id='word_1_351' title='bbox 1097 4396 1297 4465; x_wconf 86' lang='lat' dir='ltr'><strong>judicio</strong></span> <span class='ocrx_word' id='word_1_352' title='bbox 1346 4400 1515 4450; x_wconf 86' lang='lat' dir='ltr'><strong>omnia</strong></span> <span class='ocrx_word' id='word_1_353' title='bbox 1563 4400 1809 4456; x_wconf 64' lang='lat' dir='ltr'><strong>induisti</strong></span> <span class='ocrx_word' id='word_1_354' title='bbox 1834 4404 1992 4474; x_wconf 83' lang='lat' dir='ltr'><strong>(Dan.</strong></span> <span class='ocrx_word' id='word_1_355' title='bbox 2023 4409 2076 4461; x_wconf 79' lang='lat'><strong>5.</strong></span> 
     </span>
    </p>
   </div>
   <div class='ocr_carea' id='block_1_46' title="bbox 503 4480 2089 4557">
    <p class='ocr_par' dir='ltr' id='par_1_46' title="bbox 503 4480 2089 4557">
     <span class='ocr_line' id='line_1_46' title="bbox 503 4480 2089 4557; baseline 0.013 -24"><span class='ocrx_word' id='word_1_356' title='bbox 503 4480 590 4535; x_wconf 76' lang='lat'><strong>9.9.</strong></span> <span class='ocrx_word' id='word_1_357' title='bbox 623 4481 711 4536; x_wconf 74' lang='lat'><strong>27.</strong></span> <span class='ocrx_word' id='word_1_358' title='bbox 740 4484 851 4553; x_wconf 80' lang='grc'><strong>51).</strong></span> <span class='ocrx_word' id='word_1_359' title='bbox 880 4485 1099 4557; x_wconf 86' lang='lat' dir='ltr'><strong>Propria</strong></span> <span class='ocrx_word' id='word_1_360' title='bbox 1127 4488 1266 4540; x_wconf 90' lang='lat' dir='ltr'><strong>enim</strong></span> <span class='ocrx_word' id='word_1_361' title='bbox 1297 4499 1506 4556; x_wconf 84' lang='lat' dir='ltr'><strong>peccata</strong></span> <span class='ocrx_word' id='word_1_362' title='bbox 1548 4492 1811 4557; x_wconf 79' lang='lat' dir='ltr'><strong>conﬁteri,</strong></span> <span class='ocrx_word' id='word_1_363' title='bbox 1845 4496 1966 4548; x_wconf 88' lang='lat' dir='ltr'><strong>illud</strong></span> <span class='ocrx_word' id='word_1_364' title='bbox 1997 4508 2089 4555; x_wconf 86' lang='lat' dir='ltr'><strong>est</strong></span> 
     </span>
    </p>
   </div>
   <div class='ocr_carea' id='block_1_47' title="bbox 501 4571 2075 4647">
    <p class='ocr_par' dir='ltr' id='par_1_47' title="bbox 501 4571 2075 4647">
     <span class='ocr_line' id='line_1_47' title="bbox 501 4571 2075 4647; baseline 0.013 -28"><span class='ocrx_word' id='word_1_365' title='bbox 501 4571 695 4635; x_wconf 72' lang='lat' dir='ltr'><strong>gratias</strong></span> <span class='ocrx_word' id='word_1_366' title='bbox 724 4587 876 4640; x_wconf 83' lang='lat' dir='ltr'><strong>agere</strong></span> <span class='ocrx_word' id='word_1_367' title='bbox 910 4574 1016 4627; x_wconf 88' lang='lat' dir='ltr'><strong>l)eo</strong></span> <span class='ocrx_word' id='word_1_368' title='bbox 1056 4575 1419 4642; x_wconf 83' lang='lat' dir='ltr'><strong>confitentem,</strong></span> <span class='ocrx_word' id='word_1_369' title='bbox 1448 4579 1538 4647; x_wconf 90' lang='lat' dir='ltr'><strong>qui</strong></span> <span class='ocrx_word' id='word_1_370' title='bbox 1565 4580 1798 4636; x_wconf 89' lang='lat' dir='ltr'><strong>declarat</strong></span> <span class='ocrx_word' id='word_1_371' title='bbox 1829 4599 1886 4638; x_wconf 89' lang='lat' dir='ltr'><strong>se</strong></span> <span class='ocrx_word' id='word_1_372' title='bbox 1919 4587 2075 4639; x_wconf 84' lang='lat' dir='ltr'><strong>inuu-</strong></span> 
     </span>
    </p>
   </div>
   <div class='ocr_carea' id='block_1_48' title="bbox 500 4662 2072 4743">
    <p class='ocr_par' dir='ltr' id='par_1_48' title="bbox 500 4662 2072 4743">
     <span class='ocr_line' id='line_1_48' title="bbox 500 4662 2072 4743; baseline 0.013 -32"><span class='ocrx_word' id='word_1_373' title='bbox 500 4662 662 4713; x_wconf 64' lang='lat' dir='ltr'><strong>meris</strong></span> <span class='ocrx_word' id='word_1_374' title='bbox 706 4664 990 4717; x_wconf 80' lang='lat' dir='ltr'><strong>obnoxium</strong></span> <span class='ocrx_word' id='word_1_375' title='bbox 1035 4680 1154 4719; x_wconf 87' lang='lat' dir='ltr'><strong>esse</strong></span> <span class='ocrx_word' id='word_1_376' title='bbox 1203 4670 1452 4735; x_wconf 84' lang='lat' dir='ltr'><strong>peccatis,</strong></span> <span class='ocrx_word' id='word_1_377' title='bbox 1504 4686 1602 4723; x_wconf 86' lang='lat' dir='ltr'><strong>nec</strong></span> <span class='ocrx_word' id='word_1_378' title='bbox 1645 4675 1821 4728; x_wconf 88' lang='lat' dir='ltr'><strong>subire</strong></span> <span class='ocrx_word' id='word_1_379' title='bbox 1863 4692 2072 4743; x_wconf 79' lang='lat' dir='ltr'><strong>poenam</strong></span> 
     </span>
    </p>
   </div>
   <div class='ocr_carea' id='block_1_49' title="bbox 500 4754 2071 4833">
    <p class='ocr_par' dir='ltr' id='par_1_49' title="bbox 500 4754 2071 4833">
     <span class='ocr_line' id='line_1_49' title="bbox 500 4754 2071 4833; baseline 0.013 -31"><span class='ocrx_word' id='word_1_380' title='bbox 500 4764 783 4805; x_wconf 79' lang='lat' dir='ltr'><strong>recusare:</strong></span> <span class='ocrx_word' id='word_1_381' title='bbox 816 4754 900 4807; x_wconf 89' lang='lat' dir='ltr'><strong>hic</strong></span> <span class='ocrx_word' id='word_1_382' title='bbox 939 4757 1173 4812; x_wconf 87' lang='lat' dir='ltr'><strong>omnium</strong></span> <span class='ocrx_word' id='word_1_383' title='bbox 1205 4760 1433 4814; x_wconf 77' lang='lat' dir='ltr'><strong>maxime</strong></span> <span class='ocrx_word' id='word_1_384' title='bbox 1473 4764 1670 4830; x_wconf 77' lang='lat' dir='ltr'><strong>gratias</strong></span> <span class='ocrx_word' id='word_1_385' title='bbox 1714 4766 1837 4833; x_wconf 82' lang='lat' dir='ltr'><strong>agit.</strong></span> <span class='ocrx_word' id='word_1_386' title='bbox 1869 4768 2071 4822; x_wconf 74' lang='lat' dir='ltr'><strong>Cavea-</strong></span> 
     </span>
    </p>
   </div>
   <div class='ocr_carea' id='block_1_50' title="bbox 499 4845 2071 4925">
    <p class='ocr_par' dir='ltr' id='par_1_50' title="bbox 499 4845 2071 4925">
     <span class='ocr_line' id='line_1_50' title="bbox 499 4845 2071 4925; baseline 0.012 -30"><span class='ocrx_word' id='word_1_387' title='bbox 499 4858 618 4896; x_wconf 90' lang='lat' dir='ltr'><strong>mus</strong></span> <span class='ocrx_word' id='word_1_388' title='bbox 649 4845 804 4913; x_wconf 81' lang='lat' dir='ltr'><strong>igitur</strong></span> <span class='ocrx_word' id='word_1_389' title='bbox 831 4863 898 4900; x_wconf 87' lang='lat' dir='ltr'><strong>ue</strong></span> <span class='ocrx_word' id='word_1_390' title='bbox 928 4849 991 4901; x_wconf 90' lang='lat' dir='ltr'><strong>ad</strong></span> <span class='ocrx_word' id='word_1_391' title='bbox 1022 4850 1228 4904; x_wconf 90' lang='lat' dir='ltr'><strong>laudem</strong></span> <span class='ocrx_word' id='word_1_392' title='bbox 1265 4862 1496 4911; x_wconf 88' lang='lat' dir='ltr'><strong>nostram</strong></span> <span class='ocrx_word' id='word_1_393' title='bbox 1525 4855 1647 4922; x_wconf 90' lang='lat' dir='ltr'><strong>quid</strong></span> <span class='ocrx_word' id='word_1_394' title='bbox 1674 4856 1954 4925; x_wconf 79' lang='lat' dir='ltr'><strong>loquamur</strong></span> <span class='ocrx_word' id='word_1_395' title='bbox 1984 4878 1995 4911; x_wconf 94' lang='lat'>:</span> <span class='ocrx_word' id='word_1_396' title='bbox 2024 4862 2071 4915; x_wconf 88' lang='lat' dir='ltr'><strong>id</strong></span> 
     </span>
    </p>
   </div>
   <div class='ocr_carea' id='block_1_51' title="bbox 498 4936 2073 5008">
    <p class='ocr_par' dir='ltr' id='par_1_51' title="bbox 498 4936 2073 5008">
     <span class='ocr_line' id='line_1_51' title="bbox 498 4936 2073 5008; baseline 0.013 -21"><span class='ocrx_word' id='word_1_397' title='bbox 498 4936 639 4988; x_wconf 88' lang='lat' dir='ltr'><strong>enim</strong></span> <span class='ocrx_word' id='word_1_398' title='bbox 686 4953 781 4989; x_wconf 88' lang='lat' dir='ltr'><strong>nos</strong></span> <span class='ocrx_word' id='word_1_399' title='bbox 808 4948 862 4991; x_wconf 89' lang='lat' dir='ltr'><strong>et</strong></span> <span class='ocrx_word' id='word_1_400' title='bbox 905 4939 1208 4995; x_wconf 90' lang='lat' dir='ltr'><strong>hominibus</strong></span> <span class='ocrx_word' id='word_1_401' title='bbox 1246 4944 1462 4998; x_wconf 78' lang='lat' dir='ltr'><strong>odiosus</strong></span> <span class='ocrx_word' id='word_1_402' title='bbox 1498 4957 1551 5000; x_wconf 89' lang='lat' dir='ltr'><strong>et</strong></span> <span class='ocrx_word' id='word_1_403' title='bbox 1581 4946 1691 5000; x_wconf 85' lang='lat' dir='ltr'><strong>Deo</strong></span> <span class='ocrx_word' id='word_1_404' title='bbox 1716 4955 2073 5008; x_wconf 77' lang='lat' dir='ltr'><strong>exsecrandos</strong></span> 
     </span>
    </p>
   </div>
   <div class='ocr_carea' id='block_1_52' title="bbox 497 5028 2069 5099">
    <p class='ocr_par' dir='ltr' id='par_1_52' title="bbox 497 5028 2069 5099">
     <span class='ocr_line' id='line_1_52' title="bbox 497 5028 2069 5099; baseline 0.012 -20"><span class='ocrx_word' id='word_1_405' title='bbox 497 5028 684 5081; x_wconf 84' lang='lat' dir='ltr'><strong>reddit.</strong></span> <span class='ocrx_word' id='word_1_406' title='bbox 726 5028 926 5084; x_wconf 88' lang='lat' dir='ltr'><strong>Idcirco</strong></span> <span class='ocrx_word' id='word_1_407' title='bbox 964 5048 1069 5099; x_wconf 90' lang='lat' dir='ltr'><strong>quo</strong></span> <span class='ocrx_word' id='word_1_408' title='bbox 1096 5034 1293 5099; x_wconf 86' lang='lat' dir='ltr'><strong>majora</strong></span> <span class='ocrx_word' id='word_1_409' title='bbox 1326 5037 1626 5099; x_wconf 86' lang='lat' dir='ltr'><strong>fecerimus,</strong></span> <span class='ocrx_word' id='word_1_410' title='bbox 1674 5054 1738 5093; x_wconf 88' lang='lat' dir='ltr'><strong>eo</strong></span> <span class='ocrx_word' id='word_1_411' title='bbox 1769 5044 1972 5097; x_wconf 86' lang='lat' dir='ltr'><strong>minora</strong></span> <span class='ocrx_word' id='word_1_412' title='bbox 2004 5047 2069 5098; x_wconf 83' lang='lat' dir='ltr'><strong>tle</strong></span> 
     </span>
    </p>
   </div>
   <div class='ocr_carea' id='block_1_53' title="bbox 496 5118 2068 5203">
    <p class='ocr_par' dir='ltr' id='par_1_53' title="bbox 496 5118 2068 5203">
     <span class='ocr_line' id='line_1_53' title="bbox 496 5118 2068 5203; baseline 0.011 -34"><span class='ocrx_word' id='word_1_413' title='bbox 496 5118 647 5169; x_wconf 85' lang='lat' dir='ltr'><strong>nobis</strong></span> <span class='ocrx_word' id='word_1_414' title='bbox 672 5118 941 5181; x_wconf 84' lang='lat' dir='ltr'><strong>dicamus;</strong></span> <span class='ocrx_word' id='word_1_415' title='bbox 972 5124 1037 5174; x_wconf 83' lang='lat' dir='ltr'><strong>ita</strong></span> <span class='ocrx_word' id='word_1_416' title='bbox 1068 5125 1208 5177; x_wconf 79' lang='lat' dir='ltr'><strong>enim</strong></span> <span class='ocrx_word' id='word_1_417' title='bbox 1247 5141 1487 5195; x_wconf 77' lang='lat' dir='ltr'><strong>magnam</strong></span> <span class='ocrx_word' id='word_1_418' title='bbox 1534 5126 1919 5196; x_wconf 81' lang='lat' dir='ltr'><strong>conseqtiemur</strong></span> <span class='ocrx_word' id='word_1_419' title='bbox 1949 5135 2068 5203; x_wconf 81' lang='lat' dir='ltr'><strong>glo-</strong></span> 
     </span>
    </p>
   </div>
   <div class='ocr_carea' id='block_1_54' title="bbox 495 5210 2063 5286">
    <p class='ocr_par' dir='ltr' id='par_1_54' title="bbox 495 5210 2063 5286">
     <span class='ocr_line' id='line_1_54' title="bbox 495 5210 2063 5286; baseline 0.015 -28"><span class='ocrx_word' id='word_1_420' title='bbox 495 5210 623 5260; x_wconf 85' lang='lat' dir='ltr'><strong>riam</strong></span> <span class='ocrx_word' id='word_1_421' title='bbox 653 5224 770 5261; x_wconf 91' lang='lat' dir='ltr'><strong>cum</strong></span> <span class='ocrx_word' id='word_1_422' title='bbox 802 5211 939 5279; x_wconf 88' lang='lat' dir='ltr'><strong>apud</strong></span> <span class='ocrx_word' id='word_1_423' title='bbox 984 5212 1244 5281; x_wconf 86' lang='lat' dir='ltr'><strong>homines,</strong></span> <span class='ocrx_word' id='word_1_424' title='bbox 1276 5226 1382 5269; x_wconf 87' lang='lat' dir='ltr'><strong>tum</strong></span> <span class='ocrx_word' id='word_1_425' title='bbox 1425 5219 1561 5285; x_wconf 89' lang='lat' dir='ltr'><strong>apud</strong></span> <span class='ocrx_word' id='word_1_426' title='bbox 1594 5218 1777 5286; x_wconf 80' lang='lat' dir='ltr'><strong>Deum,</strong></span> <span class='ocrx_word' id='word_1_427' title='bbox 1814 5225 1919 5276; x_wconf 90' lang='lat' dir='ltr'><strong>imo</strong></span> <span class='ocrx_word' id='word_1_428' title='bbox 1960 5243 2063 5281; x_wconf 90' lang='lat' dir='ltr'><strong>non</strong></span> 
     </span>
    </p>
   </div>
   <div class='ocr_carea' id='block_1_55' title="bbox 497 5299 2061 5376">
    <p class='ocr_par' dir='ltr' id='par_1_55' title="bbox 497 5299 2061 5376">
     <span class='ocr_line' id='line_1_55' title="bbox 497 5299 2061 5376; baseline 0.017 -29"><span class='ocrx_word' id='word_1_429' title='bbox 497 5306 693 5349; x_wconf 86' lang='lat' dir='ltr'><strong>tantum</strong></span> <span class='ocrx_word' id='word_1_430' title='bbox 722 5299 940 5365; x_wconf 68' lang='lat' dir='ltr'><strong>gloriam</strong></span> <span class='ocrx_word' id='word_1_431' title='bbox 963 5303 1101 5368; x_wconf 89' lang='lat' dir='ltr'><strong>apud</strong></span> <span class='ocrx_word' id='word_1_432' title='bbox 1125 5304 1310 5368; x_wconf 74' lang='lat' dir='ltr'><strong>Deum,</strong></span> <span class='ocrx_word' id='word_1_433' title='bbox 1342 5307 1435 5359; x_wconf 89' lang='lat' dir='ltr'><strong>sed</strong></span> <span class='ocrx_word' id='word_1_434' title='bbox 1468 5323 1709 5376; x_wconf 79' lang='lat' dir='ltr'><strong>magnam</strong></span> <span class='ocrx_word' id='word_1_435' title='bbox 1742 5318 2061 5373; x_wconf 83' lang='lat' dir='ltr'><strong>mercedem.</strong></span> 
     </span>
    </p>
   </div>
   <div class='ocr_carea' id='block_1_56' title="bbox 496 5383 2060 5474">
    <p class='ocr_par' dir='ltr' id='par_1_56' title="bbox 496 5383 2060 5474">
     <span class='ocr_line' id='line_1_56' title="bbox 496 5383 2060 5474; baseline 0.02 -41"><span class='ocrx_word' id='word_1_436' title='bbox 496 5383 567 5474; x_wconf 55' lang='lat' dir='ltr'><strong>llic</strong></span> <span class='ocrx_word' id='word_1_437' title='bbox 608 5387 762 5474; x_wconf 65' lang='lat' dir='ltr'><strong>igitur</strong></span> <span class='ocrx_word' id='word_1_438' title='bbox 792 5390 1088 5444; x_wconf 79' lang='lat' dir='ltr'><strong>mercedem</strong></span> <span class='ocrx_word' id='word_1_439' title='bbox 1128 5393 1323 5462; x_wconf 73' lang='lat' dir='ltr'><strong>exigas,</strong></span> <span class='ocrx_word' id='word_1_440' title='bbox 1373 5405 1431 5450; x_wconf 93' lang='lat' dir='ltr'><strong>ut</strong></span> <span class='ocrx_word' id='word_1_441' title='bbox 1471 5398 1775 5454; x_wconf 88' lang='lat' dir='ltr'><strong>mercedem</strong></span> <span class='ocrx_word' id='word_1_442' title='bbox 1815 5406 2060 5474; x_wconf 88' lang='lat' dir='ltr'><strong>recipias.</strong></span> 
     </span>
    </p>
   </div>
   <div class='ocr_carea' id='block_1_57' title="bbox 489 5460 2051 5548">
    <p class='ocr_par' dir='ltr' id='par_1_57' title="bbox 489 5460 2051 5548">
     <span class='ocr_line' id='line_1_57' title="bbox 489 5460 2051 5548; baseline 0.024 -41"><span class='ocrx_word' id='word_1_443' title='bbox 489 5460 759 5515; x_wconf 69' lang='lat' dir='ltr'><strong>tioutitcre</strong></span> <span class='ocrx_word' id='word_1_444' title='bbox 780 5472 830 5517; x_wconf 86' lang='lat' dir='ltr'><strong>te</strong></span> <span class='ocrx_word' id='word_1_445' title='bbox 848 5481 945 5533; x_wconf 86' lang='lat' dir='ltr'><strong>per</strong></span> <span class='ocrx_word' id='word_1_446' title='bbox 961 5472 1186 5536; x_wconf 77' lang='lat' dir='ltr'><strong>gratiam</strong></span> <span class='ocrx_word' id='word_1_447' title='bbox 1210 5460 1439 5531; x_wconf 79' lang='lat' dir='ltr'><strong>salutem</strong></span> <span class='ocrx_word' id='word_1_448' title='bbox 1459 5483 1738 5548; x_wconf 53' lang='lat' dir='ltr'><strong>conquui,</strong></span> <span class='ocrx_word' id='word_1_449' title='bbox 1764 5460 1940 5541; x_wconf 80' lang='lat' dir='ltr'><strong>ttttibi</strong></span> 
     </span>
    </p>
   </div>
   <div class='ocr_carea' id='block_1_58' title="bbox 560 5670 1150 5740">
    <p class='ocr_par' dir='ltr' id='par_1_58' title="bbox 560 5670 1150 5740">
     <span class='ocr_line' id='line_1_58' title="bbox 560 5670 1150 5740; baseline 0.012 -21"><span class='ocrx_word' id='word_1_450' title='bbox 560 5670 576 5701; x_wconf 77' lang='grc'><strong>⁸</strong></span> <span class='ocrx_word' id='word_1_451' title='bbox 608 5671 754 5721; x_wconf 60' lang='grc' dir='ltr'><strong>Μοίρι</strong></span> <span class='ocrx_word' id='word_1_452' title='bbox 788 5710 799 5732; x_wconf 83' lang='grc'><strong><em>,</em></strong></span> <span class='ocrx_word' id='word_1_453' title='bbox 827 5686 933 5725; x_wconf 73' lang='lat' dir='ltr'><strong>cum</strong></span> <span class='ocrx_word' id='word_1_454' title='bbox 957 5676 1150 5740; x_wconf 70' lang='lat' dir='ltr'><strong>gaudio.</strong></span> 
     </span>
    </p>
   </div>
   <div class='ocr_carea' id='block_1_59' title="bbox 2198 539 3771 615">
    <p class='ocr_par' dir='ltr' id='par_1_59' title="bbox 2198 539 3771 615">
     <span class='ocr_line' id='line_1_59' title="bbox 2198 539 3771 615; baseline 0.002 -17"><span class='ocrx_word' id='word_1_455' title='bbox 2198 558 2259 599; x_wconf 85' lang='lat' dir='ltr'><strong>se</strong></span> <span class='ocrx_word' id='word_1_456' title='bbox 2292 542 2588 599; x_wconf 87' lang='lat' dir='ltr'><strong>debitorem</strong></span> <span class='ocrx_word' id='word_1_457' title='bbox 2635 556 2756 598; x_wconf 87' lang='lat' dir='ltr'><strong>esse</strong></span> <span class='ocrx_word' id='word_1_458' title='bbox 2792 543 3129 606; x_wconf 81' lang='lat' dir='ltr'><strong>confiteatur,</strong></span> <span class='ocrx_word' id='word_1_459' title='bbox 3171 556 3277 598; x_wconf 88' lang='lat' dir='ltr'><strong>non</strong></span> <span class='ocrx_word' id='word_1_460' title='bbox 3316 539 3391 597; x_wconf 90' lang='lat' dir='ltr'><strong>ob</strong></span> <span class='ocrx_word' id='word_1_461' title='bbox 3413 541 3585 613; x_wconf 83' lang='lat' dir='ltr'><strong>probe</strong></span> <span class='ocrx_word' id='word_1_462' title='bbox 3622 558 3771 615; x_wconf 67' lang='lat' dir='ltr'><strong>gesta</strong></span> 
     </span>
    </p>
   </div>
   <div class='ocr_carea' id='block_1_60' title="bbox 2199 616 3773 703">
    <p class='ocr_par' dir='ltr' id='par_1_60' title="bbox 2199 616 3773 703">
     <span class='ocr_line' id='line_1_60' title="bbox 2199 616 3773 703; baseline 0.001 -15"><span class='ocrx_word' id='word_1_463' title='bbox 2199 644 2425 699; x_wconf 86' lang='lat' dir='ltr'><strong>tantum,</strong></span> <span class='ocrx_word' id='word_1_464' title='bbox 2470 632 2564 689; x_wconf 85' lang='lat' dir='ltr'><strong>sed</strong></span> <span class='ocrx_word' id='word_1_465' title='bbox 2610 631 2681 689; x_wconf 87' lang='lat' dir='ltr'><strong>ob</strong></span> <span class='ocrx_word' id='word_1_466' title='bbox 2714 642 2922 703; x_wconf 73' lang='lat' dir='ltr'><strong>gratum</strong></span> <span class='ocrx_word' id='word_1_467' title='bbox 2963 616 3201 687; x_wconf 80' lang='lat' dir='ltr'><strong>animum</strong></span> <span class='ocrx_word' id='word_1_468' title='bbox 3240 641 3411 688; x_wconf 91' lang='lat' dir='ltr'><strong>tuum.</strong></span> <span class='ocrx_word' id='word_1_469' title='bbox 3449 632 3585 688; x_wconf 85' lang='lat' dir='ltr'><strong>Cum</strong></span> <span class='ocrx_word' id='word_1_470' title='bbox 3629 637 3773 690; x_wconf 84' lang='lat' dir='ltr'><strong>enim</strong></span> 
     </span>
    </p>
   </div>
   <div class='ocr_carea' id='block_1_61' title="bbox 2198 722 3771 796">
    <p class='ocr_par' dir='ltr' id='par_1_61' title="bbox 2198 722 3771 796">
     <span class='ocr_line' id='line_1_61' title="bbox 2198 722 3771 796; baseline -0.002 -15"><span class='ocrx_word' id='word_1_471' title='bbox 2198 737 2345 781; x_wconf 86' lang='lat' dir='ltr'><strong>recte</strong></span> <span class='ocrx_word' id='word_1_472' title='bbox 2390 740 2693 796; x_wconf 81' lang='lat' dir='ltr'><strong>operantur,</strong></span> <span class='ocrx_word' id='word_1_473' title='bbox 2739 723 2990 794; x_wconf 88' lang='lat' dir='ltr'><strong>operibus</strong></span> <span class='ocrx_word' id='word_1_474' title='bbox 3019 733 3219 776; x_wconf 87' lang='lat' dir='ltr'><strong>tantum</strong></span> <span class='ocrx_word' id='word_1_475' title='bbox 3260 722 3557 781; x_wconf 84' lang='lat' dir='ltr'><strong>debitorem</strong></span> <span class='ocrx_word' id='word_1_476' title='bbox 3600 724 3771 795; x_wconf 86' lang='lat' dir='ltr'><strong>ipsum</strong></span> 
     </span>
    </p>
   </div>
   <div class='ocr_carea' id='block_1_62' title="bbox 2200 814 3767 885">
    <p class='ocr_par' dir='ltr' id='par_1_62' title="bbox 2200 814 3767 885">
     <span class='ocr_line' id='line_1_62' title="bbox 2200 814 3767 885; baseline -0.001 -15"><span class='ocrx_word' id='word_1_477' title='bbox 2200 815 2457 871; x_wconf 86' lang='lat' dir='ltr'><strong>habemus</strong></span> <span class='ocrx_word' id='word_1_478' title='bbox 2481 831 2497 874; x_wconf 87' lang='lat'><strong>;</strong></span> <span class='ocrx_word' id='word_1_479' title='bbox 2518 830 2637 868; x_wconf 90' lang='lat' dir='ltr'><strong>cum</strong></span> <span class='ocrx_word' id='word_1_480' title='bbox 2666 830 2770 868; x_wconf 90' lang='lat' dir='ltr'><strong>non</strong></span> <span class='ocrx_word' id='word_1_481' title='bbox 2792 823 3040 885; x_wconf 84' lang='lat' dir='ltr'><strong>putamus</strong></span> <span class='ocrx_word' id='word_1_482' title='bbox 3059 827 3157 867; x_wconf 86' lang='lat' dir='ltr'><strong>nos</strong></span> <span class='ocrx_word' id='word_1_483' title='bbox 3175 814 3369 883; x_wconf 86' lang='lat' dir='ltr'><strong>aliquid</strong></span> <span class='ocrx_word' id='word_1_484' title='bbox 3390 823 3535 870; x_wconf 85' lang='lat' dir='ltr'><strong>recte</strong></span> <span class='ocrx_word' id='word_1_485' title='bbox 3560 814 3767 884; x_wconf 70' lang='lat' dir='ltr'><strong>fecisse,</strong></span> 
     </span>
    </p>
   </div>
   <div class='ocr_carea' id='block_1_63' title="bbox 2200 902 3767 975">
    <p class='ocr_par' dir='ltr' id='par_1_63' title="bbox 2200 902 3767 975">
     <span class='ocr_line' id='line_1_63' title="bbox 2200 902 3767 975; baseline -0.001 -17"><span class='ocrx_word' id='word_1_486' title='bbox 2200 920 2297 975; x_wconf 92' lang='lat' dir='ltr'><strong>pro</strong></span> <span class='ocrx_word' id='word_1_487' title='bbox 2332 905 2425 963; x_wconf 88' lang='lat' dir='ltr'><strong>illo</strong></span> <span class='ocrx_word' id='word_1_488' title='bbox 2453 904 2569 971; x_wconf 86' lang='lat' dir='ltr'><strong>ipso</strong></span> <span class='ocrx_word' id='word_1_489' title='bbox 2592 902 2784 958; x_wconf 74' lang='lat' dir='ltr'><strong>allecto</strong></span> <span class='ocrx_word' id='word_1_490' title='bbox 2815 903 2983 973; x_wconf 81' lang='lat' dir='ltr'><strong>magis</strong></span> <span class='ocrx_word' id='word_1_491' title='bbox 3012 917 3170 971; x_wconf 87' lang='lat' dir='ltr'><strong>quam</strong></span> <span class='ocrx_word' id='word_1_492' title='bbox 3213 917 3312 972; x_wconf 87' lang='lat' dir='ltr'><strong>pro</strong></span> <span class='ocrx_word' id='word_1_493' title='bbox 3336 904 3595 972; x_wconf 84' lang='lat' dir='ltr'><strong>operibus</strong></span> <span class='ocrx_word' id='word_1_494' title='bbox 3618 904 3767 961; x_wconf 67' lang='lat' dir='ltr'><strong>debi.</strong></span> 
     </span>
    </p>
   </div>
   <div class='ocr_carea' id='block_1_64' title="bbox 2200 992 3771 1065">
    <p class='ocr_par' dir='ltr' id='par_1_64' title="bbox 2200 992 3771 1065">
     <span class='ocr_line' id='line_1_64' title="bbox 2200 992 3771 1065; baseline 0.001 -19"><span class='ocrx_word' id='word_1_495' title='bbox 2200 1002 2366 1051; x_wconf 87' lang='lat' dir='ltr'><strong>torem</strong></span> <span class='ocrx_word' id='word_1_496' title='bbox 2396 992 2653 1047; x_wconf 87' lang='lat' dir='ltr'><strong>habemus</strong></span> <span class='ocrx_word' id='word_1_497' title='bbox 2677 1010 2690 1046; x_wconf 85' lang='lat'><strong>:</strong></span> <span class='ocrx_word' id='word_1_498' title='bbox 2714 993 2786 1045; x_wconf 86' lang='lat' dir='ltr'><strong>ita</strong></span> <span class='ocrx_word' id='word_1_499' title='bbox 2830 1002 2886 1045; x_wconf 91' lang='lat' dir='ltr'><strong>ut</strong></span> <span class='ocrx_word' id='word_1_500' title='bbox 2925 992 2977 1046; x_wconf 89' lang='lat' dir='ltr'><strong>id</strong></span> <span class='ocrx_word' id='word_1_501' title='bbox 3012 992 3141 1061; x_wconf 88' lang='lat' dir='ltr'><strong>ipsis</strong></span> <span class='ocrx_word' id='word_1_502' title='bbox 3167 994 3237 1046; x_wconf 90' lang='lat' dir='ltr'><strong>sit</strong></span> <span class='ocrx_word' id='word_1_503' title='bbox 3259 992 3514 1061; x_wconf 81' lang='lat' dir='ltr'><strong>operibus</strong></span> <span class='ocrx_word' id='word_1_504' title='bbox 3536 996 3771 1065; x_wconf 61' lang='lat' dir='ltr'><strong>aequipa-</strong></span> 
     </span>
    </p>
   </div>
   <div class='ocr_carea' id='block_1_65' title="bbox 2197 1084 3774 1155">
    <p class='ocr_par' dir='ltr' id='par_1_65' title="bbox 2197 1084 3774 1155">
     <span class='ocr_line' id='line_1_65' title="bbox 2197 1084 3774 1155; baseline 0.001 -15"><span class='ocrx_word' id='word_1_505' title='bbox 2197 1086 2441 1140; x_wconf 86' lang='lat' dir='ltr'><strong>randum.</strong></span> <span class='ocrx_word' id='word_1_506' title='bbox 2488 1085 2545 1140; x_wconf 87' lang='lat' dir='ltr'><strong>Si</strong></span> <span class='ocrx_word' id='word_1_507' title='bbox 2597 1085 2696 1139; x_wconf 90' lang='lat' dir='ltr'><strong>hoc</strong></span> <span class='ocrx_word' id='word_1_508' title='bbox 2736 1084 2879 1138; x_wconf 90' lang='lat' dir='ltr'><strong>enim</strong></span> <span class='ocrx_word' id='word_1_509' title='bbox 2928 1100 3033 1137; x_wconf 87' lang='lat' dir='ltr'><strong>non</strong></span> <span class='ocrx_word' id='word_1_510' title='bbox 3084 1084 3260 1151; x_wconf 86' lang='lat' dir='ltr'><strong>adsit,</strong></span> <span class='ocrx_word' id='word_1_511' title='bbox 3308 1084 3397 1139; x_wconf 87' lang='lat' dir='ltr'><strong>illa</strong></span> <span class='ocrx_word' id='word_1_512' title='bbox 3446 1098 3609 1155; x_wconf 87' lang='lat' dir='ltr'><strong>opera</strong></span> <span class='ocrx_word' id='word_1_513' title='bbox 3668 1102 3774 1141; x_wconf 88' lang='lat' dir='ltr'><strong>nou</strong></span> 
     </span>
    </p>
   </div>
   <div class='ocr_carea' id='block_1_66' title="bbox 2199 1174 3778 1247">
    <p class='ocr_par' dir='ltr' id='par_1_66' title="bbox 2199 1174 3778 1247">
     <span class='ocr_line' id='line_1_66' title="bbox 2199 1174 3778 1247; baseline 0.004 -18"><span class='ocrx_word' id='word_1_514' title='bbox 2199 1192 2389 1247; x_wconf 75' lang='lat' dir='ltr'><strong>magna</strong></span> <span class='ocrx_word' id='word_1_515' title='bbox 2436 1175 2769 1231; x_wconf 80' lang='lat' dir='ltr'><strong>videbuntur.</strong></span> <span class='ocrx_word' id='word_1_516' title='bbox 2828 1174 3099 1244; x_wconf 86' lang='lat' dir='ltr'><strong>Siquidem</strong></span> <span class='ocrx_word' id='word_1_517' title='bbox 3142 1186 3198 1230; x_wconf 90' lang='lat' dir='ltr'><strong>et</strong></span> <span class='ocrx_word' id='word_1_518' title='bbox 3252 1190 3351 1231; x_wconf 88' lang='lat' dir='ltr'><strong>nos</strong></span> <span class='ocrx_word' id='word_1_519' title='bbox 3393 1192 3606 1247; x_wconf 87' lang='lat' dir='ltr'><strong>quoque</strong></span> <span class='ocrx_word' id='word_1_520' title='bbox 3655 1188 3778 1235; x_wconf 88' lang='lat' dir='ltr'><strong>tunc</strong></span> 
     </span>
    </p>
   </div>
   <div class='ocr_carea' id='block_1_67' title="bbox 2199 1266 3778 1337">
    <p class='ocr_par' dir='ltr' id='par_1_67' title="bbox 2199 1266 3778 1337">
     <span class='ocr_line' id='line_1_67' title="bbox 2199 1266 3778 1337; baseline 0.001 -16"><span class='ocrx_word' id='word_1_521' title='bbox 2199 1268 2428 1321; x_wconf 79' lang='lat' dir='ltr'><strong>maxime</strong></span> <span class='ocrx_word' id='word_1_522' title='bbox 2461 1266 2685 1321; x_wconf 87' lang='lat' dir='ltr'><strong>famulos</strong></span> <span class='ocrx_word' id='word_1_523' title='bbox 2730 1278 2941 1320; x_wconf 79' lang='lat' dir='ltr'><strong>nostros</strong></span> <span class='ocrx_word' id='word_1_524' title='bbox 2985 1275 3230 1334; x_wconf 87' lang='lat' dir='ltr'><strong>acceptos</strong></span> <span class='ocrx_word' id='word_1_525' title='bbox 3257 1266 3535 1333; x_wconf 82' lang='lat' dir='ltr'><strong>habemus,</strong></span> <span class='ocrx_word' id='word_1_526' title='bbox 3562 1268 3778 1337; x_wconf 86' lang='lat' dir='ltr'><strong>quando</strong></span> 
     </span>
    </p>
   </div>
   <div class='ocr_carea' id='block_1_68' title="bbox 2197 1356 3781 1429">
    <p class='ocr_par' dir='ltr' id='par_1_68' title="bbox 2197 1356 3781 1429">
     <span class='ocr_line' id='line_1_68' title="bbox 2197 1356 3781 1429; baseline 0.003 -20"><span class='ocrx_word' id='word_1_527' title='bbox 2197 1359 2372 1409; x_wconf 85' lang='lat' dir='ltr'><strong>munia</strong></span> <span class='ocrx_word' id='word_1_528' title='bbox 2399 1372 2517 1409; x_wconf 85' lang='lat' dir='ltr'><strong>cum</strong></span> <span class='ocrx_word' id='word_1_529' title='bbox 2546 1358 2912 1412; x_wconf 79' lang='lat' dir='ltr'><strong>benevolentia</strong></span> <span class='ocrx_word' id='word_1_530' title='bbox 2938 1366 3174 1425; x_wconf 75' lang='lat' dir='ltr'><strong>agentes,</strong></span> <span class='ocrx_word' id='word_1_531' title='bbox 3198 1356 3329 1413; x_wconf 81' lang='lat' dir='ltr'><strong>nihil</strong></span> <span class='ocrx_word' id='word_1_532' title='bbox 3353 1371 3417 1412; x_wconf 89' lang='lat' dir='ltr'><strong>se</strong></span> <span class='ocrx_word' id='word_1_533' title='bbox 3434 1358 3620 1428; x_wconf 76' lang='lat' dir='ltr'><strong>magni</strong></span> <span class='ocrx_word' id='word_1_534' title='bbox 3644 1373 3781 1429; x_wconf 75' lang='lat' dir='ltr'><strong>pra:-</strong></span> 
     </span>
    </p>
   </div>
   <div class='ocr_carea' id='block_1_69' title="bbox 2197 1447 2625 1517">
    <p class='ocr_par' dir='ltr' id='par_1_69' title="bbox 2197 1447 2625 1517">
     <span class='ocr_line' id='line_1_69' title="bbox 2197 1447 2625 1517; baseline -0.005 -16"><span class='ocrx_word' id='word_1_535' title='bbox 2197 1447 2395 1502; x_wconf 87' lang='lat' dir='ltr'><strong>stitisse</strong></span> <span class='ocrx_word' id='word_1_536' title='bbox 2422 1455 2625 1517; x_wconf 86' lang='lat' dir='ltr'><strong>putant.</strong></span> 
     </span>
    </p>
   </div>
   <div class='ocr_carea' id='block_1_70' title="bbox 2270 1610 3779 1690">
    <p class='ocr_par' dir='ltr' id='par_1_70' title="bbox 2270 1610 3779 1690">
     <span class='ocr_line' id='line_1_70' title="bbox 2270 1610 3779 1690; baseline 0.007 -26"><span class='ocrx_word' id='word_1_537' title='bbox 2270 1610 2321 1664; x_wconf 85' lang='grc' dir='ltr'><em>Η</em></span> <span class='ocrx_word' id='word_1_538' title='bbox 2326 1612 2547 1665; x_wconf 77' lang='lat' dir='ltr'><strong>amilitas</strong></span> <span class='ocrx_word' id='word_1_539' title='bbox 2571 1613 2949 1667; x_wconf 81' lang='lat' dir='ltr'><strong>commendatur</strong></span> <span class='ocrx_word' id='word_1_540' title='bbox 2973 1624 3026 1667; x_wconf 85' lang='lat' dir='ltr'><strong>ut</strong></span> <span class='ocrx_word' id='word_1_541' title='bbox 3046 1615 3207 1671; x_wconf 85' lang='lat' dir='ltr'><strong>omnis</strong></span> <span class='ocrx_word' id='word_1_542' title='bbox 3229 1616 3571 1690; x_wconf 67' lang='lat' dir='ltr'><strong>philosophia</strong></span> <span class='ocrx_word' id='word_1_543' title='bbox 3587 1622 3779 1689; x_wconf 81' lang='lat' dir='ltr'><strong>princi-</strong></span> 
     </span>
    </p>
   </div>
   <div class='ocr_carea' id='block_1_71' title="bbox 2196 1682 3778 1780">
    <p class='ocr_par' dir='ltr' id='par_1_71' title="bbox 2196 1682 3778 1780">
     <span class='ocr_line' id='line_1_71' title="bbox 2196 1682 3778 1780; baseline 0.009 -25"><span class='ocrx_word' id='word_1_544' title='bbox 2196 1682 2356 1773; x_wconf 70' lang='lat' dir='ltr'><strong>pium.</strong></span> <span class='ocrx_word' id='word_1_545' title='bbox 2378 1733 2453 1744; x_wconf 89' lang='lat'><strong>-—</strong></span> <span class='ocrx_word' id='word_1_546' title='bbox 2480 1703 2662 1773; x_wconf 83' lang='lat' dir='ltr'><strong>itaque</strong></span> <span class='ocrx_word' id='word_1_547' title='bbox 2685 1705 2731 1758; x_wconf 90' lang='lat' dir='ltr'><strong>si</strong></span> <span class='ocrx_word' id='word_1_548' title='bbox 2758 1705 2836 1760; x_wconf 86' lang='lat' dir='ltr'><strong>vis</strong></span> <span class='ocrx_word' id='word_1_549' title='bbox 2861 1723 3022 1774; x_wconf 76' lang='lat' dir='ltr'><strong>opera</strong></span> <span class='ocrx_word' id='word_1_550' title='bbox 3050 1716 3132 1761; x_wconf 86' lang='lat' dir='ltr'><strong>tua</strong></span> <span class='ocrx_word' id='word_1_551' title='bbox 3158 1708 3292 1763; x_wconf 88' lang='lat' dir='ltr'><strong>bona</strong></span> <span class='ocrx_word' id='word_1_552' title='bbox 3322 1726 3509 1780; x_wconf 77' lang='lat' dir='ltr'><strong>magna</strong></span> <span class='ocrx_word' id='word_1_553' title='bbox 3537 1727 3680 1779; x_wconf 86' lang='lat' dir='ltr'><strong>esse,</strong></span> <span class='ocrx_word' id='word_1_554' title='bbox 3709 1730 3778 1770; x_wconf 90' lang='lat' dir='ltr'><strong>ue</strong></span> 
     </span>
    </p>
   </div>
   <div class='ocr_carea' id='block_1_72' title="bbox 2196 1801 3778 1867">
    <p class='ocr_par' dir='ltr' id='par_1_72' title="bbox 2196 1801 3778 1867">
     <span class='ocr_line' id='line_1_72' title="bbox 2196 1801 3778 1867; baseline 0.008 -22"><span class='ocrx_word' id='word_1_555' title='bbox 2196 1809 2383 1863; x_wconf 81' lang='lat' dir='ltr'><strong>magna</strong></span> <span class='ocrx_word' id='word_1_556' title='bbox 2412 1808 2530 1850; x_wconf 87' lang='lat' dir='ltr'><strong>esse</strong></span> <span class='ocrx_word' id='word_1_557' title='bbox 2553 1805 2723 1864; x_wconf 86' lang='lat' dir='ltr'><strong>putes,</strong></span> <span class='ocrx_word' id='word_1_558' title='bbox 2753 1808 2981 1865; x_wconf 88' lang='lat' dir='ltr'><strong>tuncque</strong></span> <span class='ocrx_word' id='word_1_559' title='bbox 3007 1814 3191 1867; x_wconf 80' lang='lat' dir='ltr'><strong>magna</strong></span> <span class='ocrx_word' id='word_1_560' title='bbox 3218 1810 3393 1854; x_wconf 90' lang='lat' dir='ltr'><strong>erunt.</strong></span> <span class='ocrx_word' id='word_1_561' title='bbox 3422 1801 3509 1856; x_wconf 88' lang='lat' dir='ltr'><strong>Sic</strong></span> <span class='ocrx_word' id='word_1_562' title='bbox 3534 1807 3778 1859; x_wconf 88' lang='lat' dir='ltr'><strong>centurio</strong></span> 
     </span>
    </p>
   </div>
   <div class='ocr_carea' id='block_1_73' title="bbox 2195 1884 3777 1956">
    <p class='ocr_par' dir='ltr' id='par_1_73' title="bbox 2195 1884 3777 1956">
     <span class='ocr_line' id='line_1_73' title="bbox 2195 1884 3777 1956; baseline 0.006 -18"><span class='ocrx_word' id='word_1_563' title='bbox 2195 1884 2403 1938; x_wconf 87' lang='lat' dir='ltr'><strong>dicebat</strong></span> <span class='ocrx_word' id='word_1_564' title='bbox 2425 1925 2439 1948; x_wconf 91' lang='lat'><strong>,</strong></span> <span class='ocrx_word' id='word_1_565' title='bbox 2476 1884 2594 1938; x_wconf 81' lang='lat' dir='ltr'><strong>Non</strong></span> <span class='ocrx_word' id='word_1_566' title='bbox 2620 1902 2733 1939; x_wconf 81' lang='lat' dir='ltr'><strong>sum</strong></span> <span class='ocrx_word' id='word_1_567' title='bbox 2762 1886 2947 1956; x_wconf 77' lang='lat' dir='ltr'><strong>dignus</strong></span> <span class='ocrx_word' id='word_1_568' title='bbox 2981 1896 3034 1940; x_wconf 75' lang='lat' dir='ltr'><strong>ut</strong></span> <span class='ocrx_word' id='word_1_569' title='bbox 3070 1889 3223 1942; x_wconf 78' lang='lat' dir='ltr'><strong>intres</strong></span> <span class='ocrx_word' id='word_1_570' title='bbox 3257 1891 3349 1944; x_wconf 86' lang='lat' dir='ltr'><strong>sub</strong></span> <span class='ocrx_word' id='word_1_571' title='bbox 3387 1901 3573 1945; x_wconf 75' lang='lat' dir='ltr'><strong>tectum</strong></span> <span class='ocrx_word' id='word_1_572' title='bbox 3611 1911 3777 1948; x_wconf 80' lang='lat' dir='ltr'><strong>meum</strong></span> 
     </span>
    </p>
   </div>
   <div class='ocr_carea' id='block_1_74' title="bbox 2200 1973 3776 2049">
    <p class='ocr_par' dir='ltr' id='par_1_74' title="bbox 2200 1973 3776 2049">
     <span class='ocr_line' id='line_1_74' title="bbox 2200 1973 3776 2049; baseline 0.009 -25"><span class='ocrx_word' id='word_1_573' title='bbox 2200 1973 2406 2043; x_wconf 77' lang='lat' dir='ltr'><strong>(Matth.</strong></span> <span class='ocrx_word' id='word_1_574' title='bbox 2432 1974 2485 2029; x_wconf 89' lang='lat'><strong>8.</strong></span> <span class='ocrx_word' id='word_1_575' title='bbox 2514 1973 2605 2044; x_wconf 90' lang='lat'><strong>8);</strong></span> <span class='ocrx_word' id='word_1_576' title='bbox 2644 1975 2865 2045; x_wconf 86' lang='lat' dir='ltr'><strong>ideoque</strong></span> <span class='ocrx_word' id='word_1_577' title='bbox 2902 1976 3091 2044; x_wconf 83' lang='lat' dir='ltr'><strong>dignus</strong></span> <span class='ocrx_word' id='word_1_578' title='bbox 3128 1977 3227 2032; x_wconf 76' lang='lat' dir='ltr'><strong>fuit</strong></span> <span class='ocrx_word' id='word_1_579' title='bbox 3248 2020 3263 2042; x_wconf 94' lang='lat'><strong>,</strong></span> <span class='ocrx_word' id='word_1_580' title='bbox 3295 1995 3560 2049; x_wconf 57' lang='lat' dir='ltr'><strong>supraque</strong></span> <span class='ocrx_word' id='word_1_581' title='bbox 3587 1998 3776 2039; x_wconf 85' lang='lat' dir='ltr'><strong>omnes</strong></span> 
     </span>
    </p>
   </div>
   <div class='ocr_carea' id='block_1_75' title="bbox 2193 2062 3776 2145">
    <p class='ocr_par' dir='ltr' id='par_1_75' title="bbox 2193 2062 3776 2145">
     <span class='ocr_line' id='line_1_75' title="bbox 2193 2062 3776 2145; baseline 0.009 -30"><span class='ocrx_word' id='word_1_582' title='bbox 2193 2062 2407 2118; x_wconf 72' lang='lat' dir='ltr'><strong>Judzeos</strong></span> <span class='ocrx_word' id='word_1_583' title='bbox 2434 2066 2708 2118; x_wconf 87' lang='lat' dir='ltr'><strong>mirabilis.</strong></span> <span class='ocrx_word' id='word_1_584' title='bbox 2740 2067 2811 2119; x_wconf 85' lang='lat' dir='ltr'><strong>Ita</strong></span> <span class='ocrx_word' id='word_1_585' title='bbox 2840 2076 2895 2121; x_wconf 88' lang='lat' dir='ltr'><strong>et</strong></span> <span class='ocrx_word' id='word_1_586' title='bbox 2918 2068 3109 2121; x_wconf 82' lang='lat' dir='ltr'><strong>Paulus</strong></span> <span class='ocrx_word' id='word_1_587' title='bbox 3136 2072 3210 2123; x_wconf 87' lang='lat' dir='ltr'><strong>ait</strong></span> <span class='ocrx_word' id='word_1_588' title='bbox 3236 2088 3249 2123; x_wconf 93' lang='lat'>:</span> <span class='ocrx_word' id='word_1_589' title='bbox 3280 2069 3400 2124; x_wconf 86' lang='lat' dir='ltr'><strong>Non</strong></span> <span class='ocrx_word' id='word_1_590' title='bbox 3440 2090 3554 2126; x_wconf 88' lang='lat' dir='ltr'><strong>sum</strong></span> <span class='ocrx_word' id='word_1_591' title='bbox 3591 2076 3776 2145; x_wconf 75' lang='lat' dir='ltr'><strong>dignus</strong></span> 
     </span>
    </p>
   </div>
   <div class='ocr_carea' id='block_1_76' title="bbox 2196 2156 3772 2233">
    <p class='ocr_par' dir='ltr' id='par_1_76' title="bbox 2196 2156 3772 2233">
     <span class='ocr_line' id='line_1_76' title="bbox 2196 2156 3772 2233; baseline 0.008 -26"><span class='ocrx_word' id='word_1_592' title='bbox 2196 2156 2361 2208; x_wconf 76' lang='lat' dir='ltr'><strong>uocari</strong></span> <span class='ocrx_word' id='word_1_593' title='bbox 2384 2157 2642 2225; x_wconf 81' lang='lat' dir='ltr'><strong>apostolus</strong></span> <span class='ocrx_word' id='word_1_594' title='bbox 2671 2160 2743 2227; x_wconf 88' lang='lat' dir='ltr'><strong>(l.</strong></span> <span class='ocrx_word' id='word_1_595' title='bbox 2778 2158 2895 2212; x_wconf 89' lang='lat' dir='ltr'><strong>Cor.</strong></span> <span class='ocrx_word' id='word_1_596' title='bbox 2927 2160 3012 2213; x_wconf 88' lang='grc'><strong>15.</strong></span> <span class='ocrx_word' id='word_1_597' title='bbox 3043 2160 3134 2231; x_wconf 81' lang='lat'><strong>9).</strong></span> <span class='ocrx_word' id='word_1_598' title='bbox 3170 2160 3398 2231; x_wconf 82' lang='lat' dir='ltr'><strong>Ideoque</strong></span> <span class='ocrx_word' id='word_1_599' title='bbox 3427 2166 3629 2233; x_wconf 86' lang='lat' dir='ltr'><strong>primus</strong></span> <span class='ocrx_word' id='word_1_600' title='bbox 3653 2184 3772 2222; x_wconf 90' lang='lat' dir='ltr'><strong>om-</strong></span> 
     </span>
    </p>
   </div>
   <div class='ocr_carea' id='block_1_77' title="bbox 2193 2244 3776 2325">
    <p class='ocr_par' dir='ltr' id='par_1_77' title="bbox 2193 2244 3776 2325">
     <span class='ocr_line' id='line_1_77' title="bbox 2193 2244 3776 2325; baseline 0.009 -28"><span class='ocrx_word' id='word_1_601' title='bbox 2193 2244 2338 2298; x_wconf 80' lang='lat' dir='ltr'><strong>nium</strong></span> <span class='ocrx_word' id='word_1_602' title='bbox 2376 2245 2596 2300; x_wconf 77' lang='lat' dir='ltr'><strong>eﬂ&#39;ectus</strong></span> <span class='ocrx_word' id='word_1_603' title='bbox 2634 2257 2731 2300; x_wconf 86' lang='lat' dir='ltr'><strong>est.</strong></span> <span class='ocrx_word' id='word_1_604' title='bbox 2774 2246 2862 2301; x_wconf 88' lang='lat' dir='ltr'><strong>Sic</strong></span> <span class='ocrx_word' id='word_1_605' title='bbox 2893 2257 2946 2301; x_wconf 90' lang='lat' dir='ltr'><strong>et</strong></span> <span class='ocrx_word' id='word_1_606' title='bbox 2968 2248 3241 2304; x_wconf 79' lang='lat' dir='ltr'><strong>Joannes:</strong></span> <span class='ocrx_word' id='word_1_607' title='bbox 3276 2251 3395 2305; x_wconf 81' lang='lat' dir='ltr'><strong>Non</strong></span> <span class='ocrx_word' id='word_1_608' title='bbox 3434 2271 3545 2308; x_wconf 83' lang='lat' dir='ltr'><strong>sum</strong></span> <span class='ocrx_word' id='word_1_609' title='bbox 3593 2259 3776 2325; x_wconf 82' lang='lat' dir='ltr'><strong>dignus</strong></span> 
     </span>
    </p>
   </div>
   <div class='ocr_carea' id='block_1_78' title="bbox 2190 2336 3771 2413">
    <p class='ocr_par' dir='ltr' id='par_1_78' title="bbox 2190 2336 3771 2413">
     <span class='ocr_line' id='line_1_78' title="bbox 2190 2336 3771 2413; baseline 0.006 -25"><span class='ocrx_word' id='word_1_610' title='bbox 2190 2336 2380 2389; x_wconf 75' lang='lat' dir='ltr'><strong>solvere</strong></span> <span class='ocrx_word' id='word_1_611' title='bbox 2425 2338 2691 2407; x_wconf 67' lang='lat' dir='ltr'><strong>corrigiam</strong></span> <span class='ocrx_word' id='word_1_612' title='bbox 2735 2338 3057 2393; x_wconf 79' lang='lat' dir='ltr'><strong>calceamenti</strong></span> <span class='ocrx_word' id='word_1_613' title='bbox 3107 2344 3216 2410; x_wconf 66' lang='lat' dir='ltr'><strong>ejus</strong></span> <span class='ocrx_word' id='word_1_614' title='bbox 3264 2340 3469 2413; x_wconf 77' lang='lat' dir='ltr'><strong>(Marc.</strong></span> <span class='ocrx_word' id='word_1_615' title='bbox 3520 2350 3572 2400; x_wconf 93' lang='grc'><strong>1.</strong></span> <span class='ocrx_word' id='word_1_616' title='bbox 3624 2349 3677 2401; x_wconf 90' lang='lat'><strong>7.</strong></span> <span class='ocrx_word' id='word_1_617' title='bbox 3725 2359 3771 2403; x_wconf 81' lang='lat' dir='ltr'><strong>et</strong></span> 
     </span>
    </p>
   </div>
   <div class='ocr_carea' id='block_1_79' title="bbox 2200 2425 3770 2500">
    <p class='ocr_par' dir='ltr' id='par_1_79' title="bbox 2200 2425 3770 2500">
     <span class='ocr_line' id='line_1_79' title="bbox 2200 2425 3770 2500; baseline 0.01 -23"><span class='ocrx_word' id='word_1_618' title='bbox 2200 2425 2385 2481; x_wconf 81' lang='lat' dir='ltr'><strong>Matth.</strong></span> <span class='ocrx_word' id='word_1_619' title='bbox 2418 2428 2471 2481; x_wconf 76' lang='grc'><strong>5.</strong></span> <span class='ocrx_word' id='word_1_620' title='bbox 2505 2428 2614 2495; x_wconf 90' lang='grc'><strong>11).</strong></span> <span class='ocrx_word' id='word_1_621' title='bbox 2640 2428 2761 2481; x_wconf 85' lang='lat' dir='ltr'><strong>Ideo</strong></span> <span class='ocrx_word' id='word_1_622' title='bbox 2788 2440 2841 2483; x_wconf 90' lang='lat' dir='ltr'><strong>et</strong></span> <span class='ocrx_word' id='word_1_623' title='bbox 2866 2429 3069 2484; x_wconf 89' lang='lat' dir='ltr'><strong>amicus</strong></span> <span class='ocrx_word' id='word_1_624' title='bbox 3092 2434 3273 2500; x_wconf 84' lang='lat' dir='ltr'><strong>sponsi</strong></span> <span class='ocrx_word' id='word_1_625' title='bbox 3297 2445 3411 2487; x_wconf 88' lang='lat' dir='ltr'><strong>erat</strong></span> <span class='ocrx_word' id='word_1_626' title='bbox 3432 2474 3447 2498; x_wconf 91' lang='lat'><strong>,</strong></span> <span class='ocrx_word' id='word_1_627' title='bbox 3478 2445 3532 2490; x_wconf 92' lang='lat' dir='ltr'><strong>et</strong></span> <span class='ocrx_word' id='word_1_628' title='bbox 3558 2453 3770 2493; x_wconf 86' lang='lat' dir='ltr'><strong>manum</strong></span> 
     </span>
    </p>
   </div>
   <div class='ocr_carea' id='block_1_80' title="bbox 2195 2516 3773 2591">
    <p class='ocr_par' dir='ltr' id='par_1_80' title="bbox 2195 2516 3773 2591">
     <span class='ocr_line' id='line_1_80' title="bbox 2195 2516 3773 2591; baseline 0.008 -23"><span class='ocrx_word' id='word_1_629' title='bbox 2195 2516 2361 2579; x_wconf 87' lang='lat' dir='ltr'><strong>illam,</strong></span> <span class='ocrx_word' id='word_1_630' title='bbox 2387 2532 2543 2585; x_wconf 89' lang='lat' dir='ltr'><strong>quam</strong></span> <span class='ocrx_word' id='word_1_631' title='bbox 2576 2517 2839 2586; x_wconf 83' lang='lat' dir='ltr'><strong>indignam</strong></span> <span class='ocrx_word' id='word_1_632' title='bbox 2865 2518 3237 2575; x_wconf 81' lang='lat' dir='ltr'><strong>calceamentis</strong></span> <span class='ocrx_word' id='word_1_633' title='bbox 3267 2522 3502 2591; x_wconf 84' lang='lat' dir='ltr'><strong>putabat,</strong></span> <span class='ocrx_word' id='word_1_634' title='bbox 3529 2525 3773 2583; x_wconf 88' lang='lat' dir='ltr'><strong>Christus</strong></span> 
     </span>
    </p>
   </div>
   <div class='ocr_carea' id='block_1_81' title="bbox 2193 2610 3775 2677">
    <p class='ocr_par' dir='ltr' id='par_1_81' title="bbox 2193 2610 3775 2677">
     <span class='ocr_line' id='line_1_81' title="bbox 2193 2610 3775 2677; baseline 0.009 -16"><span class='ocrx_word' id='word_1_635' title='bbox 2193 2624 2350 2676; x_wconf 88' lang='lat' dir='ltr'><strong>supra</strong></span> <span class='ocrx_word' id='word_1_636' title='bbox 2372 2619 2529 2677; x_wconf 86' lang='lat' dir='ltr'><strong>caput</strong></span> <span class='ocrx_word' id='word_1_637' title='bbox 2556 2624 2707 2662; x_wconf 85' lang='lat' dir='ltr'><strong>suum</strong></span> <span class='ocrx_word' id='word_1_638' title='bbox 2736 2612 2967 2664; x_wconf 85' lang='lat' dir='ltr'><strong>attraxit.</strong></span> <span class='ocrx_word' id='word_1_639' title='bbox 2998 2610 3087 2666; x_wconf 91' lang='lat' dir='ltr'><strong>Sic</strong></span> <span class='ocrx_word' id='word_1_640' title='bbox 3114 2623 3166 2665; x_wconf 85' lang='lat' dir='ltr'><strong>et</strong></span> <span class='ocrx_word' id='word_1_641' title='bbox 3196 2613 3385 2668; x_wconf 87' lang='lat' dir='ltr'><strong>Petrus</strong></span> <span class='ocrx_word' id='word_1_642' title='bbox 3403 2616 3611 2671; x_wconf 88' lang='lat' dir='ltr'><strong>dicebat</strong></span> <span class='ocrx_word' id='word_1_643' title='bbox 3637 2638 3648 2671; x_wconf 89' lang='lat'>:</span> <span class='ocrx_word' id='word_1_644' title='bbox 3676 2619 3775 2675; x_wconf 69' lang='lat' dir='ltr'><strong>Exi</strong></span> 
     </span>
    </p>
   </div>
   <div class='ocr_carea' id='block_1_82' title="bbox 2193 2700 3774 2772">
    <p class='ocr_par' dir='ltr' id='par_1_82' title="bbox 2193 2700 3774 2772">
     <span class='ocr_line' id='line_1_82' title="bbox 2193 2700 3774 2772; baseline 0.009 -21"><span class='ocrx_word' id='word_1_645' title='bbox 2193 2714 2226 2751; x_wconf 89' lang='lat' dir='ltr'><strong>a</strong></span> <span class='ocrx_word' id='word_1_646' title='bbox 2264 2715 2342 2753; x_wconf 85' lang='lat' dir='ltr'><strong>mc</strong></span> <span class='ocrx_word' id='word_1_647' title='bbox 2364 2740 2378 2764; x_wconf 91' lang='lat'><strong>,</strong></span> <span class='ocrx_word' id='word_1_648' title='bbox 2418 2701 2536 2767; x_wconf 85' lang='lat' dir='ltr'><strong>quia</strong></span> <span class='ocrx_word' id='word_1_649' title='bbox 2576 2701 2724 2753; x_wconf 76' lang='lat' dir='ltr'><strong>homo</strong></span> <span class='ocrx_word' id='word_1_650' title='bbox 2763 2707 2996 2769; x_wconf 77' lang='lat' dir='ltr'><strong>peccator</strong></span> <span class='ocrx_word' id='word_1_651' title='bbox 3024 2719 3134 2756; x_wconf 86' lang='lat' dir='ltr'><strong>sum</strong></span> <span class='ocrx_word' id='word_1_652' title='bbox 3162 2700 3327 2772; x_wconf 86' lang='lat' dir='ltr'><strong>(Luc.</strong></span> <span class='ocrx_word' id='word_1_653' title='bbox 3351 2704 3404 2759; x_wconf 89' lang='lat'><strong>5.</strong></span> <span class='ocrx_word' id='word_1_654' title='bbox 3438 2704 3525 2772; x_wconf 88' lang='lat'><strong>8).</strong></span> <span class='ocrx_word' id='word_1_655' title='bbox 3573 2707 3774 2765; x_wconf 75' lang='lat' dir='ltr'><strong>Idcirco</strong></span> 
     </span>
    </p>
   </div>
   <div class='ocr_carea' id='block_1_83' title="bbox 2198 2802 3771 2862">
    <p class='ocr_par' dir='ltr' id='par_1_83' title="bbox 2198 2802 3771 2862">
     <span class='ocr_line' id='line_1_83' title="bbox 2198 2802 3771 2862; baseline -0.003 -1"><span class='ocrx_word' id='word_1_656' title='bbox 2198 2808 2595 2862; x_wconf 79' lang='lat' dir='ltr'><strong>fundamentum</strong></span> <span class='ocrx_word' id='word_1_657' title='bbox 2628 2803 2880 2858; x_wconf 78' lang='lat' dir='ltr'><strong>Ecclesize</strong></span> <span class='ocrx_word' id='word_1_658' title='bbox 2906 2805 3072 2856; x_wconf 88' lang='lat' dir='ltr'><strong>factus</strong></span> <span class='ocrx_word' id='word_1_659' title='bbox 3094 2813 3193 2856; x_wconf 80' lang='lat' dir='ltr'><strong>est.</strong></span> <span class='ocrx_word' id='word_1_660' title='bbox 3227 2802 3362 2856; x_wconf 81' lang='lat' dir='ltr'><strong>Nihil</strong></span> <span class='ocrx_word' id='word_1_661' title='bbox 3389 2802 3530 2858; x_wconf 89' lang='lat' dir='ltr'><strong>enim</strong></span> <span class='ocrx_word' id='word_1_662' title='bbox 3559 2802 3630 2854; x_wconf 85' lang='lat' dir='ltr'><strong>ita</strong></span> <span class='ocrx_word' id='word_1_663' title='bbox 3663 2802 3771 2856; x_wconf 88' lang='lat' dir='ltr'><strong>Deo</strong></span> 
     </span>
    </p>
   </div>
   <div class='ocr_carea' id='block_1_84' title="bbox 2195 2891 3773 2966">
    <p class='ocr_par' dir='ltr' id='par_1_84' title="bbox 2195 2891 3773 2966">
     <span class='ocr_line' id='line_1_84' title="bbox 2195 2891 3773 2966; baseline -0.003 -16"><span class='ocrx_word' id='word_1_664' title='bbox 2195 2907 2400 2966; x_wconf 74' lang='lat' dir='ltr'><strong>gratum</strong></span> <span class='ocrx_word' id='word_1_665' title='bbox 2429 2905 2529 2959; x_wconf 88' lang='lat' dir='ltr'><strong>est,</strong></span> <span class='ocrx_word' id='word_1_666' title='bbox 2562 2909 2717 2962; x_wconf 90' lang='lat' dir='ltr'><strong>quam</strong></span> <span class='ocrx_word' id='word_1_667' title='bbox 2743 2893 2787 2947; x_wconf 88' lang='lat' dir='ltr'><strong>si</strong></span> <span class='ocrx_word' id='word_1_668' title='bbox 2819 2894 2937 2961; x_wconf 84' lang='lat' dir='ltr'><strong>quis</strong></span> <span class='ocrx_word' id='word_1_669' title='bbox 2962 2907 3020 2946; x_wconf 90' lang='lat' dir='ltr'><strong>se</strong></span> <span class='ocrx_word' id='word_1_670' title='bbox 3040 2908 3158 2945; x_wconf 85' lang='lat' dir='ltr'><strong>cum</strong></span> <span class='ocrx_word' id='word_1_671' title='bbox 3184 2891 3382 2945; x_wconf 83' lang='lat' dir='ltr'><strong>ultimis</strong></span> <span class='ocrx_word' id='word_1_672' title='bbox 3404 2891 3773 2960; x_wconf 86' lang='lat' dir='ltr'><strong>peccatoribus</strong></span> 
     </span>
    </p>
   </div>
   <div class='ocr_carea' id='block_1_85' title="bbox 2198 2980 3768 3052">
    <p class='ocr_par' dir='ltr' id='par_1_85' title="bbox 2198 2980 3768 3052">
     <span class='ocr_line' id='line_1_85' title="bbox 2198 2980 3768 3052; baseline -0.003 -13"><span class='ocrx_word' id='word_1_673' title='bbox 2198 2992 2458 3040; x_wconf 87' lang='lat' dir='ltr'><strong>numeret.</strong></span> <span class='ocrx_word' id='word_1_674' title='bbox 2492 2985 2602 3039; x_wconf 82' lang='lat' dir='ltr'><strong>[loc</strong></span> <span class='ocrx_word' id='word_1_675' title='bbox 2630 2983 2800 3038; x_wconf 91' lang='lat' dir='ltr'><strong>omnis</strong></span> <span class='ocrx_word' id='word_1_676' title='bbox 2825 2981 3175 3052; x_wconf 76' lang='lat' dir='ltr'><strong>philosophia:</strong></span> <span class='ocrx_word' id='word_1_677' title='bbox 3204 2981 3517 3051; x_wconf 87' lang='lat' dir='ltr'><strong>principium</strong></span> <span class='ocrx_word' id='word_1_678' title='bbox 3546 2988 3647 3037; x_wconf 90' lang='lat' dir='ltr'><strong>est.</strong></span> <span class='ocrx_word' id='word_1_679' title='bbox 3670 2980 3768 3048; x_wconf 81' lang='lat' dir='ltr'><strong>Qui</strong></span> 
     </span>
    </p>
   </div>
   <div class='ocr_carea' id='block_1_86' title="bbox 2194 3073 3773 3142">
    <p class='ocr_par' dir='ltr' id='par_1_86' title="bbox 2194 3073 3773 3142">
     <span class='ocr_line' id='line_1_86' title="bbox 2194 3073 3773 3142; baseline -0.004 -9"><span class='ocrx_word' id='word_1_680' title='bbox 2194 3080 2335 3133; x_wconf 84' lang='lat' dir='ltr'><strong>enim</strong></span> <span class='ocrx_word' id='word_1_681' title='bbox 2362 3078 2576 3132; x_wconf 84' lang='lat' dir='ltr'><strong>humilis</strong></span> <span class='ocrx_word' id='word_1_682' title='bbox 2604 3087 2657 3131; x_wconf 88' lang='lat' dir='ltr'><strong>et</strong></span> <span class='ocrx_word' id='word_1_683' title='bbox 2682 3076 2940 3132; x_wconf 86' lang='lat' dir='ltr'><strong>contritus</strong></span> <span class='ocrx_word' id='word_1_684' title='bbox 2960 3086 3063 3138; x_wconf 88' lang='lat' dir='ltr'><strong>cst,</strong></span> <span class='ocrx_word' id='word_1_685' title='bbox 3091 3090 3192 3127; x_wconf 88' lang='lat' dir='ltr'><strong>non</strong></span> <span class='ocrx_word' id='word_1_686' title='bbox 3222 3074 3363 3127; x_wconf 85' lang='lat' dir='ltr'><strong>inani</strong></span> <span class='ocrx_word' id='word_1_687' title='bbox 3390 3073 3555 3142; x_wconf 80' lang='lat' dir='ltr'><strong>gloria</strong></span> <span class='ocrx_word' id='word_1_688' title='bbox 3583 3073 3773 3126; x_wconf 83' lang='lat' dir='ltr'><strong>cll&#39;ere-</strong></span> 
     </span>
    </p>
   </div>
   <div class='ocr_carea' id='block_1_87' title="bbox 2195 3162 3767 3234">
    <p class='ocr_par' dir='ltr' id='par_1_87' title="bbox 2195 3162 3767 3234">
     <span class='ocr_line' id='line_1_87' title="bbox 2195 3162 3767 3234; baseline -0.003 -13"><span class='ocrx_word' id='word_1_689' title='bbox 2195 3180 2298 3234; x_wconf 87' lang='lat' dir='ltr'><strong>tur,</strong></span> <span class='ocrx_word' id='word_1_690' title='bbox 2327 3186 2429 3223; x_wconf 90' lang='lat' dir='ltr'><strong>non</strong></span> <span class='ocrx_word' id='word_1_691' title='bbox 2460 3168 2733 3230; x_wconf 87' lang='lat' dir='ltr'><strong>irascetur,</strong></span> <span class='ocrx_word' id='word_1_692' title='bbox 2764 3182 2870 3219; x_wconf 88' lang='lat' dir='ltr'><strong>tton</strong></span> <span class='ocrx_word' id='word_1_693' title='bbox 2905 3165 3143 3234; x_wconf 81' lang='lat' dir='ltr'><strong>proximo</strong></span> <span class='ocrx_word' id='word_1_694' title='bbox 3170 3163 3417 3218; x_wconf 82' lang='lat' dir='ltr'><strong>invidebit</strong></span> <span class='ocrx_word' id='word_1_695' title='bbox 3442 3204 3456 3229; x_wconf 94' lang='lat'><strong>,</strong></span> <span class='ocrx_word' id='word_1_696' title='bbox 3488 3178 3595 3217; x_wconf 88' lang='lat' dir='ltr'><strong>non</strong></span> <span class='ocrx_word' id='word_1_697' title='bbox 3625 3162 3767 3217; x_wconf 84' lang='lat' dir='ltr'><strong>aliud</strong></span> 
     </span>
    </p>
   </div>
   <div class='ocr_carea' id='block_1_88' title="bbox 2189 3255 3768 3329">
    <p class='ocr_par' dir='ltr' id='par_1_88' title="bbox 2189 3255 3768 3329">
     <span class='ocr_line' id='line_1_88' title="bbox 2189 3255 3768 3329; baseline -0.005 -15"><span class='ocrx_word' id='word_1_698' title='bbox 2189 3261 2456 3329; x_wconf 87' lang='lat' dir='ltr'><strong>quidpiam</strong></span> <span class='ocrx_word' id='word_1_699' title='bbox 2500 3259 2609 3311; x_wconf 91' lang='lat' dir='ltr'><strong>vitii</strong></span> <span class='ocrx_word' id='word_1_700' title='bbox 2648 3259 2910 3311; x_wconf 87' lang='lat' dir='ltr'><strong>admittet.</strong></span> <span class='ocrx_word' id='word_1_701' title='bbox 2955 3257 3135 3325; x_wconf 80' lang='lat' dir='ltr'><strong>Neque</strong></span> <span class='ocrx_word' id='word_1_702' title='bbox 3170 3256 3312 3309; x_wconf 85' lang='lat' dir='ltr'><strong>enim</strong></span> <span class='ocrx_word' id='word_1_703' title='bbox 3341 3255 3623 3308; x_wconf 87' lang='lat' dir='ltr'><strong>contritam</strong></span> <span class='ocrx_word' id='word_1_704' title='bbox 3656 3271 3768 3308; x_wconf 85' lang='lat' dir='ltr'><strong>Ina-</strong></span> 
     </span>
    </p>
   </div>
   <div class='ocr_carea' id='block_1_89' title="bbox 2190 3348 3764 3419">
    <p class='ocr_par' dir='ltr' id='par_1_89' title="bbox 2190 3348 3764 3419">
     <span class='ocr_line' id='line_1_89' title="bbox 2190 3348 3764 3419; baseline -0.003 -16"><span class='ocrx_word' id='word_1_705' title='bbox 2190 3351 2702 3419; x_wconf 77' lang='lat' dir='ltr'><strong>num,.quantmuvis</strong></span> <span class='ocrx_word' id='word_1_706' title='bbox 2745 3348 3127 3403; x_wconf 82' lang='lat' dir='ltr'><strong>contendamus</strong></span> <span class='ocrx_word' id='word_1_707' title='bbox 3149 3387 3164 3412; x_wconf 92' lang='lat'><strong>,</strong></span> <span class='ocrx_word' id='word_1_708' title='bbox 3211 3362 3493 3415; x_wconf 84' lang='lat' dir='ltr'><strong>possumus</strong></span> <span class='ocrx_word' id='word_1_709' title='bbox 3520 3348 3571 3400; x_wconf 89' lang='lat' dir='ltr'><strong>in</strong></span> <span class='ocrx_word' id='word_1_710' title='bbox 3601 3348 3764 3415; x_wconf 81' lang='lat' dir='ltr'><strong>altum</strong></span> 
     </span>
    </p>
   </div>
   <div class='ocr_carea' id='block_1_90' title="bbox 2188 3430 3766 3509">
    <p class='ocr_par' dir='ltr' id='par_1_90' title="bbox 2188 3430 3766 3509">
     <span class='ocr_line' id='line_1_90' title="bbox 2188 3430 3766 3509; baseline -0.002 -13"><span class='ocrx_word' id='word_1_711' title='bbox 2188 3441 2397 3496; x_wconf 78' lang='lat' dir='ltr'><strong>eﬂ‘erre.</strong></span> <span class='ocrx_word' id='word_1_712' title='bbox 2442 3440 2497 3496; x_wconf 92' lang='lat' dir='ltr'><strong>Si</strong></span> <span class='ocrx_word' id='word_1_713' title='bbox 2544 3441 2719 3509; x_wconf 88' lang='lat' dir='ltr'><strong>itaque</strong></span> <span class='ocrx_word' id='word_1_714' title='bbox 2760 3442 2836 3494; x_wconf 91' lang='lat' dir='ltr'><strong>sic</strong></span> <span class='ocrx_word' id='word_1_715' title='bbox 2877 3442 3108 3493; x_wconf 87' lang='lat' dir='ltr'><strong>animam</strong></span> <span class='ocrx_word' id='word_1_716' title='bbox 3149 3449 3516 3503; x_wconf 86' lang='lat' dir='ltr'><strong>conteramus,</strong></span> <span class='ocrx_word' id='word_1_717' title='bbox 3556 3430 3766 3494; x_wconf 70' lang='lat' dir='ltr'><strong>etiamsi</strong></span> 
     </span>
    </p>
   </div>
   <div class='ocr_carea' id='block_1_91' title="bbox 2186 3533 3766 3597">
    <p class='ocr_par' dir='ltr' id='par_1_91' title="bbox 2186 3533 3766 3597">
     <span class='ocr_line' id='line_1_91' title="bbox 2186 3533 3766 3597; baseline -0.001 -10"><span class='ocrx_word' id='word_1_718' title='bbox 2186 3534 2361 3587; x_wconf 81' lang='lat' dir='ltr'><strong>cordis</strong></span> <span class='ocrx_word' id='word_1_719' title='bbox 2384 3533 2606 3591; x_wconf 77' lang='lat' dir='ltr'><strong>affectus</strong></span> <span class='ocrx_word' id='word_1_720' title='bbox 2634 3534 2895 3587; x_wconf 86' lang='lat' dir='ltr'><strong>innumeri</strong></span> <span class='ocrx_word' id='word_1_721' title='bbox 2924 3533 3067 3587; x_wconf 87' lang='lat' dir='ltr'><strong>illam</strong></span> <span class='ocrx_word' id='word_1_722' title='bbox 3093 3533 3276 3597; x_wconf 71' lang='lat' dir='ltr'><strong>inflare</strong></span> <span class='ocrx_word' id='word_1_723' title='bbox 3295 3544 3346 3588; x_wconf 89' lang='lat' dir='ltr'><strong>ct</strong></span> <span class='ocrx_word' id='word_1_724' title='bbox 3368 3536 3631 3589; x_wconf 79' lang='lat' dir='ltr'><strong>extollere</strong></span> <span class='ocrx_word' id='word_1_725' title='bbox 3652 3545 3766 3588; x_wconf 87' lang='lat' dir='ltr'><strong>teu-</strong></span> 
     </span>
    </p>
   </div>
   <div class='ocr_carea' id='block_1_92' title="bbox 2186 3625 3763 3696">
    <p class='ocr_par' dir='ltr' id='par_1_92' title="bbox 2186 3625 3763 3696">
     <span class='ocr_line' id='line_1_92' title="bbox 2186 3625 3763 3696; baseline 0.002 -18"><span class='ocrx_word' id='word_1_726' title='bbox 2186 3636 2316 3691; x_wconf 87' lang='lat' dir='ltr'><strong>tcnt,</strong></span> <span class='ocrx_word' id='word_1_727' title='bbox 2338 3641 2403 3679; x_wconf 90' lang='lat' dir='ltr'><strong>ne</strong></span> <span class='ocrx_word' id='word_1_728' title='bbox 2419 3626 2502 3678; x_wconf 85' lang='lat' dir='ltr'><strong>vel</strong></span> <span class='ocrx_word' id='word_1_729' title='bbox 2531 3625 2807 3678; x_wconf 90' lang='lat' dir='ltr'><strong>minimum</strong></span> <span class='ocrx_word' id='word_1_730' title='bbox 2835 3626 3029 3694; x_wconf 88' lang='lat' dir='ltr'><strong>poterit</strong></span> <span class='ocrx_word' id='word_1_731' title='bbox 3054 3626 3202 3695; x_wconf 82' lang='lat' dir='ltr'><strong>erigi.</strong></span> <span class='ocrx_word' id='word_1_732' title='bbox 3230 3625 3284 3681; x_wconf 89' lang='lat' dir='ltr'><strong>Si</strong></span> <span class='ocrx_word' id='word_1_733' title='bbox 3312 3627 3452 3680; x_wconf 89' lang='lat' dir='ltr'><strong>enim</strong></span> <span class='ocrx_word' id='word_1_734' title='bbox 3481 3628 3568 3696; x_wconf 88' lang='lat' dir='ltr'><strong>qui</strong></span> <span class='ocrx_word' id='word_1_735' title='bbox 3597 3642 3763 3681; x_wconf 64' lang='lat' dir='ltr'><strong>smm-</strong></span> 
     </span>
    </p>
   </div>
   <div class='ocr_carea' id='block_1_93' title="bbox 2184 3715 3765 3785">
    <p class='ocr_par' dir='ltr' id='par_1_93' title="bbox 2184 3715 3765 3785">
     <span class='ocr_line' id='line_1_93' title="bbox 2184 3715 3765 3785; baseline 0.003 -17"><span class='ocrx_word' id='word_1_736' title='bbox 2184 3716 2311 3769; x_wconf 87' lang='lat' dir='ltr'><strong>laria</strong></span> <span class='ocrx_word' id='word_1_737' title='bbox 2352 3715 2827 3785; x_wconf 87' lang='lat' dir='ltr'><strong>damua.deplorat</strong></span> <span class='ocrx_word' id='word_1_738' title='bbox 2852 3756 2866 3777; x_wconf 88' lang='lat'><strong><em>.</em></strong></span> <span class='ocrx_word' id='word_1_739' title='bbox 2894 3731 3080 3771; x_wconf 89' lang='lat' dir='ltr'><strong>omnes</strong></span> <span class='ocrx_word' id='word_1_740' title='bbox 3109 3732 3140 3770; x_wconf 88' lang='lat' dir='ltr'><strong>a</strong></span> <span class='ocrx_word' id='word_1_741' title='bbox 3171 3732 3228 3770; x_wconf 83' lang='lat' dir='ltr'><strong>se</strong></span> <span class='ocrx_word' id='word_1_742' title='bbox 3252 3718 3403 3785; x_wconf 75' lang='lat' dir='ltr'><strong>fugat</strong></span> <span class='ocrx_word' id='word_1_743' title='bbox 3429 3720 3619 3771; x_wconf 81' lang='lat' dir='ltr'><strong>anima:</strong></span> <span class='ocrx_word' id='word_1_744' title='bbox 3652 3720 3765 3773; x_wconf 89' lang='lat' dir='ltr'><strong>lau-</strong></span> 
     </span>
    </p>
   </div>
   <div class='ocr_carea' id='block_1_94' title="bbox 2183 3807 3763 3879">
    <p class='ocr_par' dir='ltr' id='par_1_94' title="bbox 2183 3807 3763 3879">
     <span class='ocr_line' id='line_1_94' title="bbox 2183 3807 3763 3879; baseline 0.003 -21"><span class='ocrx_word' id='word_1_745' title='bbox 2183 3821 2376 3875; x_wconf 78' lang='lat' dir='ltr'><strong>guores</strong></span> <span class='ocrx_word' id='word_1_746' title='bbox 2406 3824 2418 3860; x_wconf 93' lang='lat'>:</span> <span class='ocrx_word' id='word_1_747' title='bbox 2450 3808 2617 3861; x_wconf 90' lang='lat' dir='ltr'><strong>multo</strong></span> <span class='ocrx_word' id='word_1_748' title='bbox 2638 3808 2806 3877; x_wconf 81' lang='lat' dir='ltr'><strong>magis</strong></span> <span class='ocrx_word' id='word_1_749' title='bbox 2832 3807 2921 3862; x_wconf 89' lang='lat' dir='ltr'><strong>ille</strong></span> <span class='ocrx_word' id='word_1_750' title='bbox 2941 3808 3026 3875; x_wconf 82' lang='lat' dir='ltr'><strong>qui</strong></span> <span class='ocrx_word' id='word_1_751' title='bbox 3050 3822 3146 3877; x_wconf 92' lang='lat' dir='ltr'><strong>pro</strong></span> <span class='ocrx_word' id='word_1_752' title='bbox 3172 3810 3400 3876; x_wconf 86' lang='lat' dir='ltr'><strong>peccatis</strong></span> <span class='ocrx_word' id='word_1_753' title='bbox 3424 3808 3473 3862; x_wconf 89' lang='lat' dir='ltr'><strong>id</strong></span> <span class='ocrx_word' id='word_1_754' title='bbox 3498 3811 3627 3878; x_wconf 74' lang='lat' dir='ltr'><strong>agit,</strong></span> <span class='ocrx_word' id='word_1_755' title='bbox 3650 3811 3763 3879; x_wconf 87' lang='lat' dir='ltr'><strong>phi-</strong></span> 
     </span>
    </p>
   </div>
   <div class='ocr_carea' id='block_1_95' title="bbox 2184 3895 3763 3968">
    <p class='ocr_par' dir='ltr' id='par_1_95' title="bbox 2184 3895 3763 3968">
     <span class='ocr_line' id='line_1_95' title="bbox 2184 3895 3763 3968; baseline 0.005 -19"><span class='ocrx_word' id='word_1_756' title='bbox 2184 3895 2423 3965; x_wconf 87' lang='lat' dir='ltr'><strong>losophia</strong></span> <span class='ocrx_word' id='word_1_757' title='bbox 2466 3898 2715 3965; x_wconf 84' lang='lat' dir='ltr'><strong>potietur.</strong></span> <span class='ocrx_word' id='word_1_758' title='bbox 2762 3896 2829 3950; x_wconf 83' lang='lat' dir='ltr'><strong>Et</strong></span> <span class='ocrx_word' id='word_1_759' title='bbox 2872 3900 2990 3966; x_wconf 83' lang='lat' dir='ltr'><strong>quis</strong></span> <span class='ocrx_word' id='word_1_760' title='bbox 3031 3899 3097 3953; x_wconf 75' lang='lat' dir='ltr'><strong>ita</strong></span> <span class='ocrx_word' id='word_1_761' title='bbox 3142 3898 3367 3967; x_wconf 81' lang='lat' dir='ltr'><strong>poterit.</strong></span> <span class='ocrx_word' id='word_1_762' title='bbox 3402 3900 3636 3968; x_wconf 84' lang='lat' dir='ltr'><strong>inquies.</strong></span> <span class='ocrx_word' id='word_1_763' title='bbox 3668 3917 3763 3957; x_wconf 83' lang='lat' dir='ltr'><strong>cor</strong></span> 
     </span>
    </p>
   </div>
   <div class='ocr_carea' id='block_1_96' title="bbox 2182 3989 3760 4060">
    <p class='ocr_par' dir='ltr' id='par_1_96' title="bbox 2182 3989 3760 4060">
     <span class='ocr_line' id='line_1_96' title="bbox 2182 3989 3760 4060; baseline 0.003 -17"><span class='ocrx_word' id='word_1_764' title='bbox 2182 4003 2335 4043; x_wconf 88' lang='lat' dir='ltr'><strong>suum</strong></span> <span class='ocrx_word' id='word_1_765' title='bbox 2362 3990 2677 4044; x_wconf 86' lang='lat' dir='ltr'><strong>conterere?</strong></span> <span class='ocrx_word' id='word_1_766' title='bbox 2715 3989 2851 4044; x_wconf 81' lang='lat' dir='ltr'><strong>Audi</strong></span> <span class='ocrx_word' id='word_1_767' title='bbox 2896 3990 3181 4054; x_wconf 85' lang='lat' dir='ltr'><strong>Davidem,</strong></span> <span class='ocrx_word' id='word_1_768' title='bbox 3223 3993 3310 4060; x_wconf 89' lang='lat' dir='ltr'><strong>qui</strong></span> <span class='ocrx_word' id='word_1_769' title='bbox 3353 3992 3450 4045; x_wconf 87' lang='lat' dir='ltr'><strong>hac</strong></span> <span class='ocrx_word' id='word_1_770' title='bbox 3493 3992 3559 4047; x_wconf 84' lang='lat' dir='ltr'><strong>de</strong></span> <span class='ocrx_word' id='word_1_771' title='bbox 3599 4009 3760 4047; x_wconf 87' lang='lat' dir='ltr'><strong>causa</strong></span> 
     </span>
    </p>
   </div>
   <div class='ocr_carea' id='block_1_97' title="bbox 2181 4080 3755 4151">
    <p class='ocr_par' dir='ltr' id='par_1_97' title="bbox 2181 4080 3755 4151">
     <span class='ocr_line' id='line_1_97' title="bbox 2181 4080 3755 4151; baseline 0.004 -20"><span class='ocrx_word' id='word_1_772' title='bbox 2181 4081 2408 4134; x_wconf 78' lang='lat' dir='ltr'><strong>maxime</strong></span> <span class='ocrx_word' id='word_1_773' title='bbox 2437 4080 2743 4148; x_wconf 87' lang='lat' dir='ltr'><strong>splendidus</strong></span> <span class='ocrx_word' id='word_1_774' title='bbox 2772 4080 2886 4147; x_wconf 89' lang='lat' dir='ltr'><strong>fttil,</strong></span> <span class='ocrx_word' id='word_1_775' title='bbox 2915 4090 2970 4134; x_wconf 87' lang='lat' dir='ltr'><strong>ct</strong></span> <span class='ocrx_word' id='word_1_776' title='bbox 2994 4081 3114 4135; x_wconf 84' lang='lat' dir='ltr'><strong>vide</strong></span> <span class='ocrx_word' id='word_1_777' title='bbox 3139 4082 3252 4151; x_wconf 86' lang='lat' dir='ltr'><strong>ejus</strong></span> <span class='ocrx_word' id='word_1_778' title='bbox 3284 4083 3443 4136; x_wconf 87' lang='lat' dir='ltr'><strong>animi</strong></span> <span class='ocrx_word' id='word_1_779' title='bbox 3473 4085 3755 4138; x_wconf 86' lang='lat' dir='ltr'><strong>contritio-</strong></span> 
     </span>
    </p>
   </div>
   <div class='ocr_carea' id='block_1_98' title="bbox 2181 4172 3757 4243">
    <p class='ocr_par' dir='ltr' id='par_1_98' title="bbox 2181 4172 3757 4243">
     <span class='ocr_line' id='line_1_98' title="bbox 2181 4172 3757 4243; baseline 0.005 -19"><span class='ocrx_word' id='word_1_780' title='bbox 2181 4187 2321 4225; x_wconf 87' lang='lat' dir='ltr'><strong>ncm.</strong></span> <span class='ocrx_word' id='word_1_781' title='bbox 2352 4172 2479 4226; x_wconf 77' lang='lat' dir='ltr'><strong>Post</strong></span> <span class='ocrx_word' id='word_1_782' title='bbox 2509 4172 2781 4226; x_wconf 87' lang='lat' dir='ltr'><strong>imuunera</strong></span> <span class='ocrx_word' id='word_1_783' title='bbox 2814 4173 3070 4240; x_wconf 54' lang='lat' dir='ltr'><strong>praeclare</strong></span> <span class='ocrx_word' id='word_1_784' title='bbox 3093 4184 3238 4243; x_wconf 80' lang='lat' dir='ltr'><strong>gesta</strong></span> <span class='ocrx_word' id='word_1_785' title='bbox 3259 4215 3275 4239; x_wconf 94' lang='lat'><strong>,</strong></span> <span class='ocrx_word' id='word_1_786' title='bbox 3304 4189 3425 4228; x_wconf 89' lang='lat' dir='ltr'><strong>cum</strong></span> <span class='ocrx_word' id='word_1_787' title='bbox 3458 4178 3757 4243; x_wconf 77' lang='lat' dir='ltr'><strong>proximum</strong></span> 
     </span>
    </p>
   </div>
   <div class='ocr_carea' id='block_1_99' title="bbox 2181 4259 3759 4333">
    <p class='ocr_par' dir='ltr' id='par_1_99' title="bbox 2181 4259 3759 4333">
     <span class='ocr_line' id='line_1_99' title="bbox 2181 4259 3759 4333; baseline 0.008 -23"><span class='ocrx_word' id='word_1_788' title='bbox 2181 4270 2321 4311; x_wconf 85' lang='lat' dir='ltr'><strong>esset</strong></span> <span class='ocrx_word' id='word_1_789' title='bbox 2346 4267 2401 4311; x_wconf 89' lang='lat' dir='ltr'><strong>ut</strong></span> <span class='ocrx_word' id='word_1_790' title='bbox 2426 4260 2614 4327; x_wconf 85' lang='lat' dir='ltr'><strong>patria,</strong></span> <span class='ocrx_word' id='word_1_791' title='bbox 2643 4259 2803 4313; x_wconf 84' lang='lat' dir='ltr'><strong>domo</strong></span> <span class='ocrx_word' id='word_1_792' title='bbox 2830 4271 2885 4313; x_wconf 88' lang='lat' dir='ltr'><strong>et</strong></span> <span class='ocrx_word' id='word_1_793' title='bbox 2914 4262 3023 4331; x_wconf 86' lang='lat' dir='ltr'><strong>ipsa</strong></span> <span class='ocrx_word' id='word_1_794' title='bbox 3056 4262 3157 4314; x_wconf 83' lang='lat' dir='ltr'><strong>vita</strong></span> <span class='ocrx_word' id='word_1_795' title='bbox 3186 4264 3488 4329; x_wconf 62' lang='lat' dir='ltr'><strong>excideret,</strong></span> <span class='ocrx_word' id='word_1_796' title='bbox 3524 4265 3639 4333; x_wconf 82' lang='lat' dir='ltr'><strong>ipso</strong></span> <span class='ocrx_word' id='word_1_797' title='bbox 3664 4283 3759 4321; x_wconf 85' lang='lat' dir='ltr'><strong>ca-</strong></span> 
     </span>
    </p>
   </div>
   <div class='ocr_carea' id='block_1_100' title="bbox 2179 4340 3758 4423">
    <p class='ocr_par' dir='ltr' id='par_1_100' title="bbox 2179 4340 3758 4423">
     <span class='ocr_line' id='line_1_100' title="bbox 2179 4340 3758 4423; baseline 0.009 -24"><span class='ocrx_word' id='word_1_798' title='bbox 2179 4340 2424 4401; x_wconf 83' lang='lat' dir='ltr'><strong>lamitatis</strong></span> <span class='ocrx_word' id='word_1_799' title='bbox 2450 4358 2705 4417; x_wconf 82' lang='lat' dir='ltr'><strong>tempore,</strong></span> <span class='ocrx_word' id='word_1_800' title='bbox 2734 4351 2889 4403; x_wconf 84' lang='lat' dir='ltr'><strong>vilem</strong></span> <span class='ocrx_word' id='word_1_801' title='bbox 2920 4352 3290 4423; x_wconf 86' lang='lat' dir='ltr'><strong>abjectmnque</strong></span> <span class='ocrx_word' id='word_1_802' title='bbox 3320 4355 3538 4409; x_wconf 84' lang='lat' dir='ltr'><strong>militem</strong></span> <span class='ocrx_word' id='word_1_803' title='bbox 3571 4358 3758 4413; x_wconf 83' lang='lat' dir='ltr'><strong>videns</strong></span> 
     </span>
    </p>
   </div>
   <div class='ocr_carea' id='block_1_101' title="bbox 2177 4437 3755 4508">
    <p class='ocr_par' dir='ltr' id='par_1_101' title="bbox 2177 4437 3755 4508">
     <span class='ocr_line' id='line_1_101' title="bbox 2177 4437 3755 4508; baseline 0.01 -19"><span class='ocrx_word' id='word_1_804' title='bbox 2177 4437 2513 4492; x_wconf 85' lang='lat' dir='ltr'><strong>insultantem</strong></span> <span class='ocrx_word' id='word_1_805' title='bbox 2550 4440 2645 4494; x_wconf 88' lang='lat' dir='ltr'><strong>sibi</strong></span> <span class='ocrx_word' id='word_1_806' title='bbox 2674 4450 2728 4494; x_wconf 89' lang='lat' dir='ltr'><strong>et</strong></span> <span class='ocrx_word' id='word_1_807' title='bbox 2756 4442 3139 4497; x_wconf 79' lang='lat' dir='ltr'><strong>conviciantcm</strong></span> <span class='ocrx_word' id='word_1_808' title='bbox 3165 4485 3180 4508; x_wconf 94' lang='lat'><strong>,</strong></span> <span class='ocrx_word' id='word_1_809' title='bbox 3229 4460 3331 4498; x_wconf 87' lang='lat' dir='ltr'><strong>non</strong></span> <span class='ocrx_word' id='word_1_810' title='bbox 3370 4449 3541 4501; x_wconf 84' lang='lat' dir='ltr'><strong>Solum</strong></span> <span class='ocrx_word' id='word_1_811' title='bbox 3582 4450 3755 4505; x_wconf 71' lang='lat' dir='ltr'><strong>vicem</strong></span> 
     </span>
    </p>
   </div>
   <div class='ocr_carea' id='block_1_102' title="bbox 2178 4526 3758 4605">
    <p class='ocr_par' dir='ltr' id='par_1_102' title="bbox 2178 4526 3758 4605">
     <span class='ocr_line' id='line_1_102' title="bbox 2178 4526 3758 4605; baseline 0.011 -28"><span class='ocrx_word' id='word_1_812' title='bbox 2178 4541 2281 4579; x_wconf 88' lang='lat' dir='ltr'><strong>non</strong></span> <span class='ocrx_word' id='word_1_813' title='bbox 2311 4526 2576 4590; x_wconf 86' lang='lat' dir='ltr'><strong>reddidit,</strong></span> <span class='ocrx_word' id='word_1_814' title='bbox 2618 4529 2709 4583; x_wconf 87' lang='lat' dir='ltr'><strong>sed</strong></span> <span class='ocrx_word' id='word_1_815' title='bbox 2736 4531 2895 4583; x_wconf 87' lang='lat' dir='ltr'><strong>etiam</strong></span> <span class='ocrx_word' id='word_1_816' title='bbox 2924 4532 3111 4585; x_wconf 86' lang='lat' dir='ltr'><strong>ducem</strong></span> <span class='ocrx_word' id='word_1_817' title='bbox 3143 4536 3441 4604; x_wconf 85' lang='lat' dir='ltr'><strong>quempiam</strong></span> <span class='ocrx_word' id='word_1_818' title='bbox 3474 4538 3646 4605; x_wconf 74' lang='lat' dir='ltr'><strong>ipsum</strong></span> <span class='ocrx_word' id='word_1_819' title='bbox 3675 4542 3758 4595; x_wconf 88' lang='lat' dir='ltr'><strong>iu-</strong></span> 
     </span>
    </p>
   </div>
   <div class='ocr_carea' id='block_1_103' title="bbox 2176 4619 3751 4699">
    <p class='ocr_par' dir='ltr' id='par_1_103' title="bbox 2176 4619 3751 4699">
     <span class='ocr_line' id='line_1_103' title="bbox 2176 4619 3751 4699; baseline 0.01 -30"><span class='ocrx_word' id='word_1_820' title='bbox 2176 4619 2421 4672; x_wconf 83' lang='lat' dir='ltr'><strong>terimere</strong></span> <span class='ocrx_word' id='word_1_821' title='bbox 2441 4620 2700 4675; x_wconf 86' lang='lat' dir='ltr'><strong>volentem</strong></span> <span class='ocrx_word' id='word_1_822' title='bbox 2729 4623 3017 4691; x_wconf 86' lang='lat' dir='ltr'><strong>impedivit,</strong></span> <span class='ocrx_word' id='word_1_823' title='bbox 3046 4626 3228 4681; x_wconf 83' lang='lat' dir='ltr'><strong>dicens</strong></span> <span class='ocrx_word' id='word_1_824' title='bbox 3254 4646 3267 4681; x_wconf 87' lang='lat'><strong>:</strong></span> <span class='ocrx_word' id='word_1_825' title='bbox 3298 4626 3547 4682; x_wconf 83' lang='lat' dir='ltr'><strong>Dimittitc</strong></span> <span class='ocrx_word' id='word_1_826' title='bbox 3570 4631 3715 4685; x_wconf 81' lang='lat' dir='ltr'><strong>illum</strong></span> <span class='ocrx_word' id='word_1_827' title='bbox 3735 4677 3751 4699; x_wconf 85' lang='lat'><strong>,</strong></span> 
     </span>
    </p>
   </div>
   <div class='ocr_carea' id='block_1_104' title="bbox 2171 4706 3751 4786">
    <p class='ocr_par' dir='ltr' id='par_1_104' title="bbox 2171 4706 3751 4786">
     <span class='ocr_line' id='line_1_104' title="bbox 2171 4706 3751 4786; baseline 0.011 -29"><span class='ocrx_word' id='word_1_828' title='bbox 2171 4707 2290 4773; x_wconf 83' lang='lat' dir='ltr'><strong>quia</strong></span> <span class='ocrx_word' id='word_1_829' title='bbox 2315 4706 2561 4761; x_wconf 84' lang='lat' dir='ltr'><strong>Dominus</strong></span> <span class='ocrx_word' id='word_1_830' title='bbox 2588 4710 2843 4763; x_wconf 82' lang='lat' dir='ltr'><strong>mandavit</strong></span> <span class='ocrx_word' id='word_1_831' title='bbox 2878 4712 2923 4764; x_wconf 88' lang='lat' dir='ltr'><strong>ei</strong></span> <span class='ocrx_word' id='word_1_832' title='bbox 2949 4713 3041 4780; x_wconf 77' lang='grc'><strong>(2.</strong></span> <span class='ocrx_word' id='word_1_833' title='bbox 3071 4713 3193 4784; x_wconf 78' lang='lat' dir='ltr'><strong>Reg.</strong></span> <span class='ocrx_word' id='word_1_834' title='bbox 3228 4716 3313 4769; x_wconf 84' lang='grc'><strong>16.</strong></span> <span class='ocrx_word' id='word_1_835' title='bbox 3342 4719 3398 4771; x_wconf 90' lang='grc'><strong>11</strong></span> <span class='ocrx_word' id='word_1_836' title='bbox 3429 4720 3469 4786; x_wconf 88' lang='grc'><strong>).</strong></span> <span class='ocrx_word' id='word_1_837' title='bbox 3517 4719 3751 4775; x_wconf 77' lang='lat' dir='ltr'><strong>Rursum</strong></span> 
     </span>
    </p>
   </div>
   <div class='ocr_carea' id='block_1_105' title="bbox 2171 4796 3749 4868">
    <p class='ocr_par' dir='ltr' id='par_1_105' title="bbox 2171 4796 3749 4868">
     <span class='ocr_line' id='line_1_105' title="bbox 2171 4796 3749 4868; baseline 0.011 -19"><span class='ocrx_word' id='word_1_838' title='bbox 2171 4796 2531 4851; x_wconf 72' lang='lat' dir='ltr'><strong>sacerdotibus</strong></span> <span class='ocrx_word' id='word_1_839' title='bbox 2559 4801 2881 4868; x_wconf 77' lang='lat' dir='ltr'><strong>rogantibus.</strong></span> <span class='ocrx_word' id='word_1_840' title='bbox 2914 4802 3095 4856; x_wconf 84' lang='lat' dir='ltr'><strong>liceret</strong></span> <span class='ocrx_word' id='word_1_841' title='bbox 3136 4804 3234 4858; x_wconf 86' lang='lat' dir='ltr'><strong>sibi</strong></span> <span class='ocrx_word' id='word_1_842' title='bbox 3277 4822 3396 4860; x_wconf 90' lang='lat' dir='ltr'><strong>cum</strong></span> <span class='ocrx_word' id='word_1_843' title='bbox 3443 4810 3531 4861; x_wconf 87' lang='lat' dir='ltr'><strong>illo</strong></span> <span class='ocrx_word' id='word_1_844' title='bbox 3566 4828 3749 4866; x_wconf 78' lang='lat' dir='ltr'><strong>arcam</strong></span> 
     </span>
    </p>
   </div>
   <div class='ocr_carea' id='block_1_106' title="bbox 2170 4886 3752 4966">
    <p class='ocr_par' dir='ltr' id='par_1_106' title="bbox 2170 4886 3752 4966">
     <span class='ocr_line' id='line_1_106' title="bbox 2170 4886 3752 4966; baseline 0.013 -28"><span class='ocrx_word' id='word_1_845' title='bbox 2170 4886 2547 4951; x_wconf 81' lang='lat' dir='ltr'><strong>circumferre.</strong></span> <span class='ocrx_word' id='word_1_846' title='bbox 2580 4891 2627 4942; x_wconf 89' lang='lat' dir='ltr'><strong>id</strong></span> <span class='ocrx_word' id='word_1_847' title='bbox 2657 4907 2761 4945; x_wconf 86' lang='lat' dir='ltr'><strong>non</strong></span> <span class='ocrx_word' id='word_1_848' title='bbox 2795 4907 2981 4961; x_wconf 73' lang='lat' dir='ltr'><strong>passus</strong></span> <span class='ocrx_word' id='word_1_849' title='bbox 3011 4906 3091 4948; x_wconf 86' lang='lat' dir='ltr'><strong>est</strong></span> <span class='ocrx_word' id='word_1_850' title='bbox 3122 4896 3250 4949; x_wconf 83' lang='lat' dir='ltr'><strong>:scd</strong></span> <span class='ocrx_word' id='word_1_851' title='bbox 3274 4898 3399 4966; x_wconf 85' lang='lat' dir='ltr'><strong>quid</strong></span> <span class='ocrx_word' id='word_1_852' title='bbox 3423 4901 3536 4953; x_wconf 85' lang='lat' dir='ltr'><strong>ait?</strong></span> <span class='ocrx_word' id='word_1_853' title='bbox 3576 4902 3752 4958; x_wconf 74' lang='lat' dir='ltr'><strong>Reduc</strong></span> 
     </span>
    </p>
   </div>
   <div class='ocr_carea' id='block_1_107' title="bbox 2167 4976 3748 5065">
    <p class='ocr_par' dir='ltr' id='par_1_107' title="bbox 2167 4976 3748 5065">
     <span class='ocr_line' id='line_1_107' title="bbox 2167 4976 3748 5065; baseline 0.013 -39"><span class='ocrx_word' id='word_1_854' title='bbox 2167 4993 2334 5028; x_wconf 86' lang='lat' dir='ltr'><strong>arcam</strong></span> <span class='ocrx_word' id='word_1_855' title='bbox 2360 4976 2563 5031; x_wconf 84' lang='lat' dir='ltr'><strong>Domini</strong></span> <span class='ocrx_word' id='word_1_856' title='bbox 2586 4980 2636 5033; x_wconf 86' lang='lat' dir='ltr'><strong>in</strong></span> <span class='ocrx_word' id='word_1_857' title='bbox 2664 4982 2933 5046; x_wconf 78' lang='lat' dir='ltr'><strong>civitatein,</strong></span> <span class='ocrx_word' id='word_1_858' title='bbox 2965 4993 3010 5035; x_wconf 87' lang='lat' dir='ltr'><strong>et</strong></span> <span class='ocrx_word' id='word_1_859' title='bbox 3035 4986 3201 5065; x_wconf 37' lang='lat' dir='ltr'><strong>stetxin</strong></span> <span class='ocrx_word' id='word_1_860' title='bbox 3228 4987 3338 5039; x_wconf 79' lang='lat' dir='ltr'><strong>loco</strong></span> <span class='ocrx_word' id='word_1_861' title='bbox 3373 5006 3482 5041; x_wconf 84' lang='lat' dir='ltr'><strong>suo.</strong></span> <span class='ocrx_word' id='word_1_862' title='bbox 3518 4991 3577 5045; x_wconf 81' lang='lat' dir='ltr'><strong>Si</strong></span> <span class='ocrx_word' id='word_1_863' title='bbox 3606 4995 3748 5045; x_wconf 77' lang='lat' dir='ltr'><strong>inve-</strong></span> 
     </span>
    </p>
   </div>
   <div class='ocr_carea' id='block_1_108' title="bbox 2168 5072 3751 5143">
    <p class='ocr_par' dir='ltr' id='par_1_108' title="bbox 2168 5072 3751 5143">
     <span class='ocr_line' id='line_1_108' title="bbox 2168 5072 3751 5143; baseline 0.016 -25"><span class='ocrx_word' id='word_1_864' title='bbox 2168 5085 2284 5121; x_wconf 73' lang='lat' dir='ltr'><strong>nero</strong></span> <span class='ocrx_word' id='word_1_865' title='bbox 2304 5072 2519 5138; x_wconf 85' lang='lat' dir='ltr'><strong>gratiam</strong></span> <span class='ocrx_word' id='word_1_866' title='bbox 2542 5074 2589 5123; x_wconf 87' lang='lat' dir='ltr'><strong>in</strong></span> <span class='ocrx_word' id='word_1_867' title='bbox 2606 5088 2871 5143; x_wconf 80' lang='lat' dir='ltr'><strong>conspecta</strong></span> <span class='ocrx_word' id='word_1_868' title='bbox 2897 5074 3118 5138; x_wconf 74' lang='lat' dir='ltr'><strong>Domini,</strong></span> <span class='ocrx_word' id='word_1_869' title='bbox 3136 5090 3179 5128; x_wconf 86' lang='lat' dir='ltr'><strong>ct</strong></span> <span class='ocrx_word' id='word_1_870' title='bbox 3202 5080 3480 5136; x_wconf 73' lang='lat' dir='ltr'><strong>liberaverit</strong></span> <span class='ocrx_word' id='word_1_871' title='bbox 3504 5103 3581 5139; x_wconf 86' lang='lat' dir='ltr'><strong>mc</strong></span> <span class='ocrx_word' id='word_1_872' title='bbox 3609 5087 3751 5143; x_wconf 59' lang='lat' dir='ltr'><strong>Deus</strong></span> 
     </span>
    </p>
   </div>
   <div class='ocr_carea' id='block_1_109' title="bbox 2165 5159 3746 5240">
    <p class='ocr_par' dir='ltr' id='par_1_109' title="bbox 2165 5159 3746 5240">
     <span class='ocr_line' id='line_1_109' title="bbox 2165 5159 3746 5240; baseline 0.015 -30"><span class='ocrx_word' id='word_1_873' title='bbox 2165 5159 2225 5211; x_wconf 86' lang='lat' dir='ltr'><strong>de</strong></span> <span class='ocrx_word' id='word_1_874' title='bbox 2248 5160 2547 5214; x_wconf 75' lang='lat' dir='ltr'><strong>instantibus</strong></span> <span class='ocrx_word' id='word_1_875' title='bbox 2578 5164 2779 5229; x_wconf 72' lang='lat' dir='ltr'><strong>titulis‘,</strong></span> <span class='ocrx_word' id='word_1_876' title='bbox 2810 5166 2982 5218; x_wconf 77' lang='lat' dir='ltr'><strong>videbo</strong></span> <span class='ocrx_word' id='word_1_877' title='bbox 3016 5168 3243 5221; x_wconf 80' lang='lat' dir='ltr'><strong>decorem</strong></span> <span class='ocrx_word' id='word_1_878' title='bbox 3268 5173 3409 5240; x_wconf 83' lang='lat' dir='ltr'><strong>ejus;</strong></span> <span class='ocrx_word' id='word_1_879' title='bbox 3452 5176 3530 5228; x_wconf 87' lang='lat' dir='ltr'><strong>sin</strong></span> <span class='ocrx_word' id='word_1_880' title='bbox 3561 5176 3746 5233; x_wconf 74' lang='lat' dir='ltr'><strong>tlia&#39;crit</strong></span> 
     </span>
    </p>
   </div>
   <div class='ocr_carea' id='block_1_110' title="bbox 2223 5360 3730 5448">
    <p class='ocr_par' dir='ltr' id='par_1_110' title="bbox 2223 5360 3730 5448">
     <span class='ocr_line' id='line_1_110' title="bbox 2223 5360 3730 5448; baseline 0.017 -28"><span class='ocrx_word' id='word_1_881' title='bbox 2223 5379 2232 5407; x_wconf 86' lang='grc' dir='ltr'><strong>ι</strong></span> <span class='ocrx_word' id='word_1_882' title='bbox 2264 5360 2351 5448; x_wconf 59' lang='lat' dir='ltr'><strong>lic</strong></span> <span class='ocrx_word' id='word_1_883' title='bbox 2379 5378 2635 5448; x_wconf 85' lang='lat' dir='ltr'><strong>admodum</strong></span> <span class='ocrx_word' id='word_1_884' title='bbox 2659 5381 2844 5429; x_wconf 77' lang='lat' dir='ltr'><strong>variant</strong></span> <span class='ocrx_word' id='word_1_885' title='bbox 2865 5384 3180 5448; x_wconf 67' lang='lat' dir='ltr'><strong>exemplaria.</strong></span> <span class='ocrx_word' id='word_1_886' title='bbox 3205 5387 3333 5435; x_wconf 75' lang='lat' dir='ltr'><strong>Savil</strong></span> <span class='ocrx_word' id='word_1_887' title='bbox 3379 5396 3429 5438; x_wconf 75' lang='lat' dir='ltr'><strong>ct</strong></span> <span class='ocrx_word' id='word_1_888' title='bbox 3452 5390 3623 5441; x_wconf 72' lang='lat' dir='ltr'><strong>Morel.</strong></span> <span class='ocrx_word' id='word_1_889' title='bbox 3641 5397 3730 5448; x_wconf 81' lang='lat' dir='ltr'><strong>ha-</strong></span> 
     </span>
    </p>
   </div>
   <div class='ocr_carea' id='block_1_111' title="bbox 2156 5436 3730 5511">
    <p class='ocr_par' dir='ltr' id='par_1_111' title="bbox 2156 5436 3730 5511">
     <span class='ocr_line' id='line_1_111' title="bbox 2156 5436 3730 5511; baseline 0.012 -31"><span class='ocrx_word' id='word_1_890' title='bbox 2156 5436 2279 5511; x_wconf 51' lang='lat' dir='ltr'><strong>bent</strong></span> <span class='ocrx_word' id='word_1_891' title='bbox 2305 5446 2353 5504; x_wconf 76' lang='lat' dir='ltr'><strong>ut</strong></span> <span class='ocrx_word' id='word_1_892' title='bbox 2380 5452 2428 5511; x_wconf 65' lang='lat' dir='ltr'><strong>in</strong></span> <span class='ocrx_word' id='word_1_893' title='bbox 2452 5446 2588 5511; x_wconf 52' lang='lat' dir='ltr'><strong>testu</strong></span> <span class='ocrx_word' id='word_1_894' title='bbox 2618 5456 2635 5511; x_wconf 78' lang='lat'><strong>:_</strong></span> <span class='ocrx_word' id='word_1_895' title='bbox 2652 5436 3108 5511; x_wconf 53' lang='lat' dir='ltr'><strong>ntattttscrtptiv&#39;ero</strong></span> <span class='ocrx_word' id='word_1_896' title='bbox 3134 5450 3272 5511; x_wconf 81' lang='lat' dir='ltr'><strong>multi</strong></span> <span class='ocrx_word' id='word_1_897' title='bbox 3300 5436 3504 5498; x_wconf 51' lang='lat' dir='ltr'><strong>tedii-es</strong></span> <span class='ocrx_word' id='word_1_898' title='bbox 3528 5436 3623 5511; x_wconf 52' lang='lat' dir='ltr'><strong>sic;</strong></span> 
     </span>
    </p>
   </div>
   <div class='ocr_carea' id='block_1_112' title="bbox 2156 5496 3721 5569">
    <p class='ocr_par' dir='ltr' id='par_1_112' title="bbox 2156 5496 3721 5569">
     <span class='ocr_line' id='line_1_112' title="bbox 2156 5496 3721 5569; baseline 0.013 -26"><span class='ocrx_word' id='word_1_899' title='bbox 2156 5496 2289 5569; x_wconf 68' lang='lat' dir='ltr'><strong>stabo</strong></span> <span class='ocrx_word' id='word_1_900' title='bbox 2312 5496 2360 5545; x_wconf 84' lang='lat' dir='ltr'><strong>in</strong></span> <span class='ocrx_word' id='word_1_901' title='bbox 2380 5501 2571 5569; x_wconf 53' lang='lat' dir='ltr'><strong>templo,</strong></span> <span class='ocrx_word' id='word_1_902' title='bbox 2592 5507 2635 5550; x_wconf 86' lang='lat' dir='ltr'><strong>et</strong></span> <span class='ocrx_word' id='word_1_903' title='bbox 2645 5500 2699 5569; x_wconf 55' lang='lat' dir='ltr'><strong>si</strong></span> <span class='ocrx_word' id='word_1_904' title='bbox 2724 5496 3010 5569; x_wconf 60' lang='lat' dir='ltr'><strong>liberauerit</strong></span> <span class='ocrx_word' id='word_1_905' title='bbox 3039 5520 3113 5555; x_wconf 84' lang='lat' dir='ltr'><strong>me</strong></span> <span class='ocrx_word' id='word_1_906' title='bbox 3147 5508 3207 5555; x_wconf 77' lang='lat' dir='ltr'><strong>de</strong></span> <span class='ocrx_word' id='word_1_907' title='bbox 3251 5496 3721 5569; x_wconf 43' lang='lat' dir='ltr'><strong>instantit&#39;rusinixﬁ‘:</strong></span> 
     </span>
    </p>
   </div>
   <div class='ocr_carea' id='block_1_113' title="bbox 2160 5559 3724 5636">
    <p class='ocr_par' dir='ltr' id='par_1_113' title="bbox 2160 5559 3724 5636">
     <span class='ocr_line' id='line_1_113' title="bbox 2160 5559 3724 5636; baseline 0.015 -32"><span class='ocrx_word' id='word_1_908' title='bbox 2160 5559 2420 5636; x_wconf 41' lang='lat' dir='ltr'><strong>tilltec‘e‘sb</strong></span> <span class='ocrx_word' id='word_1_909' title='bbox 2450 5559 2599 5608; x_wconf 75' lang='lat' dir='ltr'><strong>let-tio</strong></span> <span class='ocrx_word' id='word_1_910' title='bbox 2638 5564 2813 5636; x_wconf 48' lang='lat' dir='ltr'><strong>Graeca.</strong></span> <span class='ocrx_word' id='word_1_911' title='bbox 2838 5566 2923 5636; x_wconf 78' lang='lat' dir='ltr'><strong>cd._</strong></span> <span class='ocrx_word' id='word_1_912' title='bbox 2960 5564 3122 5636; x_wconf 62' lang='lat' dir='ltr'><strong>[fight</strong></span> <span class='ocrx_word' id='word_1_913' title='bbox 3146 5582 3290 5636; x_wconf 83' lang='lat' dir='ltr'><strong>quam</strong></span> <span class='ocrx_word' id='word_1_914' title='bbox 3343 5559 3724 5636; x_wconf 56' lang='lat' dir='ltr'><strong>exscripsimus:</strong></span> 
     </span>
    </p>
   </div>
   <div class='ocr_carea' id='block_1_114' title="bbox 2162 5621 3730 5691">
    <p class='ocr_par' dir='ltr' id='par_1_114' title="bbox 2162 5621 3730 5691">
     <span class='ocr_line' id='line_1_114' title="bbox 2162 5621 3730 5691; baseline 0.014 -24"><span class='ocrx_word' id='word_1_915' title='bbox 2162 5621 2274 5667; x_wconf 70' lang='grc' dir='ltr'><strong>Ιξυιτ</strong></span> <span class='ocrx_word' id='word_1_916' title='bbox 2304 5621 2551 5691; x_wconf 65' lang='lat' dir='ltr'><strong>)Auiattus</strong></span> <span class='ocrx_word' id='word_1_917' title='bbox 2570 5636 2705 5691; x_wconf 80' lang='lat' dir='ltr'><strong>vero,</strong></span> <span class='ocrx_word' id='word_1_918' title='bbox 2723 5624 2813 5689; x_wconf 73' lang='lat' dir='ltr'><strong>scd</strong></span> <span class='ocrx_word' id='word_1_919' title='bbox 2838 5632 2943 5691; x_wconf 69' lang='lat' dir='ltr'><strong>stet,</strong></span> <span class='ocrx_word' id='word_1_920' title='bbox 2971 5624 3142 5691; x_wconf 81' lang='lat' dir='ltr'><strong>inquit,</strong></span> <span class='ocrx_word' id='word_1_921' title='bbox 3164 5621 3211 5678; x_wconf 82' lang='lat' dir='ltr'><strong>in</strong></span> <span class='ocrx_word' id='word_1_922' title='bbox 3238 5634 3413 5691; x_wconf 78' lang='lat' dir='ltr'><strong>tcntplo</strong></span> <span class='ocrx_word' id='word_1_923' title='bbox 3434 5646 3451 5682; x_wconf 89' lang='lat'><strong><em>:</em></strong></span> <span class='ocrx_word' id='word_1_924' title='bbox 3472 5621 3525 5681; x_wconf 75' lang='grc' dir='ltr'><em>εἰ</em></span> <span class='ocrx_word' id='word_1_925' title='bbox 3540 5621 3585 5683; x_wconf 85' lang='lat' dir='ltr'><strong>si</strong></span> <span class='ocrx_word' id='word_1_926' title='bbox 3595 5621 3730 5689; x_wconf 47' lang='lat' dir='ltr'><strong>iiii;</strong></span> 
     </span>
    </p>
   </div>
   <div class='ocr_carea' id='block_1_115' title="bbox 2157 5683 3730 5756">
    <p class='ocr_par' dir='ltr' id='par_1_115' title="bbox 2157 5683 3730 5756">
     <span class='ocr_line' id='line_1_115' title="bbox 2157 5683 3730 5756; baseline 0.015 -28"><span class='ocrx_word' id='word_1_927' title='bbox 2157 5683 2331 5756; x_wconf 59' lang='lat' dir='ltr'><strong>notarit</strong></span> <span class='ocrx_word' id='word_1_928' title='bbox 2356 5693 2429 5727; x_wconf 78' lang='lat' dir='ltr'><strong>me</strong></span> <span class='ocrx_word' id='word_1_929' title='bbox 2468 5683 2587 5756; x_wconf 63' lang='lat' dir='ltr'><strong>(mis</strong></span> <span class='ocrx_word' id='word_1_930' title='bbox 2610 5687 2670 5734; x_wconf 81' lang='lat' dir='ltr'><strong>de</strong></span> <span class='ocrx_word' id='word_1_931' title='bbox 2714 5684 2993 5737; x_wconf 80' lang='lat' dir='ltr'><strong>instantibus</strong></span> <span class='ocrx_word' id='word_1_932' title='bbox 3016 5683 3177 5750; x_wconf 76' lang='lat' dir='ltr'><strong>titulis,</strong></span> <span class='ocrx_word' id='word_1_933' title='bbox 3206 5683 3373 5741; x_wconf 61' lang='lat' dir='ltr'><strong>videbo</strong></span> <span class='ocrx_word' id='word_1_934' title='bbox 3396 5683 3730 5756; x_wconf 54' lang='lat' dir='ltr'><strong>putt/uituli.</strong></span> 
     </span>
    </p>
   </div>
   <div class='ocr_carea' id='block_1_116' title="bbox 2159 5749 3457 5803">
    <p class='ocr_par' dir='ltr' id='par_1_116' title="bbox 2159 5749 3457 5803">
     <span class='ocr_line' id='line_1_116' title="bbox 2159 5749 3457 5803; baseline -0.002 -14"><span class='ocrx_word' id='word_1_935' title='bbox 2159 5752 2261 5789; x_wconf 56' lang='lat' dir='ltr'><strong>iuni</strong></span> <span class='ocrx_word' id='word_1_936' title='bbox 2287 5754 2405 5803; x_wconf 56' lang='lat' dir='ltr'><strong>qua,</strong></span> <span class='ocrx_word' id='word_1_937' title='bbox 2437 5749 2534 5790; x_wconf 77' lang='lat' dir='ltr'><strong>etc.</strong></span> <span class='ocrx_word' id='word_1_938' title='bbox 3396 5749 3405 5756; x_wconf 92' lang='lat'><strong>&#39;</strong></span> <span class='ocrx_word' id='word_1_939' title='bbox 3454 5786 3457 5787; x_wconf 65' lang='lat'>,</span> 
     </span>
    </p>
   </div>
  </div>
