4056 6510
347 474 419 534 59
1523 486 1595 544 ΙΝ
1632 487 1898 548 ΙΑΤἸἮΑ

2001 492 2050 549 Μ
2102 493 2337 557 ΗΟΜΙΙ..
2359 498 2453 560 1V.

328 591 452 646 mihi
470 633 487 657 ,
515 593 655 650 Nolo
686 606 735 651 te
762 612 782 651 :
810 614 923 653 ecce
945 615 1056 670 ego.
1084 602 1237 670 faciat
1266 604 1391 657 milii
1419 607 1555 665 quod
1578 617 1651 660 est
1680 608 1921 678 placitum

329 682 383 737 in
405 695 675 754 conspectu
698 689 912 759 elusa.
940 688 1069 761 Reg.
1096 692 1181 747 15.
1206 692 1294 747 25.
1322 694 1432 763 26).
1466 694 1597 749 lllud
1623 712 1752 752 vero
1778 700 1919 769 quod

326 788 451 845 erga
479 776 694 832 Saidem
721 788 775 834 et
797 782 961 836 semel
989 793 1043 837 et
1068 784 1152 839 bis
1176 795 1231 839 et
1257 785 1454 853 pluries
1480 787 1626 855 fecit,
1658 802 1911 859 quantum

326 881 432 922 non
458 867 811 938 philosophiae
834 875 1326 931 culmenosteudit!
1352 877 1408 932 ld
1434 881 1574 934 enim
1604 891 1657 936 et
1681 894 1915 939 veterem

324 956 494 1028 legem
524 962 810 1029 superabat
835 1006 849 1029 ,
882 974 933 1021 et
960 966 1026 1021 ad
1056 969 1348 1036 apostolica
1380 971 1641 1041 pra‘cep‘ta
1674 979 1915 1043 proxime

319 1046 630 1104 accedebat.
680 1052 805 1108 Ideo
841 1058 1021 1110 omnia
1064 1072 1184 1127 quae
1216 1074 1246 1113 a
1289 1060 1399 1115 Deo
1439 1064 1912 1131 proﬁciscebantur

317 1138 778 1208 amplectebatur,
821 1158 920 1199 nec
963 1149 1222 1203 rationem
1265 1152 1513 1221 exigebat
1562 1170 1747 1210 eorum
1792 1174 1912 1228 qua:

315 1227 651 1295 accidebant,
677 1233 770 1287 sed
791 1250 951 1290 unum
974 1238 1240 1305 studebat,
1265 1253 1322 1296 ut
1343 1243 1540 1313 ubique
1564 1246 1680 1314 ejus
1706 1227 1909 1317 legibus

315 1316 721 1389 obsequeretur.
750 1323 815 1377 Et
838 1334 959 1395 post
990 1335 1066 1381 tot
1093 1337 1343 1401 tantaque
1370 1334 1623 1401 praeclara
1650 1316 1905 1407 facinora,

311 1407 504 1467 videns
535 1424 847 1495 tyrannum,
882 1421 1222 1487 parricidam,
1253 1424 1598 1495 fratricidam,
1626 1439 1903 1485 contume-

315 1501 530 1568 liosum,
551 1492 829 1573 furiosum,
847 1511 934 1578 qui
952 1527 1174 1581 regnum
1197 1529 1351 1570 suum
1371 1517 1657 1583 invaserat,
1689 1536 1754 1575 ne
1774 1524 1903 1578 illud

307 1593 524 1663 quidem
571 1596 671 1664 ipsi
713 1598 1034 1657 oii‘endieulo
1065 1603 1196 1658 fuit:
1228 1607 1323 1661 sed
1349 1610 1391 1661 si
1424 1606 1494 1663 ita
1528 1611 1633 1665 Deo
1659 1612 1900 1683 placeat,

308 1681 501 1754 Inqnit,
534 1687 657 1754 pelli
682 1703 789 1754 me,
822 1705 1003 1747 errare
1030 1702 1085 1749 et
1114 1694 1314 1765 fugere,
1348 1699 1494 1753 illum
1519 1714 1696 1761 autem
1730 1705 1780 1758 in
1807 1681 1902 1760 ho?

309 1789 439 1830 nore
474 1792 619 1843 esse,
650 1781 702 1835 id
729 1783 1024 1852 amplecwr
1066 1797 1225 1857 atque
1266 1792 1499 1860 suscipio
1523 1834 1537 1857 ,
1584 1804 1639 1849 et
1674 1800 1896 1865 gratiam

309 1865 481 1922 habeo
510 1884 606 1938 pro
626 1874 782 1928 malis
812 1874 1127 1933 innumeris.
1152 1878 1266 1934 Non
1297 1884 1527 1938 utmulti
1561 1885 1897 1955 impudentes

304 1970 367 2011 ac
387 1960 706 2028 petulantes,
736 1964 825 2033 qui
854 1981 921 2021 ne
952 1967 1221 2023 minimam
1250 1970 1464 2039 quidem
1496 1987 1698 2041 partem
1728 1980 1896 2046 probe

302 2059 571 2117 gestorum
600 2053 717 2122 ejus
741 2059 1021 2126 exsequuti
1050 2068 1196 2126 sunt,
1221 2063 1418 2131 quique
1444 2065 1487 2117 si
1515 2081 1648 2134 quos
1677 2069 1892 2124 videant

303 2151 557 2210 prospere
575 2157 757 2213 agere,
778 2159 839 2201 se
854 2160 984 2202 vero
1002 2135 1221 2217 parvam
1241 2150 1539 2208 molestiam
1560 2158 1893 2214 mmstitiam-

3549 527 3623 587 ιο

2022 631 2125 687 que
2152 621 2354 687 subire,
2382 622 2677 679 innumeris
2705 628 2909 682 animas
2936 644 3059 684 snas
3088 631 3433 704 blasphemiis
3455 636 3609 694 Iabe-

2020 704 2239 762 factant.
2284 711 2356 764 At
2397 726 2501 765 non
2533 714 2597 767 iis
2622 715 2812 771 similis
2844 717 3003 773 David
3039 730 3188 787 erat,
3216 724 3305 791 qui
3337 726 3432 780 luit
3461 730 3608 784 onmi

2023 798 2281 854 modestia
2310 802 2583 870 pnnditus.
2621 803 2745 861 ideo
2773 806 2987 863 dicebat
3018 810 3194 867 Deus.
3238 812 3412 869 inveni
3443 817 3612 873 David

2018 889 2181 956 ﬁlium
2206 890 2387 957 Jessa',
2420 896 2581 949 cirum
2604 900 2882 951 secundum
2907 915 2995 952 cor
3020 917 3182 955 meum
3207 916 3225 972 ι
3256 901 3397 959 Psal.
3435 906 3523 962 88.
3554 910 3608 963 4.

2013 978 2076 1035 2i
2101 982 2142 1050 ).
2171 981 2354 1039 Talem
2380 996 2435 1039 et
2461 1002 2559 1042 nos
2584 989 2952 1057 possideanuts
2974 991 3241 1059 animam,
3270 1005 3323 1050 et
3352 998 3611 1069 quidquid

2016 1072 2279 1140 patimur,
2310 1076 2502 1134 leniter
2525 1080 2793 1148 feramus,
2821 1090 2876 1137 et
2897 1092 3020 1138 ante
3046 1100 3303 1154 regnum,
3334 1090 3421 1143 hic
3452 1093 3610 1147 nobis

2016 1164 2282 1230 pariamus
2324 1166 2634 1224 humilitatis
2665 1182 2999 1240 proventum.
3033 1173 3164 1230 Nam
3206 1178 3277 1231 ait
3305 1195 3319 1231 :
3357 1179 3549 1237 Discite
3573 1200 3607 1235 α

2012 1269 2111 1315 me,
2135 1257 2252 1320 quia
2276 1258 2407 1312 mitis
2427 1271 2600 1313 sumet
2621 1260 2830 1316 humilis
2848 1266 3016 1328 corde,
3035 1275 3081 1318 et
3102 1265 3362 1323 invenietis
3382 1274 3606 1339 requiem

2013 1352 2269 1407 animabus
2307 1354 2483 1408 vestris
2523 1356 2755 1425 (Matth.
2789 1360 2874 1413 Η.
2898 1361 3009 1431 29)
3072 1361 3140 1417 Ut
3168 1364 3321 1432 igitur
3350 1374 3405 1419 et
3431 1366 3518 1419 hic
3543 1375 3599 1421 et

2011 1441 2118 1496 illic
2145 1444 2327 1513 requie
2356 1444 2613 1512 fruamur,
2640 1462 2846 1503 summa
2868 1466 2994 1507 cura
3023 1456 3261 1509 omnium
3288 1456 3548 1512 bonorum
3575 1460 3593 1491 ¹

2004 1543 2229 1590 matrem
2269 1539 2618 1593 humilitatem
2652 1542 2702 1594 in
2728 1543 3006 1599 animabus
3045 1549 3240 1601 nostris
3272 1548 3589 1607 inseramus.

2005 1629 2096 1685 Sic
2119 1632 2260 1686 enim
2287 1644 2341 1687 et
2364 1633 2519 1703 hujus
2546 1635 2665 1689 vita:
2694 1638 2907 1707 pelagus
2933 1640 3050 1693 sine
3073 1642 3323 1697 ﬂuctibus
3350 1648 3597 1713 trajicere

2007 1721 2322 1789 poterimus,
2353 1732 2405 1777 et
2432 1724 2496 1778 ad
2526 1727 2865 1795 tranquillum
2898 1729 3047 1783 illum
3078 1741 3289 1798 portum
3319 1737 3588 1805 navigare,

2003 1816 2169 1883 gratia
2208 1824 2263 1870 et
2300 1815 2624 1885 benignitate
2649 1818 2856 1873 Domini
2884 1822 3051 1873 nostri
3079 1821 3207 1876 Jesu
3233 1823 3426 1879 Christi
3452 1866 3468 1892 ,
3500 1833 3590 1887 cui

2002 1905 2169 1975 gloria
2194 1918 2249 1963 et
2270 1909 2550 1979 imperium
2578 1910 2630 1968 in
2656 1912 2846 1965 srecnla
2877 1911 3215 1967 saeculorum.
3251 1915 3441 1971 Amen.

2061 2095 2095 2183 τί
2115 2100 2417 2183 ξιέιιιιεοιίἰριί
2448 2114 2546 2183 non
2578 2104 2736 2183 pauci,
2772 2105 3015 2183 virtutum,
3038 2111 3255 2183 (legunt,
3290 2132 3402 2183 quin
3436 2119 3586 2176 lectio

1997 2160 2179 2218 optime
2204 2160 2491 2222 quadraret;
2516 2160 2607 2214 sed
2628 2165 2846 2219 Anisuus
2868 2160 3013 2232 legit.
3031 2160 3279 2226 tramitis}.

328 2403 3580 2441 ww

1694 2555 2048 2617 HOMILIA
2096 2556 2199 2625 IV.

333 2812 460 2867 CAP.
494 2810 532 2865 Ι.
557 2827 607 2865 v.
635 2813 721 2867 l7.
764 2812 949 2867 Omnes
982 2814 1135 2883 igitur
1174 2817 1516 2884 generationes
1556 2816 1616 2871 ab
1660 2816 1916 2869 Abraham

402 2918 556 2971 usque
579 2904 645 2955 ad
675 2902 858 2967 David,
880 2905 1224 2973 generationes
1249 2907 1668 2976 quatuordecim;
1696 2917 1742 2960 et
1761 2924 1793 2959 a
1815 2906 1917 2960 Da-

399 2990 482 3043 t'id
506 3007 663 3059 usque
690 2994 757 3045 ad
778 2995 1270 3061 transmigrationem
1296 2995 1594 3065 Babylonis,
1622 2998 1907 3068 generatio-

397 3098 486 3135 nes
523 3084 945 3150 quatuordecim;
985 3094 1031 3138 et
1073 3102 1105 3137 a
1151 3087 1593 3156 transmigratione
1634 3087 1910 3157 Babylonis

394 3188 551 3243 usque
569 3174 637 3227 ad
666 3174 938 3243 Christum,
966 3178 1308 3246 generationes
1336 3179 1735 3249 quatuordecint.

394 3306 445 3358 l.
470 3304 670 3359 Omnes
695 3306 1064 3374 generationes
1087 3308 1137 3360 in
1168 3316 1274 3362 tres
1301 3318 1483 3376 partes
1499 3310 1906 3387 divisit,osten-

322 3394 453 3451 deus
485 3398 604 3451 illus
633 3397 796 3451 etiam
822 3405 943 3467 post
971 3398 1275 3466 reipublicae
1300 3397 1527 3453 formam
1557 3400 1755 3469 pluries
1783 3417 1903 3455 mu-

319 3494 483 3540 tatam
512 3502 616 3540 non
647 3490 880 3541 evasisse
917 3488 1164 3542 meliores
1187 3527 1203 3554 ,
1238 3488 1332 3542 sed
1369 3489 1482 3543 sive
1519 3492 1865 3546 aristocratite
1886 3533 1904 3558 ,

315 3571 428 3628 sive
455 3589 640 3643 regno,
669 3576 782 3629 sive
803 3575 1107 3647 oligarchia:
1136 3589 1405 3645 parerent,
1429 3581 1483 3633 in
1515 3580 1703 3635 iisdem
1727 3596 1904 3636 versa-

316 3674 400 3719 tos
428 3666 583 3719 malis
609 3680 729 3721 esse
759 3683 773 3721 ε
802 3682 863 3721 ac
889 3682 1064 3737 neque
1107 3668 1329 3722 ducibus
1352 3709 1369 3736 ,
1410 3684 1583 3738 neque
1613 3672 1905 3745 sacerdotis

313 3754 432 3815 bus.
464 3771 637 3825 neque
678 3756 893 3826 regibus
935 3772 1049 3812 rem
1090 3758 1352 3827 publicam
1383 3758 1898 3829 administrantibus,

312 3846 570 3915 majorem
601 3863 765 3916 penes
790 3848 907 3902 illos
934 3849 1143 3903 virtutis
1166 3850 1427 3903 rationem
1456 3847 1639 3903 fuisse.
1674 3850 1780 3904 Cur
1802 3866 1900 3905 au-

310 3948 417 3993 tem
442 3940 493 3992 in
518 3941 690 3993 media
715 3950 861 4007 parte
886 3951 995 3995 tres
1012 3941 1351 4008 prmtermisit
1370 3955 1539 4010 reges,
1562 3941 1614 3993 in
1634 3951 1899 4009 postrema

309 4039 489 4083 autem
517 4039 666 4099 parte
685 4030 1116 4099 generationibus
1140 4030 1421 4085 duodecim
1455 4040 1655 4085 tantum
1690 4033 1892 4100 positis,

307 4119 711 4187 quatuordecim
755 4120 895 4189 ipsas
924 4136 1042 4176 esse
1072 4120 1233 4175 dicit?
1277 4121 1511 4175 Primam
1544 4123 1895 4189 quiestionem

308 4208 460 4262 vobis
485 4208 799 4262 solvendam
832 4212 1103 4279 relinquo;
1151 4225 1257 4264 non
1294 4212 1437 4263 enim
1473 4211 1649 4264 omnia
1688 4212 1898 4267 solvero

309 4302 460 4365 Vobis
487 4293 707 4355 necesse
735 4311 834 4361 est,
870 4316 936 4354 ne
962 4302 1112 4366 vobis
1143 4300 1411 4355 fastidium
1434 4315 1752 4371 generemus
1776 4318 1790 4355 :
1811 4316 1897 4357 se-

306 4393 533 4446 cundam
559 4405 734 4446 autem
761 4393 1169 4461 explauabunus
1191 4396 1230 4447 ι.
1258 4393 1381 4447 Mihi
1411 4404 1555 4449 certe
1582 4394 1787 4449 videtur
1806 4406 1897 4448 ca-

307 4475 567 4545 ptivitatis
596 4484 807 4544 tempus
833 4474 918 4529 hic
948 4490 1042 4543 pro
1074 4490 1174 4529 una
1201 4477 1546 4545 generatione
1580 4476 1892 4545 munerari,

308 4568 402 4623 sed
430 4575 486 4623 et
514 4568 685 4637 ipsum
711 4567 980 4621 Christum
1011 4566 1249 4640 [alteram
1280 4567 1558 4639 implere],
1588 4583 1746 4638 quem
1775 4570 1893 4625 nbi-

305 4666 429 4723 quo
454 4657 606 4712 nobis
633 4656 925 4725 conjungit.
966 4658 1007 4710 Ε
1046 4672 1105 4711 re
1138 4666 1313 4711 autem
1349 4659 1704 4725 captivitatem
1746 4661 1887 4716 illam

305 4757 693 4803 commemorat
716 4788 730 4813 ,
761 4748 1050 4802 ostendens
1080 4747 1203 4800 illuc
1228 4747 1482 4803 deductos
1507 4791 1522 4815 ,
1553 4765 1655 4804 non
1687 4759 1890 4819 tempe-

307 4838 568 4892 rantiores
585 4838 848 4902 evasisse;
878 4838 948 4891 ita
972 4847 1027 4890 ut
1047 4852 1261 4906 prorsus
1288 4842 1621 4895 necessarius
1647 4842 1891 4898 videatur

310 4918 471 4982 inisse
483 4928 680 4983 Christi
697 4928 974 4982 adventus.
996 4928 1131 4996 Quid
1153 4943 1281 4997 ergo
1303 4930 1505 4983 Marcus
1530 4946 1632 4987 non
1656 4933 1885 5002 idipsum

306 5022 435 5089 agit,
460 5037 628 5091 neque
650 5022 774 5076 .lesu
796 5022 1153 5092 genealogiam
1177 5031 1436 5086 recenset,
1453 5022 1548 5075 sed
1570 5025 1886 5093 compendio

306 5114 485 5167 omnia
530 5113 727 5182 refert?
770 5112 893 5168 Mihi
940 5114 1152 5182 quidem
1198 5112 1406 5167 videtur
1445 5113 1719 5169 Matthmus
1761 5127 1885 5172 ante

305 5218 493 5259 omnes
516 5177 731 5257 manuni
762 5203 909 5271 operi
936 5177 1237 5257 admovisse
1261 5221 1275 5258 :
1296 5211 1619 5273 quapropter
1636 5207 1887 5275 genealo-

1122 5438 1383 5499 secundam
1426 5446 1583 5488 autem
1616 5438 1897 5499 explanabi-

310 5508 433 5555 κιαι,
450 5496 548 5547 imo
570 5504 613 5562 et
639 5494 1075 5562 primantguoqite,
1103 5496 1293 5562 etc._lbi
1321 5510 1424 5549 tres
1447 5502 1635 5562 paginae.
1656 5494 1889 5562 adjiciun-

310 5510 433 5555 mus,
450 5510 548 5547 uno
570 5510 613 5546 ct
639 5510 849 5557 primum
872 5510 1075 5605 quoque,
1103 5510 1196 5547 etc.
1224 5510 1293 5548 tui
1321 5510 1424 5549 tres
1447 5510 1635 5562 paginae.
1656 5510 1889 5562 adjiciun-

309 5565 405 5615 tur,
431 5557 811 5620 utexpltcentur
846 5555 875 5604 il
900 5572 939 5606 re
977 5560 1341 5620 quatuordecim
1373 5563 1743 5633 generationes,
1780 5577 1891 5633 qum

309 5628 418 5669 ante
444 5622 770 5685 captivitatem
809 5629 1141 5685 numerantur,
1166 5634 1351 5685 necnon
1374 5622 1737 5685 (ptatum-decim
1762 5622 1889 5683 alite,

308 5694 414 5743 qua:
438 5679 543 5745 puSt
560 5679 914 5745 captivitatem.
940 5682 1053 5745 Quia
1078 5696 1195 5731 vero
1212 5682 1315 5733 hac
1347 5679 1408 5733 ali
1431 5686 1619 5745 Amano
1643 5684 1767 5732 lecta
1793 5679 1888 5735 non

308 5741 551 5808 sunt.’nec
575 5741 808 5808 videntur
834 5754 947 5808 esse
964 5741 1304 5808 Chrywstomi,
1333 5747 1381 5797 in
1414 5746 1559 5797 linem
1584 5744 1889 5797 Commenta-

304 5802 481 5856 riorum
506 5807 551 5856 in
571 5804 847 5855 Mattbtcum
862 5802 1086 5866 ablegat'a
1109 5813 1237 5857 sunt.

370 5432 387 5464 ί
426 5441 544 5484 Tres
564 5442 670 5483 διδ.
707 5446 777 5482 sne
800 5442 1080 5489 haueiit.....

2009 2824 2149 2895 giam
2193 2834 2442 2880 accurate
2487 2826 2667 2895 ponit,
2704 2834 2761 2882 et
2784 2827 2839 2882 in
2866 2828 2930 2883 iis
2955 2842 3075 2898 quae
3105 2838 3403 2886 necessaria
3441 2834 3594 2889 erant

2007 2915 2236 2981 insistit;
2283 2914 2490 2969 Marcus
2534 2930 2667 2971 vero
2707 2925 2827 2984 post
2870 2918 3043 2987 ipsum
3088 2922 3318 2991 scripsit,
3369 2922 3595 2990 ideoque

2004 3005 2323 3075 compendio
2346 3004 2541 3071 Studet,
2570 3016 2752 3075 utpote
2771 3007 2862 3077 qui
2880 3007 2989 3077 jam
3017 3009 3156 3065 dicta
3177 3020 3232 3064 et
3256 3022 3379 3065 nota
3400 3010 3595 3069 ’reren-

2003 3105 2140 3150 seat.
2186 3094 2294 3147 Cur
2330 3110 2456 3163 ergo
2502 3097 2671 3151 Lucas
2710 3099 2868 3152 etiam
2898 3100 3261 3169 genealogiam
3290 3110 3344 3155 et
3372 3084 3589 3173 quidem

2002 3187 2242 3255 pluribus
2293 3186 2513 3240 scribit?
2568 3189 2699 3252 Quia
2754 3189 3034 3245 Matthmus
3075 3192 3183 3261 jam
3246 3209 3594 3263 prmeesserat

1996 3278 2248 3346 viamque
2292 3284 2607 3346 paraverat,
2644 3278 2809 3331 voluit
2858 3279 2946 3334 ille
2988 3282 3184 3350 aliquid
3228 3286 3453 3353 amplius
3494 3303 3599 3343 nos

2000 3367 2247 3420 educere.
2291 3366 2528 3434 Quisque
2571 3366 2951 3433 discipulorum
2985 3372 3293 3439 magistrum
3326 3390 3480 3429 suum
3508 3387 3593 3433 est

1998 3456 2266 3520 imitatus;
2305 3458 2388 3509 hic
2418 3458 2660 3521 Paulum,
2686 3458 2928 3537 ubertate
2958 3460 3173 3516 llumina
3202 3478 3543 3532 superantem
3570 3485 3585 3533 ;

1996 3548 2087 3602 ille
2109 3548 2347 3612 Petrum,
2376 3548 2621 3602 brevitati
2644 3542 2966 3605 studentem.
2996 3551 3102 3605 Cur
3124 3568 3284 3621 porro
3310 3556 3589 3615 Manlia-us

1997 3639 2050 3693 in
2078 3640 2298 3693 exordio
2327 3653 2433 3693 non
2463 3639 2633 3705 dixit,
2665 3640 2803 3694 sicut
2828 3651 2880 3695 et
2909 3641 3181 3711 propheta:
3200 3685 3215 3711 ,
3260 3645 3396 3700 Visio
3432 3666 3585 3715 quam

1992 3728 2115 3790 uidi,
2145 3728 2251 3793 vel,
2285 3726 2465 3782 Sermo
2502 3728 2590 3797 qui
2629 3733 2794 3799 [actus
2833 3738 2906 3784 est
2942 3732 3010 3784 ad
3049 3734 3165 3787 me?
3209 3735 3470 3800 Quoniam
3512 3738 3579 3792 ad

1994 3818 2129 3887 frugi
2176 3818 2419 3873 homines
2453 3818 2755 3886 scribebat,
2785 3820 2872 3888 qui
2903 3821 3191 3877 admodum
3222 3826 3378 3879 dictis
3406 3838 3583 3883 atten-

1992 3911 2201 3965 derem.
2249 3911 2461 3966 Etenim
2498 3913 2607 3980 jam
2646 3921 2851 3980 patrata
2881 3914 3132 3968 miracula
3159 3915 3497 3985 clamabant,
3528 3932 3585 3978 et

1992 4003 2079 4071 qui
2108 4004 2441 4072 evangelium
2472 4004 2826 4073 accipiebant,
2859 4005 3011 4074 plane
3039 4006 3229 4062 ﬁdeles
3253 4021 3424 4065 erant.
3453 4013 3580 4067 Pru-

1990 4096 2268 4162 phetarum
2293 4112 2420 4149 vero
2448 4105 2688 4159 tempore
2718 4110 2824 4151 non
2852 4106 2928 4151 tot
2953 4108 3106 4151 erant
3135 4100 3387 4154 miracula
3410 4144 3425 4167 ,
3458 4122 3579 4172 qua:

1994 4182 2367 4237 auctoritatem
2392 4184 2521 4252 ipsis
2544 4186 2815 4257 inderent,
2836 4202 2890 4247 et
2912 4209 3100 4263 magna
3124 4204 3251 4252 tunc
3272 4203 3592 4270 erumpebat

1994 4270 2579 4340 pseudopmphetarum
2610 4278 2796 4346 turba,
2826 4283 3019 4351 quibus
3047 4288 3214 4355 magis
3241 4293 3593 4348 attendebant

1990 4362 2181 4417 Judzei.
2206 4362 2563 4429 Quamobrem
2587 4368 2672 4424 hic
2691 4374 3071 4447 prummiorum
3095 4378 3284 4433 modus
3303 4382 3441 4450 apud
3464 4384 3588 4442 illus

1991 4454 2327 4519 necessarius
2365 4465 2499 4510 erat.
2546 4457 2601 4513 Si
2646 4474 2775 4515 vero
2820 4464 2972 4532 signa
3010 4468 3327 4537 quandoque
3370 4471 3590 4543 ﬁerent,

1991 4542 2341 4597 barbarorum
2364 4560 2544 4611 causa,
2569 4556 2626 4601 ut
2645 4551 2795 4606 multi
2814 4555 3067 4624 proselyti
3091 4560 3428 4629 accederent,
3456 4542 3588 4615 ede;

1990 4631 2205 4687 Lautur.
2239 4635 2464 4689 Fiebant
2492 4653 2703 4709 quoque
2725 4642 2874 4712 signa
2898 4645 2965 4698 ad
2996 4645 3085 4701 Dei
3121 4652 3410 4715 potentiam
3438 4656 3591 4710 exhi-

1986 4724 2236 4790 bendam,
2271 4726 2485 4795 quando
2512 4729 2801 4786 adversarii
2831 4736 3066 4791 subactis
3102 4739 3322 4807 Judaeis,
3360 4744 3588 4802 deorum

1986 4826 2205 4867 suorum
2236 4815 2284 4869 vi
2315 4826 2370 4870 et
2396 4819 2597 4873 auxilio
2624 4834 2683 4874 se
2711 4823 2904 4879 vicisse
2934 4828 3210 4895 putabant,
3246 4843 3299 4884 ut
3328 4833 3379 4887 in
3413 4834 3588 4908 lEg'y-

1990 4912 2080 4973 pto
2104 4906 2360 4975 contigit,
2392 4908 2532 4963 unde
2572 4913 2869 4979 promiscua
2914 4918 3064 4971 turba
3112 4921 3341 4987 proiecta
3371 4934 3455 4978 est
3488 4906 3591 4983 :Vct

1985 5003 2169 5062 postea
2201 4996 2253 5049 in
2286 4996 2578 5068 Babylone,
2609 5017 2727 5070 qure
2754 5004 2818 5058 ad
2848 5003 3119 5061 fornacem
3150 5020 3205 5063 et
3228 5015 3433 5067 somnia
3465 5031 3593 5087 spe-

1982 5094 2149 5139 ctant.
2198 5086 2328 5143 Erat
2363 5090 2523 5144 etiam
2565 5106 2687 5146 cum
2727 5095 2877 5164 signa
2917 5098 3208 5154 ederentur
3252 5101 3302 5155 in
3345 5086 3586 5171 deserto,

1982 5177 2197 5245 quando
2226 5180 2307 5233 sui
2333 5180 2471 5248 juris
2498 5192 2670 5250 erant,
2704 5188 3154 5255 quemadmodum
3186 5202 3239 5246 et
3266 5195 3405 5262 apud
3438 5213 3536 5250 nos
3572 5216 3585 5253 :

1983 5270 2181 5326 etenim
2210 5274 2348 5340 apud
2383 5289 2480 5329 nos
2509 5292 2630 5331 cum
2662 5280 2730 5333 ab
2756 5296 2941 5337 errore
2966 5299 3388 5357 emergeremus,
3424 5294 3577 5362 signa

1983 5363 2146 5416 multa
2173 5364 2407 5419 exhibita
2435 5378 2592 5433 sunt;
2622 5379 2740 5437 post
2765 5370 2881 5427 hmc
2909 5383 3111 5443 autem,
3142 5394 3262 5432 cum
3297 5397 3419 5435 vera
3450 5387 3579 5441 reli-

1982 5451 2073 5521 gio
2101 5453 2299 5523 ubique
2324 5456 2666 5512 disseminata
2697 5470 2839 5516 esset
2863 5505 2875 5525 ,
2908 5464 2995 5518 illa
3026 5481 3395 5527 cessaverunt.
3424 5475 3578 5540 Quod

1983 5544 2027 5597 si
2053 5552 2171 5612 post
2196 5547 2395 5598 exitum
2426 5564 2491 5601 ex
2525 5550 2737 5605 deserto
2758 5555 2907 5624 signa
2938 5558 3075 5613 facta
3102 5570 3262 5627 sunt,
3296 5565 3385 5617 illa
3413 5582 3578 5635 pauca

1982 5645 2037 5689 ct
2063 5637 2261 5691 rariora
2289 5639 2536 5705 luerunt;
2576 5653 2630 5696 ut
2657 5659 2777 5699 cum
2806 5648 2883 5701 sol
2913 5652 3187 5719 substitit,
3221 5657 3302 5711 vel
3335 5673 3456 5713 cum
3486 5678 3577 5717 re-

1986 5740 2219 5783 trorsum
2250 5732 2433 5788 abivit.
2479 5733 2641 5803 Signa
2685 5740 2896 5807 queque
2923 5742 3062 5809 apud
3095 5758 3194 5798 nos
3226 5745 3357 5800 facta
3395 5752 3576 5808 videre

1985 5820 2130 5876 licuit
2156 5838 2169 5875 :
2199 5840 2321 5878 nam
2349 5836 2504 5882 aetate
2533 5837 2709 5882 nostra
2742 5829 2841 5886 sub
2866 5830 3097 5903 Juliano,
3122 5836 3211 5905 qui
3240 5846 3426 5892 clunes
3462 5837 3567 5891 iiu-
