4056 6504
477 474 537 526 ιι
1205 457 1264 516 8.
1301 456 1585 515 JOANNIS
1623 451 2102 511 ettnvsosrout
2137 454 2454 511 saeuum.
2493 456 3032 516 CONSTANTINOP.
3636 461 3705 520 te

480 575 674 636 pietate
702 563 992 630 superavit,
1015 560 1174 614 multa
1200 558 1560 624 mirabiliaqne
1589 557 1722 610 facta
1744 563 1884 609 sunt.
1915 555 2043 605 Uun.

479 658 620 710 enim
676 655 844 710 ludwi
890 651 1140 720 templum
1182 647 1681 717 Jerosolymitanum
1727 646 2045 702 remdilieare

480 753 764 806 tentarent,
795 742 930 811 ignis
970 757 1001 794 e
1035 737 1390 792 fundamentis
1426 749 1710 804 erumpens
1739 750 1924 790 omnes
1950 735 2045 788 de-

482 835 705 896 terruit;
733 841 784 886 et
811 845 931 884 cum
961 829 1202 884 Julianus
1231 828 1460 880 furorem
1491 841 1641 878 suum
1675 827 1724 879 in
1756 839 1875 879 vasa
1899 839 2046 878 sacra

482 931 754 978 exerceret
777 961 790 985 ,
821 930 1054 990 quaestor
1078 928 1131 974 et
1158 918 1350 973 Juliani
1389 917 1678 971 avunculus
1714 916 1812 985 ipsi
1849 930 2045 985 cogno—

483 1014 640 1068 minis
688 1011 826 1082 plexi
870 1020 995 1064 sunt
1021 1027 1035 1064 :
1065 1009 1210 1078 prior
1245 1008 1388 1061 enim
1427 1023 1458 1060 a
1493 1009 1762 1062 vermibus
1799 1021 2061 1061 eorrosus-

485 1105 686 1158 interiit
710 1145 724 1167 ,
754 1103 887 1156 alter
913 1115 1040 1155 vero
1068 1099 1269 1153 medius
1297 1099 1540 1167 diruptus
1565 1108 1677 1163 est;
1721 1099 2052 1166 peractisque

487 1196 680 1250 ibidem
709 1193 980 1248 sacrificiis
1002 1192 1172 1245 fontes
1195 1191 1519 1253 defecerunt,
1547 1203 1600 1247 et
1627 1191 1790 1245 fames
1819 1203 1936 1257 quae
1960 1203 2047 1242 eo-

485 1284 607 1342 dem
649 1288 938 1354 imperante
974 1283 1214 1338 civitates
1241 1282 1468 1347 invasit,
1502 1283 1789 1336 maximum
1818 1288 1934 1334 erat
1958 1279 2054 1332 tui-

488 1377 746 1430 raculum.

539 1578 596 1631 2.
622 1577 768 1632 Solet
804 1576 942 1629 enim
981 1574 1118 1628 Deus
1163 1573 1281 1626 haec
1328 1569 1618 1626 exhibere:
1646 1568 1857 1639 quando
1898 1568 2039 1622 mala

473 1685 630 1737 supra
654 1666 866 1720 modum
890 1675 1163 1733 augentur.
1189 1677 1308 1717 cum
1341 1676 1464 1715 suos
1486 1662 1536 1713 in
1553 1661 1802 1713 :erumnis
1817 1655 2039 1720 versari,

474 1760 912 1824 adversariosque
957 1755 1224 1824 tyrannica
1269 1754 1316 1806 vi
1365 1751 1676 1806 debacchari
1710 1751 1888 1813 videt,
1922 1762 2045 1804 tunc

475 1861 625 1900 suam
640 1846 868 1899 ostendit
887 1843 1188 1910 potentiam.
1206 1841 1258 1894 ld
1273 1841 1411 1909 quod
1429 1839 1587 1894 etiam
1608 1841 1656 1891 in
1676 1837 1890 1891 Perside
1907 1837 2044 1888 circa

476 1937 688 1993 Iudaeos
719 1934 980 2004 praestitit.
1007 1933 1156 1998 Quod
1186 1946 1311 2000 ergo
1339 1946 1442 1984 non
1494 1931 1608 1983 sine
1646 1943 1804 1982 causa
1849 1924 2046 1980 Christi

480 2027 840 2095 progenitores
888 2024 938 2076 iu
984 2032 1093 2076 tres
1139 2029 1316 2089 partes
1352 2017 1716 2079 distribuerit,
1762 2031 1828 2070 ex
1877 2030 2038 2081 supra

480 2115 634 2167 dictis
670 2113 840 2181 palam
866 2120 965 2165 est.
998 2110 1398 2164 Animadvertas
1429 2107 1587 2161 velim
1639 2106 1728 2159 ubi
1755 2107 1968 2168 incipiat
2001 2112 2048 2152 rt

487 2221 592 2276 quo
617 2205 827 2261 desinat
857 2222 871 2258 :
913 2202 979 2257 ab
1010 2201 1271 2256 Abraham
1304 2203 1355 2255 in
1394 2201 1676 2263 Davidem;
1709 2215 1737 2252 a
1770 2198 1965 2253 Davide
1994 2213 2046 2251 tn

481 2298 834 2366 captivitatem
861 2295 1170 2365 Babylonis;
1219 2295 1286 2348 ab
1335 2293 1432 2346 hac
1463 2293 1516 2345 iu
1551 2292 1723 2359 ipsum
1754 2288 2044 2344 Christum.

481 2387 610 2440 Nam
637 2385 784 2440 initio
803 2384 991 2438 ambos
1019 2399 1122 2437 una
1150 2384 1287 2437 serie
1310 2381 1502 2450 posuit,
1525 2379 1778 2435 Davidem
1804 2389 1857 2433 et
1882 2382 1919 2432 Λ
1931 2379 2047 2432 bra-

483 2479 693 2531 lamum
732 2494 746 2529 :
773 2475 965 2530 deinde
995 2483 1262 2541 resmupta
1293 2473 1599 2542 genealogia
1627 2482 1912 2539 utrumque
1933 2485 2048 2522 me-

481 2569 720 2621 moravit.
753 2567 904 2629 Nam,
933 2576 990 2618 ut
1013 2566 1121 2633 jam
1151 2563 1256 2617 dixi
1277 2606 1290 2626 ,
1324 2565 1426 2618 illis
1459 2563 1608 2616 facta:
1665 2563 1874 2614 fuerant
1920 2576 2048 2628 pro-

481 2658 776 2710 missiones.
804 2654 912 2709 Cur
955 2670 1146 2723 porro,
1201 2663 1257 2707 ut
1287 2653 1656 2722 Babylonicam
1707 2651 2049 2716 transmigra-

480 2748 676 2801 tionem
709 2747 1044 2809 memoravit,
1077 2760 1179 2798 non
1219 2744 1438 2813 perinde
1462 2744 1752 2796 descensus
1784 2741 1833 2792 iu
1882 2739 2049 2809 Egy-

480 2847 626 2905 ptum
645 2837 967 2891 mentionem
995 2835 1116 2890 fecit
1138 2835 1161 2887 ?
1186 2834 1316 2900 Quia
1347 2832 1624 2902 Egyptios
1655 2848 1757 2883 non
1778 2831 1909 2884 ultra
1935 2843 2048 2883 me-

479 2930 726 2992 tuebaut,
779 2927 1098 2997 Babylonius
1144 2941 1269 2980 vero
1299 2924 1470 2978 adhuc
1523 2923 1817 2977 tremebant
1872 2921 2044 2974 :illud

475 3021 616 3072 enim
644 3020 873 3087 priscum
904 3027 1019 3072 erat
1037 3059 1051 3079 ,
1077 3017 1177 3070 hoc
1206 3031 1330 3069 vero
1373 3030 1558 3068 recens
1580 3054 1596 3080 ,
1643 3023 1696 3067 et
1724 3014 1881 3082 paulo
1922 3021 2047 3066 ante

475 3119 681 3177 gestum
706 3125 720 3173 ;
751 3106 919 3176 atque
939 3107 1064 3160 illuc
1094 3120 1198 3160 non
1245 3106 1314 3160 ob
1344 3115 1559 3174 peccata
1606 3103 1819 3158 deducti
1849 3111 2042 3167 erant,

475 3200 610 3252 istuc
650 3213 776 3252 vero
820 3199 1080 3252 scelerum
1105 3211 1262 3250 causa
1294 3195 1534 3249 translati
1563 3194 1790 3248 fuerant.
1832 3194 1888 3249 Si
1917 3193 2036 3262 quis

477 3306 606 3342 vero
638 3291 909 3343 nominum
933 3289 1421 3355 interpretationem
1444 3285 1659 3354 aggredi
1702 3285 1866 3348 velit,
1901 3285 2041 3337 mul-

474 3388 578 3432 tam
613 3379 680 3433 ibi
709 3379 938 3448 reperiet
962 3376 1268 3445 speculandi
1313 3377 1586 3429 materiam
1615 3415 1631 3438 ,
1663 3389 1782 3443 qute
1807 3374 1871 3427 ad
1912 3374 2042 3427 Novi

473 3467 797 3521 'l'estamenti
822 3466 1220 3533 intelligentiam
1249 3465 1475 3517 maxime
1509 3463 1782 3525 conferat;
1815 3461 2045 3529 exempli

471 3573 625 3610 eiusa
652 3574 719 3610 ex
753 3555 1056 3609 nominibus
1096 3554 1380 3608 Abrahami
1413 3593 1426 3616 ,
1455 3553 1656 3613 Jacobi,
1691 3550 1999 3606 Salomonis
2024 3593 2039 3616 ,

471 3647 808 3702 Zurohabelis
838 3665 851 3700 :
886 3662 989 3699 non
1021 3646 1162 3700 enim
1192 3638 1391 3698 teniere
1419 3644 1530 3696 haec
1569 3644 1671 3696 illis
1716 3642 1927 3694 nomina
1954 3643 2036 3694 in-

469 3739 575 3792 dita
608 3747 745 3790 sunt.
773 3737 876 3793 Sed
907 3753 972 3791 ne
1013 3736 1217 3805 longius
1243 3743 1586 3788 excurrentcs
1629 3733 1925 3786 molestiam
1955 3733 2039 3785 in-

471 3827 721 3891 feramus,
756 3828 930 3880 missis
960 3827 1084 3890 illis,
1113 3825 1177 3877 ad
1206 3825 1371 3893 magis
1399 3823 1697 3877 necessaria
1740 3823 2035 3875 veniamus.

469 3919 598 3971 Cum
634 3921 808 3986 itaque
861 3917 1222 3985 progenitores
1249 3929 1434 3966 omnes
1463 3920 1866 3975 enumerasset,
1891 3920 1944 3964 et
1988 3911 2040 3964 in

467 4007 755 4074 Jusephum
779 4007 1040 4066 desiisset,
1069 4021 1172 4058 non
1203 4004 1287 4057 hic
1306 4003 1471 4067 stetit,
1497 4002 1587 4055 sed
1609 4000 1830 4064 addidit,
1847 4000 2038 4068 Josep/t

468 4099 632 4147 virum
653 4095 834 4148 Mariae
859 4111 876 4148 :
903 4095 1187 4148 ostendens
1217 4109 1274 4146 se
1302 4099 1515 4161 propter
1538 4091 1676 4143 illam
1699 4090 1814 4158 ejus
1839 4106 2035 4158 genea-

469 4188 656 4253 logiam
701 4186 938 4239 duxisse.
972 4183 1168 4237 Deinde
1214 4198 1280 4236 ne
1312 4183 1531 4234 audiens
1556 4222 1570 4243 ,
1614 4179 1788 4232 Virum
1813 4178 1995 4232 Maria:
2017 4221 2033 4245 ,

468 4285 682 4343 putares
707 4274 972 4328 communi
1004 4285 1203 4325 natura:
1228 4273 1348 4339 lege
1376 4270 1648 4322 Christum
1681 4278 1859 4322 natum
1889 4285 2030 4324 esse:

465 4366 825 4418 animadverte
847 4361 1111 4430 quomodo
1136 4376 1197 4414 ea
1219 4359 1375 4413 addat
1399 4375 1516 4429 qua:
1545 4359 1848 4424 Opinionem
1879 4360 2030 4413 istam

464 4459 750 4523 corrigunt.
788 4449 1013 4517 Audisti,
1050 4453 1255 4519 inquit,
1289 4451 1457 4504 virum
1483 4490 1496 4512 ,
1539 4449 1730 4503 audisti
1762 4461 1983 4503 matrem
2014 4491 2031 4514 ,

463 4546 651 4599 audisti
682 4558 872 4597 nomen
907 4558 1069 4610 puero
1098 4541 1187 4595 dat
1207 4556 1303 4604 tm;
1335 4539 1456 4594 audi
1489 4539 1646 4594 etiam
1673 4540 2030 4607 generationis

465 4634 699 4687 modum.
745 4631 828 4686 18.
876 4631 1000 4684 Iesu
1045 4629 1230 4683 Christi
1277 4640 1443 4682 autem
1490 4628 1745 4698 generatio
1791 4630 1862 4680 sic
1899 4639 2026 4681 crat.

461 4727 628 4790 Quam
658 4723 804 4783 mihi,
846 4736 1046 4790 quaeso,
1079 4720 1472 4788 generationem
1505 4719 1716 4772 narras?
1747 4734 1866 4770 nam
1899 4735 2022 4786 pro-

459 4821 726 4887 gi-nitnres
753 4814 867 4897 ejus
887 4813 994 4879 jam
1027 4812 1227 4866 dixisti.
1253 4813 1320 4864 At
1345 4812 1464 4863 volo
1485 4811 1642 4862 etiam
1664 4810 2024 4878 generationis

460 4907 674 4959 modum
722 4918 1005 4971 exponere.
1044 4901 1223 4955 Viden‘
1260 4899 1527 4967 quomodo
1552 4899 1845 4952 auditorem
1873 4901 2021 4953 exci-

454 4986 667 5037 tavi-rit?
682 4983 811 5038 Nam
837 4989 984 5051 quasi
1005 4987 1124 5039 novi
1143 4985 1410 5056 quidpiam
1433 4987 1691 5052 dicturus,
1717 5003 1776 5042 se
1799 4988 2012 5042 modum

449 5091 661 5143 quoque
709 5076 1088 5143 explicaturum
1136 5079 1413 5146 promittit.
1445 5079 1506 5132 Et
1535 5079 1656 5132 vide
1696 5078 1824 5132 mihi
1872 5078 2016 5149 opti-

451 5182 590 5219 tuani
614 5167 875 5222 dictorum
924 5170 1381 5238 consequentiam.
1406 5167 1520 5223 Non
1564 5168 1707 5223 enim
1747 5170 1922 5222 statim
1951 5169 2015 5223 ad

449 5258 848 5323 generationem
875 5261 1019 5314 venit
1053 5279 1066 5312 :
1097 5260 1187 5313 sed
1221 5273 1317 5312 nos
1338 5260 1562 5326 primttm
1593 5260 1796 5323 edocet,
1826 5272 2019 5330 quotus

449 5357 590 5400 esset
613 5350 688 5401 ab'
709 5349 1007 5402 Abrahamo
1033 5390 1046 5412 ,
1077 5359 1270 5416 quotus
1313 5364 1343 5401 a
1375 5348 1569 5403 Davide
1598 5360 1650 5402 et
1694 5367 1722 5402 a
1755 5348 2006 5404 transmi-

449 5438 688 5501 gratione
718 5437 1016 5506 Babylonis,
1044 5447 1097 5490 et
1119 5435 1426 5508 diligentem
1453 5438 1746 5492 auditorem
1773 5453 1870 5507 per
1899 5438 2013 5494 hare

449 5525 512 5576 ad
541 5536 831 5592 temporum
850 5530 1298 5593 computationem
1331 5528 1532 5584 invitat.
1564 5529 1855 5582 ostendens
1878 5528 2015 5582 hunc

447 5629 567 5669 esse
595 5614 858 5667 Christum
891 5632 918 5668 a
964 5617 1237 5685 prophetis
1285 5617 1646 5686 praedicatum.
1698 5614 1827 5670 Cum
1874 5625 2012 5672 enim

449 5710 815 5771 generationes
845 5711 1202 5762 numeraveris
1223 5752 1236 5773 ,
1267 5719 1426 5776 atque
1474 5725 1534 5764 ex
1583 5709 1834 5781 temporis
1867 5723 2012 5762 com-

2173 562 2442 628 putatione
2468 561 2718 617 didiceris
2741 563 2991 618 eumdem
3024 564 3198 634 ipsum
3222 577 3340 618 esse
3364 604 3379 630 ,
3413 561 3568 617 facile
3587 563 3739 616 exci-

2166 653 2279 718 pics
2324 652 2634 706 miraculum
2681 652 2733 706 in
2761 653 2878 721 ejus
2922 663 3044 707 ortu
3083 662 3369 722 patratum.
3414 652 3546 719 Quia
3595 651 3738 704 eniut

2165 758 2411 812 magnum
2442 742 2710 811 quidpiam
2740 743 3054 812 loquuturus
3084 753 3218 807 erat,
3260 742 3402 812 quod
3428 758 3493 796 ex
3516 741 3738 810 Virgine

2166 843 2319 885 natus
2340 841 2496 894 esset,
2524 832 2830 900 priusquam
2855 841 3064 902 tempus
3085 841 3358 900 computet
3375 874 3389 894 ,
3411 833 3740 886 subobscure

2165 920 2416 990 loquitur,
2452 919 2627 974 Virum
2654 920 2836 975 Morio:
2862 922 3045 976 dicens
3070 962 3087 988 ,
3118 922 3244 992 quin
3286 931 3340 975 et
3367 922 3731 991 generationis

2163 1012 2356 1066 seriem
2383 1012 2668 1065 intersecat
2701 1029 2712 1066 :
2749 1013 3069 1082 insuperque
3095 1028 3262 1067 annos
3290 1020 3572 1066 enumerat
3595 1055 3609 1077 ,
3636 1011 3733 1064 ad-

2163 1116 2384 1157 mouens
2420 1100 2712 1162 auditorem
2731 1143 2745 1167 ,
2771 1102 2909 1157 hunc
2931 1103 3103 1171 ipsum
3133 1117 3253 1156 esse
3277 1143 3291 1166 ,
3319 1116 3477 1170 quem
3512 1103 3740 1169 patriar-

2157 1191 2258 1244 cha
2273 1190 2436 1244 Iacob
2452 1189 2604 1258 (Gen.
2627 1191 2716 1246 49.
2747 1191 2856 1261 10),
2883 1191 3248 1262 deficientibus
3272 1191 3485 1245 demum
3503 1191 3742 1245 .ludaicis

2159 1280 2502 1349 principibus,
2539 1280 2839 1336 adfuturum
2874 1281 3006 1336 dixit
3032 1299 3045 1334 :
3068 1298 3227 1352 quem
3267 1283 3523 1352 prepheta
3551 1283 3736 1336 Daniel

2159 1371 2326 1440 (Cap.
2357 1371 2409 1426 9.
2442 1389 2490 1425 υ.
2521 1373 2590 1427 25
2613 1403 2638 1414 -
2663 1372 2772 1445 ‘27)
2812 1383 2931 1444 post
2959 1374 3149 1427 multas
3203 1373 3319 1427 illas
3368 1373 3732 1428 hebdomadas

2154 1469 2434 1516 venturum
2497 1478 2616 1517 esse
2679 1464 2941 1532 praedixit.
3009 1463 3063 1518 Si
3114 1463 3232 1530 quis
3283 1473 3460 1516 autem
3510 1465 3740 1518 voluerit

2155 1567 2324 1605 annos
2351 1553 2469 1606 illos
2507 1569 2604 1622 per
2642 1553 3092 1608 hebdomadarum
3133 1568 3410 1606 numerum
3441 1553 3508 1605 ab
3537 1553 3730 1622 angelo

2158 1645 2356 1698 Danieli
2387 1646 2557 1699 dictos
2579 1687 2594 1709 ,
2639 1645 2704 1698 ab
2728 1645 3079 1700 aedificatione
3105 1645 3249 1698 urbis
3275 1659 3595 1698 enumerans
3617 1685 3632 1705 .
3667 1645 3719 1698 in

2157 1734 2323 1802 ipsius
2349 1745 2521 1787 ortum
2552 1734 2880 1789 descendere
2905 1775 2922 1799 ,
2970 1734 3083 1788 haec
3131 1749 3252 1787 cum
3286 1734 3388 1787 illis
3412 1735 3719 1788 consentire

2154 1823 2534 1891 deprehendet.
2569 1825 2661 1879 Dic
2685 1840 2813 1894 ergo
2839 1826 3106 1894 quomodo
3136 1833 3290 1878 natus
3313 1827 3383 1879 sit
3410 1843 3422 1877 :
3447 1823 3574 1879 Cum
3595 1834 3726 1878 esset

2153 1916 2460 1984 desponsata
2490 1924 2648 1966 mater
2668 1916 2778 1984 ejus
2805 1915 2994 1968 Maria.
3029 1915 3142 1969 Non
3171 1915 3338 1979 dixit,
3384 1915 3545 1984 Virgo
3570 1955 3584 1978 ,
3628 1916 3724 1968 sed

2152 2005 2464 2072 simpliciter
2487 2045 2503 2070 ,
2561 2003 2748 2071 Mater,
2777 2015 2834 2060 ut
2861 2021 3039 2060 sermo
3079 2006 3228 2060 facile
3254 2015 3557 2075 caperetur.
3592 2004 3718 2059 Ideo

2149 2110 2268 2147 eum
2302 2096 2446 2164 prius
2470 2107 2817 2165 praeparasset
2843 2097 3137 2152 auditorem
3167 2098 3233 2151 ad
3262 2098 3457 2167 aliquid
3491 2099 3714 2163 eorum,

2148 2203 2265 2253 qua:
2293 2202 2356 2240 ex
2388 2200 2538 2241 more
2580 2189 2828 2253 veniunt,
2855 2188 3177 2242 audiendum
3203 2229 3218 2252 ,
3263 2197 3319 2244 et
3362 2192 3412 2243 in
3453 2190 3556 2244 hac
3580 2189 3728 2258 cogi-

2149 2277 2346 2328 talione
2373 2276 2684 2330 retinuisset
2709 2316 2722 2338 .
2755 2289 2878 2331 tunc
2905 2279 3160 2346 percellit.
3207 2293 3322 2333 rem
3353 2278 3719 2334 admirandam

2145 2363 2472 2432 subjungens
2503 2364 2585 2418 his
2614 2366 2788 2419 verbis
2817 2383 2830 2418 :
2866 2368 3143 2435 Antequam
3163 2367 3501 2432 convenirent,
3527 2367 3726 2421 inventa

2145 2465 2216 2506 est
2241 2457 2292 2506 in
2311 2465 2451 2508 utero
2475 2456 2664 2509 habens
2690 2460 2752 2510 de
2789 2456 2988 2524 Spiritu
3011 2467 3204 2512 sancto.
3233 2458 3346 2512 Non
3378 2459 3528 2524 dixit,
3561 2461 3726 2514 Anie-

2151 2570 2308 2623 quam
2330 2554 2613 2608 duceretur
2645 2554 2698 2608 in
2743 2554 2958 2608 domum
2988 2556 3168 2625 sponsi
3200 2573 3213 2608 :
3257 2557 3398 2608 intus
3431 2556 3572 2610 enim
3612 2555 3726 2623 jam

2149 2657 2284 2701 erat.
2302 2645 2436 2700 Nam
2463 2660 2578 2699 mos
2610 2645 2796 2713 priscis
2822 2655 2935 2698 erat
2963 2661 3186 2714 sponsas
3215 2655 3266 2698 ut
3298 2647 3579 2714 plurimum
3603 2646 3710 2700 do-

2148 2737 2216 2789 mi
2249 2747 2428 2789 tenere
2451 2776 2464 2799 ,
2515 2736 2620 2788 imo
2648 2735 2806 2787 etiam
2835 2749 2974 2788 nunc
3010 2735 3060 2788 id
3098 2735 3276 2789 videre
3317 2745 3400 2790 est
3445 2754 3458 2789 :
3503 2747 3555 2790 et
3599 2735 3720 2790 Luti

2145 2825 2325 2894 generi
2356 2841 2474 2879 eum
2521 2825 2636 2894 ipso
2666 2825 2992 2880 habitabant.
3022 2825 3301 2880 llabitabat
3353 2840 3483 2894 ergo
3510 2835 3564 2880 et
3607 2825 3722 2896 ipsa

2147 2932 2263 2972 cum
2292 2915 2545 2985 Josepho.

2222 3083 2276 3137 5.
2324 3082 2428 3136 Cur
2456 3080 2625 3135 Maria
2666 3097 2766 3135 non
2791 3090 2907 3134 ante
2929 3079 3187 3150 sponsalia
3224 3078 3524 3147 conceperit.
3552 3075 3727 3144 Spiri-

2148 3181 2225 3226 tus
2251 3172 2473 3240 Operatio
2502 3173 2552 3226 in
2583 3169 2786 3240 Virgine
2805 3187 2904 3223 non
2933 3170 3259 3236 exploranda.
3283 3199 3353 3208 —
3369 3169 3471 3223 Sed
3494 3183 3590 3222 cur
3615 3183 3721 3223 non

2145 3271 2268 3315 ante
2320 3261 2586 3330 Sponsalia
2635 3261 2927 3328 concepit?
2955 3259 3042 3325 Ut,
3084 3258 3527 3326 quemadmodum
3571 3258 3703 3321 dixi,

2146 3366 2234 3403 res
2261 3351 2638 3413 occultaretur,
2666 3358 2720 3404 et
2750 3360 2808 3403 ut
2838 3349 2998 3419 Virgo
3039 3364 3254 3418 pravam
3299 3363 3512 3402 omnem
3541 3349 3722 3416 suspi-

2144 3443 2348 3496 cionem
2378 3442 2652 3510 effugeret.
2692 3442 2915 3508 Quando
2955 3443 3096 3495 enim
3142 3442 3248 3501 ille,
3293 3443 3381 3508 qui
3410 3441 3533 3510 plus
3559 3455 3719 3508 quam

2145 3545 2328 3584 oiiines
2371 3533 2627 3601 zelotypia
2661 3533 2852 3600 corripi
2883 3539 3110 3599 poterat,
3157 3530 3438 3584 videbatur
3464 3546 3580 3584 eam
3613 3547 3719 3585 non

2147 3621 2304 3674 modo
2336 3637 2439 3673 nou
2473 3621 2752 3674 traducere
2776 3663 2790 3685 ,
2824 3636 2921 3674 nec
2965 3621 3285 3675 iuhonorare
3309 3661 3326 3686 ,
3353 3621 3447 3676 sed
3474 3623 3635 3675 etiam
3666 3625 3718 3676 itt

2141 3711 2466 3763 consortium
2514 3712 2774 3778 accipere,
2823 3712 3025 3779 ipsique
3057 3713 3356 3765 ministrare
3399 3714 3716 3780 pmgnanti,

2142 3800 2313 3866 palam
2346 3810 2426 3852 est
2455 3815 2574 3852 eum
2606 3814 2711 3852 non
2741 3800 2816 3852 sic
2847 3801 3128 3864 facturum,
3163 3800 3260 3852 nisi
3287 3814 3590 3867 persuasum
3627 3802 3718 3853 ha-

2141 3889 2339 3942 bnisset
2384 3905 2500 3942 eam
2548 3905 2610 3942 ex
2640 3891 2835 3958 Spiritu
2880 3901 3063 3944 sancto
3101 3891 3450 3958 concepisse;
3481 3891 3716 3958 alioquin

2141 3979 2279 4031 illam
2328 3995 2424 4033 nec
2469 3982 2607 4047 apud
2651 3994 2709 4034 se
2755 3981 3082 4045 retinuisset,
3115 3996 3210 4035 nec
3242 3982 3293 4033 in
3321 3982 3440 4034 aliis
3480 3996 3579 4036 suo
3609 3983 3713 4034 tui-

2137 4068 2356 4120 nisterio
2386 4069 2630 4138 dignatus
2657 4081 2818 4124 esset.
2853 4071 3107 4139 Apposite
3147 4081 3321 4124 autent
3363 4081 3416 4124 et
3459 4072 3583 4125 illud
3627 4073 3714 4124 ad-

2133 4159 2288 4224 jecit,
2323 4157 2535 4210 Inventa
2565 4170 2635 4211 est
2667 4162 2718 4213 in
2759 4169 2899 4214 utero
2929 4161 3155 4225 habens;
3191 4162 3240 4215 id
3272 4162 3411 4230 quod
3441 4163 3543 4216 dici
3576 4165 3713 4216 solet

2138 4245 2186 4296 in
2232 4245 2389 4298 rebus
2419 4248 2712 4314 stupendis,
2763 4264 2880 4317 qua:
2925 4261 3120 4317 praeter
3162 4265 3310 4318 spem
3355 4261 3408 4304 et
3437 4263 3712 4319 exspecta-

2137 4336 2332 4388 tionem
2381 4351 2593 4390 omnem
2639 4340 2904 4394 accidunt.
2950 4341 3027 4396 Nc
3071 4343 3227 4413 igitur
3255 4345 3387 4398 ultra
3429 4345 3709 4415 procedas,

2135 4445 2199 4480 ne
2230 4429 2354 4494 quid
2382 4445 2587 4496 quzeras
2620 4433 2752 4485 ultra
2781 4449 2840 4486 ea
2871 4450 2989 4502 quae
3014 4435 3149 4489 dicta
3180 4446 3322 4496 sunt.
3355 4453 3528 4507 neque
3557 4438 3710 4493 dixe-

2132 4523 2225 4582 ris,
2255 4522 2528 4586 Quomodo
2550 4524 2779 4590 Spiritus
2801 4536 3014 4580 sanctus
3041 4527 3090 4580 id
3117 4545 3180 4582 ex
3210 4528 3424 4598 Virgine
3454 4540 3706 4598 operatus

2121 4614 2248 4666 est?
2279 4613 2332 4666 Si
2370 4615 2510 4667 enim
2538 4625 2719 4670 natura
2750 4629 3004 4687 operante
3030 4635 3188 4675 nemo
3220 4631 3391 4690 potest
3421 4622 3691 4676 formatio-

2124 4705 2204 4756 nis
2244 4704 2457 4758 modum
2502 4707 2765 4774 explicare
2790 4749 2804 4769 .
2837 4712 3104 4778 quomodo
3135 4711 3334 4778 Spiritu
3385 4711 3701 4766 mirabiliter

2122 4806 2308 4864 agente
2331 4838 2346 4861 ,
2395 4798 2682 4865 poterimus
2727 4801 2838 4856 haec
2883 4803 3214 4870 explanare?
3247 4804 3320 4856 Ne
3350 4804 3490 4857 enim
3535 4819 3698 4858 evan~

2121 4889 2361 4954 gelistam
2391 4903 2612 4942 vexares
2640 4899 2692 4944 et
2719 4891 3034 4958 importunis
3062 4895 3445 4962 quaestionibus
3467 4895 3697 4960 exagi'a-

2122 4994 2226 5041 res,
2255 4979 2366 5044 ipse
2383 4980 2658 5033 enuntiato
2682 4981 2917 5035 miraculi
2949 4994 3166 5038 auctore
3193 5000 3311 5038 sese
3343 4986 3422 5037 his
3450 4987 3699 5054 omnibus

2121 5069 2379 5123 liberavit.
2414 5069 2553 5123 Nihil
2602 5072 2731 5124 ultra
2761 5074 2893 5137 scio,
2929 5074 3124 5142 inquit,
3161 5077 3259 5128 nisi
3292 5077 3392 5130 hoc
3427 5092 3456 5129 a
3488 5076 3692 5144 Spiritu

2119 5157 2312 5212 factum
2345 5175 2489 5214 esse.
2527 5160 2852 5216 Erubescant
2883 5164 2915 5216 ii
2961 5166 3048 5233 qui
3081 5179 3363 5234 supernam
3393 5167 3696 5235 generatio.

2119 5264 2239 5302 neut
2269 5250 2535 5305 curiosius
2561 5253 2857 5321 explorant.
2885 5254 2937 5309 Si
2967 5255 3108 5308 enim
3143 5258 3276 5311 hanc
3303 5273 3421 5326 qua:
3448 5259 3694 5312 innume-

2118 5340 2192 5392 ris
2210 5342 2431 5396 testibus
2457 5343 2770 5406 celebratur,
2799 5356 2851 5400 et
2872 5355 2994 5399 ante
3019 5357 3094 5401 tot
3123 5349 3314 5402 sa-cnla
3344 5349 3696 5417 praenuntiata

2117 5429 2285 5485 fuerat
2313 5448 2432 5501 qua!
2458 5443 2510 5485 et
2529 5435 2695 5489 oculis
2721 5447 2774 5490 et
2803 5439 2965 5490 tactui
3017 5440 3197 5506 pervia
3238 5438 3355 5503 fuit,
3405 5454 3563 5494 nemo
3591 5455 3692 5510 po-

2117 5533 2218 5577 test
2242 5525 2509 5594 explicare
2540 5542 2553 5579 :
2587 5529 2640 5579 in
2687 5543 2847 5597 quem
2880 5547 2982 5583 nun
3029 5533 3247 5586 insania:
3287 5534 3552 5586 cumulum
3593 5535 3693 5588 dc-

2109 5615 2333 5669 .vcniunt
2365 5617 2420 5680 ii,
2461 5616 2551 5684 qui
2596 5632 2840 5673 arcanam
2889 5621 3027 5675 illam
3077 5639 3287 5678 curiose
3313 5633 3609 5678 scrutantur
3637 5636 3694 5681 et

2113 5707 2441 5776 explorant?
2485 5707 2668 5780 Neque
2713 5714 2854 5769 enim
2902 5713 3152 5783 Gabriel,
3200 5731 3371 5787 neque
3409 5717 3693 5774 Matthth
