4056 6508
289 413 350 464 ιδ
1432 410 1497 465 ΙΝ
1541 405 1959 466 ΜΔΤΤΙΙᾸΞΙΔΜ
2005 411 2199 470 "OM"
2281 418 2367 474 IV.
3471 429 3545 486 ϐό

273 537 412 594 aliud
457 538 734 607 quidpiam
782 536 961 592 dicere
990 547 1277 605 potuerunt
1298 579 1311 599 ,
1354 539 1452 590 nisi
1482 537 1622 605 quod
1652 552 1714 590 ex
1747 535 1868 603 Spi-

274 631 376 684 ritu
408 641 566 685 natus
593 633 662 684 sit
691 647 703 692 ;
733 631 1002 699 quomodo
1023 639 1199 684 autem
1230 641 1284 684 et
1310 644 1411 698 qua
1442 630 1646 683 ratione
1661 645 1725 682 ex
1752 629 1866 699 Spi-

275 723 377 776 rittt
404 731 562 775 natus
593 721 684 784 sit,
716 721 893 774 nullus
919 736 1105 775 eorum
1135 723 1516 788 interpretatus
1541 728 1624 774 est
1649 735 1662 784 ;
1698 735 1868 788 neque

276 815 414 867 enim
443 813 492 866 id
517 813 636 868 licri
668 823 892 881 poterat.
921 814 1102 884 Neque
1127 813 1402 866 arbitreris
1429 822 1479 868 te
1510 821 1674 866 totum
1698 812 1867 866 edidi-

273 903 406 955 cisse
425 915 548 955 cum
567 902 738 962 audis.
766 901 840 956 Ex
861 903 1057 972 Spiritu
1075 919 1089 955 :
1110 916 1230 954 nam
1254 911 1530 970 postquam
1548 902 1647 954 hoc
1658 901 1872 955 edidici-

274 1006 408 1053 mus,
427 991 592 1043 multa
614 991 787 1044 adhuc
807 993 1130 1061 ignoramus;
1156 992 1383 1059 exempli
1402 1005 1582 1057 causa,
1600 990 1868 1060 quomodo

273 1097 316 1137 IS
343 1083 432 1150 qui
466 1084 754 1137 immensus
790 1094 889 1146 est,
918 1084 969 1135 iu
1008 1083 1162 1136 vulva
1201 1082 1544 1146 continetur;
1598 1083 1868 1149 quomodo

275 1173 316 1226 is
355 1174 444 1240 qui
476 1173 657 1225 omnia
706 1171 978 1236 continet,
1013 1171 1064 1224 in
1111 1182 1263 1225 utero
1301 1172 1540 1225 mulieris
1585 1179 1863 1240 gestator;

271 1263 543 1332 quomodo
574 1262 735 1331 Virgo
767 1263 977 1330 pariat,
1005 1272 1061 1316 et
1099 1261 1258 1331 Virgo
1293 1271 1525 1317 maneat.
1556 1261 1858 1328 Quomodo,

276 1374 464 1428 quaeso
494 1369 569 1424 te,
593 1359 823 1428 Spiritus
849 1360 1100 1426 templum
1124 1357 1250 1411 illud
1271 1356 1572 1411 ell'ormavit
1592 1357 1615 1408 ἲ
1636 1371 1862 1424 quomo-

276 1447 345 1503 do
371 1463 480 1503 non
513 1458 676 1503 totam
715 1463 928 1503 carnem
972 1464 1037 1502 ex
1070 1457 1238 1504 matre
1265 1450 1512 1517 sumpsit,
1533 1447 1627 1501 sed
1659 1457 1863 1516 partem

274 1538 410 1607 ejus,
441 1554 599 1606 quam
633 1539 778 1592 auxit
807 1549 861 1592 et
901 1539 1189 1592 formavit?
1228 1537 1359 1591 Nam
1406 1538 1546 1605 quod
1601 1553 1667 1591 ex
1701 1553 1864 1592 carne

278 1627 512 1697 Virginis
538 1629 822 1695 prodierit,
850 1628 1140 1681 declaravit
1167 1628 1249 1681 his
1297 1628 1476 1682 verbis
1510 1645 1522 1680 :
1553 1627 1703 1693 Quod
1727 1628 1862 1679 enim

274 1719 326 1771 iu
354 1735 414 1772 ea
441 1729 616 1771 natum
642 1729 715 1771 est
738 1733 758 1771 :
782 1729 833 1773 et
866 1719 1061 1772 Paulus
1083 1758 1096 1780 ,
1132 1717 1342 1771 Factum
1367 1734 1430 1771 ea:
1467 1718 1676 1770 muliere
1716 1716 1856 1787 (Gal.

274 1811 328 1865 4.
357 1811 416 1878 4)
449 1827 461 1861 :
500 1811 584 1864 Ex
611 1810 838 1874 muliere,
870 1811 1058 1878 inquit,
1091 1824 1181 1864 ora
1211 1811 1493 1864 obstruens
1543 1824 1728 1863 eorum
1769 1808 1861 1878 qui

273 1898 533 1965 dicerent,
560 1900 711 1968 quasi
739 1914 833 1968 per
852 1900 1134 1968 quemdam
1164 1900 1400 1953 canalem
1427 1914 1521 1969 per
1542 1915 1658 1953 eam
1684 1909 1857 1953 trans-

276 1991 398 2043 iisse
452 1991 724 2044 Christum
769 1991 868 2059 (α).
918 1990 1050 2046 Nam
1081 1988 1136 2044 si'
1178 1991 1284 2044 hoc
1323 2002 1482 2054 esset,
1532 1993 1658 2060 quid
1706 2002 1861 2047 utero

274 2095 405 2147 opus
434 2080 660 2135 luisset?
699 2082 754 2135 Si
784 2080 888 2136 hoc
918 2089 1061 2136 esset
1086 2120 1098 2141 .
1141 2079 1271 2134 nihil
1319 2080 1540 2135 haberet
1580 2081 1856 2136 nobiscum

273 2184 556 2224 commune
582 2187 598 2234 ;
632 2170 724 2226 sed
755 2171 858 2224 alia
886 2181 1029 2226 esset
1049 2172 1134 2225 illa
1162 2185 1310 2234 caro,
1341 2186 1445 2224 non
1472 2186 1538 2224 ex
1557 2186 1727 2225 massa
1758 2187 1858 2226 no-

272 2266 399 2310 stra.
424 2259 705 2324 Quomodo
724 2275 854 2330 ergo
871 2275 934 2315 ex
963 2261 1138 2315 radice
1163 2260 1329 2314 Jessaz
1351 2263 1374 2314 ?
1395 2261 1664 2330 quomodo
1688 2263 1854 2332 virga,

275 2348 354 2401 vel
396 2349 558 2401 Filius
599 2349 870 2404 hominis?
911 2351 1179 2419 quomodo
1203 2351 1301 2405 llos
1324 2353 1339 2383 ³
1363 2352 1385 2403 ?
1409 2352 1676 2420 quomodo
1696 2353 1856 2407 Maria

274 2447 443 2491 mater
464 2440 649 2493 esset?
681 2456 787 2508 quo
818 2452 971 2509 paeto
1015 2456 1079 2495 ex
1115 2443 1320 2497 semine
1363 2441 1565 2496 David?
1590 2444 1858 2511 quomodo

272 2529 495 2582 formant
526 2531 668 2583 servi
697 2531 1007 2600 acceperit?
1048 2533 1318 2601 quomodo
1361 2531 1572 2584 Verbum
1616 2549 1737 2586 caro
1773 2537 1856 2603 fa-

271 2630 408 2673 ctum
429 2630 502 2673 est
528 2620 708 2689 (Joan.
738 2623 790 2675 ι.
820 2621 908 2690 ll)
933 2621 957 2674 ?
985 2638 1087 2690 qua
1132 2622 1340 2677 ratione
1379 2623 1572 2676 Paulus
1601 2623 1857 2678 Romanis

271 2709 440 2763 dixit:
472 2709 554 2764 Ea:
591 2710 767 2775 quibus
791 2710 1017 2764 Christus
1063 2711 1340 2765 secundum
1395 2727 1618 2775 carnem,
1650 2713 1736 2778 qui
1778 2722 1852 2766 est

269 2817 422 2868 super
448 2803 620 2854 omnia
650 2800 783 2854 Deus
817 2801 991 2871 (Rom.
1022 2801 1075 2856 9.
1104 2802 1199 2870 5)?
1229 2801 1382 2866 Quod
1403 2802 1562 2870 igitur
1591 2816 1659 2856 ex
1680 2803 1853 2867 nobis,

271 2906 333 2944 ex
363 2906 536 2944 massa
565 2901 743 2945 nostra
768 2901 820 2945 et
841 2906 906 2945 ex
935 2901 1089 2945 utero
1119 2890 1348 2959 Virginis
1383 2890 1660 2960 prodierit,
1682 2893 1854 2960 palam

271 2992 444 3036 estex
475 2982 632 3036 dictis
670 2997 842 3052 exque
883 2981 1000 3036 aliis
1050 2981 1292 3050 plurimis
1321 2998 1335 3034 :
1363 2981 1632 3050 quomodo
1678 2992 1856 3036 autem

271 3084 378 3123 non
411 3070 560 3124 item.
591 3069 668 3125 Ne
696 3071 854 3139 igitur
880 3071 933 3124 id
960 3079 1014 3124 tu
1040 3084 1251 3139 quaras
1274 3110 1290 3136 ,
1319 3069 1413 3123 sed
1435 3069 1619 3138 accipe
1636 3069 1688 3123 id
1714 3071 1858 3139 quod

272 3161 561 3224 revelatur,
586 3169 640 3215 et
665 3175 734 3214 ne
757 3159 968 3214 curiose
997 3169 1240 3213 scrutare
1261 3159 1314 3213 id
1340 3159 1480 3227 quod
1507 3167 1731 3214 tacetur.
1764 3161 1852 3215 l9.

271 3247 468 3317 ,ἴοιερὴ
489 3260 658 3303 autem
687 3250 763 3301 uir
791 3251 920 3318 ejus,
948 3263 1062 3300 cum
1082 3257 1210 3301 esset
1229 3248 1423 3316 justus,
1455 3249 1642 3317 inquit,
1666 3258 1712 3302 et
1740 3249 1855 3301 nol-

274 3339 339 3390 let
370 3355 482 3390 eum
511 3338 776 3390 traducere
797 3378 810 3402 ,
838 3335 997 3389 voluit
1050 3336 1241 3390 occulte
1271 3336 1521 3390 dimittere
1567 3353 1696 3390 eain.
1725 3339 1856 3393 Cum

262 3422 522 3486 dixisset,
555 3423 639 3477 Ex
687 3423 890 3492 Spiritu
921 3432 1126 3490 sancto,
1158 3433 1212 3478 et
1239 3423 1357 3478 sine
1390 3424 1500 3480 ullo
1532 3440 1846 3497 congressu,

261 3525 563 3565 sermonem
613 3525 770 3566 suum
811 3511 971 3567 etiam
1010 3512 1224 3567 aliunde
1262 3512 1562 3568 conﬁrmat.
1608 3515 1688 3570 Ne
1729 3518 1848 3585 quis

260 3603 406 3656 enim
437 3602 660 3669 diceret,
687 3601 839 3658 Unde
867 3603 970 3658 hoc
995 3602 1334 3658 manifestum
1370 3605 1497 3659 est?
1525 3605 1647 3674 quis
1677 3607 1846 3672 novit,

259 3694 378 3762 quis
399 3693 603 3747 audivit
633 3693 736 3748 tale
768 3694 1041 3764 quidpiam
1082 3693 1278 3749 factum
1308 3697 1467 3750 esse?
1505 3711 1572 3751 ne
1612 3693 1850 3766 stiSpica-

261 3784 396 3838 reris
433 3782 750 3851 discipulum
797 3785 850 3837 in
888 3785 1116 3853 gratiam
1157 3786 1396 3854 magistri
1446 3785 1550 3840 hoc
1574 3801 1850 3841 commen-

259 3883 371 3927 tum
404 3889 528 3929 esse
556 3889 570 3925 :
603 3873 802 3928 inducit
842 3873 1130 3944 Josephum
1150 3916 1164 3940 ,
1199 3890 1292 3942 per
1317 3890 1379 3929 ea
1409 3891 1528 3943 qua:
1558 3891 1744 3945 passus
1767 3887 1851 3933 est

259 3963 342 4018 his
368 3963 531 4017 ﬁdem
554 3963 853 4028 iacientem,
881 3978 944 4018 ac
972 3965 1016 4017 si
1041 3963 1244 4019 diceret
1276 3982 1289 4017 :
1319 3964 1374 4019 Si
1399 3965 1528 4020 mihi
1560 3966 1720 4022 ﬁdem
1745 3983 1850 4021 non

257 4053 447 4116 babes,
472 4053 514 4105 si
552 4054 908 4106 testimonium
949 4069 1122 4107 meum
1151 4054 1242 4108 tibi
1271 4067 1574 4122 suspectum
1603 4066 1705 4117 est,
1737 4071 1852 4110 cre-

205 4165 210 4168 ·
257 4143 326 4196 de
361 4143 480 4196 viro
505 4141 693 4219 illius.
735 4142 928 4210 Joseplt
976 4144 1116 4197 enim
1138 4184 1152 4207 ,
1184 4143 1258 4196 ait
1284 4184 1297 4207 ,
1329 4145 1405 4197 vir
1427 4146 1556 4214 ejus,
1585 4162 1700 4198 cum
1727 4155 1853 4201 esset

249 4234 441 4301 justus.
483 4233 694 4288 Justum
725 4231 809 4287 hic
854 4236 994 4287 omni
1037 4234 1230 4288 virtute
1265 4234 1543 4302 pratditum
1585 4235 1753 4288 dicit:
1785 4238 1851 4291 ad

252 4325 517 4392 justitiam
548 4324 688 4377 enim
731 4325 960 4393 pertinet
989 4340 1094 4377 non
1121 4339 1240 4378 esse
1268 4340 1508 4388 avarum,
1540 4336 1728 4394 estque
1759 4327 1849 4393 ju-

256 4419 396 4471 stitia
427 4418 608 4470 omnis
636 4417 803 4469 virtus
839 4435 853 4471 :
882 4425 935 4471 et
971 4416 1069 4469 hoc
1119 4418 1348 4470 maxime
1394 4431 1555 4470 sensu
1578 4417 1852 4486 Scriptura

252 4510 478 4578 justitta:
522 4523 654 4563 voce
694 4511 876 4573 utitur,
909 4517 965 4562 ut
1006 4511 1223 4578 quando
1253 4509 1383 4562 dicit
1415 4527 1427 4560 :
1467 4508 1631 4564 Homo
1654 4511 1849 4580 justus,

256 4615 410 4654 ceras
430 4600 560 4672 (Job
590 4600 639 4653 ί.
675 4600 732 4669 l)
758 4615 773 4663 ;
799 4613 861 4653 ac
890 4615 1100 4653 rursum
1120 4639 1137 4662 ,
1170 4598 1334 4652 Erunt
1359 4600 1501 4653 amba
1538 4601 1660 4664 iusti
1698 4600 1848 4671 (Luc.

259 4690 309 4744 t.
337 4690 415 4759 6).

313 4850 368 4903 4.
405 4846 632 4917 Iosephi
681 4845 864 4900 Mariis
893 4848 986 4901 viri
1039 4849 1232 4903 laudes.
1258 4881 1328 4890 —
1352 4851 1532 4907 Justus
1574 4871 1702 4924 ergo
1726 4873 1838 4910 cum

245 4947 389 5002 esset,
420 4939 474 4993 id
513 4949 632 5005 est,
678 4939 958 5007 benignus,
991 4939 1321 5007 moderatus,
1349 4944 1504 4997 voluit
1533 4946 1726 5000 occulte
1754 4948 1838 5000 di-

247 5030 441 5082 mittere
485 5047 621 5083 eam.
656 5029 782 5083 Ideo
812 5029 862 5082 id
902 5030 1040 5098 quod
1080 5031 1302 5100 contigit
1341 5046 1552 5089 enarrat
1595 5047 1716 5092 ante
1745 5054 1838 5093 no-

251 5121 414 5174 titiam
442 5120 650 5183 datam,
687 5128 745 5173 ut
772 5135 838 5174 ne
866 5120 1026 5176 ﬁdem
1057 5122 1282 5185 deroees
1307 5124 1368 5178 iis
1400 5141 1519 5194 qua:
1546 5142 1604 5182 rc
1629 5132 1836 5197 cognita

300 5370 369 5438 (ᾳ)
403 5372 455 5422 Id
477 5369 810 5438 Valentiniani
825 5367 1065 5438 dicebant,
1089 5374 1145 5417 ut
1160 5367 1314 5438 habet
1333 5367 1621 5438 Epiphanius
1636 5378 1687 5427 p.
1714 5368 1820 5425 172,

241 5427 516 5538 anili-eatea
537 5448 587 5496 p.
616 5433 730 5491 189,
746 5443 833 5492 per
850 5429 1052 5480 nariam
1074 5427 1387 5490 pertransisse
1405 5427 1527 5478 uelut
1545 5440 1723 5494 aquam
1738 5442 1826 5493 per

333 5505 416 5538 mi.

303 5565 471 5628 Haec.
497 5571 736 5627 quomodo
755 5564 882 5628 ﬂos?
903 5579 998 5615 non
1016 5563 1245 5628 leguntur
1268 5560 1391 5628 apud
1414 5559 1575 5628 savil..
1601 5565 1653 5606 ct
1676 5570 1701 5604 a
1723 5556 1827 5628 plu-

242 5626 369 5731 amjs
390 5619 720 5687 Mss.'ahsuut,
746 5619 831 5680 sed
855 5619 1095 5678 habent-tt"
1122 5627 1174 5676 iu
1195 5619 1359 5675 Morel.
1399 5630 1451 5673 et
1481 5621 1604 5672 lecta
1624 5631 1740 5668 sunt
1766 5619 1828 5667 ah

287 5698 445 5736 atauo.

1963 533 2109 590 gesta
2143 532 2282 576 sunt.
2313 524 2472 579 Certe
2499 526 2543 579 si
2575 527 2696 581 talis
2729 528 2814 581 illa
2848 529 3059 596 fuisset,
3081 546 3185 584 non
3209 531 3369 586 modo
3394 533 3553 603 digna

1965 623 2080 666 erat
2112 629 2230 681 quin
2257 614 2648 680 traduceretur,
2668 618 2763 671 sed
2785 619 2944 672 etiam
2971 620 3112 675 illam
3135 623 3394 690 supplicio
3414 624 3553 678 allici

1965 703 2052 756 lex
2079 702 2321 770 jubebat.
2346 703 2537 757 Verum
2561 705 2759 777 Joseph
2789 723 2893 760 non
2923 709 3081 762 modo
3110 711 3159 764 ei
3190 712 3328 779 quod
3360 727 3551 782 majus,

1965 793 2058 847 sed
2087 795 2246 848 etiam
2279 795 2325 849 ei
2357 795 2499 863 quod
2541 797 2716 851 minus
2743 807 2861 852 erat
2898 801 3184 865 consuluit,
3214 818 3409 872 nempe
3454 821 3553 873 pu-

1965 884 2102 938 dori.
2131 883 2247 938 Non
2280 885 2441 938 modo
2463 887 2604 939 enim
2647 888 2839 955 punire
2867 889 3101 953 nolebat,
3132 891 3226 945 sed
3268 907 3334 946 ne
3376 893 3554 948 tradu-

1967 987 2090 1026 cere
2117 973 2352 1042 quidem.
2389 974 2632 1031 Vidistin‘
2659 976 3032 1046 philosophum
3064 983 3256 1043 virutn,
3289 992 3341 1035 et
3367 992 3554 1052 tyran-

1967 1063 2086 1116 nico
2109 1064 2200 1116 illo
2218 1063 2412 1118 affectu
2439 1069 2701 1123 vacuum?
2723 1068 2902 1123 Nostis
2924 1073 3064 1125 enim
3083 1083 3313 1141 quantus
3336 1078 3553 1128 morbus

1965 1151 2036 1202 sit
2083 1153 2365 1221 zelotypia.
2400 1155 2756 1220 Quamobrem
2786 1159 2832 1211 is
2875 1161 2963 1228 qui
3017 1160 3067 1213 id
3124 1163 3287 1229 probe
3329 1162 3552 1228 sciebat,

1964 1242 2098 1296 dixit
2125 1257 2140 1298 :
2173 1242 2364 1298 Plenus
2394 1247 2502 1298 zelo
2549 1258 2622 1302 «st
2655 1248 2801 1316 furor
2839 1251 2934 1303 viri
2979 1253 3131 1320 ejus;
3173 1269 3274 1306 nou
3304 1265 3474 1321 parcet
3500 1254 3551 1306 in

1963 1325 2046 1380 die
2084 1329 2316 1382 vindictae
2346 1328 2527 1403 (Prov.
2576 1338 2610 1387 ἱ.
2649 1336 2780 1404 54);
2833 1347 2908 1405 et,
2957 1336 3104 1390 Dura
3147 1341 3277 1392 sicut
3326 1341 3558 1409 infernus

1960 1418 2215 1473 aunulatio
2267 1420 2437 1486 (Cant.
2487 1423 2516 1477 8
2586 1426 2665 1489 6).
2709 1425 2864 1480 Certe
2909 1428 3107 1481 multos
3151 1429 3418 1493 novimus,
3463 1432 3554 1499 qui

1961 1508 2147 1561 malint
2175 1511 2406 1565 animam
2436 1522 2704 1578 amittere,
2747 1531 2906 1585 quam
2952 1518 3001 1571 in
3049 1519 3327 1589 zelotypire
3372 1522 3553 1588 suspi-

1962 1598 2168 1652 cionem
2204 1602 2458 1658 incidere.
2485 1605 2581 1660 llic
2612 1622 2772 1676 porro
2819 1622 2925 1662 non
2975 1625 3123 1663 mera
3151 1613 3385 1679 suspicio
3414 1623 3550 1674 erat,

1959 1703 2077 1739 Clllll
2111 1692 2249 1746 uteri
2282 1704 2458 1748 tumor
2485 1712 2595 1750 rem
2621 1699 2794 1765 palam
2826 1699 3041 1754 faceret.
3065 1703 3313 1756 Attamen
3342 1704 3410 1758 ita
3437 1713 3556 1759 erat

1956 1781 2023 1833 ab
2051 1783 2150 1837 hoc
2181 1787 2562 1843 animimorbo
2592 1791 2744 1855 liber,
2775 1802 2832 1845 ut
2873 1808 2940 1846 ne
2981 1793 3032 1846 in
3066 1795 3302 1849 minimis
3337 1797 3552 1863 quidem

1958 1871 2115 1926 vellet
2149 1873 2351 1944 Virgini
2395 1881 2701 1933 mmstitiam
2732 1880 2951 1935 inferre.
2983 1882 3116 1948 Quia
3147 1899 3276 1954 ergo
3299 1886 3442 1940 illam
3472 1888 3552 1940 in-

1958 1967 2039 2012 tus
2061 1962 2198 2029 apud
2225 1979 2283 2018 se
2311 1967 2543 2021 retinere
2585 1985 2680 2036 per
2711 1969 2883 2037 legem
2915 1987 3020 2024 non
3052 1972 3214 2026 licere
3245 1974 3545 2039 videbatur,

1958 2050 2238 2107 traducere
2277 2067 2454 2109 autem
2482 2057 2624 2110 illam
2652 2068 2708 2112 et
2736 2060 2786 2113 in
2812 2061 3073 2128 judicium
3102 2063 3339 2128 trahere,
3374 2065 3426 2118 id
3454 2080 3551 2118 ne-

1956 2144 2195 2195 cessario
2223 2155 2340 2200 erat
2365 2147 2430 2201 ad
2460 2159 2689 2204 mortem
2720 2152 2930 2206 tradere
2964 2171 2976 2205 :
3011 2162 3256 2208 neutrum
3285 2155 3425 2221 fecit,
3451 2157 3549 2212 sed

1955 2245 2114 2300 supra
2168 2237 2338 2306 legem
2363 2240 2473 2306 jam
2526 2255 2585 2295 se
2627 2257 2815 2311 gerere
2856 2245 3038 2312 ctepit.
3067 2246 3358 2314 Oportebat
3402 2249 3546 2302 enim

1951 2321 2059 2387 jam
2113 2318 2430 2384 adveniente
2459 2331 2648 2396 gratia,
2683 2333 2847 2387 multa
2877 2334 3025 2402 signa
3057 2336 3250 2391 adesse
3300 2338 3548 2392 sublimis

1957 2409 2179 2481 hujusce
2209 2415 2458 2472 instituti.
2507 2421 2969 2487 Quemadmodum
3002 2425 3145 2478 enim
3177 2427 3277 2488 sol,
3308 2427 3546 2482 nomium

1951 2503 2132 2557 radios
2170 2507 2482 2573 ostendens,
2515 2512 2726 2566 eminus
2767 2521 2942 2566 tamen
2996 2525 3204 2583 partem
3256 2520 3544 2573 maximam

1952 2592 2097 2645 orbis
2140 2593 2372 2650 illustrat
2413 2600 2550 2654 :sic
2594 2616 2806 2671 quoque
2854 2601 3097 2657 Christus
3143 2619 3206 2659 ex
3251 2614 3408 2660 utero
3451 2607 3546 2662 illo

1955 2684 2277 2749 exoriturus,
2306 2697 2590 2756 antequam
2635 2693 3001 2759 egrederetur,
3047 2695 3232 2749 orbem
3279 2704 3450 2749 totum
3482 2697 3548 2750 il-

1950 2770 2246 2828 luminavit.
2279 2774 2481 2830 ldcirco
2523 2779 2603 2832 vel
2652 2789 2777 2834 ante
2825 2792 3032 2849 partum
3063 2784 3338 2852 propheta:
3366 2785 3549 2839 exsul-

1951 2859 2148 2922 tabant,
2183 2872 2240 2915 et
2282 2864 2536 2919 mulieres
2587 2867 2764 2922 futura
2797 2871 3180 2938 prmdicebant,
3211 2883 3283 2941 et,
3305 2872 3545 2929 Joannes

1948 2951 2182 3005 nondum
2228 2968 2258 3006 e
2287 2956 2438 3008 vulva
2483 2972 2757 3025 egressus,
2786 2961 2852 3014 ab
2893 2971 3045 3015 utero
3085 2964 3413 3022 exsultabat.
3446 2965 3545 3020 Hic

1950 3043 2126 3110 itaque
2148 3043 2368 3098 multam
2399 3045 2599 3116 Joseph
2623 3050 2861 3103 ostendit
2889 3051 3279 3121 philosophiam
3313 3072 3325 3106 :
3371 3069 3546 3124 neque
3635 3100 3640 3104 .

1947 3131 2089 3183 enim
2138 3135 2411 3187 accusavit
2459 3135 2622 3199 illam,
2671 3153 2854 3206 neque
2897 3141 3243 3207 exprobravit
3281 3141 3394 3207 illi,
3444 3143 3543 3198 sed

1946 3221 2217 3278 dimittere
2261 3235 2463 3280 tantum
2498 3230 2782 3296 cogitabat.
2818 3231 2875 3285 In
2926 3231 3029 3287 hoc
3076 3248 3257 3288 rerum
3299 3244 3460 3301 statu,
3488 3241 3546 3290 et

1947 3311 1999 3364 in
2046 3311 2144 3366 hac
2178 3317 2520 3383 negotiorum
2562 3317 2895 3382 difﬁcultate,
2927 3322 3406 3391 advenit.angelus
3447 3327 3540 3395 qui

1944 3403 2266 3456 anxietatem
2298 3419 2513 3460 omnem
2543 3407 2714 3462 tollat.
2745 3408 3105 3474 Quaerendum
3129 3422 3309 3466 autem
3340 3423 3423 3468 est
3441 3430 3540 3470 cur

1946 3494 2166 3562 angelus
2205 3510 2309 3549 non
2340 3505 2465 3550 ante
2492 3498 2715 3561 venerit,
2736 3513 2893 3568 quam
2922 3501 3003 3554 vir
3025 3502 3113 3556 ille
3139 3501 3255 3557 lucc
3279 3502 3330 3555 in
3358 3504 3539 3558 animo

1944 3594 2204 3649 versaret,
2235 3586 2327 3640 sed
2375 3601 2494 3640 cum
2530 3588 2643 3642 haec
2691 3588 2780 3644 ille
2809 3591 3087 3660 cogitaret.
3118 3601 3245 3645 tunc
3293 3594 3533 3648 venerit:

1944 3689 2065 3727 nant
2092 3675 2198 3727 ait:
2221 3675 2310 3728 ΩΟ.
2339 3674 2466 3728 Πωε
2486 3675 2577 3728 illo
2611 3678 2874 3745 cogitante,
2892 3676 3119 3746 angelus
3147 3689 3316 3747 venit,
3353 3694 3538 3749 juam-

1942 3778 2102 3832 quam
2129 3766 2286 3819 etiam
2317 3775 2603 3833 antequam
2631 3767 2716 3820 illa
2746 3773 3074 3835 conciperet,
3105 3769 3324 3822 nuntius
3348 3783 3535 3824 acces-

1943 3855 2092 3920 serit,
2125 3855 2268 3907 unde
2296 3855 2455 3908 etiam
2489 3857 2591 3908 alia
2632 3856 2860 3924 quaastio
2899 3859 3090 3911 oritur.
3124 3857 3258 3911 Nam
3303 3860 3402 3912 etsi
3434 3873 3535 3911 an—

1942 3942 2232 4011 gelusyiro
2260 3959 2364 3997 non
2385 3945 2613 4012 dixerat,
2634 3962 2728 3999 cur
2747 3945 2910 4014 Virgo
2934 3946 3097 4000 tacuit
3120 3945 3234 4002 hate
3253 3947 3321 4000 ab
3345 3948 3536 4018 angelo

1946 4035 2150 4096 audita,
2183 4045 2234 4086 et
2263 4050 2385 4086 cum
2426 4051 2682 4102 sponsum
2728 4051 2881 4090 suum
2915 4037 3130 4090 anxium
3173 4038 3397 4102 videret,
3429 4053 3538 4092 non

1944 4124 2062 4192 ejus
2091 4124 2412 4177 anxietatem
2438 4124 2688 4178 sustulit?
2717 4140 2813 4177 cur
2839 4141 2968 4194 ergo
2995 4135 3281 4194 antequam
3311 4128 3397 4181 ille
3427 4136 3541 4180 tur—

1947 4213 2186 4276 baretur,
2220 4213 2439 4282 angelus
2487 4229 2592 4266 non
2640 4229 2753 4267 rem
2799 4216 2872 4267 illi
2910 4217 3158 4284 aperuit?
3189 4232 3310 4270 nam
3360 4232 3539 4286 operae

1945 4304 2174 4372 pretium
2234 4314 2316 4356 est
2377 4304 2609 4371 priorem
2667 4305 3019 4373 qumstionem
3077 4308 3248 4373 ptimo
3304 4309 3537 4364 solvere.

1946 4397 2124 4460 Quare
2151 4411 2263 4451 rem
2300 4397 2371 4448 illi
2404 4411 2506 4449 non
2539 4398 2787 4463 aperuit?
2830 4398 2907 4452 Ne
2932 4399 3078 4453 dicto
3108 4400 3264 4454 Iidem
3297 4415 3538 4471 negaret,

1946 4497 2000 4539 et
2031 4487 2262 4554 idipsum
2289 4487 2558 4541 accideret
2585 4489 2660 4541 illi
2683 4489 2822 4557 quod
2847 4490 3141 4544 Zachariae.
3166 4491 3386 4547 Nam're
3411 4509 3544 4547 ocu-

1947 4576 2013 4629 lis
2043 4587 2314 4646 percepta,
2353 4577 2507 4633 facile
2553 4589 2669 4634 erat
2701 4588 2826 4633 tunc
2872 4580 3096 4636 credere
3128 4599 3143 4636 :
3185 4596 3309 4637 cum
3362 4595 3541 4640 autem

1948 4668 2194 4724 nondum
2234 4670 2514 4740 cmpisset,
2564 4687 2676 4725 non
2723 4671 2883 4726 facile
2932 4672 3082 4726 credi
3126 4680 3367 4739 poterat.
3416 4673 3550 4729 Ideo

1950 4761 2005 4816 id
2061 4763 2289 4832 angelus
2337 4763 2496 4816 initio
2538 4778 2648 4817 non
2702 4762 2862 4825 dixit,
2914 4772 2971 4817 et
3022 4763 3188 4832 Virgo
3239 4763 3434 4818 eadem
3477 4765 3550 4821 de

1950 4867 2113 4907 causa
2165 4854 2356 4907 tacuit.
2402 4853 2596 4924 Neque
2645 4854 2795 4909 enim
2848 4863 3094 4924 putasset
3140 4857 3242 4911 sibi
3297 4874 3414 4912 rem
3463 4859 3550 4914 ius»

1947 4942 2268 4998 credibilem
2311 4946 2589 5000 nuntianti
2639 4962 2670 5000 a
2718 4962 2923 5016 sponso
2968 4947 3131 5001 [idem
3173 4964 3296 5003 esse
3337 4951 3550 5005 baben-

1947 5034 2103 5099 dam;
2159 5035 2271 5090 imo
2324 5037 2605 5093 timuisset
2656 5053 2714 5092 se
2774 5038 2929 5093 illum
2991 5040 3045 5094 in
3102 5041 3241 5093 iram
3293 5043 3550 5097 concita-

1949 5132 2129 5180 turam
2171 5141 2316 5189 esse,
2356 5129 2514 5196 quasi
2561 5127 2864 5182 admissum
2908 5139 3199 5198 peccatum
3245 5139 3545 5202 tegentem.

1947 5216 2005 5270 Si
2057 5218 2204 5272 enim
2253 5220 2419 5272 etiam
2464 5220 2584 5288 ipsa
2629 5237 2751 5289 qua:
2808 5229 3016 5276 tantam
3064 5223 3297 5292 gratiam
3348 5239 3548 5290 perce-

1948 5317 2107 5376 ptura
2157 5318 2297 5371 erat,
2350 5309 2654 5363 humanum
2707 5311 2842 5380 quid
2897 5329 3057 5382 passa
3109 5321 3193 5367 est
3247 5323 3304 5369 et
3354 5314 3546 5371 dixit:

1949 5395 2220 5462 Quomodo
2258 5398 2351 5464 [iet
2393 5400 2570 5466 istud,
2630 5404 2886 5471 quoniam
2925 5405 3098 5457 virum
3144 5423 3248 5458 non
3292 5421 3550 5474 cognosto

1952 5486 2119 5556 (Luc.
2189 5489 2237 5541 l.
2303 5490 2460 5561 34)?
2527 5493 2705 5548 multo
2778 5497 2953 5565 magis
3023 5497 3114 5551 ille
3180 5497 3546 5554 dubitasset:

1950 5590 2075 5633 Cum
2109 5580 2344 5636 maxime
2393 5582 2448 5637 id
2493 5583 2740 5641 audisset
2783 5601 2814 5641 a
2866 5587 3099 5643 muliere
3135 5587 3266 5643 hinc
3297 5589 3402 5643 sibi
3449 5604 3550 5644 su-

1951 5676 2160 5733 specta.
