4056 6514
526 399 592 453 «IS
1217 392 1273 448 S.
1314 391 1594 447 JOANNIS
1624 382 2109 445 CHRYSOSTOMI
2142 379 2457 437 AltClllEP.
2491 370 3035 433 CONS'I’ANTINOP.
3675 357 3745 410 ισι

588 519 642 571 5.
672 515 794 567 ldcu
827 510 980 574 Virgo
1001 505 1210 574 quidem
1243 501 1368 551 nihil
1401 497 1496 559 ipsi
1520 495 1682 546 dicit:
1713 490 1929 557 angelus
1956 499 2081 537 veto

517 619 757 673 tempore
778 596 1086 667 Congruenti
1118 591 1346 645 advenit.
1375 590 1568 650 Quare,
1603 582 1828 648 inquies,
1858 577 2082 642 itlipsunt

517 663 647 762 erga
673 663 944 757 Virginein
969 700 1072 737 non
1105 680 1247 735 fecit.
1282 690 1378 729 nec
1414 671 1950 741 posteonccptionem
1981 663 2082 731 ipsi

522 751 633 837 rein
659 751 934 831 nuntiavit.
964 771 1042 825 Ne
1066 770 1117 822 in
1140 762 1535 836 perturbatione
1561 773 1746 825 magna
1776 755 1926 808 foret.
1955 751 2084 805 Nam

529 868 821 923 timendum
845 874 958 918 erat
983 878 1050 918 ne
1071 862 1157 916 illa
1187 860 1258 912 rei
1292 857 1563 910 veritatem
1593 866 1696 904 non
1725 837 1869 903 clare
1893 849 2085 908 sciens,

526 961 593 1013 de
634 973 691 1012 se
720 955 845 1024 quid
893 953 1142 1007 acerbum
1192 952 1524 1006 decerneret,
1559 958 1659 994 neu
1706 941 1937 992 dedecus
1987 940 2089 988 mm

527 1049 702 1101 ferens
727 1043 790 1096 ad
818 1043 1058 1109 laqueum
1087 1038 1168 1091 vel
1196 1036 1260 1089 ad
1286 1033 1517 1103 gladium
1559 1034 1880 1098 properaret.
1912 1024 2090 1077 Adtui-

527 1136 688 1190 nanda
724 1134 916 1201 quippe
942 1129 1100 1198 Virgo
1141 1136 1277 1187 erat,
1309 1124 1528 1191 ejusque
1569 1119 1815 1171 virtutem
1857 1115 2091 1169 declarat

527 1226 694 1278 Lucas
738 1238 856 1275 cum
899 1221 996 1286 ait,
1035 1233 1149 1270 eam
1196 1214 1406 1284 quando
1449 1210 1820 1264 Salutationem
1866 1205 2085 1272 accepit,

525 1333 628 1370 non
659 1317 834 1367 statim
867 1316 1062 1382 gaudio
1111 1308 1372 1379 perfusam
1404 1304 1587 1363 fuisse,
1617 1315 1714 1354 nec
1741 1301 1877 1353 dicta
1909 1311 2089 1350 susce-

525 1411 701 1475 pisse;
735 1406 826 1460 sed
857 1405 1117 1458 turbatam
1153 1400 1458 1468 qumsivissc
1489 1395 1661 1464 qualis
1703 1400 1844 1445 esset
1877 1392 1971 1442 ista
2003 1403 2092 1440 sa-

525 1499 730 1551 lutatio.
759 1498 884 1562 Quae
905 1507 1080 1548 autem
1108 1493 1184 1547 sic
1208 1501 1510 1559 comparata
1533 1496 1668 1551 erat,
1703 1498 1936 1537 mmrore
1965 1497 2093 1534 con-

526 1590 659 1641 fecta
713 1586 936 1650 fuisset,
986 1586 1060 1638 rei
1114 1583 1381 1636 infamiam
1430 1594 1611 1632 secum
1667 1583 1951 1644 reputans,
1994 1585 2095 1625 nec

525 1693 745 1745 sperans
777 1690 933 1744 posse
978 1690 1036 1729 se
1062 1672 1363 1741 quempiam
1406 1669 1730 1721 audientium
1760 1664 1824 1718 ad
1866 1661 2093 1717 creden-

531 1769 657 1821 dutn
688 1766 957 1825 inducere,
984 1764 1122 1832 quod
1151 1763 1201 1815 id
1233 1776 1335 1814 non
1385 1774 1450 1812 ex
1501 1754 1766 1810 adulterio
1795 1752 2088 1821 profectum

529 1867 691 1910 esset.
717 1856 789 1909 Ne
819 1857 990 1923 itaque
1021 1854 1069 1907 id
1096 1855 1350 1910 eveniret,
1372 1858 1494 1902 ante
1521 1844 1918 1915 conceptionem
1947 1841 2094 1893 venit

533 1947 770 2015 angelus.
799 1943 1003 1997 Etenim
1033 1931 1313 2009 oportebat
1338 1937 1773 2006 imperturbatum
1814 1946 1932 1986 esse
1973 1938 2094 1982 ute-

523 2053 641 2091 rum
685 2037 866 2097 illum,
909 2033 962 2085 in
1007 2047 1166 2099 quem
1212 2029 1448 2082 omnium
1490 2027 1712 2080 Creator
1758 2023 2092 2089 ingressurus

522 2135 656 2188 erat,
689 2133 742 2176 ct
771 2122 913 2173 omni
967 2120 1192 2172 tumultu
1228 2131 1447 2168 vacuam
1493 2113 1724 2165 animam
1777 2110 1942 2171 illam,
1975 2121 2092 2175 qute

528 2211 901 2282 mysteriorum
954 2217 1218 2261 tantormn
1267 2206 1506 2257 n'iiuistra
1553 2202 1728 2254 futura
1772 2207 1906 2250 erat.
1961 2195 2090 2247 l‘ro-

524 2315 703 2371 pterea
753 2301 947 2369 Virgini
989 2309 1112 2352 ante
1141 2297 1571 2363 ceuceptiouem,
1619 2291 1854 2357 Josepbo
1892 2297 2088 2348 autem,

523 2409 641 2446 cum
663 2400 893 2459 gestaret
919 2397 1126 2440 uterum
1153 2385 1334 2451 Virgo,
1354 2384 1604 2450 loquutus
1645 2390 1746 2433 est.
1771 2375 1922 2441 Quod
1945 2371 2094 2426 multi

524 2482 902 2550 sitnpliciorum
924 2492 1046 2530 non
1062 2477 1440 2544 intelligentes,
1475 2468 1954 2524 hicdissonantiam
1977 2478 2094 2518 esse

522 2574 771 2625 dixerunt
807 2587 820 2622 :
863 2568 1110 2635 quoniam
1141 2565 1314 2618 Lucas
1340 2563 1477 2616 dixit
1512 2560 1690 2612 Mariae
1722 2557 1965 2610 nuntium
2000 2568 2090 2606 ve-

524 2663 686 2724 nisse,
732 2657 1008 2712 Matthtcus
1054 2665 1230 2707 autem
1275 2650 1553 2718 .losepho:
1599 2662 1705 2700 non
1752 2643 2092 2698 advertentes

523 2765 802 2820 utrumque
826 2758 1034 2818 gestum
1067 2747 1250 2798 fuisse.
1287 2743 1340 2796 id
1368 2739 1509 2809 quod
1538 2741 1700 2792 etiam
1745 2738 1797 2788 in
1845 2734 2092 2788 omnibus

524 2844 759 2898 historiis
785 2837 1174 2894 observandum
1221 2843 1302 2888 est
1331 2850 1344 2885 :
1377 2834 1454 2885 sic
1501 2831 1643 2884 enim
1693 2828 1883 2881 multas
1922 2825 2093 2879 disso-

523 2936 752 2997 nantias,
777 2941 829 2982 ut
854 2929 1068 2997 quidem
1106 2933 1376 2994 putantur,
1409 2921 1772 2989 expediemus.
1807 2916 1964 2970 Venit
1993 2917 2092 2966 ita-

523 3039 624 3089 que
653 3021 892 3088 angelus,
923 3017 1232 3086 perturbato
1260 3013 1512 3081 Joseplto.
1539 3010 1670 3063 Nam
1702 3019 1753 3061 et
1783 3014 2004 3076 propter
2031 3018 2090 3057 ea

522 3127 634 3182 quae
673 3125 828 3177 supra
866 3109 1006 3162 dicta
1038 3113 1183 3160 sunt.
1217 3112 1270 3156 et
1300 3109 1357 3155 ut
1402 3101 1521 3167 ejus
1565 3096 1896 3166 philosOphia
1925 3109 2089 3164 appa-

522 3208 680 3263 reret,
699 3198 981 3250 adventum
1004 3208 1160 3247 suum
1185 3189 1384 3244 ditTert.
1405 3188 1536 3242 Cum
1566 3200 1692 3241 vero
1714 3200 1799 3240 res
1820 3184 1930 3254 jam
1949 3191 2091 3238 esset

523 3289 802 3356 implenda,
843 3287 1057 3340 advenit
1086 3284 1323 3336 demum.
1368 3278 1494 3331 Ηιεε
1537 3288 1702 3328 autem
1738 3292 1794 3328 eo
1821 3275 2090 3344 cogitante,

523 3380 728 3448 augetur
756 3379 808 3430 in
834 3378 1019 3432 somnis
1046 3374 1287 3444 apparuit
1312 3371 1522 3436 Joseph.
1554 3367 1741 3421 Viden‘
1770 3366 1868 3419 viri
1913 3363 2096 3419 mode-

525 3467 825 3524 rationem?
864 3465 976 3519 Non
1007 3463 1164 3517 modo
1194 3475 1296 3512 non
1329 3456 1548 3526 punivit,
1583 3454 1676 3508 sed
1703 3453 1901 3506 nemini
1929 3451 2083 3516 dixit,

524 3574 586 3612 ac
622 3573 686 3611 ne
713 3555 786 3610 illi
815 3554 1030 3624 quidem
1053 3565 1171 3620 quin
1196 3550 1249 3603 in
1277 3545 1632 3619 suspicionem
1661 3541 1939 3604 veniebat;
1993 3540 2087 3595 sed

528 3665 640 3704 rem
667 3663 848 3702 secum
880 3644 1171 3714 cogitabat,
1190 3652 1244 3695 et
1273 3653 1519 3695 secessus
1547 3633 1968 3703 causamV’irgiui
1998 3634 2095 3686 ob-

526 3751 702 3809 tegere
748 3735 1015 3790 studebat.
1065 3733 1249 3801 Neque
1295 3731 1436 3785 enim
1464 3728 1599 3782 dixit
1649 3727 1820 3793 ipsum
1867 3720 2097 3774 voluisse

527 3830 668 3883 illam
695 3827 909 3894 ejicere,
936 3823 1027 3878 sed
1053 3824 1321 3877 dimittere
1356 3841 1368 3874 :
1396 3832 1563 3887 usque
1592 3815 1727 3868 adeo
1757 3812 2015 3881 benignus
2041 3816 2098 3862 et

531 3917 842 3970 moderatus
880 3917 960 3966 vir
989 3923 1120 3967 erat.
1153 3912 1274 3964 Haec
1312 3919 1487 3963 autem
1509 3904 1768 3973 cogitanti
1812 3902 1862 3955 in
1895 3897 2099 3952 somnis

527 4015 746 4076 apparet
776 4001 1113 4076 angelus._Et
1139 4015 1237 4052 cur
1261 4012 1366 4051 non
1396 4006 1600 4065 aperte,
1633 4003 1688 4046 ut
1717 3989 2015 4060 pastoribus
2042 3995 2098 4041 et

529 4096 802 4149 Zacharitn
845 4071 990 4146 visus
1027 4071 1133 4152 est,
1170 4101 1375 4141 necnon
1405 4088 1566 4138 etiam
1608 4081 1850 4148 Virgini?
1895 4078 2097 4131 Admo-

529 4189 653 4237 dum
685 4182 854 4236 ﬁdelis
881 4182 959 4232 vir
998 4187 1132 4240 erat,
1165 4189 1337 4245 neque
1380 4173 1569 4239 egebat
1598 4170 1686 4223 tali
1717 4168 1934 4221 visione.
1971 4164 2100 4218 Nam

531 4273 710 4342 Virgo,
744 4272 827 4324 cui
871 4267 1287 4321 annuntiabatur
1331 4278 1417 4317 res
1446 4270 1610 4323 tanta,
1637 4268 1690 4313 et
1733 4259 1889 4326 longe
1937 4255 2101 4323 major

531 4379 686 4430 quam
720 4361 1004 4421 Zachariae,
1036 4358 1196 4412 etiam
1229 4366 1350 4409 ante
1379 4369 1492 4408 rem
1520 4353 1686 4421 ipsam
1729 4351 1918 4419 egebat
1946 4349 2102 4401 mira-

531 4454 624 4507 bili
674 4450 901 4518 quadam
957 4449 1208 4501 visione:
1263 4455 1505 4513 pastores
1566 4456 1728 4506 vero,
1781 4449 1961 4506 utpote
2012 4437 2101 4503 qui

533 4540 853 4609 agrestiores
883 4545 1083 4600 essent,
1112 4535 1374 4602 :tpcrllul‘e
1406 4532 1606 4583 visione
1641 4541 1775 4597 opus
1817 4525 2100 4580 habebant.

535 4631 630 4684 stic
651 4639 824 4681 autent
854 4635 974 4694 post
1007 4637 1234 4691 partum,
1267 4637 1384 4674 cum
1415 4635 1573 4687 prava
1602 4618 1901 4684 suSpicionc
1942 4613 2103 4667 animi

538 4725 825 4775 teneretur,
854 4725 905 4767 ct
951 4725 1168 4784 paratus
1219 4723 1392 4764 tamen
1423 4718 1568 4762 esset
1611 4707 1674 4760 ad
1721 4709 1910 4760 bonam
1956 4719 2105 4772 spem

538 4808 688 4862 facile
741 4805 943 4867 reduci,
975 4804 1017 4856 si
1049 4804 1168 4869 quis
1210 4803 1306 4854 hac
1353 4801 1403 4854 in
1434 4814 1490 4853 re
1516 4797 1623 4851 dux
1678 4797 1751 4852 illi
1796 4803 2103 4865 appareret,

536 4897 914 4951 reuelationem
944 4893 1155 4958 accipit.
1212 4889 1333 4944 Ideo
1385 4897 1504 4959 post
1557 4888 1917 4956 suspicionem
1956 4887 2106 4938 adest

540 4991 707 5039 bonus
739 4989 975 5045 nuntius,
1011 4991 1065 5034 ut
1094 4980 1193 5033 hoc
1224 4981 1392 5048 ipsum
1424 4979 1497 5032 illi
1530 4976 1669 5031 foret
1699 4989 1819 5030 vera
1845 4975 2106 5028 dictorum

536 5078 936 5131 demonstratio.
970 5074 1100 5126 Cum
1140 5072 1282 5125 enim
1311 5071 1506 5124 nemini
1535 5069 1773 5128 dixisset,
1804 5066 1895 5119 sed
1927 5066 2102 5118 animo

538 5170 710 5222 solum
744 5168 855 5220 ba-c
875 5164 1182 5233 cogitasset,
1210 5170 1264 5214 et
1292 5161 1387 5215 hac
1417 5160 1484 5214 de
1525 5175 1582 5213 re
1612 5159 1918 5225 loquentem
1946 5170 2105 5221 auge-

541 5264 649 5313 lum
679 5257 907 5321 audiret,
943 5254 1292 5307 indubitatum
1331 5251 1428 5319 ipsi
1452 5249 1661 5317 signum
1686 5255 1832 5310 erat,
1861 5245 2106 5312 angelum

544 5363 574 5400 λ
599 5349 706 5400 Deo
746 5343 969 5412 iussum,
1001 5336 1115 5392 haec
1141 5336 1339 5392 dictum
1377 5333 1621 5388 venisse:
1652 5331 1814 5400 ipsius
1855 5328 1999 5383 enim
2025 5339 2111 5379 so-

549 5437 653 5489 lius
677 5442 757 5486 cst
784 5431 961 5487 cordis
991 5442 1179 5482 arcana
1212 5426 1367 5479 scire.
1405 5421 1534 5477 Vide
1562 5422 1737 5490 itaque
1774 5428 1970 5487 quanta
1998 5415 2113 5472 effl-

548 5526 796 5584 ciantur;
836 5520 933 5571 ‘viri
963 5515 1290 5586 philosophia
1316 5512 1630 5573 ostenditur,
1665 5518 1718 5564 et
1757 5508 1883 5562 illud
1914 5520 2111 5574 opporo

552 5624 677 5668 tunc
714 5611 780 5664 ab
811 5608 999 5677 angelo
1038 5607 1296 5676 prolatum
1337 5603 1403 5657 ad
1443 5600 1598 5655 fidem
1646 5602 1758 5668 ejus
1805 5595 2112 5652 ﬁrmandam

2187 475 2415 536 confert,
2431 473 2734 537 dictumque
2758 485 2928 536 lpslllll
2949 484 3062 539 sine
3081 462 3382 533 suspicione
3401 464 3603 517 manet,
3618 454 3758 522 quod

2191 565 2428 619 ostendit
2471 564 2642 628 ipsum
2671 575 2732 616 ea
2763 575 2971 629 passum
3015 572 3155 621 esse,
3187 570 3304 624 qua:
3333 553 3412 606 vir
3437 549 3611 619 quivis
3642 546 3762 615 jure

2191 656 2300 726 pati
2335 663 2558 723 poterat.

2257 826 2312 880 6.
2361 815 2634 885 Quomodo
2673 823 2848 867 autem
2880 811 3035 864 tidem
3066 806 3162 876 ipsi
3193 806 3317 859 facit
3344 802 3598 873 angelus?
3631 799 3765 854 Audi

2189 924 2238 966 et
2263 913 2455 964 mirare
2480 910 2737 961 dictorum
2763 905 3095 970 sapientiam.
3122 898 3392 953 Accedens
3417 897 3489 947 ait
3513 915 3524 945 :
3549 894 3765 960 λυπρή,

2189 1003 2266 1069 ﬁli
2291 1001 2456 1053 David
2476 1041 2488 1060 ,
2514 998 2616 1050 noli
2637 997 2807 1048 timere
2826 995 3050 1061 accipere
3073 990 3292 1043 Marium
3320 988 3583 1056 conjugem
3603 995 3764 1036 tuam.

2188 1095 2374 1147 Statim
2411 1089 2654 1143 Davidem
2687 1087 2739 1138 in
2786 1083 3094 1136 memoriam
3130 1087 3375 1141 revocat,
3410 1078 3548 1130 unde
3593 1077 3769 1128 nasci-

2191 1193 2342 1236 turus
2369 1191 2479 1232 erat
2522 1178 2802 1237 Christus;
2835 1187 3007 1238 neque
3043 1171 3168 1224 sinit
3194 1169 3338 1220 illum
3376 1166 3611 1227 turbari,
3642 1163 3768 1217 dum

2193 1286 2285 1340 per
2304 1271 2559 1334 majorum
2585 1281 2776 1320 nomen
2803 1261 3205 1330 promissionem
3225 1257 3473 1310 universo
3491 1256 3674 1323 generi
3697 1253 3771 1304 fa-

2190 1372 2326 1415 ctam
2354 1361 2404 1412 in
2425 1357 2733 1410 memoriam
2764 1362 2995 1406 revocat.
3019 1349 3290 1414 Sedcujus
3313 1348 3387 1401 rei
3415 1347 3580 1414 gratia
3605 1344 3770 1396 lilium

2196 1450 2353 1505 David
2413 1456 2584 1517 ipsum
2633 1443 2896 1513 appellat?
2927 1442 3008 1494 Ne
3051 1443 3225 1492 timens
3250 1454 3267 1491 :
3297 1451 3613 1506 quamquam
3648 1436 3770 1486 alibi

2197 1543 2335 1594 Deus
2365 1553 2466 1592 non
2499 1539 2566 1589 ita
2595 1535 2746 1596 fecit;
2770 1533 2861 1587 sed
2888 1531 3112 1600 quodam
3140 1530 3205 1582 de
3231 1542 3393 1581 uxore
3424 1527 3653 1580 Abrabzu
3680 1541 3769 1579 se-

2195 1649 2287 1686 cus
2317 1646 2471 1700 quam
2503 1636 2806 1696 oportuerat
2834 1627 3096 1694 cogitante
3121 1664 3137 1689 ,
3182 1623 3476 1676 terroribus
3505 1620 3771 1690 minisque

2194 1725 2245 1776 in
2295 1720 2557 1790 loquendo
2602 1732 2728 1772 usus
2775 1719 2915 1771 Deus
2956 1725 3075 1779 est;
3106 1717 3311 1770 etiamsi
3344 1713 3414 1767 ibi
3442 1728 3654 1782 quoque
3685 1727 3771 1768 res

2195 1828 2286 1882 per
2313 1810 2660 1880 ignorantiam
2685 1808 2834 1862 fieret
2862 1824 2874 1859 :
2908 1822 3076 1876 neque
3099 1806 3240 1860 enim
3266 1819 3440 1858 rerum
3465 1819 3660 1874 gnarus
3684 1803 3774 1856 ille

2197 1902 2382 1956 Saram
2405 1907 2681 1968 acceperat
2707 1915 2720 1950 :
2746 1906 2975 1950 attamen
3009 1894 3366 1964 perterrefecit
3389 1909 3508 1948 eum
3533 1910 3547 1957 ;
3573 1893 3656 1947 hic
3680 1908 3775 1946 au-

2199 2003 2302 2044 tem
2330 1991 2510 2043 mitius
2534 1988 2724 2056 agitur.
2756 1987 2945 2056 Ingens
2973 1986 3113 2040 enim
3144 1995 3260 2038 erat
3288 1999 3465 2038 rerum
3495 1999 3615 2052 qua:
3644 1998 3772 2051 age-

2199 2082 2388 2134 bantur
2409 2077 2734 2146 magnitudo,
2765 2092 3116 2144 magnumque
3140 2077 3277 2129 inter
3302 2077 3466 2127 virum
3491 2083 3774 2140 utrumque

2196 2173 2481 2224 discrimen
2511 2187 2523 2222 :
2557 2178 2876 2238 quapmpter
2903 2181 3003 2220 non
3036 2174 3151 2220 erat
3183 2164 3544 2234 increpatione
3573 2178 3725 2231 opus.
3757 2165 3767 2192 '

2196 2258 2326 2313 Cum
2354 2271 2530 2329 autem
2556 2259 2722 2321 dixit,
2757 2256 2839 2309 Ne
2868 2245 3044 2310 timeas
3065 2297 3080 2320 ,
3109 2255 3346 2310 declarat
3371 2256 3542 2322 ipsum
3569 2263 3776 2307 metue-

2202 2364 2260 2402 re
2292 2365 2357 2401 ne
2387 2350 2548 2400 Deum
2588 2347 2819 2400 offendat
2840 2386 2852 2406 ,
2881 2347 2924 2398 si
2951 2346 3242 2398 adulteram
3287 2358 3504 2398 uxorem
3539 2344 3728 2396 habeat
3756 2359 3772 2400 :

2202 2445 2270 2491 lta
2301 2439 2398 2491 nisi
2427 2438 2525 2491 hoc
2550 2437 2768 2500 fuisset,
2802 2437 2944 2488 illaut
2968 2435 3234 2488 dimittere
3257 2449 3322 2488 ne
3347 2433 3634 2503 cogitasset
3657 2435 3778 2503 qui-

2201 2529 2343 2582 dem.
2389 2529 2480 2582 llis
2526 2529 2681 2594 igitur
2725 2527 2967 2580 omnibus
3004 2526 3303 2579 declaratur
3326 2567 3338 2588 ,
3369 2541 3398 2578 a
3432 2526 3540 2579 Deo
3566 2527 3777 2580 venisse

2199 2619 2476 2686 angelum,
2512 2619 2598 2685 qui
2640 2618 2812 2670 omnia
2855 2631 2972 2684 qua:
3010 2615 3262 2684 cogitavit
3289 2623 3343 2670 et
3380 2616 3558 2669 animo
3587 2632 3778 2684 passus

2199 2710 2516 2780 estJosepb,
2545 2709 2596 2762 in
2621 2708 2852 2762 medium
2883 2709 3060 2763 attulit
3076 2718 3129 2762 et
3145 2710 3410 2778 exposuit.
3440 2707 3668 2777 Virginis
3687 2721 3786 2758 au-

2204 2811 2306 2852 tem
2334 2799 2672 2868 pronuntiato
2696 2800 2926 2861 nomine,
2961 2813 3067 2852 non
3095 2798 3182 2854 hic
3210 2799 3391 2863 stetit,
3420 2796 3515 2852 sed
3542 2795 3784 2857 addidit,

2201 2890 2475 2959 Cuniugem
2520 2900 2688 2951 tuam,
2734 2905 2893 2957 quam
2942 2905 3048 2943 non
3099 2889 3169 2942 ita
3214 2897 3480 2955 vocasset,
3521 2888 3565 2943 si
3598 2887 3785 2941 vitiata

2206 2981 2407 3035 fuisset.
2437 2981 2725 3048 Conjugem
2751 2995 2879 3034 vero
2907 2980 2993 3034 hic
3019 2995 3268 3048 sponsam
3299 2990 3452 3034 vocat
3477 2998 3490 3032 :
3520 2977 3792 3048 quemadg

2207 3070 2420 3123 modum
2453 3078 2502 3124 et
2531 3084 2755 3138 generos
2795 3083 2988 3124 vocare
3031 3070 3167 3123 solet
3211 3070 3480 3139 Scriptura
3519 3083 3783 3139 sponsus,

2201 3169 2323 3216 ante
2351 3161 2576 3229 nuptias.
2596 3160 2731 3226 Quid
2748 3175 2873 3214 vero
2890 3160 3152 3230 signiﬁcat
3168 3161 3315 3224 illud,
3333 3163 3607 3230 Accipere?
3631 3161 3786 3214 Domi

2204 3251 2431 3304 retinere
2460 3269 2473 3304 :
2502 3251 2612 3318 jam
2641 3251 2783 3304 enim
2812 3251 2957 3303 illam
2985 3251 3165 3305 animo
3192 3250 3484 3305 dimiserat.
3519 3251 3676 3306 Hanc
3702 3251 3793 3304 di-

2205 3341 2420 3394 missam
2441 3341 2612 3396 retiue
2632 3381 2647 3403 ,
2670 3357 2827 3410 quam
2854 3341 2947 3395 tibi
2974 3342 3110 3396 Deus
3136 3342 3324 3408 tradit,
3359 3358 3464 3396 non
3495 3353 3743 3408 parentes
3770 3361 3785 3396 :

2207 3430 2366 3484 tradit
2393 3439 2570 3485 autem
2597 3445 2703 3484 non
2729 3431 2794 3484 ad
2823 3431 3033 3500 nuptias
3051 3471 3068 3496 ,
3096 3429 3188 3485 sed
3213 3442 3268 3484 ut
3288 3448 3406 3485 cum
3433 3433 3520 3486 illa
3547 3431 3790 3498 habites;

2206 3519 2365 3572 tradit
2393 3534 2551 3588 porro
2582 3535 2676 3587 per
2703 3533 2888 3574 vocem
2919 3535 3111 3574 meam.
3146 3519 3213 3576 Ut
3239 3521 3380 3574 illam
3415 3531 3595 3590 postea
3623 3521 3791 3576 Chri-

2204 3619 2316 3663 sms
2344 3609 2557 3664 tradidit
2581 3610 2874 3680 discipulo,
2908 3610 2979 3663 ita
3009 3619 3062 3665 et
3093 3623 3235 3666 nunc
3263 3611 3498 3681 Josepbo
3529 3613 3780 3667 traditur.

2207 3699 2406 3752 Deinde
2434 3715 2547 3754 rem
2596 3700 2821 3754 obscure
2864 3700 3103 3754 indicans
3125 3741 3138 3760 .
3167 3715 3388 3769 pravam
3422 3704 3787 3770 suspicionem

2209 3806 2313 3844 non
2366 3794 2721 3853 memoravit,
2763 3791 2855 3844 sed
2907 3790 3214 3847 honestiore
3271 3795 3792 3864 congruentioreque

2207 3879 2362 3933 modo
2389 3880 2755 3947 conccptionis
2780 3882 3016 3947 exposita
3049 3896 3208 3934 causa
3226 3922 3239 3946 ,
3271 3883 3408 3935 illam
3436 3884 3671 3950 sustulit,
3697 3899 3792 3939 os-

2207 3968 2426 4023 tendens
2462 3984 2582 4022 cum
2605 4008 2620 4032 ,
2655 3980 2870 4038 propter
2909 3973 3149 4025 eamdem
3195 3973 3361 4040 ipsam
3394 3989 3609 4028 causam
3637 4015 3653 4040 ,
3684 3990 3793 4044 qua

2209 4058 2426 4110 timebat
2449 4068 2501 4110 et
2527 4059 2669 4111 illam
2691 4059 2959 4114 dimittere
2982 4062 3211 4122 volebat,
3232 4065 3351 4127 jure
3378 4063 3520 4115 iliam
3551 4065 3798 4133 recipere

2206 4155 2258 4197 et
2287 4146 2518 4200 retinere
2545 4146 2738 4202 debere
2767 4166 2780 4199 z
2809 4151 2990 4218 sicque
3019 4166 3084 4203 ex
3113 4151 3402 4204 abundanti
3428 4152 3542 4223 ejus
3571 4155 3788 4208 mmsti-
3821 4141 3833 4155 ’

2209 4237 2334 4289 tiam
2362 4237 2596 4288 resolvit.
2631 4237 2743 4290 Non
2791 4239 2950 4292 modo
2974 4281 2986 4301 ,
3031 4239 3231 4307 inquit,
3267 4241 3452 4294 illicito
3495 4256 3794 4310 congressu

2207 4339 2332 4391 pura
2361 4335 2444 4378 eat
2464 4364 2475 4385 ,
2505 4325 2596 4378 sed
2621 4328 2778 4379 etiam
2802 4341 2960 4395 supra
2989 4340 3226 4383 naturam
3253 4340 3459 4385 uterum
3482 4340 3673 4399 gestat.
3701 4332 3788 4387 Ne.

2207 4413 2362 4482 igitur
2390 4424 2587 4468 metum
2622 4430 2786 4483 ponas
2820 4427 3019 4472 tantum
3041 4459 3053 4478 .
3087 4419 3180 4472 sed
3213 4420 3532 4488 inmaguain
3564 4437 3794 4492 erumpe

2206 4503 2442 4555 la-titiam
2474 4521 2484 4554 :
2521 4504 2668 4569 Quod
2694 4507 2824 4559 enim
2850 4509 2902 4559 in
2930 4525 2987 4561 ea
3014 4520 3189 4560 natum
3217 4518 3284 4560 est
3307 4551 3322 4573 ,
3353 4512 3414 4563 de
3444 4511 3641 4579 Spiritu
3673 4529 3794 4566 san-

2202 4608 2280 4644 cro
2306 4601 2399 4646 est.
2446 4592 2776 4660 Stupendum
2808 4596 3007 4649 dictum
3034 4635 3050 4662 ,
3084 4597 3370 4651 humanam
3402 4601 3787 4667 cogitationem

2202 4693 2456 4746 superans
2481 4721 2493 4745 ,
2529 4680 2776 4750 legesque
2819 4693 3020 4736 naturae
3060 4691 3460 4739 transcendens.
3501 4687 3790 4755 Quomodo

2205 4772 2355 4838 igitur
2377 4772 2557 4826 credet
2575 4775 2649 4826 vir
2674 4774 2804 4828 tales
2827 4788 2930 4826 non
2947 4787 3197 4842 expertus
3215 4779 3538 4832 m'trratioues
3557 4779 3580 4831 ?
3597 4780 3634 4832 Α
3657 4795 3790 4848 pra:-

2206 4860 2495 4923 tcritorum,
2524 4862 2711 4931 inquit,
2740 4859 3084 4918 sevelatione.
3115 4866 3234 4920 Ideo
3256 4867 3429 4921 munia
3455 4884 3570 4936 qua:
3594 4878 3781 4925 mente

2203 4952 2488 5019 cogitabat,
2515 4954 2786 5019 revelavit,
2812 4968 2930 5019 qua)
2954 4968 3141 5022 passus
3163 4967 3263 5023 est,
3288 4971 3404 5025 qua-
3433 4957 3625 5020 timuit,
3653 4974 3781 5026 qua“:

2203 5038 2375 5094 facere
2399 5040 2769 5107 meditabatur,
2797 5053 2854 5096 ut
2874 5043 2976 5096 illis
2998 5045 3047 5098 in
3074 5046 3301 5100 medium
3323 5047 3590 5113 adductis,
3613 5048 3782 5102 etiam

2207 5131 2288 5184 bis
2313 5132 2468 5187 fidem
2493 5133 2738 5200 haberet;
2769 5138 2875 5190 imo
2899 5152 3004 5190 non
3025 5154 3087 5191 ex
3118 5141 3397 5207 pra-teritis
3421 5151 3620 5193 tantum
3639 5178 3654 5204 ,
3678 5140 3780 5195 sed

2205 5222 2362 5274 etiam
2384 5239 2448 5275 ex
2479 5222 2663 5276 futuris
2683 5226 2750 5278 ad
2775 5225 3091 5280 credendum
3123 5229 3268 5282 illum
3315 5229 3536 5284 inducit.
3561 5229 3650 5282 2|.
3683 5229 3795 5284 Pa-

2209 5305 2301 5358 riet
2323 5316 2510 5369 autem,
2538 5305 2723 5374 inquit,
2750 5309 2930 5376 ﬁlium,
2959 5321 3002 5361 et
3027 5313 3220 5363 vocabis
3247 5328 3422 5364 nomen
3448 5314 3556 5381 ejus
3577 5314 3781 5372 letum.

2207 5391 2281 5445 Nc
2306 5405 2452 5462 putes
2473 5396 2608 5448 enim
2635 5397 2755 5465 quia
2777 5412 2841 5450 ex
2865 5397 3062 5468 Spiritu
3087 5412 3270 5453 saneto
3296 5412 3394 5458 esu
3421 5411 3470 5454 te
3498 5402 3617 5457 ideo
3639 5404 3782 5461 alie-

2300 5599 2315 5628 ⁸
2350 5599 2460 5656 Alii,
2488 5609 2574 5645 non
2599 5597 2855 5661 increpavit
2877 5612 2924 5653 ut
2947 5609 3202 5667 oportebit.
