4056 6508
189 441 253 496 η
1337 417 1403 473 lN
1440 416 1748 471 smnus

1914 414 2141 470 ilOMlL.
2186 412 2275 466 IV.
3373 406 3444 459 48

192 554 311 595 num
331 552 456 594 esse
478 552 510 593 a
538 532 833 592 ministerio
857 530 1170 588 oeconomiae
1200 528 1362 585 illius.
1388 527 1606 583 Etiamsi
1629 529 1770 582 enim

194 629 316 685 nihil
344 629 410 681 ad
453 628 853 699 generationem
897 619 1180 682 conferas,
1229 617 1325 672 sed
1371 617 1565 671 intacta
1613 616 1771 686 Virgo

192 729 435 784 maneat;
476 728 712 772 attamen
741 713 881 783 quod
907 721 988 767 est
1013 710 1149 781 patri
1180 710 1452 778 proprium
1474 750 1489 772 ,
1522 709 1621 763 etsi
1657 709 1765 761 vir-

188 811 417 880 ginitatis
442 809 755 879 dignitatem
785 820 890 859 non
915 804 1196 857 labefactet
1215 842 1231 867 ,
1265 803 1364 856 hoc
1394 801 1488 854 tibi
1516 799 1767 863 confero,

190 910 241 955 ut
269 911 392 955 nato
420 914 615 954 nomen
645 898 905 967 imponas.
930 895 1009 950 Tu
1036 896 1179 948 enim
1211 893 1426 948 vocabis
1455 894 1622 947 illum.
1657 892 1767 945 Etsi

189 1006 409 1060 namque
458 990 597 1045 filius
643 998 764 1043 tuus
795 1002 900 1041 non
928 986 1029 1049 sit,
1062 994 1115 1039 ιιι
1150 994 1422 1053 paternam
1453 998 1577 1051 erga
1618 983 1767 1037 illum

185 1095 332 1152 geres
373 1096 582 1135 curam.
615 1080 738 1135 ldco
762 1078 844 1132 vel
869 1077 938 1130 ab
964 1077 1076 1143 ipsa
1104 1076 1337 1128 nominis
1384 1073 1724 1142 impositione
1750 1113 1767 1138 ,

185 1182 305 1228 nato
332 1182 386 1228 ω
432 1172 670 1242 parentis
713 1171 831 1224 loco
871 1168 1122 1237 adjungo.
1158 1166 1359 1220 Deinde
1389 1180 1457 1220 ne
1502 1164 1619 1233 quis
1649 1163 1769 1219 ideo

185 1277 300 1318 eum
342 1272 550 1332 patrem
577 1275 697 1315 esse
738 1260 1136 1328 suspicaretur,
1168 1257 1289 1310 audi
1320 1270 1480 1324 quam
1521 1262 1769 1307 accurate

185 1353 457 1421 sequentia
491 1360 691 1420 ponat:
730 1348 935 1411 Pariet,
967 1347 1172 1413 inquit,
1213 1346 1421 1414 ﬁlium;
1452 1359 1558 1398 non
1596 1344 1765 1406 dicit,

188 1440 359 1496 Parict
386 1442 480 1495 tibi
506 1460 520 1503 ;
548 1439 640 1493 sed
665 1438 1072 1492 iudcterminate
1098 1436 1275 1506 posuit
1300 1452 1313 1489 :
1338 1450 1442 1489 non
1460 1434 1601 1489 enim
1626 1433 1641 1464 ¹
1670 1433 1766 1502 ipsi

186 1531 387 1600 peperit
406 1571 421 1596 ,
444 1530 541 1585 sed
573 1529 817 1583 universo
843 1526 981 1581 orbi.

249 1714 303 1765 7.
355 1715 591 1781 Ideoque
632 1726 824 1766 nomen
855 1712 969 1782 ejus
999 1725 1068 1766 ex
1108 1711 1242 1766 celo
1286 1712 1475 1767 detulit
1513 1712 1765 1783 angelus,

186 1800 303 1855 hinc
345 1803 638 1856 ostendens
680 1802 973 1856 mirabilem
1004 1816 1125 1856 esse
1152 1812 1363 1871 partum
1387 1844 1403 1868 ,
1436 1803 1579 1871 quod
1626 1804 1767 1857 Dens

184 1890 292 1960 ipse
322 1907 517 1947 nomen
550 1891 663 1961 ejus
700 1891 767 1947 dc
797 1878 928 1944 curio
959 1907 1052 1960 per
1080 1892 1323 1960 angelum
1348 1890 1582 1961 Josepho
1609 1894 1766 1947 mise—

182 1980 265 2033 rit.
291 1979 480 2049 Neque
505 1981 648 2035 enim
676 1996 845 2050 ipsum
868 1996 993 2034 casu
1020 1990 1076 2035 et
1104 1981 1220 2035 sine
1240 1996 1398 2035 causa
1426 1982 1608 2037 datum
1631 1981 1728 2037 fuit
1749 2023 1764 2045 .

182 2068 270 2124 sed
309 2081 391 2124 est
422 2070 571 2123 mille
603 2070 861 2123 bonorum
890 2070 1197 2124 thesaurus.
1232 2069 1433 2125 Idcirco
1466 2071 1638 2139 ipsum
1664 2087 1763 2125 au-

180 2158 324 2227 gelus
352 2145 763 2228 iuterpr¢tatur,
792 2160 1154 2229 optimamque
1182 2174 1331 2228 spem
1360 2160 1517 2214 offert
1537 2200 1553 2226 ,
1582 2170 1637 2216 et
1666 2160 1766 2216 hac

180 2248 380 2303 ratione
408 2248 570 2303 fidem
597 2250 695 2317 ipsi
721 2249 971 2304 conciliat
995 2267 1008 2301 :
1044 2264 1164 2303 nam
1189 2251 1506 2318 propensius
1534 2251 1763 2305 inclina-

179 2353 295 2392 mur
320 2339 386 2393 ad
420 2354 510 2393 res
538 2338 938 2407 hujuscemodi;
970 2337 1198 2407 ideoque
1228 2338 1331 2392 illis
1358 2337 1561 2392 facilius
1582 2339 1762 2394 credi-

177 2443 310 2483 mus.
337 2429 475 2483 Cum
512 2428 670 2496 igitur
697 2443 764 2482 ex
807 2427 1053 2481 omnibus
1080 2428 1146 2481 ad
1180 2427 1338 2482 fidem
1369 2429 1417 2483 ei
1463 2427 1759 2483 habendam

176 2527 564 2588 prmparasset,
596 2531 660 2573 ex
692 2518 1010 2587 przeteritis,
1044 2533 1106 2571 ex
1135 2517 1328 2574 futuris
1351 2527 1406 2572 et
1430 2535 1494 2573 ex
1526 2535 1759 2589 prtesen-

175 2607 339 2672 tihus,
367 2622 580 2664 necnon
607 2609 675 2662 ab
697 2609 899 2663 honore
920 2609 1019 2678 ipsi
1044 2608 1227 2664 debito
1249 2650 1263 2673 ,
1298 2610 1500 2664 inducit
1530 2613 1761 2681 prophe-

175 2705 276 2751 tam
296 2738 314 2763 ,
337 2706 641 2767 Opportune
659 2698 743 2753 his
763 2700 1011 2754 omnibus
1031 2700 1292 2755 calculum
1316 2701 1554 2757 dantem.
1579 2703 1761 2758 Prius-

173 2802 326 2858 quam
373 2804 507 2843 vero
532 2789 704 2858 ipsum
734 2790 981 2856 inducat,
1010 2792 1146 2846 bona
1177 2807 1272 2861 per
1293 2794 1463 2861 ipsum
1487 2796 1602 2848 orbi
1625 2811 1757 2850 cnn-

174 2878 388 2933 ferenda
439 2881 782 2948 prtenuntiat.
831 2880 1085 2946 Qmenam
1133 2881 1221 2934 illa
1271 2884 1430 2937 sunt?
1483 2885 1701 2953 Ercptio
1729 2902 1756 2940 a

176 2970 441 3037 peccatis:
472 2968 595 3036 Ipse
620 2971 755 3024 enim
775 3011 789 3034 ,
822 2970 1028 3039 inquit,
1067 2971 1263 3024 salvum
1315 2973 1464 3039 faciet
1512 2977 1758 3044 populant

165 3074 306 3113 sum
343 3079 376 3115 a
405 3054 626 3131 petentis
646 3079 839 3117 eorum.
873 3062 973 3118 Hic
998 3076 1210 3131 quoque
1242 3061 1564 3129 stupendum
1594 3064 1745 3132 quid-

167 3152 299 3220 piam
328 3154 616 3208 indicatur.
640 3152 757 3207 Non
788 3154 931 3208 enim
954 3168 982 3206 a
1008 3152 1161 3207 bellis
1176 3152 1280 3205 sub
1308 3166 1524 3206 sensum
1552 3154 1746 3207 caden-

166 3241 328 3304 tibus,
359 3258 464 3296 non
495 3259 524 3296 a
553 3242 793 3297 barbaris
814 3284 828 3307 ,
862 3243 955 3297 sed
983 3242 1125 3310 quod
1160 3243 1313 3311 longe
1342 3244 1514 3311 majus
1536 3256 1645 3298 erat
1670 3284 1684 3309 ,
1718 3260 1746 3299 a

166 3332 389 3397 peccatis
435 3331 773 3386 liberandum
826 3331 1082 3401 populum
1124 3330 1289 3398 ipsius
1327 3333 1648 3385 annuntiat:
1695 3333 1746 3386 id

165 3419 298 3486 quod
337 3435 497 3475 nemo
534 3429 658 3474 ante
702 3421 879 3474 facere
915 3428 1183 3487 potuerat.
1219 3420 1285 3472 Et
1314 3436 1417 3488 qua
1447 3419 1514 3473 de
1542 3434 1744 3484 causa,

166 3508 363 3578 inquies
387 3553 403 3577 ,
434 3511 699 3581 Populum
728 3528 877 3565 suum
906 3511 1079 3578 dixit,
1108 3525 1281 3579 neque
1310 3520 1495 3580 gentes
1520 3512 1749 3581 adjecit?

163 3597 236 3655 Ne
260 3602 438 3656 statim
464 3601 767 3655 auditorem
798 3601 1134 3669 percelleret.
1160 3601 1408 3670 AliOquin
1433 3616 1560 3654 vero
1589 3603 1750 3655 intel-

162 3688 366 3759 ligentia
409 3690 667 3760 praeditus
694 3690 905 3744 auditor
937 3691 1020 3743 hic
1050 3700 1235 3759 gentes
1262 3704 1475 3759 quoque
1502 3691 1744 3744 subindi-

161 3780 262 3834 cari
288 3780 565 3850 perspicit.
590 3779 824 3848 Populus
844 3780 984 3832 enim
1006 3779 1125 3846 ejus
1151 3787 1273 3832 sunt
1295 3793 1400 3832 non
1427 3778 1594 3833 Judaei
1627 3788 1748 3833 tun-

163 3881 265 3926 tum
284 3913 300 3939 ,
330 3874 423 3927 sed
450 3887 644 3927 omnes
669 3873 757 3941 qui
784 3870 1082 3936 accedunt,
1110 3878 1165 3924 et
1190 3871 1304 3937 ejus
1325 3870 1628 3924 doctrinam
1650 3885 1745 3925 co-

160 3962 554 4032 gnitionemque
610 3962 925 4032 suscipiunt.
970 3961 1348 4016 Animadverte
1386 3970 1562 4014 autem
1609 3977 1743 4030 quo-

160 4054 312 4109 modo
332 4055 449 4123 ejus
474 4052 788 4121 dignitatem
813 4052 967 4107 nobis
992 4053 1281 4120 aperuerit,
1314 4050 1568 4119 populum
1590 4064 1742 4103 Sillim

160 4146 430 4216 appellans
475 4146 731 4215 populmn
784 4142 1087 4197 Iudaicum.
1122 4141 1231 4195 Hoc
1264 4141 1415 4195 enim
1448 4140 1574 4193 nihil
1607 4140 1746 4193 aliud

159 4238 441 4306 significat,
463 4251 628 4304 quam
657 4250 777 4289 eum
798 4275 813 4297 ,
837 4234 924 4302 qui
950 4243 1105 4286 natus
1126 4241 1209 4286 est
1229 4274 1241 4290 .
1266 4245 1386 4285 esse
1413 4228 1602 4283 Filium
1629 4230 1738 4283 Dei.

161 4341 218 4380 ac
240 4326 307 4382 de
346 4342 472 4395 rege
499 4339 735 4393 superno
778 4337 958 4379 sermo
988 4323 1086 4391 ipsi
1118 4332 1217 4375 est.
1248 4320 1429 4389 Neque
1460 4321 1601 4374 enim
1642 4320 1741 4372 alia

160 4426 389 4485 potestas
414 4424 638 4485 peccata
668 4414 939 4467 remittere
962 4411 1123 4474 valet,
1152 4410 1251 4463 nisi
1280 4425 1339 4463 ea
1369 4424 1487 4476 qua:
1510 4407 1575 4460 ad
1604 4408 1744 4461 illam

162 4508 514 4562 substantiam
546 4504 796 4573 pertinet.
827 4502 1088 4568 Quoniam
1119 4501 1278 4568 igitur
1306 4508 1509 4551 tantum
1538 4498 1745 4565 accepi-

164 4613 273 4652 mus
296 4599 500 4652 donum
526 4636 542 4659 ,
573 4593 703 4647 nihil
732 4608 837 4645 non
870 4606 1091 4660 agamus
1115 4606 1181 4643 ne
1208 4598 1409 4641 tantum
1434 4588 1746 4643 beneficium

164 4686 597 4741 dehonestemus.
628 4679 683 4735 Si
727 4680 869 4733 enim
899 4694 959 4732 ea
988 4693 1108 4747 qua:
1145 4687 1269 4730 ante
1310 4676 1449 4730 hunc
1493 4678 1748 4730 honorem

164 4788 299 4847 gesta
320 4787 466 4844 sunt,
498 4774 659 4843 digna
679 4774 879 4827 ultione
898 4782 1070 4837 erant,
1097 4770 1263 4825 multo
1284 4770 1451 4837 magis
1474 4779 1591 4837 post
1613 4766 1736 4821 inef-

168 4866 312 4921 fabile
340 4868 471 4922 illud
508 4863 849 4919 beneficium.

225 5042 412 5098 Fidelis
456 5056 529 5095 ex
554 5040 668 5092 vitta
695 5038 923 5090 instituto
953 5032 1541 5111 dignoscendus.—H;rc
1585 5048 1742 5099 porro

162 5149 257 5188 non
286 5135 399 5189 sine
446 5144 616 5187 causa
663 5143 803 5181 nunc
832 5126 987 5188 dico;
1040 5124 1131 5178 sed
1179 5126 1300 5190 quia
1346 5123 1543 5176 multos
1588 5122 1741 5174 vidm

165 5236 276 5293 post
304 5225 571 5294 baptisma
609 5220 881 5290 Segniorcs
905 5259 919 5280 ,
967 5230 1126 5286 quam
1169 5215 1204 5267 ii
1256 5214 1346 5281 qui
1380 5214 1610 5267 nondum
1662 5214 1713 5265 in

164 5315 283 5370 itiati
310 5326 451 5383 sunt,
490 5325 665 5382 neque
690 5310 847 5365 ullam
874 5308 1130 5361 habentes
1155 5304 1376 5359 instituti
1406 5306 1572 5357 nostri
1594 5305 1732 5356 noti-

223 5541 240 5571 ⁸
273 5540 408 5589 savil.
444 5548 500 5591 et
524 5546 636 5588 ωδε.
660 5536 825 5587 Morel.
852 5538 922 5586 sic
945 5536 1126 5585 habent
1151 5548 1161 5581 :
1205 5532 1323 5580 ,mdi
1346 5543 1489 5591 qlmm
1512 5533 1737 5576 accurtue

242 5602 392 5650 utentia
427 5590 573 5665 pontu
603 5612 622 5650 :
663 5617 685 5646 ι
713 5597 887 5658 Pariet,
915 5615 937 5642 υ
975 5593 1336 5648 t'ttdcterntimtle
1374 5590 1602 5652 loquens;
1641 5600 1732 5637 non

254 5670 418 5719 mete.

1870 524 2019 577 tiam.
2052 522 2282 593 Ideoque
2306 534 2406 576 nec
2428 520 2480 575 in
2511 519 2646 583 foro,
2673 519 2777 572 iicc
2805 520 2857 571 in
2884 517 3106 572 ecclesia
3132 522 3310 585 potest
3337 515 3453 568 dis-

1868 614 2033 683 tingui
2085 612 2259 669 fidelis
2295 627 2327 666 a
2368 627 2475 666 non
2521 610 2701 674 fideli,
2747 608 2847 662 nisi
2894 607 3012 677 quis
3040 606 3181 660 adsit
3216 614 3458 675 tempore

1866 705 2240 774 mysteriorum
2266 744 2283 769 ,
2326 712 2382 759 et
2426 701 2603 756 videat
2647 700 2736 769 qui
2766 699 3079 767 ejiciantur,
3126 706 3184 751 et
3220 698 3454 765 quima-

1867 801 2046 847 neant.
2073 793 2358 863 Oporteret
2382 801 2558 845 autem
2588 804 2682 843 cos
2723 804 2828 842 non
2856 802 2883 840 a
2912 789 3030 842 loco
3058 827 3074 854 ,
3108 786 3203 841 sed
3230 802 3260 839 a
3289 788 3455 840 mori-

1865 882 1963 937 bus
2004 882 2277 952 diStingui.
2326 881 2455 935 Nam
2495 888 2732 934 externae
2766 877 2985 947 quidem
3028 876 3335 946 dignitates,
3384 875 3454 928 ab

1862 973 2099 1025 externis
2129 972 2270 1024 notis
2296 978 2351 1023 et
2373 968 2698 1023 ornamentis
2717 967 2837 1034 jure
2861 966 3245 1035 dignoseuntur

1862 1071 1971 1112 stra
2016 1074 2141 1114 vero
2166 1060 2234 1114 ab
2271 1060 2401 1129 ipsis
2438 1058 2629 1111 animis
2657 1068 2782 1110 nota
2820 1071 2939 1108 esse
2967 1063 3194 1122 oportet.
3220 1052 3459 1107 Fidelem

1862 1162 2093 1216 namque
2117 1162 2221 1199 non
2271 1162 2296 1200 ι
2322 1146 2467 1200 dono
2502 1154 2705 1201 tantum
2728 1188 2743 1209 ,
2788 1147 2883 1202 sed
2912 1147 3072 1202 etiam
3111 1162 3142 1201 a
3171 1145 3309 1201 novo
3337 1149 3460 1203 vitsc

1858 1238 2098 1293 instituto
2126 1240 2343 1308 agnosci
2376 1253 2472 1307 par
2496 1248 2659 1294 esset.
2702 1238 2899 1294 Fidelis
2928 1250 2983 1294 et
3009 1240 3268 1295 luminare
3296 1250 3351 1294 et
3376 1240 3456 1294 sal

1862 1326 2043 1381 mundi
2085 1340 2207 1381 esse
2233 1325 2413 1380 debet.
2446 1327 2578 1381 Cum
2626 1336 2804 1381 autem
2832 1341 2932 1382 nec
2964 1328 3059 1381 tibi
3090 1327 3306 1397 quidem
3355 1328 3455 1395 ipsi

1859 1414 2038 1469 luceas
2061 1455 2077 1480 ,
2112 1430 2212 1470 nec
2242 1405 2509 1485 propriam
2540 1416 2877 1486 putredinem
2907 1417 3243 1486 constringas
3265 1458 3278 1481 ,
3316 1418 3459 1473 unde

1860 1505 2072 1561 tandem
2102 1517 2153 1562 te
2177 1521 2336 1560 nosse
2362 1507 2690 1575 poterimus?
2727 1522 2795 1561 an
2823 1507 2945 1577 quia
2972 1508 3024 1561 in
3050 1508 3220 1561 sacris
3240 1506 3456 1562 ﬂuentis

1860 1598 2131 1666 ingressus
2159 1599 2262 1653 es?
2290 1598 2395 1655 Sed
2424 1599 2525 1655 hoc
2553 1608 2605 1655 te
2627 1599 2693 1654 ad
2725 1600 3043 1670 supplicium
3075 1600 3311 1656 deducit.
3344 1602 3457 1656 Ma-

1857 1686 2077 1754 gnitudo
2121 1687 2267 1742 enim
2308 1687 2526 1743 honoris
2549 1730 2564 1755 ,
2614 1689 2679 1743 iis
2704 1689 2793 1759 qui
2826 1690 2985 1743 vitam
3031 1690 3333 1759 hujusmodi
3364 1691 3459 1743 Ιιοο

1862 1792 1993 1831 nore
2018 1778 2231 1847 dignam
2261 1792 2367 1833 non
2406 1788 2598 1848 agunt,
2625 1772 3045 1835 additamentum
3078 1780 3321 1850 supplicii
3352 1791 3455 1839 est.

1863 1865 2097 1921 Fidelem
2125 1870 2268 1921 enim
2302 1885 2407 1923 non
2439 1869 2506 1923 ab
2534 1871 2598 1924 iis
2629 1879 2832 1925 tantum
2860 1886 2980 1941 qua:
3006 1887 3037 1925 a
3068 1871 3179 1925 Deo
3206 1874 3414 1941 accepit
3439 1914 3455 1937 ,

1858 1956 1951 2011 sed
1985 1959 2146 2012 etiam
2173 1958 2240 2013 ab
2283 1960 2346 2012 iis
2372 1975 2490 2029 quae
2521 1960 2634 2029 ipse
2659 1960 2839 2014 intulit
2878 1960 3080 2030 fulgere
3110 1976 3205 2030 par
3231 1972 3314 2015 est
3338 2002 3353 2023 .
3402 1974 3460 2017 et

1858 2047 2091 2117 undique
2121 2064 2179 2103 se
2208 2060 2392 2104 notum
2424 2060 2699 2120 praestare,
2724 2050 2792 2104 ab
2814 2051 3026 2106 incessu
3054 2092 3069 2116 ,
3102 2052 3170 2106 ab
3193 2062 3411 2122 aspectu
3437 2093 3453 2117 ,

1856 2136 1927 2189 ab
1957 2136 2159 2201 habitu,
2187 2153 2216 2191 a
2245 2153 2396 2193 voce.
2426 2138 2549 2193 Haec
2574 2149 2751 2194 autem
2779 2140 2913 2205 dixi,
2948 2156 3053 2194 non
3082 2150 3141 2195 ut
3160 2142 3225 2196 ad
3267 2153 3455 2198 osten-

1860 2228 2116 2283 tationem
2142 2270 2156 2291 ,
2185 2229 2281 2284 sed
2303 2239 2361 2286 ut
2379 2229 2446 2284 ad
2473 2231 2756 2286 utilitatem
2788 2231 3081 2286 videntium
3112 2247 3210 2285 nos
3233 2248 3457 2303 compo-

1858 2332 2069 2374 namus.
2110 2319 2271 2375 Nune
2290 2331 2466 2375 autem
2500 2321 2874 2391 undecumque
2918 2331 2969 2377 te
3012 2323 3236 2376 voluero
3263 2323 3456 2393 digno-

1858 2424 2034 2476 scere,
2077 2413 2311 2482 undique
2339 2422 2392 2468 te
2425 2416 2638 2469 invenio
2666 2431 2695 2468 a
2724 2416 3008 2469 cantrariis
3034 2415 3295 2485 dignosci.
3340 2416 3396 2471 Si
3425 2433 3454 2470 a

1856 2498 1978 2555 loco
2003 2502 2092 2569 qui
2123 2502 2198 2555 sis
2226 2503 2385 2557 velim
2425 2504 2699 2569 ediscere,
2733 2505 2788 2558 in
2813 2505 2960 2559 circo
2986 2514 3037 2559 te
3061 2545 3077 2568 ,
3109 2506 3160 2559 in
3190 2508 3414 2560 theatris
3439 2547 3454 2565 .

1857 2596 1913 2642 et
1956 2588 2150 2659 iniquis
2190 2594 2629 2663 occupationibus
2674 2594 2830 2649 video
2872 2593 2988 2649 dies
3018 2595 3349 2664 transigere,
3402 2596 3456 2649 in

1861 2676 1960 2733 fori
1990 2682 2219 2739 ctetibus
2244 2682 2609 2754 improborum
2634 2725 2649 2749 ,
2680 2684 2730 2738 in
2761 2695 3135 2754 corruptorum
3179 2685 3457 2741 hominum

1854 2771 2165 2837 consortio;
2193 2772 2238 2826 si
2262 2788 2295 2827 ι
2320 2773 2501 2827 vultus
2536 2776 2946 2843 compositione,
2974 2774 3190 2831 assidue
3216 2784 3268 2831 te
3290 2791 3458 2832 cerno

1871 2865 2156 2919 cachinnis
2184 2865 2427 2920 deditum
2455 2880 2520 2919 ac
2546 2865 2895 2932 dissolutum,
2930 2868 3073 2923 haud
3102 2885 3263 2925 secus
3290 2883 3457 2939 quam

1875 2953 2209 3007 meretricem
2251 2953 2555 3023 procaciter
2606 2953 2846 3009 hiantem
2892 2965 2947 3010 et
3002 2956 3329 3011 dissolutam
3359 2973 3376 3022 ;
3405 2956 3457 3013 si

1872 3055 1903 3093 a
1930 3042 2192 3105 vestibus,
2223 3043 2447 3112 perinde
2488 3045 2815 3101 teamictum
2848 3045 3005 3100 video
3037 3054 3201 3117 atque
3232 3047 3427 3101 histrio
3449 3073 3465 3087 ο

1874 3145 2035 3192 nem;
2095 3132 2140 3183 si
2185 3146 2214 3184 a
2256 3133 2582 3194 clientibus,
2638 3135 2911 3201 parasitos
2979 3135 3350 3190 circumducis
3404 3146 3463 3192 et

1875 3220 2186 3286 adultores;
2217 3221 2261 3275 si
2296 3236 2325 3273 a
2358 3223 2565 3286 verbis,
2591 3220 2725 3275 nihil
2776 3236 2969 3277 sanum
2991 3262 3006 3287 ,
3039 3223 3177 3278 nihil
3208 3240 3463 3280 necessa-

1877 3309 2040 3371 rium,
2070 3309 2203 3360 nihil
2244 3311 2309 3361 ad
2348 3310 2658 3364 institutum
2694 3312 2817 3364 vitae
2863 3321 3112 3366 nostrum
3144 3316 3465 3371 concndettl

1877 3396 2188 3464 loquentem
2222 3398 2421 3455 audio:
2454 3400 2499 3453 si
2534 3415 2563 3451 a
2605 3414 2814 3463 mensa,
2862 3400 3037 3471 major
3080 3402 3206 3457 nine
3234 3419 3466 3458 accusa-

1878 3486 2046 3541 tionis
2081 3489 2307 3541 materia
2334 3490 2564 3544 orietur.

1928 3646 1981 3699 8.
2038 3645 2315 3703 Undenam
2369 3650 2571 3720 igitur,
2621 3668 2848 3721 quaeso,
2904 3665 3091 3726 potero
3139 3670 3189 3714 te
3241 3661 3453 3717 fidelem

1853 3749 2186 3805 agnoscere,
2239 3752 2359 3794 cum
2405 3755 2562 3811 supra
2610 3743 2750 3799 dicta
2781 3748 2960 3801 omnia
3006 3753 3333 3805 contrarium
3364 3770 3455 3807 ar-

1852 3826 2056 3892 guant?
2084 3827 2151 3881 Et
2193 3828 2317 3895 quid
2366 3829 2489 3885 dico
2534 3830 2789 3889 ﬁdelem?
2825 3836 3009 3908 Neque
3046 3840 3261 3895 enimsi
3293 3842 3458 3898 homo

1851 3916 1926 3970 sis
1956 3931 2169 3985 possum
2208 3920 2485 3994 evidenter
2521 3940 2833 3994 agnoscere.
2866 3929 2999 3984 Nam
3030 3947 3150 3986 cum
3179 3935 3326 3989 calce
3355 3937 3459 3989 im-

1855 4017 2003 4074 petas
2032 4020 2087 4062 ut
2116 4010 2299 4065 asinus
2320 4052 2337 4077 ,
2366 4015 2583 4071 exsilias
2614 4026 2673 4071 ut
2697 4029 2884 4075 taurus
2903 4062 2917 4085 ,
2951 4023 3015 4075 ad
3050 4024 3304 4079 mulieres
3333 4026 3457 4081 hiu-

1855 4098 1971 4147 nias
2001 4107 2057 4149 ut
2082 4113 2253 4165 equus
2273 4140 2287 4161 ,
2320 4104 2585 4157 roraciter
2613 4108 2741 4159 edas
2772 4119 2827 4161 ut
2858 4126 3016 4164 ursus
3040 4154 3055 4175 ,
3095 4129 3311 4168 carnem
3349 4119 3453 4169 itu-

1851 4186 2107 4253 piuguare
2132 4189 2349 4245 studeas
2391 4204 2447 4245 ut
2469 4196 2646 4249 mulus
2670 4238 2685 4258 ,
2718 4200 3030 4267 injuriarnm
3058 4220 3266 4261 memor
3294 4208 3368 4262 sis
3396 4220 3455 4264 ut

1850 4277 2107 4343 camelus,
2137 4279 2319 4348 rapias
2350 4290 2406 4334 ut
2428 4282 2582 4353 lupus
2606 4327 2620 4349 ,
2650 4286 2899 4345 irascaris
2929 4303 2985 4345 nt
3009 4309 3256 4364 serpens,
3291 4298 3454 4355 ferias

1853 4376 1909 4418 ut
1940 4369 2171 4438 scorpio,
2205 4372 2503 4441 vcrsipellis
2531 4376 2605 4429 sis
2635 4386 2692 4431 ut
2721 4379 2928 4449 vulpes,
2958 4384 3107 4439 virus
3154 4386 3452 4457 iniquitatis

1850 4470 2034 4511 serves
2060 4468 2118 4512 ut
2159 4460 2301 4529 aspis
2341 4471 2396 4516 et
2441 4466 2657 4532 vipera,
2702 4468 2961 4528 adversus
3008 4476 3202 4532 fratres
3249 4478 3451 4536 bellum

1847 4563 2049 4637 geras,
2082 4557 2140 4603 ut
2179 4552 2412 4607 crudelis
2433 4553 2521 4609 ille
2552 4556 2761 4613 daemon
2803 4578 2815 4613 :
2865 4566 3134 4631 quomodo
3178 4576 3229 4620 te
3262 4580 3452 4637 potero

1860 4644 2000 4687 inter
2040 4636 2284 4691 homines
2328 4653 2728 4710 annumerare,
2776 4660 2899 4700 eum
2952 4649 3199 4705 humana:
3245 4636 3454 4712 naturae

1855 4723 2190 4781 characteres
2238 4729 2289 4781 in
2333 4738 2384 4784 te
2416 4747 2521 4786 non
2561 4735 2811 4791 videam?
2851 4738 3166 4803 Quaerebam
3197 4743 3456 4800 differen-

1857 4813 1980 4865 tiam
2030 4817 2476 4874 cateehumenum
2518 4823 2658 4877 inter
2688 4833 2745 4879 et
2785 4826 2999 4881 fidelem
3024 4870 3039 4892 ,
3071 4838 3125 4883 et
3155 4834 3449 4899 periculum

1851 4913 1931 4957 est
1974 4920 2042 4959 nc
2084 4905 2326 4963 invenire
2363 4928 2623 4982 nequeam
2665 4916 2837 4969 virum
2871 4918 3009 4972 inter
3036 4931 3086 4974 et
3132 4921 3297 4977 feram
3329 4926 3445 4981 dis-

1848 4993 2070 5047 crimen.
2114 4997 2316 5066 Ecquid
2358 5010 2425 5067 te
2458 5003 2629 5057 dicam
2661 5006 2816 5059 esse?
2844 5006 3068 5062 Feram?
3095 5011 3163 5064 At
3188 5010 3317 5067 ferae
3342 5030 3451 5070 uno

1848 5090 2053 5138 tantum
2085 5088 2213 5141 vitio
2243 5098 2537 5147 tenentur:
2586 5104 2640 5149 tu
2695 5111 2825 5152 vero
2868 5100 3173 5167 qui-omnia
3218 5104 3453 5161 circum-

1841 5183 1953 5226 tcrs
1982 5174 2105 5228 vitia
2138 5219 2153 5242 ,
2181 5179 2338 5249 longe
2365 5185 2533 5251 magis
2563 5201 2722 5253 quam
2752 5189 2855 5243 illae
2884 5190 3105 5245 rationis
3130 5207 3189 5247 es
3228 5210 3444 5261 expers.

1845 5261 1951 5316 Sed
1977 5262 2273 5322 dtemonem
2325 5280 2374 5325 te
2405 5272 2645 5329 vocabo?
2672 5277 2831 5347 Atqui
2857 5278 3069 5335 daemon
3110 5298 3281 5352 neque
3312 5300 3445 5340 ven-

1846 5352 1942 5405 tris
1970 5358 2238 5424 tyrannidi
2264 5361 2508 5417 subditus
2537 5375 2639 5432 est,
2668 5383 2841 5437 neque
2863 5369 3075 5426 divitias
3108 5384 3271 5428 amat.
3307 5376 3442 5433 Cum

1845 5458 1972 5512 ergo
1992 5446 2139 5514 plura
2164 5450 2312 5516 vitia,
2338 5468 2494 5522 quam
2525 5455 2652 5509 ferte
2682 5467 2734 5512 et
2762 5459 3032 5515 dmtnoues
3057 5462 3278 5531 habeas,
3304 5484 3442 5535 quo-

1848 5536 2026 5603 modo,
2070 5552 2273 5607 quteso,
2322 5552 2375 5596 te
2416 5544 2684 5600 hominem
2730 5550 3079 5604 vocabimus?
3128 5555 3171 5606 si
3205 5571 3330 5609 vero
3390 5570 3442 5613 te

1849 5624 2115 5683 hominem
2147 5646 2339 5689 vocare
2368 5650 2470 5689 non
2520 5636 2645 5692 licet
2670 5681 2683 5704 ,
2714 5641 2981 5710 quomodo
3010 5644 3218 5699 fidelem
3253 5650 3437 5715 appel-

3298 980 3311 1014 Z
3353 978 3453 1016 ηοο

3536 1026 3553 1045 ο
