  <div class='ocr_page' id='page_1' title='image "/cluster/home/n/w/nwhite01/storage/ocr_20150623/57/uva.x004697226/063.png"; bbox 0 0 4056 6542; ppageno 0'>
   <div class='ocr_carea' id='block_1_1' title="bbox 611 422 3857 484">
    <p class='ocr_par' dir='ltr' id='par_1_1' title="bbox 611 422 3857 484">
     <span class='ocr_line' id='line_1_1' title="bbox 611 422 3857 484; baseline 0.002 -8"><span class='ocrx_word' id='word_1_1' title='bbox 611 422 673 476; x_wconf 66' lang='grc' dir='ltr'><strong><em>ιω</em></strong></span> <span class='ocrx_word' id='word_1_2' title='bbox 1322 426 1380 480; x_wconf 89' lang='lat' dir='ltr'><strong>S.</strong></span> <span class='ocrx_word' id='word_1_3' title='bbox 1421 425 1706 482; x_wconf 77' lang='lat' dir='ltr'><strong>JOANNIS</strong></span> <span class='ocrx_word' id='word_1_4' title='bbox 1738 427 2222 484; x_wconf 71' lang='lat' dir='ltr'><strong>CIIRYSOS‘I‘OMI</strong></span> <span class='ocrx_word' id='word_1_5' title='bbox 2259 426 2572 482; x_wconf 76' lang='lat' dir='ltr'><strong>ARCHIEP.</strong></span> <span class='ocrx_word' id='word_1_6' title='bbox 2613 423 3156 482; x_wconf 80' lang='lat' dir='ltr'><strong>CONSTANTINOP.</strong></span> <span class='ocrx_word' id='word_1_7' title='bbox 3783 427 3857 483; x_wconf 84' lang='lat'><strong>50</strong></span> 
     </span>
    </p>
   </div>
   <div class='ocr_carea' id='block_1_2' title="bbox 614 527 2174 599">
    <p class='ocr_par' dir='ltr' id='par_1_2' title="bbox 614 527 2174 599">
     <span class='ocr_line' id='line_1_2' title="bbox 614 527 2174 599; baseline 0.002 -18"><span class='ocrx_word' id='word_1_8' title='bbox 614 527 871 584; x_wconf 77' lang='lat' dir='ltr'><strong>labimus?</strong></span> <span class='ocrx_word' id='word_1_9' title='bbox 897 529 1047 597; x_wconf 81' lang='lat' dir='ltr'><strong>Quod</strong></span> <span class='ocrx_word' id='word_1_10' title='bbox 1075 539 1249 586; x_wconf 89' lang='lat' dir='ltr'><strong>autem</strong></span> <span class='ocrx_word' id='word_1_11' title='bbox 1286 531 1520 587; x_wconf 77' lang='lat' dir='ltr'><strong>deterius</strong></span> <span class='ocrx_word' id='word_1_12' title='bbox 1547 542 1669 599; x_wconf 85' lang='lat' dir='ltr'><strong>est,</strong></span> <span class='ocrx_word' id='word_1_13' title='bbox 1699 547 1821 587; x_wconf 89' lang='lat' dir='ltr'><strong>eum</strong></span> <span class='ocrx_word' id='word_1_14' title='bbox 1846 533 1915 586; x_wconf 88' lang='lat' dir='ltr'><strong>ita</strong></span> <span class='ocrx_word' id='word_1_15' title='bbox 1943 533 2079 586; x_wconf 88' lang='lat' dir='ltr'><strong>male</strong></span> <span class='ocrx_word' id='word_1_16' title='bbox 2103 547 2174 584; x_wconf 73' lang='lat' dir='ltr'><strong>8t-</strong></span> 
     </span>
    </p>
   </div>
   <div class='ocr_carea' id='block_1_3' title="bbox 612 616 2178 690">
    <p class='ocr_par' dir='ltr' id='par_1_3' title="bbox 612 616 2178 690">
     <span class='ocr_line' id='line_1_3' title="bbox 612 616 2178 690; baseline 0.004 -20"><span class='ocrx_word' id='word_1_17' title='bbox 612 630 730 671; x_wconf 75' lang='lat' dir='ltr'><strong>nius</strong></span> <span class='ocrx_word' id='word_1_18' title='bbox 755 617 948 684; x_wconf 76' lang='lat' dir='ltr'><strong>allecti,</strong></span> <span class='ocrx_word' id='word_1_19' title='bbox 980 636 1046 675; x_wconf 88' lang='lat' dir='ltr'><strong>nc</strong></span> <span class='ocrx_word' id='word_1_20' title='bbox 1070 621 1362 689; x_wconf 85' lang='lat' dir='ltr'><strong>cogitamus</strong></span> <span class='ocrx_word' id='word_1_21' title='bbox 1389 621 1602 690; x_wconf 84' lang='lat' dir='ltr'><strong>quidem</strong></span> <span class='ocrx_word' id='word_1_22' title='bbox 1631 616 1822 677; x_wconf 64' lang='lat' dir='ltr'><strong>animos</strong></span> <span class='ocrx_word' id='word_1_23' title='bbox 1851 633 2046 677; x_wconf 61' lang='lat' dir='ltr'><strong>nostra:</strong></span> <span class='ocrx_word' id='word_1_24' title='bbox 2081 623 2178 676; x_wconf 59' lang='lat' dir='ltr'><strong>de-</strong></span> 
     </span>
    </p>
   </div>
   <div class='ocr_carea' id='block_1_4' title="bbox 610 705 2177 779">
    <p class='ocr_par' dir='ltr' id='par_1_4' title="bbox 610 705 2177 779">
     <span class='ocr_line' id='line_1_4' title="bbox 610 705 2177 779; baseline 0.008 -22"><span class='ocrx_word' id='word_1_25' title='bbox 610 705 972 772; x_wconf 84' lang='lat' dir='ltr'><strong>formitatem,</strong></span> <span class='ocrx_word' id='word_1_26' title='bbox 1021 723 1194 778; x_wconf 86' lang='lat' dir='ltr'><strong>neque</strong></span> <span class='ocrx_word' id='word_1_27' title='bbox 1245 711 1362 779; x_wconf 90' lang='lat' dir='ltr'><strong>ejus</strong></span> <span class='ocrx_word' id='word_1_28' title='bbox 1415 710 1705 766; x_wconf 72' lang='lat' dir='ltr'><strong>foeditatem</strong></span> <span class='ocrx_word' id='word_1_29' title='bbox 1753 715 2018 767; x_wconf 78' lang='lat' dir='ltr'><strong>novimus.</strong></span> <span class='ocrx_word' id='word_1_30' title='bbox 2075 712 2177 770; x_wconf 84' lang='lat' dir='ltr'><strong>Sed</strong></span> 
     </span>
    </p>
   </div>
   <div class='ocr_carea' id='block_1_5' title="bbox 608 794 2181 873">
    <p class='ocr_par' dir='ltr' id='par_1_5' title="bbox 608 794 2181 873">
     <span class='ocr_line' id='line_1_5' title="bbox 608 794 2181 873; baseline 0.007 -26"><span class='ocrx_word' id='word_1_31' title='bbox 608 794 745 862; x_wconf 86' lang='lat' dir='ltr'><strong>apud</strong></span> <span class='ocrx_word' id='word_1_32' title='bbox 779 804 1046 851; x_wconf 92' lang='lat' dir='ltr'><strong>tonsorem</strong></span> <span class='ocrx_word' id='word_1_33' title='bbox 1085 798 1279 852; x_wconf 88' lang='lat' dir='ltr'><strong>sedens</strong></span> <span class='ocrx_word' id='word_1_34' title='bbox 1306 840 1322 864; x_wconf 95' lang='lat'><strong>,</strong></span> <span class='ocrx_word' id='word_1_35' title='bbox 1364 814 1567 853; x_wconf 88' lang='lat' dir='ltr'><strong>comam</strong></span> <span class='ocrx_word' id='word_1_36' title='bbox 1593 801 1886 856; x_wconf 76' lang='lat' dir='ltr'><strong>detonderis</strong></span> <span class='ocrx_word' id='word_1_37' title='bbox 1907 841 1923 868; x_wconf 95' lang='lat'><strong>,</strong></span> <span class='ocrx_word' id='word_1_38' title='bbox 1970 815 2181 873; x_wconf 87' lang='lat' dir='ltr'><strong>arrepto</strong></span> 
     </span>
    </p>
   </div>
   <div class='ocr_carea' id='block_1_6' title="bbox 612 885 2180 963">
    <p class='ocr_par' dir='ltr' id='par_1_6' title="bbox 612 885 2180 963">
     <span class='ocr_line' id='line_1_6' title="bbox 612 885 2180 963; baseline 0.007 -26"><span class='ocrx_word' id='word_1_39' title='bbox 612 885 829 951; x_wconf 88' lang='lat' dir='ltr'><strong>speculo</strong></span> <span class='ocrx_word' id='word_1_40' title='bbox 860 888 1132 941; x_wconf 66' lang='lat' dir='ltr'><strong>caesariem</strong></span> <span class='ocrx_word' id='word_1_41' title='bbox 1162 890 1487 955; x_wconf 69' lang='lat' dir='ltr'><strong>consideras,</strong></span> <span class='ocrx_word' id='word_1_42' title='bbox 1520 902 1572 944; x_wconf 93' lang='lat' dir='ltr'><strong>et</strong></span> <span class='ocrx_word' id='word_1_43' title='bbox 1601 892 1873 947; x_wconf 82' lang='lat' dir='ltr'><strong>adstantes</strong></span> <span class='ocrx_word' id='word_1_44' title='bbox 1894 894 2180 963; x_wconf 78' lang='lat' dir='ltr'><strong>ipsumque.</strong></span> 
     </span>
    </p>
   </div>
   <div class='ocr_carea' id='block_1_7' title="bbox 608 974 2180 1045">
    <p class='ocr_par' dir='ltr' id='par_1_7' title="bbox 608 974 2180 1045">
     <span class='ocr_line' id='line_1_7' title="bbox 608 974 2180 1045; baseline 0.007 -21"><span class='ocrx_word' id='word_1_45' title='bbox 608 982 877 1027; x_wconf 72' lang='lat' dir='ltr'><strong>tonsorem</strong></span> <span class='ocrx_word' id='word_1_46' title='bbox 908 974 1227 1045; x_wconf 72' lang='lat' dir='ltr'><strong>interrogas,</strong></span> <span class='ocrx_word' id='word_1_47' title='bbox 1271 993 1394 1030; x_wconf 80' lang='lat' dir='ltr'><strong>nutu</strong></span> <span class='ocrx_word' id='word_1_48' title='bbox 1423 989 1611 1033; x_wconf 88' lang='lat' dir='ltr'><strong>ornate</strong></span> <span class='ocrx_word' id='word_1_49' title='bbox 1636 981 1860 1035; x_wconf 85' lang='lat' dir='ltr'><strong>frontem</strong></span> <span class='ocrx_word' id='word_1_50' title='bbox 1889 984 2180 1037; x_wconf 74' lang='lat' dir='ltr'><strong>concisura-</strong></span> 
     </span>
    </p>
   </div>
   <div class='ocr_carea' id='block_1_8' title="bbox 606 1062 2179 1140">
    <p class='ocr_par' dir='ltr' id='par_1_8' title="bbox 606 1062 2179 1140">
     <span class='ocr_line' id='line_1_8' title="bbox 606 1062 2179 1140; baseline 0.008 -27"><span class='ocrx_word' id='word_1_51' title='bbox 606 1062 741 1114; x_wconf 87' lang='lat' dir='ltr'><strong>verit</strong></span> <span class='ocrx_word' id='word_1_52' title='bbox 773 1079 784 1114; x_wconf 91' lang='lat'><strong>:</strong></span> <span class='ocrx_word' id='word_1_53' title='bbox 818 1077 880 1115; x_wconf 85' lang='lat' dir='ltr'><strong>ac</strong></span> <span class='ocrx_word' id='word_1_54' title='bbox 905 1079 1046 1130; x_wconf 79' lang='lat' dir='ltr'><strong>saepe</strong></span> <span class='ocrx_word' id='word_1_55' title='bbox 1068 1104 1084 1128; x_wconf 91' lang='lat'><strong>,</strong></span> <span class='ocrx_word' id='word_1_56' title='bbox 1113 1080 1276 1119; x_wconf 83' lang='lat' dir='ltr'><strong>senex</strong></span> <span class='ocrx_word' id='word_1_57' title='bbox 1303 1080 1422 1119; x_wconf 91' lang='lat' dir='ltr'><strong>cum</strong></span> <span class='ocrx_word' id='word_1_58' title='bbox 1466 1069 1540 1121; x_wconf 89' lang='lat' dir='ltr'><strong>sis</strong></span> <span class='ocrx_word' id='word_1_59' title='bbox 1563 1110 1578 1132; x_wconf 96' lang='lat'><strong>,</strong></span> <span class='ocrx_word' id='word_1_60' title='bbox 1612 1085 1714 1123; x_wconf 92' lang='lat' dir='ltr'><strong>non</strong></span> <span class='ocrx_word' id='word_1_61' title='bbox 1747 1073 1944 1126; x_wconf 84' lang='lat' dir='ltr'><strong>vereris</strong></span> <span class='ocrx_word' id='word_1_62' title='bbox 1967 1072 2179 1140; x_wconf 79' lang='lat' dir='ltr'><strong>juveni-</strong></span> 
     </span>
    </p>
   </div>
   <div class='ocr_carea' id='block_1_9' title="bbox 606 1149 2176 1225">
    <p class='ocr_par' dir='ltr' id='par_1_9' title="bbox 606 1149 2176 1225">
     <span class='ocr_line' id='line_1_9' title="bbox 606 1149 2176 1225; baseline 0.008 -21"><span class='ocrx_word' id='word_1_63' title='bbox 606 1149 744 1204; x_wconf 81' lang='lat' dir='ltr'><strong>libus</strong></span> <span class='ocrx_word' id='word_1_64' title='bbox 783 1153 968 1205; x_wconf 87' lang='lat' dir='ltr'><strong>studiis</strong></span> <span class='ocrx_word' id='word_1_65' title='bbox 998 1154 1230 1209; x_wconf 82' lang='lat' dir='ltr'><strong>insanire</strong></span> <span class='ocrx_word' id='word_1_66' title='bbox 1266 1174 1279 1208; x_wconf 89' lang='lat'>:</span> <span class='ocrx_word' id='word_1_67' title='bbox 1324 1158 1552 1212; x_wconf 83' lang='lat' dir='ltr'><strong>animam</strong></span> <span class='ocrx_word' id='word_1_68' title='bbox 1596 1175 1722 1213; x_wconf 84' lang='lat' dir='ltr'><strong>vero</strong></span> <span class='ocrx_word' id='word_1_69' title='bbox 1764 1173 2000 1216; x_wconf 88' lang='lat' dir='ltr'><strong>nostram</strong></span> <span class='ocrx_word' id='word_1_70' title='bbox 2023 1203 2037 1225; x_wconf 90' lang='lat'><strong>,</strong></span> <span class='ocrx_word' id='word_1_71' title='bbox 2071 1178 2176 1217; x_wconf 88' lang='lat' dir='ltr'><strong>non</strong></span> 
     </span>
    </p>
   </div>
   <div class='ocr_carea' id='block_1_10' title="bbox 609 1241 2180 1315">
    <p class='ocr_par' dir='ltr' id='par_1_10' title="bbox 609 1241 2180 1315">
     <span class='ocr_line' id='line_1_10' title="bbox 609 1241 2180 1315; baseline 0.009 -21"><span class='ocrx_word' id='word_1_72' title='bbox 609 1241 766 1295; x_wconf 92' lang='lat' dir='ltr'><strong>modo</strong></span> <span class='ocrx_word' id='word_1_73' title='bbox 791 1242 1103 1306; x_wconf 80' lang='lat' dir='ltr'><strong>deformem,</strong></span> <span class='ocrx_word' id='word_1_74' title='bbox 1131 1244 1224 1298; x_wconf 90' lang='lat' dir='ltr'><strong>sed</strong></span> <span class='ocrx_word' id='word_1_75' title='bbox 1255 1247 1411 1300; x_wconf 87' lang='lat' dir='ltr'><strong>etiam</strong></span> <span class='ocrx_word' id='word_1_76' title='bbox 1436 1247 1614 1302; x_wconf 75' lang='lat' dir='ltr'><strong>ferina:</strong></span> <span class='ocrx_word' id='word_1_77' title='bbox 1646 1249 1827 1304; x_wconf 72' lang='lat' dir='ltr'><strong>forma:</strong></span> <span class='ocrx_word' id='word_1_78' title='bbox 1847 1267 1988 1315; x_wconf 86' lang='lat' dir='ltr'><strong>esse,</strong></span> <span class='ocrx_word' id='word_1_79' title='bbox 2012 1254 2180 1308; x_wconf 86' lang='lat' dir='ltr'><strong>instar</strong></span> 
     </span>
    </p>
   </div>
   <div class='ocr_carea' id='block_1_11' title="bbox 605 1329 2179 1410">
    <p class='ocr_par' dir='ltr' id='par_1_11' title="bbox 605 1329 2179 1410">
     <span class='ocr_line' id='line_1_11' title="bbox 605 1329 2179 1410; baseline 0.01 -26"><span class='ocrx_word' id='word_1_80' title='bbox 605 1329 793 1399; x_wconf 72' lang='lat' dir='ltr'><strong>Scyllae</strong></span> <span class='ocrx_word' id='word_1_81' title='bbox 821 1340 873 1385; x_wconf 89' lang='lat' dir='ltr'><strong>et</strong></span> <span class='ocrx_word' id='word_1_82' title='bbox 902 1332 1182 1389; x_wconf 70' lang='lat' dir='ltr'><strong>Chimazrte</strong></span> <span class='ocrx_word' id='word_1_83' title='bbox 1211 1377 1227 1401; x_wconf 91' lang='lat'><strong>,</strong></span> <span class='ocrx_word' id='word_1_84' title='bbox 1253 1353 1368 1405; x_wconf 72' lang='lat' dir='ltr'><strong>quae</strong></span> <span class='ocrx_word' id='word_1_85' title='bbox 1399 1340 1449 1392; x_wconf 91' lang='lat' dir='ltr'><strong>in</strong></span> <span class='ocrx_word' id='word_1_86' title='bbox 1482 1339 1653 1395; x_wconf 80' lang='lat' dir='ltr'><strong>fabula</strong></span> <span class='ocrx_word' id='word_1_87' title='bbox 1681 1344 1942 1410; x_wconf 83' lang='lat' dir='ltr'><strong>feruntur,</strong></span> <span class='ocrx_word' id='word_1_88' title='bbox 1982 1361 2051 1399; x_wconf 89' lang='lat' dir='ltr'><strong>ne</strong></span> <span class='ocrx_word' id='word_1_89' title='bbox 2079 1345 2179 1399; x_wconf 78' lang='lat' dir='ltr'><strong>Ini-</strong></span> 
     </span>
    </p>
   </div>
   <div class='ocr_carea' id='block_1_12' title="bbox 606 1419 2174 1503">
    <p class='ocr_par' dir='ltr' id='par_1_12' title="bbox 606 1419 2174 1503">
     <span class='ocr_line' id='line_1_12' title="bbox 606 1419 2174 1503; baseline 0.012 -33"><span class='ocrx_word' id='word_1_90' title='bbox 606 1419 805 1474; x_wconf 87' lang='lat' dir='ltr'><strong>nimum</strong></span> <span class='ocrx_word' id='word_1_91' title='bbox 835 1423 1050 1490; x_wconf 89' lang='lat' dir='ltr'><strong>quidem</strong></span> <span class='ocrx_word' id='word_1_92' title='bbox 1073 1427 1329 1481; x_wconf 87' lang='lat' dir='ltr'><strong>sentimus</strong></span> <span class='ocrx_word' id='word_1_93' title='bbox 1355 1447 1367 1481; x_wconf 92' lang='lat'>:</span> <span class='ocrx_word' id='word_1_94' title='bbox 1401 1445 1715 1501; x_wconf 84' lang='lat' dir='ltr'><strong>quamquam</strong></span> <span class='ocrx_word' id='word_1_95' title='bbox 1754 1444 1928 1488; x_wconf 88' lang='lat' dir='ltr'><strong>tamen</strong></span> <span class='ocrx_word' id='word_1_96' title='bbox 1959 1436 2042 1489; x_wconf 89' lang='lat' dir='ltr'><strong>hic</strong></span> <span class='ocrx_word' id='word_1_97' title='bbox 2066 1436 2174 1503; x_wconf 90' lang='lat' dir='ltr'><strong>spi-</strong></span> 
     </span>
    </p>
   </div>
   <div class='ocr_carea' id='block_1_13' title="bbox 604 1507 2175 1589">
    <p class='ocr_par' dir='ltr' id='par_1_13' title="bbox 604 1507 2175 1589">
     <span class='ocr_line' id='line_1_13' title="bbox 604 1507 2175 1589; baseline 0.011 -29"><span class='ocrx_word' id='word_1_98' title='bbox 604 1507 792 1564; x_wconf 85' lang='lat' dir='ltr'><strong>rituale</strong></span> <span class='ocrx_word' id='word_1_99' title='bbox 830 1511 1101 1579; x_wconf 88' lang='lat' dir='ltr'><strong>speculum</strong></span> <span class='ocrx_word' id='word_1_100' title='bbox 1146 1514 1433 1573; x_wconf 90' lang='lat' dir='ltr'><strong>habeamus</strong></span> <span class='ocrx_word' id='word_1_101' title='bbox 1472 1518 1627 1589; x_wconf 82' lang='lat' dir='ltr'><strong>lOnge</strong></span> <span class='ocrx_word' id='word_1_102' title='bbox 1668 1523 1856 1578; x_wconf 87' lang='lat' dir='ltr'><strong>melius</strong></span> <span class='ocrx_word' id='word_1_103' title='bbox 1899 1532 1952 1578; x_wconf 89' lang='lat' dir='ltr'><strong>et</strong></span> <span class='ocrx_word' id='word_1_104' title='bbox 1998 1524 2175 1578; x_wconf 84' lang='lat' dir='ltr'><strong>utilius</strong></span> 
     </span>
    </p>
   </div>
   <div class='ocr_carea' id='block_1_14' title="bbox 603 1598 2172 1678">
    <p class='ocr_par' dir='ltr' id='par_1_14' title="bbox 603 1598 2172 1678">
     <span class='ocr_line' id='line_1_14' title="bbox 603 1598 2172 1678; baseline 0.011 -26"><span class='ocrx_word' id='word_1_105' title='bbox 603 1598 716 1653; x_wconf 88' lang='lat' dir='ltr'><strong>illo.</strong></span> <span class='ocrx_word' id='word_1_106' title='bbox 760 1600 873 1654; x_wconf 90' lang='lat' dir='ltr'><strong>Non</strong></span> <span class='ocrx_word' id='word_1_107' title='bbox 918 1601 1077 1657; x_wconf 91' lang='lat' dir='ltr'><strong>modo</strong></span> <span class='ocrx_word' id='word_1_108' title='bbox 1123 1607 1264 1660; x_wconf 88' lang='lat' dir='ltr'><strong>enim</strong></span> <span class='ocrx_word' id='word_1_109' title='bbox 1307 1607 1693 1667; x_wconf 85' lang='lat' dir='ltr'><strong>deformitatem</strong></span> <span class='ocrx_word' id='word_1_110' title='bbox 1741 1622 2037 1678; x_wconf 86' lang='lat' dir='ltr'><strong>monstrat,</strong></span> <span class='ocrx_word' id='word_1_111' title='bbox 2078 1614 2172 1668; x_wconf 83' lang='lat' dir='ltr'><strong>sed</strong></span> 
     </span>
    </p>
   </div>
   <div class='ocr_carea' id='block_1_15' title="bbox 601 1690 2173 1770">
    <p class='ocr_par' dir='ltr' id='par_1_15' title="bbox 601 1690 2173 1770">
     <span class='ocr_line' id='line_1_15' title="bbox 601 1690 2173 1770; baseline 0.011 -27"><span class='ocrx_word' id='word_1_112' title='bbox 601 1690 762 1744; x_wconf 88' lang='lat' dir='ltr'><strong>etiam</strong></span> <span class='ocrx_word' id='word_1_113' title='bbox 788 1702 955 1745; x_wconf 76' lang='lat' dir='ltr'><strong>mittat</strong></span> <span class='ocrx_word' id='word_1_114' title='bbox 981 1693 1123 1748; x_wconf 87' lang='lat' dir='ltr'><strong>illam</strong></span> <span class='ocrx_word' id='word_1_115' title='bbox 1151 1695 1206 1751; x_wconf 89' lang='lat' dir='ltr'><strong>in</strong></span> <span class='ocrx_word' id='word_1_116' title='bbox 1242 1698 1684 1766; x_wconf 86' lang='lat' dir='ltr'><strong>pulchritudinem</strong></span> <span class='ocrx_word' id='word_1_117' title='bbox 1730 1701 2042 1760; x_wconf 80' lang='lat' dir='ltr'><strong>immensam</strong></span> <span class='ocrx_word' id='word_1_118' title='bbox 2065 1744 2082 1770; x_wconf 91' lang='lat'><strong>,</strong></span> <span class='ocrx_word' id='word_1_119' title='bbox 2125 1704 2173 1759; x_wconf 89' lang='lat' dir='ltr'><strong>si</strong></span> 
     </span>
    </p>
   </div>
   <div class='ocr_carea' id='block_1_16' title="bbox 568 1779 1085 1849">
    <p class='ocr_par' dir='ltr' id='par_1_16' title="bbox 568 1779 1085 1849">
     <span class='ocr_line' id='line_1_16' title="bbox 568 1779 1085 1849; baseline 0.017 -18"><span class='ocrx_word' id='word_1_120' title='bbox 568 1809 570 1812; x_wconf 54' lang='grc' dir='ltr'>ν</span> <span class='ocrx_word' id='word_1_121' title='bbox 599 1779 813 1849; x_wconf 77' lang='lat' dir='ltr'><strong>quidem</strong></span> <span class='ocrx_word' id='word_1_122' title='bbox 842 1783 1085 1840; x_wconf 82' lang='lat' dir='ltr'><strong>velimus.</strong></span> 
     </span>
    </p>
   </div>
   <div class='ocr_carea' id='block_1_17' title="bbox 679 1972 2158 2042">
    <p class='ocr_par' dir='ltr' id='par_1_17' title="bbox 679 1972 2158 2042">
     <span class='ocr_line' id='line_1_17' title="bbox 679 1972 2158 2042; baseline 0.003 -16"><span class='ocrx_word' id='word_1_123' title='bbox 679 1972 787 2027; x_wconf 76' lang='lat' dir='ltr'><strong>Vita</strong></span> <span class='ocrx_word' id='word_1_124' title='bbox 815 1980 1098 2025; x_wconf 72' lang='lat' dir='ltr'><strong>mactarunt</strong></span> <span class='ocrx_word' id='word_1_125' title='bbox 1120 1972 1583 2040; x_wconf 65' lang='lat' dir='ltr'><strong>speculam—Hoc</strong></span> <span class='ocrx_word' id='word_1_126' title='bbox 1605 1986 1763 2042; x_wconf 81' lang='lat' dir='ltr'><strong>porro</strong></span> <span class='ocrx_word' id='word_1_127' title='bbox 1787 1973 2060 2042; x_wconf 83' lang='lat' dir='ltr'><strong>speculum</strong></span> <span class='ocrx_word' id='word_1_128' title='bbox 2080 1985 2158 2030; x_wconf 89' lang='lat' dir='ltr'><strong>est</strong></span> 
     </span>
    </p>
   </div>
   <div class='ocr_carea' id='block_1_18' title="bbox 593 2063 2164 2134">
    <p class='ocr_par' dir='ltr' id='par_1_18' title="bbox 593 2063 2164 2134">
     <span class='ocr_line' id='line_1_18' title="bbox 593 2063 2164 2134; baseline 0.001 -17"><span class='ocrx_word' id='word_1_129' title='bbox 593 2063 878 2134; x_wconf 86' lang='lat' dir='ltr'><strong>proborum</strong></span> <span class='ocrx_word' id='word_1_130' title='bbox 905 2063 1141 2116; x_wconf 87' lang='lat' dir='ltr'><strong>virorum</strong></span> <span class='ocrx_word' id='word_1_131' title='bbox 1171 2063 1448 2129; x_wconf 81' lang='lat' dir='ltr'><strong>memoria,</strong></span> <span class='ocrx_word' id='word_1_132' title='bbox 1480 2077 1687 2118; x_wconf 83' lang='lat' dir='ltr'><strong>necnon</strong></span> <span class='ocrx_word' id='word_1_133' title='bbox 1711 2065 1879 2119; x_wconf 82' lang='lat' dir='ltr'><strong>beata:</strong></span> <span class='ocrx_word' id='word_1_134' title='bbox 1932 2066 2164 2134; x_wconf 87' lang='lat' dir='ltr'><strong>ipsorum</strong></span> 
     </span>
    </p>
   </div>
   <div class='ocr_carea' id='block_1_19' title="bbox 595 2151 2161 2224">
    <p class='ocr_par' dir='ltr' id='par_1_19' title="bbox 595 2151 2161 2224">
     <span class='ocr_line' id='line_1_19' title="bbox 595 2151 2161 2224; baseline 0.003 -21"><span class='ocrx_word' id='word_1_135' title='bbox 595 2153 716 2206; x_wconf 80' lang='lat' dir='ltr'><strong>vita:</strong></span> <span class='ocrx_word' id='word_1_136' title='bbox 742 2152 957 2206; x_wconf 83' lang='lat' dir='ltr'><strong>historia</strong></span> <span class='ocrx_word' id='word_1_137' title='bbox 981 2193 996 2218; x_wconf 94' lang='lat'><strong>,</strong></span> <span class='ocrx_word' id='word_1_138' title='bbox 1025 2151 1410 2220; x_wconf 85' lang='lat' dir='ltr'><strong>Scripturarum</strong></span> <span class='ocrx_word' id='word_1_139' title='bbox 1438 2153 1624 2216; x_wconf 85' lang='lat' dir='ltr'><strong>lectio,</strong></span> <span class='ocrx_word' id='word_1_140' title='bbox 1650 2154 1792 2224; x_wconf 86' lang='lat' dir='ltr'><strong>leges</strong></span> <span class='ocrx_word' id='word_1_141' title='bbox 1816 2169 1844 2207; x_wconf 88' lang='lat' dir='ltr'><strong>a</strong></span> <span class='ocrx_word' id='word_1_142' title='bbox 1873 2155 1980 2209; x_wconf 91' lang='lat' dir='ltr'><strong>Deo</strong></span> <span class='ocrx_word' id='word_1_143' title='bbox 2006 2155 2161 2208; x_wconf 63' lang='lat' dir='ltr'><strong>datae.</strong></span> 
     </span>
    </p>
   </div>
   <div class='ocr_carea' id='block_1_20' title="bbox 596 2239 2166 2311">
    <p class='ocr_par' dir='ltr' id='par_1_20' title="bbox 596 2239 2166 2311">
     <span class='ocr_line' id='line_1_20' title="bbox 596 2239 2166 2311; baseline 0.003 -17"><span class='ocrx_word' id='word_1_144' title='bbox 596 2240 652 2294; x_wconf 85' lang='lat' dir='ltr'><strong>Si</strong></span> <span class='ocrx_word' id='word_1_145' title='bbox 701 2240 780 2295; x_wconf 91' lang='lat' dir='ltr'><strong>vel</strong></span> <span class='ocrx_word' id='word_1_146' title='bbox 803 2240 969 2294; x_wconf 89' lang='lat' dir='ltr'><strong>semel</strong></span> <span class='ocrx_word' id='word_1_147' title='bbox 1000 2239 1230 2294; x_wconf 85' lang='lat' dir='ltr'><strong>volueris</strong></span> <span class='ocrx_word' id='word_1_148' title='bbox 1272 2240 1587 2295; x_wconf 87' lang='lat' dir='ltr'><strong>Sanctorum</strong></span> <span class='ocrx_word' id='word_1_149' title='bbox 1636 2243 1887 2311; x_wconf 72' lang='lat' dir='ltr'><strong>imagines</strong></span> <span class='ocrx_word' id='word_1_150' title='bbox 1924 2252 2166 2298; x_wconf 78' lang='lat' dir='ltr'><strong>contexu-</strong></span> 
     </span>
    </p>
   </div>
   <div class='ocr_carea' id='block_1_21' title="bbox 599 2329 2166 2400">
    <p class='ocr_par' dir='ltr' id='par_1_21' title="bbox 599 2329 2166 2400">
     <span class='ocr_line' id='line_1_21' title="bbox 599 2329 2166 2400; baseline 0.003 -18"><span class='ocrx_word' id='word_1_151' title='bbox 599 2330 728 2398; x_wconf 88' lang='lat' dir='ltr'><strong>plari</strong></span> <span class='ocrx_word' id='word_1_152' title='bbox 755 2369 771 2393; x_wconf 89' lang='lat'><strong>,</strong></span> <span class='ocrx_word' id='word_1_153' title='bbox 811 2329 1202 2384; x_wconf 89' lang='lat' dir='ltr'><strong>deformitatem</strong></span> <span class='ocrx_word' id='word_1_154' title='bbox 1227 2329 1419 2384; x_wconf 67' lang='lat' dir='ltr'><strong>animt:</strong></span> <span class='ocrx_word' id='word_1_155' title='bbox 1453 2339 1555 2383; x_wconf 71' lang='lat' dir='ltr'><strong>tua:</strong></span> <span class='ocrx_word' id='word_1_156' title='bbox 1597 2329 1798 2386; x_wconf 89' lang='lat' dir='ltr'><strong>videbis</strong></span> <span class='ocrx_word' id='word_1_157' title='bbox 1826 2347 1841 2385; x_wconf 91' lang='lat'><strong>:</strong></span> <span class='ocrx_word' id='word_1_158' title='bbox 1873 2344 1974 2400; x_wconf 90' lang='lat' dir='ltr'><strong>qua</strong></span> <span class='ocrx_word' id='word_1_159' title='bbox 2001 2333 2166 2387; x_wconf 87' lang='lat' dir='ltr'><strong>semel</strong></span> 
     </span>
    </p>
   </div>
   <div class='ocr_carea' id='block_1_22' title="bbox 597 2419 2168 2490">
    <p class='ocr_par' dir='ltr' id='par_1_22' title="bbox 597 2419 2168 2490">
     <span class='ocr_line' id='line_1_22' title="bbox 597 2419 2168 2490; baseline 0.002 -18"><span class='ocrx_word' id='word_1_160' title='bbox 597 2427 900 2487; x_wconf 87' lang='lat' dir='ltr'><strong>conspecta,</strong></span> <span class='ocrx_word' id='word_1_161' title='bbox 935 2419 1075 2473; x_wconf 91' lang='lat' dir='ltr'><strong>nullo</strong></span> <span class='ocrx_word' id='word_1_162' title='bbox 1100 2419 1205 2472; x_wconf 87' lang='lat' dir='ltr'><strong>alio</strong></span> <span class='ocrx_word' id='word_1_163' title='bbox 1231 2419 1408 2488; x_wconf 89' lang='lat' dir='ltr'><strong>egehis</strong></span> <span class='ocrx_word' id='word_1_164' title='bbox 1435 2427 1493 2472; x_wconf 91' lang='lat' dir='ltr'><strong>ut</strong></span> <span class='ocrx_word' id='word_1_165' title='bbox 1518 2421 1586 2473; x_wconf 89' lang='lat' dir='ltr'><strong>ab</strong></span> <span class='ocrx_word' id='word_1_166' title='bbox 1610 2421 1708 2474; x_wconf 85' lang='lat' dir='ltr'><strong>hac</strong></span> <span class='ocrx_word' id='word_1_167' title='bbox 1731 2422 2054 2490; x_wconf 79' lang='lat' dir='ltr'><strong>turpitudine</strong></span> <span class='ocrx_word' id='word_1_168' title='bbox 2099 2423 2168 2475; x_wconf 69' lang='lat' dir='ltr'><strong>li~</strong></span> 
     </span>
    </p>
   </div>
   <div class='ocr_carea' id='block_1_23' title="bbox 598 2507 2167 2577">
    <p class='ocr_par' dir='ltr' id='par_1_23' title="bbox 598 2507 2167 2577">
     <span class='ocr_line' id='line_1_23' title="bbox 598 2507 2167 2577; baseline -0.001 -13"><span class='ocrx_word' id='word_1_169' title='bbox 598 2510 823 2564; x_wconf 82' lang='lat' dir='ltr'><strong>bereris.</strong></span> <span class='ocrx_word' id='word_1_170' title='bbox 870 2509 952 2561; x_wconf 78' lang='lat' dir='ltr'><strong>Ad</strong></span> <span class='ocrx_word' id='word_1_171' title='bbox 982 2508 1082 2562; x_wconf 85' lang='lat' dir='ltr'><strong>hoc</strong></span> <span class='ocrx_word' id='word_1_172' title='bbox 1123 2509 1263 2574; x_wconf 75' lang='lat' dir='ltr'><strong>enim</strong></span> <span class='ocrx_word' id='word_1_173' title='bbox 1291 2508 1422 2561; x_wconf 87' lang='lat' dir='ltr'><strong>utile</strong></span> <span class='ocrx_word' id='word_1_174' title='bbox 1463 2507 1615 2561; x_wconf 90' lang='lat' dir='ltr'><strong>nobis</strong></span> <span class='ocrx_word' id='word_1_175' title='bbox 1642 2517 1723 2562; x_wconf 88' lang='lat' dir='ltr'><strong>est</strong></span> <span class='ocrx_word' id='word_1_176' title='bbox 1751 2509 1849 2562; x_wconf 89' lang='lat' dir='ltr'><strong>hoc</strong></span> <span class='ocrx_word' id='word_1_177' title='bbox 1875 2510 2167 2577; x_wconf 88' lang='lat' dir='ltr'><strong>speculum,</strong></span> 
     </span>
    </p>
   </div>
   <div class='ocr_carea' id='block_1_24' title="bbox 598 2597 2172 2669">
    <p class='ocr_par' dir='ltr' id='par_1_24' title="bbox 598 2597 2172 2669">
     <span class='ocr_line' id='line_1_24' title="bbox 598 2597 2172 2669; baseline -0.001 -16"><span class='ocrx_word' id='word_1_178' title='bbox 598 2601 909 2669; x_wconf 83' lang='lat' dir='ltr'><strong>facilemque</strong></span> <span class='ocrx_word' id='word_1_179' title='bbox 933 2599 1085 2652; x_wconf 88' lang='lat' dir='ltr'><strong>nobis</strong></span> <span class='ocrx_word' id='word_1_180' title='bbox 1115 2597 1285 2652; x_wconf 86' lang='lat' dir='ltr'><strong>reddit</strong></span> <span class='ocrx_word' id='word_1_181' title='bbox 1314 2599 1448 2652; x_wconf 84' lang='lat' dir='ltr'><strong>hanc</strong></span> <span class='ocrx_word' id='word_1_182' title='bbox 1487 2599 1853 2653; x_wconf 85' lang='lat' dir='ltr'><strong>mutationem.</strong></span> <span class='ocrx_word' id='word_1_183' title='bbox 1881 2599 2047 2654; x_wconf 83' lang='lat' dir='ltr'><strong>Nemo</strong></span> <span class='ocrx_word' id='word_1_184' title='bbox 2076 2600 2172 2653; x_wconf 87' lang='lat' dir='ltr'><strong>ita-</strong></span> 
     </span>
    </p>
   </div>
   <div class='ocr_carea' id='block_1_25' title="bbox 599 2688 2169 2760">
    <p class='ocr_par' dir='ltr' id='par_1_25' title="bbox 599 2688 2169 2760">
     <span class='ocr_line' id='line_1_25' title="bbox 599 2688 2169 2760; baseline 0.001 -16"><span class='ocrx_word' id='word_1_185' title='bbox 599 2706 702 2760; x_wconf 89' lang='lat' dir='ltr'><strong>que</strong></span> <span class='ocrx_word' id='word_1_186' title='bbox 731 2692 780 2742; x_wconf 92' lang='lat' dir='ltr'><strong>in</strong></span> <span class='ocrx_word' id='word_1_187' title='bbox 832 2692 1105 2744; x_wconf 89' lang='lat' dir='ltr'><strong>hrutorum</strong></span> <span class='ocrx_word' id='word_1_188' title='bbox 1151 2689 1318 2742; x_wconf 89' lang='lat' dir='ltr'><strong>forma</strong></span> <span class='ocrx_word' id='word_1_189' title='bbox 1351 2697 1574 2741; x_wconf 84' lang='lat' dir='ltr'><strong>maneat.</strong></span> <span class='ocrx_word' id='word_1_190' title='bbox 1621 2688 1676 2743; x_wconf 91' lang='lat' dir='ltr'><strong>Si</strong></span> <span class='ocrx_word' id='word_1_191' title='bbox 1715 2691 1858 2743; x_wconf 90' lang='lat' dir='ltr'><strong>enim</strong></span> <span class='ocrx_word' id='word_1_192' title='bbox 1887 2705 2070 2744; x_wconf 84' lang='lat' dir='ltr'><strong>servus</strong></span> <span class='ocrx_word' id='word_1_193' title='bbox 2116 2695 2169 2746; x_wconf 89' lang='lat' dir='ltr'><strong>in</strong></span> 
     </span>
    </p>
   </div>
   <div class='ocr_carea' id='block_1_26' title="bbox 599 2777 2168 2847">
    <p class='ocr_par' dir='ltr' id='par_1_26' title="bbox 599 2777 2168 2847">
     <span class='ocr_line' id='line_1_26' title="bbox 599 2777 2168 2847; baseline 0 -14"><span class='ocrx_word' id='word_1_194' title='bbox 599 2781 814 2834; x_wconf 88' lang='lat' dir='ltr'><strong>domum</strong></span> <span class='ocrx_word' id='word_1_195' title='bbox 849 2780 1010 2847; x_wconf 81' lang='lat' dir='ltr'><strong>patris</strong></span> <span class='ocrx_word' id='word_1_196' title='bbox 1038 2793 1141 2832; x_wconf 94' lang='lat' dir='ltr'><strong>non</strong></span> <span class='ocrx_word' id='word_1_197' title='bbox 1171 2779 1367 2842; x_wconf 88' lang='lat' dir='ltr'><strong>intrat,</strong></span> <span class='ocrx_word' id='word_1_198' title='bbox 1398 2791 1518 2831; x_wconf 87' lang='lat' dir='ltr'><strong>cum</strong></span> <span class='ocrx_word' id='word_1_199' title='bbox 1546 2779 1669 2832; x_wconf 73' lang='lat' dir='ltr'><strong>lene</strong></span> <span class='ocrx_word' id='word_1_200' title='bbox 1696 2777 1915 2833; x_wconf 89' lang='lat' dir='ltr'><strong>formam</strong></span> <span class='ocrx_word' id='word_1_201' title='bbox 1949 2781 2168 2845; x_wconf 81' lang='lat' dir='ltr'><strong>habeas,</strong></span> 
     </span>
    </p>
   </div>
   <div class='ocr_carea' id='block_1_27' title="bbox 599 2868 2169 2938">
    <p class='ocr_par' dir='ltr' id='par_1_27' title="bbox 599 2868 2169 2938">
     <span class='ocr_line' id='line_1_27' title="bbox 599 2868 2169 2938; baseline 0.003 -19"><span class='ocrx_word' id='word_1_202' title='bbox 599 2869 866 2936; x_wconf 87' lang='lat' dir='ltr'><strong>quomodo</strong></span> <span class='ocrx_word' id='word_1_203' title='bbox 897 2876 949 2921; x_wconf 91' lang='lat' dir='ltr'><strong>tu</strong></span> <span class='ocrx_word' id='word_1_204' title='bbox 979 2868 1030 2921; x_wconf 92' lang='lat' dir='ltr'><strong>in</strong></span> <span class='ocrx_word' id='word_1_205' title='bbox 1058 2869 1234 2920; x_wconf 88' lang='lat' dir='ltr'><strong>limina</strong></span> <span class='ocrx_word' id='word_1_206' title='bbox 1265 2868 1352 2920; x_wconf 88' lang='lat' dir='ltr'><strong>illa</strong></span> <span class='ocrx_word' id='word_1_207' title='bbox 1382 2868 1582 2935; x_wconf 89' lang='lat' dir='ltr'><strong>ingredi</strong></span> <span class='ocrx_word' id='word_1_208' title='bbox 1611 2869 1842 2934; x_wconf 80' lang='lat' dir='ltr'><strong>poteris?</strong></span> <span class='ocrx_word' id='word_1_209' title='bbox 1868 2868 2069 2938; x_wconf 87' lang='lat' dir='ltr'><strong>Ecquid</strong></span> <span class='ocrx_word' id='word_1_210' title='bbox 2103 2872 2169 2924; x_wconf 85' lang='lat' dir='ltr'><strong>fe-</strong></span> 
     </span>
    </p>
   </div>
   <div class='ocr_carea' id='block_1_28' title="bbox 603 2956 2167 3025">
    <p class='ocr_par' dir='ltr' id='par_1_28' title="bbox 603 2956 2167 3025">
     <span class='ocr_line' id='line_1_28' title="bbox 603 2956 2167 3025; baseline 0 -13"><span class='ocrx_word' id='word_1_211' title='bbox 603 2973 712 3012; x_wconf 87' lang='lat' dir='ltr'><strong>ram</strong></span> <span class='ocrx_word' id='word_1_212' title='bbox 743 2958 899 3012; x_wconf 84' lang='lat' dir='ltr'><strong>dico?</strong></span> <span class='ocrx_word' id='word_1_213' title='bbox 930 2957 1059 3011; x_wconf 81' lang='lat' dir='ltr'><strong>Fera</strong></span> <span class='ocrx_word' id='word_1_214' title='bbox 1091 2956 1508 3012; x_wconf 51' lang='lat' dir='ltr'><strong>enim&#39;tleterior</strong></span> <span class='ocrx_word' id='word_1_215' title='bbox 1531 2970 1614 3011; x_wconf 80' lang='lat' dir='ltr'><strong>est</strong></span> <span class='ocrx_word' id='word_1_216' title='bbox 1645 2958 1945 3025; x_wconf 74' lang='lat' dir='ltr'><strong>huiusmodi</strong></span> <span class='ocrx_word' id='word_1_217' title='bbox 1989 2960 2167 3013; x_wconf 90' lang='lat' dir='ltr'><strong>homo.</strong></span> 
     </span>
    </p>
   </div>
   <div class='ocr_carea' id='block_1_29' title="bbox 603 3048 2171 3114">
    <p class='ocr_par' dir='ltr' id='par_1_29' title="bbox 603 3048 2171 3114">
     <span class='ocr_line' id='line_1_29' title="bbox 603 3048 2171 3114; baseline 0 -12"><span class='ocrx_word' id='word_1_218' title='bbox 603 3048 749 3102; x_wconf 64' lang='lat' dir='ltr'><strong>Fers</strong></span> <span class='ocrx_word' id='word_1_219' title='bbox 776 3049 916 3102; x_wconf 88' lang='lat' dir='ltr'><strong>enim</strong></span> <span class='ocrx_word' id='word_1_220' title='bbox 945 3049 1044 3100; x_wconf 87' lang='lat' dir='ltr'><strong>etsi</strong></span> <span class='ocrx_word' id='word_1_221' title='bbox 1093 3055 1275 3100; x_wconf 85' lang='lat' dir='ltr'><strong>natura</strong></span> <span class='ocrx_word' id='word_1_222' title='bbox 1303 3061 1395 3100; x_wconf 85' lang='lat' dir='ltr'><strong>sua</strong></span> <span class='ocrx_word' id='word_1_223' title='bbox 1428 3049 1631 3102; x_wconf 71' lang='lat' dir='ltr'><strong>feroces</strong></span> <span class='ocrx_word' id='word_1_224' title='bbox 1662 3049 1787 3114; x_wconf 78' lang='lat' dir='ltr'><strong>sint,</strong></span> <span class='ocrx_word' id='word_1_225' title='bbox 1816 3048 2044 3104; x_wconf 69' lang='lat' dir='ltr'><strong>humana</strong></span> <span class='ocrx_word' id='word_1_226' title='bbox 2092 3060 2171 3103; x_wconf 87' lang='lat' dir='ltr'><strong>ta-</strong></span> 
     </span>
    </p>
   </div>
   <div class='ocr_carea' id='block_1_30' title="bbox 601 3139 2170 3207">
    <p class='ocr_par' dir='ltr' id='par_1_30' title="bbox 601 3139 2170 3207">
     <span class='ocr_line' id='line_1_30' title="bbox 601 3139 2170 3207; baseline 0.001 -13"><span class='ocrx_word' id='word_1_227' title='bbox 601 3153 721 3194; x_wconf 86' lang='lat' dir='ltr'><strong>men</strong></span> <span class='ocrx_word' id='word_1_228' title='bbox 747 3149 861 3191; x_wconf 89' lang='lat' dir='ltr'><strong>arte</strong></span> <span class='ocrx_word' id='word_1_229' title='bbox 899 3153 1040 3206; x_wconf 62' lang='lat' dir='ltr'><strong>saepe</strong></span> <span class='ocrx_word' id='word_1_230' title='bbox 1083 3147 1459 3191; x_wconf 87' lang='lat' dir='ltr'><strong>mansucscunt</strong></span> <span class='ocrx_word' id='word_1_231' title='bbox 1500 3155 1513 3189; x_wconf 74' lang='grc' dir='ltr'><strong>ε</strong></span> <span class='ocrx_word' id='word_1_232' title='bbox 1563 3149 1615 3191; x_wconf 91' lang='lat' dir='ltr'><strong>tu</strong></span> <span class='ocrx_word' id='word_1_233' title='bbox 1665 3153 1790 3193; x_wconf 86' lang='lat' dir='ltr'><strong>vero</strong></span> <span class='ocrx_word' id='word_1_234' title='bbox 1833 3140 1921 3207; x_wconf 90' lang='lat' dir='ltr'><strong>qui</strong></span> <span class='ocrx_word' id='word_1_235' title='bbox 1963 3139 2170 3195; x_wconf 87' lang='lat' dir='ltr'><strong>illarum</strong></span> 
     </span>
    </p>
   </div>
   <div class='ocr_carea' id='block_1_31' title="bbox 601 3227 2172 3295">
    <p class='ocr_par' dir='ltr' id='par_1_31' title="bbox 601 3227 2172 3295">
     <span class='ocr_line' id='line_1_31' title="bbox 601 3227 2172 3295; baseline -0.001 -12"><span class='ocrx_word' id='word_1_236' title='bbox 601 3229 895 3284; x_wconf 83' lang='lat' dir='ltr'><strong>naturalem</strong></span> <span class='ocrx_word' id='word_1_237' title='bbox 927 3229 1184 3282; x_wconf 82' lang='lat' dir='ltr'><strong>feritatem</strong></span> <span class='ocrx_word' id='word_1_238' title='bbox 1226 3228 1277 3280; x_wconf 93' lang='lat' dir='ltr'><strong>in</strong></span> <span class='ocrx_word' id='word_1_239' title='bbox 1305 3227 1780 3291; x_wconf 79' lang='lat' dir='ltr'><strong>inausuetudinetn,</strong></span> <span class='ocrx_word' id='word_1_240' title='bbox 1824 3244 1941 3295; x_wconf 77' lang='lat' dir='ltr'><strong>qua:</strong></span> <span class='ocrx_word' id='word_1_241' title='bbox 1991 3241 2172 3284; x_wconf 88' lang='lat' dir='ltr'><strong>contra</strong></span> 
     </span>
    </p>
   </div>
   <div class='ocr_carea' id='block_1_32' title="bbox 603 3316 2167 3384">
    <p class='ocr_par' dir='ltr' id='par_1_32' title="bbox 603 3316 2167 3384">
     <span class='ocr_line' id='line_1_32' title="bbox 603 3316 2167 3384; baseline -0.001 -12"><span class='ocrx_word' id='word_1_242' title='bbox 603 3327 843 3372; x_wconf 83' lang='lat' dir='ltr'><strong>naturam</strong></span> <span class='ocrx_word' id='word_1_243' title='bbox 866 3332 1047 3370; x_wconf 86' lang='lat' dir='ltr'><strong>earum</strong></span> <span class='ocrx_word' id='word_1_244' title='bbox 1078 3325 1178 3382; x_wconf 90' lang='lat' dir='ltr'><strong>est,</strong></span> <span class='ocrx_word' id='word_1_245' title='bbox 1201 3323 1547 3381; x_wconf 72' lang='lat' dir='ltr'><strong>transiimus,</strong></span> <span class='ocrx_word' id='word_1_246' title='bbox 1577 3331 1732 3384; x_wconf 88' lang='lat' dir='ltr'><strong>quam</strong></span> <span class='ocrx_word' id='word_1_247' title='bbox 1765 3316 1985 3374; x_wconf 81' lang='lat' dir='ltr'><strong>habebis</strong></span> <span class='ocrx_word' id='word_1_248' title='bbox 2009 3334 2167 3372; x_wconf 74' lang='lat' dir='ltr'><strong>exeu-</strong></span> 
     </span>
    </p>
   </div>
   <div class='ocr_carea' id='block_1_33' title="bbox 602 3405 2174 3474">
    <p class='ocr_par' dir='ltr' id='par_1_33' title="bbox 602 3405 2174 3474">
     <span class='ocr_line' id='line_1_33' title="bbox 602 3405 2174 3474; baseline 0.001 -12"><span class='ocrx_word' id='word_1_249' title='bbox 602 3408 879 3471; x_wconf 83' lang='lat' dir='ltr'><strong>sntioncm,</strong></span> <span class='ocrx_word' id='word_1_250' title='bbox 909 3405 997 3474; x_wconf 91' lang='lat' dir='ltr'><strong>qui</strong></span> <span class='ocrx_word' id='word_1_251' title='bbox 1020 3405 1494 3468; x_wconf 87' lang='lat' dir='ltr'><strong>mansuetudinem,</strong></span> <span class='ocrx_word' id='word_1_252' title='bbox 1522 3421 1676 3472; x_wconf 83' lang='lat' dir='ltr'><strong>quant</strong></span> <span class='ocrx_word' id='word_1_253' title='bbox 1695 3420 1761 3462; x_wconf 82' lang='lat' dir='ltr'><strong>ex</strong></span> <span class='ocrx_word' id='word_1_254' title='bbox 1780 3420 1962 3461; x_wconf 80' lang='lat' dir='ltr'><strong>natura</strong></span> <span class='ocrx_word' id='word_1_255' title='bbox 1990 3408 2174 3472; x_wconf 66' lang='lat' dir='ltr'><strong>habes,</strong></span> 
     </span>
    </p>
   </div>
   <div class='ocr_carea' id='block_1_34' title="bbox 607 3498 2174 3564">
    <p class='ocr_par' dir='ltr' id='par_1_34' title="bbox 607 3498 2174 3564">
     <span class='ocr_line' id='line_1_34' title="bbox 607 3498 2174 3564; baseline -0.001 -11"><span class='ocrx_word' id='word_1_256' title='bbox 607 3499 656 3552; x_wconf 90' lang='lat' dir='ltr'><strong>in</strong></span> <span class='ocrx_word' id='word_1_257' title='bbox 680 3498 967 3558; x_wconf 78' lang='lat' dir='ltr'><strong>feritatem,</strong></span> <span class='ocrx_word' id='word_1_258' title='bbox 999 3511 1117 3564; x_wconf 68' lang='lat' dir='ltr'><strong>quae</strong></span> <span class='ocrx_word' id='word_1_259' title='bbox 1145 3506 1328 3548; x_wconf 91' lang='lat' dir='ltr'><strong>contra</strong></span> <span class='ocrx_word' id='word_1_260' title='bbox 1360 3505 1602 3549; x_wconf 87' lang='lat' dir='ltr'><strong>naturam</strong></span> <span class='ocrx_word' id='word_1_261' title='bbox 1628 3505 1743 3563; x_wconf 86' lang='lat' dir='ltr'><strong>est,</strong></span> <span class='ocrx_word' id='word_1_262' title='bbox 1789 3498 2054 3551; x_wconf 79' lang='lat' dir='ltr'><strong>convertis</strong></span> <span class='ocrx_word' id='word_1_263' title='bbox 2080 3536 2095 3560; x_wconf 87' lang='lat'><strong>,</strong></span> <span class='ocrx_word' id='word_1_264' title='bbox 2124 3511 2174 3552; x_wconf 91' lang='lat' dir='ltr'><strong>et</strong></span> 
     </span>
    </p>
   </div>
   <div class='ocr_carea' id='block_1_35' title="bbox 603 3585 2174 3656">
    <p class='ocr_par' dir='ltr' id='par_1_35' title="bbox 603 3585 2174 3656">
     <span class='ocr_line' id='line_1_35' title="bbox 603 3585 2174 3656; baseline -0.001 -14"><span class='ocrx_word' id='word_1_265' title='bbox 603 3589 691 3656; x_wconf 84' lang='lat' dir='ltr'><strong>qui</strong></span> <span class='ocrx_word' id='word_1_266' title='bbox 733 3586 869 3656; x_wconf 89' lang='lat' dir='ltr'><strong>quod</strong></span> <span class='ocrx_word' id='word_1_267' title='bbox 916 3586 1084 3639; x_wconf 86' lang='lat' dir='ltr'><strong>ferum</strong></span> <span class='ocrx_word' id='word_1_268' title='bbox 1127 3595 1240 3638; x_wconf 89' lang='lat' dir='ltr'><strong>erat</strong></span> <span class='ocrx_word' id='word_1_269' title='bbox 1266 3585 1392 3637; x_wconf 88' lang='lat' dir='ltr'><strong>mite</strong></span> <span class='ocrx_word' id='word_1_270' title='bbox 1431 3586 1681 3649; x_wconf 82' lang='lat' dir='ltr'><strong>reddens,</strong></span> <span class='ocrx_word' id='word_1_271' title='bbox 1715 3589 1958 3654; x_wconf 89' lang='lat' dir='ltr'><strong>teipsnm,</strong></span> <span class='ocrx_word' id='word_1_272' title='bbox 1993 3597 2174 3641; x_wconf 84' lang='lat' dir='ltr'><strong>natura</strong></span> 
     </span>
    </p>
   </div>
   <div class='ocr_carea' id='block_1_36' title="bbox 605 3674 2172 3746">
    <p class='ocr_par' dir='ltr' id='par_1_36' title="bbox 605 3674 2172 3746">
     <span class='ocr_line' id='line_1_36' title="bbox 605 3674 2172 3746; baseline -0.003 -12"><span class='ocrx_word' id='word_1_273' title='bbox 605 3680 784 3734; x_wconf 90' lang='lat' dir='ltr'><strong>mitem</strong></span> <span class='ocrx_word' id='word_1_274' title='bbox 810 3720 824 3743; x_wconf 93' lang='lat'><strong>,</strong></span> <span class='ocrx_word' id='word_1_275' title='bbox 851 3685 1034 3731; x_wconf 87' lang='lat' dir='ltr'><strong>contra</strong></span> <span class='ocrx_word' id='word_1_276' title='bbox 1067 3685 1303 3729; x_wconf 89' lang='lat' dir='ltr'><strong>naturam</strong></span> <span class='ocrx_word' id='word_1_277' title='bbox 1335 3674 1565 3731; x_wconf 81' lang='lat' dir='ltr'><strong>ierocem</strong></span> <span class='ocrx_word' id='word_1_278' title='bbox 1595 3676 1913 3731; x_wconf 90' lang='lat' dir='ltr'><strong>constituisti</strong></span> <span class='ocrx_word' id='word_1_279' title='bbox 1944 3694 1957 3730; x_wconf 90' lang='lat'><strong>:</strong></span> <span class='ocrx_word' id='word_1_280' title='bbox 1986 3692 2046 3732; x_wconf 88' lang='lat' dir='ltr'><strong>ac</strong></span> <span class='ocrx_word' id='word_1_281' title='bbox 2084 3678 2172 3746; x_wconf 91' lang='lat' dir='ltr'><strong>qui</strong></span> 
     </span>
    </p>
   </div>
   <div class='ocr_carea' id='block_1_37' title="bbox 606 3767 2167 3835">
    <p class='ocr_par' dir='ltr' id='par_1_37' title="bbox 606 3767 2167 3835">
     <span class='ocr_line' id='line_1_37' title="bbox 606 3767 2167 3835; baseline -0.002 -12"><span class='ocrx_word' id='word_1_282' title='bbox 606 3771 810 3823; x_wconf 87' lang='lat' dir='ltr'><strong>leonem</strong></span> <span class='ocrx_word' id='word_1_283' title='bbox 837 3769 1041 3823; x_wconf 88' lang='lat' dir='ltr'><strong>cicuras</strong></span> <span class='ocrx_word' id='word_1_284' title='bbox 1062 3777 1499 3835; x_wconf 84' lang='lat' dir='ltr'><strong>mansuetumque</strong></span> <span class='ocrx_word' id='word_1_285' title='bbox 1528 3767 1724 3832; x_wconf 77' lang='lat' dir='ltr'><strong>reddis,</strong></span> <span class='ocrx_word' id='word_1_286' title='bbox 1755 3770 1990 3822; x_wconf 89' lang='lat' dir='ltr'><strong>animum</strong></span> <span class='ocrx_word' id='word_1_287' title='bbox 2023 3778 2167 3822; x_wconf 91' lang='lat' dir='ltr'><strong>tuum</strong></span> 
     </span>
    </p>
   </div>
   <div class='ocr_carea' id='block_1_38' title="bbox 605 3856 2178 3920">
    <p class='ocr_par' dir='ltr' id='par_1_38' title="bbox 605 3856 2178 3920">
     <span class='ocr_line' id='line_1_38' title="bbox 605 3856 2178 3920; baseline 0.002 -13"><span class='ocrx_word' id='word_1_288' title='bbox 605 3858 759 3912; x_wconf 83' lang='lat' dir='ltr'><strong>leone</strong></span> <span class='ocrx_word' id='word_1_289' title='bbox 801 3857 1113 3912; x_wconf 84' lang='lat' dir='ltr'><strong>ferociorem</strong></span> <span class='ocrx_word' id='word_1_290' title='bbox 1156 3856 1358 3912; x_wconf 85' lang='lat' dir='ltr'><strong>efficis?</strong></span> <span class='ocrx_word' id='word_1_291' title='bbox 1411 3858 1616 3911; x_wconf 88' lang='lat' dir='ltr'><strong>etiamsi</strong></span> <span class='ocrx_word' id='word_1_292' title='bbox 1657 3857 1761 3910; x_wconf 91' lang='lat' dir='ltr'><strong>duo</strong></span> <span class='ocrx_word' id='word_1_293' title='bbox 1809 3859 1915 3910; x_wconf 91' lang='lat' dir='ltr'><strong>illic</strong></span> <span class='ocrx_word' id='word_1_294' title='bbox 1958 3858 2178 3920; x_wconf 83' lang='lat' dir='ltr'><strong>impedi-</strong></span> 
     </span>
    </p>
   </div>
   <div class='ocr_carea' id='block_1_39' title="bbox 607 3936 2160 4010">
    <p class='ocr_par' dir='ltr' id='par_1_39' title="bbox 607 3936 2160 4010">
     <span class='ocr_line' id='line_1_39' title="bbox 607 3936 2160 4010; baseline -0.006 -10"><span class='ocrx_word' id='word_1_295' title='bbox 607 3955 791 4001; x_wconf 89' lang='lat' dir='ltr'><strong>menta</strong></span> <span class='ocrx_word' id='word_1_296' title='bbox 821 3943 1024 4005; x_wconf 87' lang='lat' dir='ltr'><strong>adsint,</strong></span> <span class='ocrx_word' id='word_1_297' title='bbox 1064 3953 1119 3994; x_wconf 88' lang='lat' dir='ltr'><strong>et</strong></span> <span class='ocrx_word' id='word_1_298' title='bbox 1149 3940 1293 4010; x_wconf 87' lang='lat' dir='ltr'><strong>quod</strong></span> <span class='ocrx_word' id='word_1_299' title='bbox 1328 3938 1441 3992; x_wconf 85' lang='lat' dir='ltr'><strong>fera</strong></span> <span class='ocrx_word' id='word_1_300' title='bbox 1473 3939 1558 3992; x_wconf 80' lang='lat' dir='ltr'><strong>illa</strong></span> <span class='ocrx_word' id='word_1_301' title='bbox 1591 3939 1660 3990; x_wconf 87' lang='lat' dir='ltr'><strong>sit</strong></span> <span class='ocrx_word' id='word_1_302' title='bbox 1692 3936 1916 3990; x_wconf 86' lang='lat' dir='ltr'><strong>rationis</strong></span> <span class='ocrx_word' id='word_1_303' title='bbox 1948 3953 2160 4006; x_wconf 87' lang='lat' dir='ltr'><strong>expers,</strong></span> 
     </span>
    </p>
   </div>
   <div class='ocr_carea' id='block_1_40' title="bbox 598 4022 2162 4099">
    <p class='ocr_par' dir='ltr' id='par_1_40' title="bbox 598 4022 2162 4099">
     <span class='ocr_line' id='line_1_40' title="bbox 598 4022 2162 4099; baseline -0.007 -14"><span class='ocrx_word' id='word_1_304' title='bbox 598 4029 827 4099; x_wconf 84' lang='lat' dir='ltr'><strong>et.quod</strong></span> <span class='ocrx_word' id='word_1_305' title='bbox 850 4028 1099 4082; x_wconf 90' lang='lat' dir='ltr'><strong>omnium</strong></span> <span class='ocrx_word' id='word_1_306' title='bbox 1129 4028 1198 4079; x_wconf 85' lang='lat' dir='ltr'><strong>sit</strong></span> <span class='ocrx_word' id='word_1_307' title='bbox 1223 4024 1578 4080; x_wconf 86' lang='lat' dir='ltr'><strong>ferocissima.</strong></span> <span class='ocrx_word' id='word_1_308' title='bbox 1614 4023 1862 4076; x_wconf 86' lang='lat' dir='ltr'><strong>Attamen</strong></span> <span class='ocrx_word' id='word_1_309' title='bbox 1890 4022 1940 4074; x_wconf 92' lang='lat' dir='ltr'><strong>vi</strong></span> <span class='ocrx_word' id='word_1_310' title='bbox 1978 4022 2162 4075; x_wconf 66' lang='lat' dir='ltr'><strong>inditas</strong></span> 
     </span>
    </p>
   </div>
   <div class='ocr_carea' id='block_1_41' title="bbox 601 4111 2158 4184">
    <p class='ocr_par' dir='ltr' id='par_1_41' title="bbox 601 4111 2158 4184">
     <span class='ocr_line' id='line_1_41' title="bbox 601 4111 2158 4184; baseline -0.007 -10"><span class='ocrx_word' id='word_1_311' title='bbox 601 4121 700 4174; x_wconf 85' lang='lat' dir='ltr'><strong>tibi</strong></span> <span class='ocrx_word' id='word_1_312' title='bbox 742 4135 773 4173; x_wconf 89' lang='lat' dir='ltr'><strong>a</strong></span> <span class='ocrx_word' id='word_1_313' title='bbox 819 4118 930 4171; x_wconf 89' lang='lat' dir='ltr'><strong>Deo</strong></span> <span class='ocrx_word' id='word_1_314' title='bbox 973 4115 1272 4184; x_wconf 55' lang='lat' dir='ltr'><strong>sapientiae,</strong></span> <span class='ocrx_word' id='word_1_315' title='bbox 1324 4123 1574 4166; x_wconf 88' lang='lat' dir='ltr'><strong>naturam</strong></span> <span class='ocrx_word' id='word_1_316' title='bbox 1622 4112 1791 4180; x_wconf 86' lang='lat' dir='ltr'><strong>ipsam</strong></span> <span class='ocrx_word' id='word_1_317' title='bbox 1836 4111 2033 4166; x_wconf 92' lang='lat' dir='ltr'><strong>vincis.</strong></span> <span class='ocrx_word' id='word_1_318' title='bbox 2079 4111 2158 4163; x_wconf 89' lang='lat' dir='ltr'><strong>&#39;i&#39;u</strong></span> 
     </span>
    </p>
   </div>
   <div class='ocr_carea' id='block_1_42' title="bbox 600 4203 2161 4279">
    <p class='ocr_par' dir='ltr' id='par_1_42' title="bbox 600 4203 2161 4279">
     <span class='ocr_line' id='line_1_42' title="bbox 600 4203 2161 4279; baseline -0.007 -15"><span class='ocrx_word' id='word_1_319' title='bbox 600 4210 767 4279; x_wconf 79' lang='lat' dir='ltr'><strong>igitur</strong></span> <span class='ocrx_word' id='word_1_320' title='bbox 803 4208 897 4277; x_wconf 86' lang='lat' dir='ltr'><strong>qui</strong></span> <span class='ocrx_word' id='word_1_321' title='bbox 936 4207 1173 4260; x_wconf 89' lang='lat' dir='ltr'><strong>ferarum</strong></span> <span class='ocrx_word' id='word_1_322' title='bbox 1216 4215 1464 4255; x_wconf 86' lang='lat' dir='ltr'><strong>naturam</strong></span> <span class='ocrx_word' id='word_1_323' title='bbox 1506 4203 1701 4264; x_wconf 88' lang='lat' dir='ltr'><strong>vincis,</strong></span> <span class='ocrx_word' id='word_1_324' title='bbox 1750 4217 1848 4254; x_wconf 90' lang='lat' dir='ltr'><strong>cur</strong></span> <span class='ocrx_word' id='word_1_325' title='bbox 1889 4203 1943 4254; x_wconf 93' lang='lat' dir='ltr'><strong>in</strong></span> <span class='ocrx_word' id='word_1_326' title='bbox 1987 4203 2161 4268; x_wconf 86' lang='lat' dir='ltr'><strong>teipso</strong></span> 
     </span>
    </p>
   </div>
   <div class='ocr_carea' id='block_1_43' title="bbox 598 4286 2161 4356">
    <p class='ocr_par' dir='ltr' id='par_1_43' title="bbox 598 4286 2161 4356">
     <span class='ocr_line' id='line_1_43' title="bbox 598 4286 2161 4356; baseline -0.01 -3"><span class='ocrx_word' id='word_1_327' title='bbox 598 4309 654 4353; x_wconf 91' lang='lat' dir='ltr'><strong>et</strong></span> <span class='ocrx_word' id='word_1_328' title='bbox 685 4307 895 4352; x_wconf 68' lang='lat' dir='ltr'><strong>natura:</strong></span> <span class='ocrx_word' id='word_1_329' title='bbox 925 4306 981 4348; x_wconf 90' lang='lat' dir='ltr'><strong>et</strong></span> <span class='ocrx_word' id='word_1_330' title='bbox 1021 4291 1320 4347; x_wconf 88' lang='lat' dir='ltr'><strong>voluntatis</strong></span> <span class='ocrx_word' id='word_1_331' title='bbox 1360 4290 1561 4342; x_wconf 90' lang='lat' dir='ltr'><strong>bonum</strong></span> <span class='ocrx_word' id='word_1_332' title='bbox 1601 4288 1822 4356; x_wconf 85' lang='lat' dir='ltr'><strong>prodis?</strong></span> <span class='ocrx_word' id='word_1_333' title='bbox 1850 4290 1925 4340; x_wconf 82' lang='lat' dir='ltr'><strong>Ac</strong></span> <span class='ocrx_word' id='word_1_334' title='bbox 1960 4287 2005 4339; x_wconf 87' lang='lat' dir='ltr'><strong>si</strong></span> <span class='ocrx_word' id='word_1_335' title='bbox 2041 4286 2161 4354; x_wconf 79' lang='lat' dir='ltr'><strong>qui-</strong></span> 
     </span>
    </p>
   </div>
   <div class='ocr_carea' id='block_1_44' title="bbox 599 4377 2159 4446">
    <p class='ocr_par' dir='ltr' id='par_1_44' title="bbox 599 4377 2159 4446">
     <span class='ocr_line' id='line_1_44' title="bbox 599 4377 2159 4446; baseline -0.009 -4"><span class='ocrx_word' id='word_1_336' title='bbox 599 4390 723 4442; x_wconf 89' lang='lat' dir='ltr'><strong>dem</strong></span> <span class='ocrx_word' id='word_1_337' title='bbox 765 4395 818 4442; x_wconf 89' lang='lat' dir='ltr'><strong>te</strong></span> <span class='ocrx_word' id='word_1_338' title='bbox 859 4386 1026 4439; x_wconf 87' lang='lat' dir='ltr'><strong>alium</strong></span> <span class='ocrx_word' id='word_1_339' title='bbox 1072 4382 1351 4438; x_wconf 88' lang='lat' dir='ltr'><strong>hominem</strong></span> <span class='ocrx_word' id='word_1_340' title='bbox 1396 4379 1579 4432; x_wconf 87' lang='lat' dir='ltr'><strong>mitem</strong></span> <span class='ocrx_word' id='word_1_341' title='bbox 1626 4377 1856 4431; x_wconf 88' lang='lat' dir='ltr'><strong>reddere</strong></span> <span class='ocrx_word' id='word_1_342' title='bbox 1889 4377 2159 4446; x_wconf 82' lang='lat' dir='ltr'><strong>juberem,</strong></span> 
     </span>
    </p>
   </div>
   <div class='ocr_carea' id='block_1_45' title="bbox 600 4465 2162 4545">
    <p class='ocr_par' dir='ltr' id='par_1_45' title="bbox 600 4465 2162 4545">
     <span class='ocr_line' id='line_1_45' title="bbox 600 4465 2162 4545; baseline -0.01 -12"><span class='ocrx_word' id='word_1_343' title='bbox 600 4495 667 4533; x_wconf 90' lang='lat' dir='ltr'><strong>ne</strong></span> <span class='ocrx_word' id='word_1_344' title='bbox 703 4478 785 4532; x_wconf 88' lang='lat' dir='ltr'><strong>sic</strong></span> <span class='ocrx_word' id='word_1_345' title='bbox 816 4473 1039 4545; x_wconf 87' lang='lat' dir='ltr'><strong>quidem</strong></span> <span class='ocrx_word' id='word_1_346' title='bbox 1084 4469 1182 4526; x_wconf 86' lang='lat' dir='ltr'><strong>tibi</strong></span> <span class='ocrx_word' id='word_1_347' title='bbox 1221 4485 1286 4524; x_wconf 90' lang='lat' dir='ltr'><strong>ea</strong></span> <span class='ocrx_word' id='word_1_348' title='bbox 1320 4468 1578 4522; x_wconf 87' lang='lat' dir='ltr'><strong>mandare</strong></span> <span class='ocrx_word' id='word_1_349' title='bbox 1614 4466 1853 4532; x_wconf 89' lang='lat' dir='ltr'><strong>viderer,</strong></span> <span class='ocrx_word' id='word_1_350' title='bbox 1889 4481 2009 4536; x_wconf 73' lang='lat' dir='ltr'><strong>qua:</strong></span> <span class='ocrx_word' id='word_1_351' title='bbox 2046 4465 2162 4519; x_wconf 90' lang='lat' dir='ltr'><strong>fleri</strong></span> 
     </span>
    </p>
   </div>
   <div class='ocr_carea' id='block_1_46' title="bbox 599 4555 2163 4635">
    <p class='ocr_par' dir='ltr' id='par_1_46' title="bbox 599 4555 2163 4635">
     <span class='ocr_line' id='line_1_46' title="bbox 599 4555 2163 4635; baseline -0.008 -15"><span class='ocrx_word' id='word_1_352' title='bbox 599 4566 893 4635; x_wconf 87' lang='lat' dir='ltr'><strong>nequirent</strong></span> <span class='ocrx_word' id='word_1_353' title='bbox 927 4579 940 4614; x_wconf 90' lang='lat'><strong>:</strong></span> <span class='ocrx_word' id='word_1_354' title='bbox 974 4575 1162 4630; x_wconf 88' lang='lat' dir='ltr'><strong>posses</strong></span> <span class='ocrx_word' id='word_1_355' title='bbox 1193 4569 1374 4612; x_wconf 86' lang='lat' dir='ltr'><strong>tamen</strong></span> <span class='ocrx_word' id='word_1_356' title='bbox 1410 4557 1736 4626; x_wconf 89' lang='lat' dir='ltr'><strong>tu-ohjicere</strong></span> <span class='ocrx_word' id='word_1_357' title='bbox 1767 4566 1818 4610; x_wconf 89' lang='lat' dir='ltr'><strong>te</strong></span> <span class='ocrx_word' id='word_1_358' title='bbox 1849 4571 1956 4610; x_wconf 88' lang='lat' dir='ltr'><strong>non</strong></span> <span class='ocrx_word' id='word_1_359' title='bbox 1984 4555 2163 4610; x_wconf 85' lang='lat' dir='ltr'><strong>domi-</strong></span> 
     </span>
    </p>
   </div>
   <div class='ocr_carea' id='block_1_47' title="bbox 604 4646 2162 4718">
    <p class='ocr_par' dir='ltr' id='par_1_47' title="bbox 604 4646 2162 4718">
     <span class='ocr_line' id='line_1_47' title="bbox 604 4646 2162 4718; baseline -0.009 -6"><span class='ocrx_word' id='word_1_360' title='bbox 604 4673 736 4712; x_wconf 89' lang='lat' dir='ltr'><strong>num</strong></span> <span class='ocrx_word' id='word_1_361' title='bbox 762 4669 881 4710; x_wconf 87' lang='lat' dir='ltr'><strong>esse</strong></span> <span class='ocrx_word' id='word_1_362' title='bbox 909 4651 1203 4707; x_wconf 84' lang='lat' dir='ltr'><strong>voluntatis</strong></span> <span class='ocrx_word' id='word_1_363' title='bbox 1228 4650 1472 4713; x_wconf 87' lang='lat' dir='ltr'><strong>alterius,</strong></span> <span class='ocrx_word' id='word_1_364' title='bbox 1505 4662 1607 4704; x_wconf 88' lang='lat' dir='ltr'><strong>nec</strong></span> <span class='ocrx_word' id='word_1_365' title='bbox 1634 4662 1800 4718; x_wconf 87' lang='lat' dir='ltr'><strong>penes</strong></span> <span class='ocrx_word' id='word_1_366' title='bbox 1831 4657 1882 4701; x_wconf 89' lang='lat' dir='ltr'><strong>te</strong></span> <span class='ocrx_word' id='word_1_367' title='bbox 1905 4646 1960 4700; x_wconf 89' lang='lat' dir='ltr'><strong>id</strong></span> <span class='ocrx_word' id='word_1_368' title='bbox 1988 4653 2162 4700; x_wconf 90' lang='lat' dir='ltr'><strong>totum</strong></span> 
     </span>
    </p>
   </div>
   <div class='ocr_carea' id='block_1_48' title="bbox 608 4737 2164 4806">
    <p class='ocr_par' dir='ltr' id='par_1_48' title="bbox 608 4737 2164 4806">
     <span class='ocr_line' id='line_1_48' title="bbox 608 4737 2164 4806; baseline -0.008 -4"><span class='ocrx_word' id='word_1_369' title='bbox 608 4761 748 4802; x_wconf 89' lang='lat' dir='ltr'><strong>esse.</strong></span> <span class='ocrx_word' id='word_1_370' title='bbox 781 4745 938 4799; x_wconf 86' lang='lat' dir='ltr'><strong>Nunc</strong></span> <span class='ocrx_word' id='word_1_371' title='bbox 973 4752 1155 4796; x_wconf 86' lang='lat' dir='ltr'><strong>autem</strong></span> <span class='ocrx_word' id='word_1_372' title='bbox 1187 4742 1367 4796; x_wconf 88' lang='lat' dir='ltr'><strong>bellua</strong></span> <span class='ocrx_word' id='word_1_373' title='bbox 1401 4750 1490 4794; x_wconf 90' lang='lat' dir='ltr'><strong>tua</strong></span> <span class='ocrx_word' id='word_1_374' title='bbox 1519 4749 1622 4796; x_wconf 85' lang='lat' dir='ltr'><strong>est.</strong></span> <span class='ocrx_word' id='word_1_375' title='bbox 1655 4740 1708 4791; x_wconf 91' lang='lat' dir='ltr'><strong>in</strong></span> <span class='ocrx_word' id='word_1_376' title='bbox 1743 4747 1834 4791; x_wconf 92' lang='lat' dir='ltr'><strong>tuo</strong></span> <span class='ocrx_word' id='word_1_377' title='bbox 1871 4737 2046 4806; x_wconf 87' lang='lat' dir='ltr'><strong>posita</strong></span> <span class='ocrx_word' id='word_1_378' title='bbox 2077 4751 2164 4789; x_wconf 87' lang='lat' dir='ltr'><strong>ar-</strong></span> 
     </span>
    </p>
   </div>
   <div class='ocr_carea' id='block_1_49' title="bbox 599 4837 786 4892">
    <p class='ocr_par' dir='ltr' id='par_1_49' title="bbox 599 4837 786 4892">
     <span class='ocr_line' id='line_1_49' title="bbox 599 4837 786 4892; baseline -0.032 1"><span class='ocrx_word' id='word_1_379' title='bbox 599 4837 786 4892; x_wconf 79' lang='lat' dir='ltr'><strong>bitrio.</strong></span> 
     </span>
    </p>
   </div>
   <div class='ocr_carea' id='block_1_50' title="bbox 671 5010 2164 5085">
    <p class='ocr_par' dir='ltr' id='par_1_50' title="bbox 671 5010 2164 5085">
     <span class='ocr_line' id='line_1_50' title="bbox 671 5010 2164 5085; baseline -0.008 -12"><span class='ocrx_word' id='word_1_380' title='bbox 671 5020 725 5073; x_wconf 91' lang='lat'><strong>9.</strong></span> <span class='ocrx_word' id='word_1_381' title='bbox 768 5017 832 5072; x_wconf 86' lang='lat' dir='ltr'><strong>In</strong></span> <span class='ocrx_word' id='word_1_382' title='bbox 859 5019 985 5070; x_wconf 88' lang='lat' dir='ltr'><strong>iram</strong></span> <span class='ocrx_word' id='word_1_383' title='bbox 1015 5015 1280 5069; x_wconf 80' lang='lat' dir='ltr'><strong>invehitur.</strong></span> <span class='ocrx_word' id='word_1_384' title='bbox 1320 5014 1541 5085; x_wconf 75' lang='lat' dir='ltr'><strong>Sanguis</strong></span> <span class='ocrx_word' id='word_1_385' title='bbox 1565 5011 1750 5068; x_wconf 83' lang='lat' dir='ltr'><strong>Christi</strong></span> <span class='ocrx_word' id='word_1_386' title='bbox 1788 5013 1981 5065; x_wconf 84' lang='lat' dir='ltr'><strong>morbos</strong></span> <span class='ocrx_word' id='word_1_387' title='bbox 2009 5010 2164 5062; x_wconf 83' lang='lat' dir='ltr'><strong>animi</strong></span> 
     </span>
    </p>
   </div>
   <div class='ocr_carea' id='block_1_51' title="bbox 598 5100 2164 5180">
    <p class='ocr_par' dir='ltr' id='par_1_51' title="bbox 598 5100 2164 5180">
     <span class='ocr_line' id='line_1_51' title="bbox 598 5100 2164 5180; baseline -0.011 -13"><span class='ocrx_word' id='word_1_388' title='bbox 598 5111 886 5180; x_wconf 77' lang='lat' dir='ltr'><strong>exstinguit.</strong></span> <span class='ocrx_word' id='word_1_389' title='bbox 934 5106 1152 5172; x_wconf 70' lang='lat' dir='ltr'><strong>Affectus</strong></span> <span class='ocrx_word' id='word_1_390' title='bbox 1189 5122 1304 5175; x_wconf 80' lang='lat' dir='ltr'><strong>ergo</strong></span> <span class='ocrx_word' id='word_1_391' title='bbox 1339 5114 1590 5157; x_wconf 84' lang='lat' dir='ltr'><strong>creaturas</strong></span> <span class='ocrx_word' id='word_1_392' title='bbox 1624 5118 1840 5155; x_wconf 82' lang='lat' dir='ltr'><strong>antorem</strong></span> <span class='ocrx_word' id='word_1_393' title='bbox 1862 5100 2042 5155; x_wconf 76' lang='lat' dir='ltr'><strong>Christi</strong></span> <span class='ocrx_word' id='word_1_394' title='bbox 2067 5101 2164 5150; x_wconf 80' lang='lat' dir='ltr'><strong>mi-</strong></span> 
     </span>
    </p>
   </div>
   <div class='ocr_carea' id='block_1_52' title="bbox 603 5192 2163 5265">
    <p class='ocr_par' dir='ltr' id='par_1_52' title="bbox 603 5192 2163 5265">
     <span class='ocr_line' id='line_1_52' title="bbox 603 5192 2163 5265; baseline -0.008 -12"><span class='ocrx_word' id='word_1_395' title='bbox 603 5201 807 5254; x_wconf 85' lang='lat' dir='ltr'><strong>nuit.—</strong></span> <span class='ocrx_word' id='word_1_396' title='bbox 825 5197 991 5265; x_wconf 86' lang='lat' dir='ltr'><strong>Quam</strong></span> <span class='ocrx_word' id='word_1_397' title='bbox 1015 5210 1140 5264; x_wconf 87' lang='lat' dir='ltr'><strong>ergo</strong></span> <span class='ocrx_word' id='word_1_398' title='bbox 1170 5195 1331 5248; x_wconf 87' lang='lat' dir='ltr'><strong>habes</strong></span> <span class='ocrx_word' id='word_1_399' title='bbox 1356 5193 1740 5253; x_wconf 87' lang='lat' dir='ltr'><strong>defensionem,</strong></span> <span class='ocrx_word' id='word_1_400' title='bbox 1769 5192 1890 5245; x_wconf 91' lang='lat' dir='ltr'><strong>dum</strong></span> <span class='ocrx_word' id='word_1_401' title='bbox 1923 5199 2163 5244; x_wconf 88' lang='lat' dir='ltr'><strong>naturam</strong></span> 
     </span>
    </p>
   </div>
   <div class='ocr_carea' id='block_1_53' title="bbox 602 5282 2165 5354">
    <p class='ocr_par' dir='ltr' id='par_1_53' title="bbox 602 5282 2165 5354">
     <span class='ocr_line' id='line_1_53' title="bbox 602 5282 2165 5354; baseline -0.007 -9"><span class='ocrx_word' id='word_1_402' title='bbox 602 5302 744 5345; x_wconf 90' lang='lat' dir='ltr'><strong>tuam</strong></span> <span class='ocrx_word' id='word_1_403' title='bbox 762 5304 864 5344; x_wconf 92' lang='lat' dir='ltr'><strong>non</strong></span> <span class='ocrx_word' id='word_1_404' title='bbox 892 5285 1122 5354; x_wconf 77' lang='lat' dir='ltr'><strong>subigis?</strong></span> <span class='ocrx_word' id='word_1_405' title='bbox 1143 5301 1298 5354; x_wconf 91' lang='lat' dir='ltr'><strong>quem</strong></span> <span class='ocrx_word' id='word_1_406' title='bbox 1317 5284 1668 5338; x_wconf 77' lang='lat' dir='ltr'><strong>excusationis</strong></span> <span class='ocrx_word' id='word_1_407' title='bbox 1684 5285 1911 5338; x_wconf 88' lang='lat' dir='ltr'><strong>colorem</strong></span> <span class='ocrx_word' id='word_1_408' title='bbox 1931 5282 2165 5352; x_wconf 78' lang='lat' dir='ltr'><strong>proferre</strong></span> 
     </span>
    </p>
   </div>
   <div class='ocr_carea' id='block_1_54' title="bbox 605 5372 2161 5448">
    <p class='ocr_par' dir='ltr' id='par_1_54' title="bbox 605 5372 2161 5448">
     <span class='ocr_line' id='line_1_54' title="bbox 605 5372 2161 5448; baseline -0.006 -16"><span class='ocrx_word' id='word_1_409' title='bbox 605 5379 824 5448; x_wconf 87' lang='lat' dir='ltr'><strong>poteris,</strong></span> <span class='ocrx_word' id='word_1_410' title='bbox 856 5379 980 5429; x_wconf 90' lang='lat' dir='ltr'><strong>dum</strong></span> <span class='ocrx_word' id='word_1_411' title='bbox 1011 5376 1218 5429; x_wconf 89' lang='lat' dir='ltr'><strong>leonem</strong></span> <span class='ocrx_word' id='word_1_412' title='bbox 1243 5373 1294 5426; x_wconf 93' lang='lat' dir='ltr'><strong>in</strong></span> <span class='ocrx_word' id='word_1_413' title='bbox 1326 5372 1592 5427; x_wconf 90' lang='lat' dir='ltr'><strong>hominem</strong></span> <span class='ocrx_word' id='word_1_414' title='bbox 1616 5372 1897 5434; x_wconf 88' lang='lat' dir='ltr'><strong>convertis,</strong></span> <span class='ocrx_word' id='word_1_415' title='bbox 1928 5383 2080 5442; x_wconf 89' lang='lat' dir='ltr'><strong>teque</strong></span> <span class='ocrx_word' id='word_1_416' title='bbox 2099 5387 2161 5423; x_wconf 81' lang='lat' dir='ltr'><strong>ex</strong></span> 
     </span>
    </p>
   </div>
   <div class='ocr_carea' id='block_1_55' title="bbox 610 5461 2162 5527">
    <p class='ocr_par' dir='ltr' id='par_1_55' title="bbox 610 5461 2162 5527">
     <span class='ocr_line' id='line_1_55' title="bbox 610 5461 2162 5527; baseline -0.006 -5"><span class='ocrx_word' id='word_1_417' title='bbox 610 5469 820 5522; x_wconf 90' lang='lat' dir='ltr'><strong>homine</strong></span> <span class='ocrx_word' id='word_1_418' title='bbox 850 5467 1054 5520; x_wconf 88' lang='lat' dir='ltr'><strong>leonem</strong></span> <span class='ocrx_word' id='word_1_419' title='bbox 1080 5465 1273 5518; x_wconf 83' lang='lat' dir='ltr'><strong>factum</strong></span> <span class='ocrx_word' id='word_1_420' title='bbox 1304 5462 1515 5525; x_wconf 89' lang='lat' dir='ltr'><strong>videns,</strong></span> <span class='ocrx_word' id='word_1_421' title='bbox 1549 5461 1598 5516; x_wconf 89' lang='lat' dir='ltr'><strong>id</strong></span> <span class='ocrx_word' id='word_1_422' title='bbox 1627 5478 1730 5516; x_wconf 92' lang='lat' dir='ltr'><strong>non</strong></span> <span class='ocrx_word' id='word_1_423' title='bbox 1757 5477 1927 5527; x_wconf 86' lang='lat' dir='ltr'><strong>curas,</strong></span> <span class='ocrx_word' id='word_1_424' title='bbox 1963 5477 2024 5516; x_wconf 91' lang='lat' dir='ltr'><strong>ac</strong></span> <span class='ocrx_word' id='word_1_425' title='bbox 2041 5461 2162 5514; x_wconf 90' lang='lat' dir='ltr'><strong>dum</strong></span> 
     </span>
    </p>
   </div>
   <div class='ocr_carea' id='block_1_56' title="bbox 605 5553 2160 5625">
    <p class='ocr_par' dir='ltr' id='par_1_56' title="bbox 605 5553 2160 5625">
     <span class='ocr_line' id='line_1_56' title="bbox 605 5553 2160 5625; baseline -0.003 -15"><span class='ocrx_word' id='word_1_426' title='bbox 605 5557 681 5611; x_wconf 89' lang='lat' dir='ltr'><strong>illi</strong></span> <span class='ocrx_word' id='word_1_427' title='bbox 710 5572 804 5622; x_wconf 89' lang='lat' dir='ltr'><strong>ea,</strong></span> <span class='ocrx_word' id='word_1_428' title='bbox 834 5570 952 5625; x_wconf 71' lang='lat' dir='ltr'><strong>qua:</strong></span> <span class='ocrx_word' id='word_1_429' title='bbox 984 5570 1139 5623; x_wconf 85' lang='lat' dir='ltr'><strong>supra</strong></span> <span class='ocrx_word' id='word_1_430' title='bbox 1171 5563 1408 5607; x_wconf 89' lang='lat' dir='ltr'><strong>naturam</strong></span> <span class='ocrx_word' id='word_1_431' title='bbox 1442 5553 1557 5621; x_wconf 89' lang='lat' dir='ltr'><strong>ejus</strong></span> <span class='ocrx_word' id='word_1_432' title='bbox 1596 5561 1752 5618; x_wconf 90' lang='lat' dir='ltr'><strong>sunt,</strong></span> <span class='ocrx_word' id='word_1_433' title='bbox 1791 5553 2024 5621; x_wconf 78' lang='lat' dir='ltr'><strong>largiris,</strong></span> <span class='ocrx_word' id='word_1_434' title='bbox 2072 5553 2160 5605; x_wconf 92' lang='lat' dir='ltr'><strong>tibi</strong></span> 
     </span>
    </p>
   </div>
   <div class='ocr_carea' id='block_1_57' title="bbox 605 5641 2163 5714">
    <p class='ocr_par' dir='ltr' id='par_1_57' title="bbox 605 5641 2163 5714">
     <span class='ocr_line' id='line_1_57' title="bbox 605 5641 2163 5714; baseline -0.003 -14"><span class='ocrx_word' id='word_1_435' title='bbox 605 5662 673 5701; x_wconf 86' lang='lat' dir='ltr'><strong>ne</strong></span> <span class='ocrx_word' id='word_1_436' title='bbox 700 5661 761 5699; x_wconf 89' lang='lat' dir='ltr'><strong>ea</strong></span> <span class='ocrx_word' id='word_1_437' title='bbox 793 5646 997 5714; x_wconf 85' lang='lat' dir='ltr'><strong>quidem</strong></span> <span class='ocrx_word' id='word_1_438' title='bbox 1028 5659 1226 5706; x_wconf 86' lang='lat' dir='ltr'><strong>servas,</strong></span> <span class='ocrx_word' id='word_1_439' title='bbox 1255 5658 1373 5712; x_wconf 80' lang='lat' dir='ltr'><strong>quze</strong></span> <span class='ocrx_word' id='word_1_440' title='bbox 1399 5658 1464 5695; x_wconf 84' lang='lat' dir='ltr'><strong>ex</strong></span> <span class='ocrx_word' id='word_1_441' title='bbox 1496 5652 1677 5695; x_wconf 88' lang='lat' dir='ltr'><strong>natura</strong></span> <span class='ocrx_word' id='word_1_442' title='bbox 1705 5641 1888 5705; x_wconf 86' lang='lat' dir='ltr'><strong>habes,</strong></span> <span class='ocrx_word' id='word_1_443' title='bbox 1919 5641 2012 5697; x_wconf 86' lang='lat' dir='ltr'><strong>sed</strong></span> <span class='ocrx_word' id='word_1_444' title='bbox 2039 5641 2163 5696; x_wconf 88' lang='lat' dir='ltr'><strong>dum</strong></span> 
     </span>
    </p>
   </div>
   <div class='ocr_carea' id='block_1_58' title="bbox 2284 529 3857 610">
    <p class='ocr_par' dir='ltr' id='par_1_58' title="bbox 2284 529 3857 610">
     <span class='ocr_line' id='line_1_58' title="bbox 2284 529 3857 610; baseline -0.008 -13"><span class='ocrx_word' id='word_1_445' title='bbox 2284 545 2422 597; x_wconf 81' lang='lat' dir='ltr'><strong>teras</strong></span> <span class='ocrx_word' id='word_1_446' title='bbox 2446 549 2681 610; x_wconf 76' lang='lat' dir='ltr'><strong>agrestes</strong></span> <span class='ocrx_word' id='word_1_447' title='bbox 2716 538 2782 590; x_wconf 87' lang='lat' dir='ltr'><strong>ad</strong></span> <span class='ocrx_word' id='word_1_448' title='bbox 2813 535 3138 590; x_wconf 81' lang='lat' dir='ltr'><strong>nobilitatem</strong></span> <span class='ocrx_word' id='word_1_449' title='bbox 3167 540 3402 590; x_wconf 87' lang='lat' dir='ltr'><strong>nostram</strong></span> <span class='ocrx_word' id='word_1_450' title='bbox 3430 529 3696 586; x_wconf 81' lang='lat' dir='ltr'><strong>deducere</strong></span> <span class='ocrx_word' id='word_1_451' title='bbox 3721 544 3857 585; x_wconf 83' lang='lat' dir='ltr'><strong>con-</strong></span> 
     </span>
    </p>
   </div>
   <div class='ocr_carea' id='block_1_59' title="bbox 2285 618 3859 697">
    <p class='ocr_par' dir='ltr' id='par_1_59' title="bbox 2285 618 3859 697">
     <span class='ocr_line' id='line_1_59' title="bbox 2285 618 3859 697; baseline -0.01 -10"><span class='ocrx_word' id='word_1_452' title='bbox 2285 632 2460 687; x_wconf 86' lang='lat' dir='ltr'><strong>tendis</strong></span> <span class='ocrx_word' id='word_1_453' title='bbox 2479 673 2495 696; x_wconf 92' lang='lat'><strong>,</strong></span> <span class='ocrx_word' id='word_1_454' title='bbox 2531 629 2759 697; x_wconf 85' lang='lat' dir='ltr'><strong>teipsum</strong></span> <span class='ocrx_word' id='word_1_455' title='bbox 2785 640 2851 680; x_wconf 81' lang='lat' dir='ltr'><strong>ex</strong></span> <span class='ocrx_word' id='word_1_456' title='bbox 2893 625 3029 678; x_wconf 91' lang='lat' dir='ltr'><strong>solio</strong></span> <span class='ocrx_word' id='word_1_457' title='bbox 3050 623 3198 693; x_wconf 82' lang='lat' dir='ltr'><strong>regni</strong></span> <span class='ocrx_word' id='word_1_458' title='bbox 3219 621 3480 682; x_wconf 84' lang='lat' dir='ltr'><strong>detrudis.</strong></span> <span class='ocrx_word' id='word_1_459' title='bbox 3500 629 3554 675; x_wconf 89' lang='lat' dir='ltr'><strong>et</strong></span> <span class='ocrx_word' id='word_1_460' title='bbox 3576 623 3630 674; x_wconf 91' lang='lat' dir='ltr'><strong>in</strong></span> <span class='ocrx_word' id='word_1_461' title='bbox 3653 618 3859 687; x_wconf 76' lang='lat' dir='ltr'><strong>bellua-</strong></span> 
     </span>
    </p>
   </div>
   <div class='ocr_carea' id='block_1_60' title="bbox 2284 710 3858 788">
    <p class='ocr_par' dir='ltr' id='par_1_60' title="bbox 2284 710 3858 788">
     <span class='ocr_line' id='line_1_60' title="bbox 2284 710 3858 788; baseline -0.011 -10"><span class='ocrx_word' id='word_1_462' title='bbox 2284 740 2400 778; x_wconf 85' lang='lat' dir='ltr'><strong>rum</strong></span> <span class='ocrx_word' id='word_1_463' title='bbox 2445 723 2678 777; x_wconf 86' lang='lat' dir='ltr'><strong>furorem</strong></span> <span class='ocrx_word' id='word_1_464' title='bbox 2718 714 2978 788; x_wconf 81' lang='lat' dir='ltr'><strong>depellis?</strong></span> <span class='ocrx_word' id='word_1_465' title='bbox 3011 715 3194 784; x_wconf 86' lang='lat' dir='ltr'><strong>Cogita</strong></span> <span class='ocrx_word' id='word_1_466' title='bbox 3237 727 3498 782; x_wconf 85' lang='lat' dir='ltr'><strong>namque,</strong></span> <span class='ocrx_word' id='word_1_467' title='bbox 3548 712 3592 765; x_wconf 90' lang='lat' dir='ltr'><strong>si</strong></span> <span class='ocrx_word' id='word_1_468' title='bbox 3641 710 3858 779; x_wconf 80' lang='lat' dir='ltr'><strong>placet,</strong></span> 
     </span>
    </p>
   </div>
   <div class='ocr_carea' id='block_1_61' title="bbox 2283 803 3859 873">
    <p class='ocr_par' dir='ltr' id='par_1_61' title="bbox 2283 803 3859 873">
     <span class='ocr_line' id='line_1_61' title="bbox 2283 803 3859 873; baseline -0.009 -8"><span class='ocrx_word' id='word_1_469' title='bbox 2283 813 2416 867; x_wconf 89' lang='lat' dir='ltr'><strong>iram</strong></span> <span class='ocrx_word' id='word_1_470' title='bbox 2455 825 2576 866; x_wconf 83' lang='lat' dir='ltr'><strong>esse</strong></span> <span class='ocrx_word' id='word_1_471' title='bbox 2599 810 2760 863; x_wconf 90' lang='lat' dir='ltr'><strong>feram</strong></span> <span class='ocrx_word' id='word_1_472' title='bbox 2786 824 2798 858; x_wconf 91' lang='lat'>:</span> <span class='ocrx_word' id='word_1_473' title='bbox 2827 815 2881 860; x_wconf 91' lang='lat' dir='ltr'><strong>et</strong></span> <span class='ocrx_word' id='word_1_474' title='bbox 2904 814 3154 873; x_wconf 85' lang='lat' dir='ltr'><strong>quantam</strong></span> <span class='ocrx_word' id='word_1_475' title='bbox 3185 803 3271 855; x_wconf 89' lang='lat' dir='ltr'><strong>alii</strong></span> <span class='ocrx_word' id='word_1_476' title='bbox 3295 803 3434 855; x_wconf 87' lang='lat' dir='ltr'><strong>circa</strong></span> <span class='ocrx_word' id='word_1_477' title='bbox 3460 803 3644 856; x_wconf 87' lang='lat' dir='ltr'><strong>leones</strong></span> <span class='ocrx_word' id='word_1_478' title='bbox 3672 813 3859 853; x_wconf 81' lang='lat' dir='ltr'><strong>curant</strong></span> 
     </span>
    </p>
   </div>
   <div class='ocr_carea' id='block_1_62' title="bbox 2287 889 3858 968">
    <p class='ocr_par' dir='ltr' id='par_1_62' title="bbox 2287 889 3858 968">
     <span class='ocr_line' id='line_1_62' title="bbox 2287 889 3858 968; baseline -0.008 -16"><span class='ocrx_word' id='word_1_479' title='bbox 2287 899 2631 968; x_wconf 86' lang='lat' dir='ltr'><strong>impendunt,</strong></span> <span class='ocrx_word' id='word_1_480' title='bbox 2679 904 2875 951; x_wconf 63' lang='lat' dir='ltr'><strong>tanaim</strong></span> <span class='ocrx_word' id='word_1_481' title='bbox 2919 902 2974 946; x_wconf 91' lang='lat' dir='ltr'><strong>et</strong></span> <span class='ocrx_word' id='word_1_482' title='bbox 3013 903 3068 945; x_wconf 91' lang='lat' dir='ltr'><strong>tu</strong></span> <span class='ocrx_word' id='word_1_483' title='bbox 3115 889 3362 958; x_wconf 81' lang='lat' dir='ltr'><strong>impende</strong></span> <span class='ocrx_word' id='word_1_484' title='bbox 3399 891 3537 943; x_wconf 85' lang='lat' dir='ltr'><strong>circa</strong></span> <span class='ocrx_word' id='word_1_485' title='bbox 3586 890 3814 956; x_wconf 85' lang='lat' dir='ltr'><strong>teipsum</strong></span> <span class='ocrx_word' id='word_1_486' title='bbox 3840 926 3858 950; x_wconf 85' lang='lat'><strong>,</strong></span> 
     </span>
    </p>
   </div>
   <div class='ocr_carea' id='block_1_63' title="bbox 2280 974 3858 1055">
    <p class='ocr_par' dir='ltr' id='par_1_63' title="bbox 2280 974 3858 1055">
     <span class='ocr_line' id='line_1_63' title="bbox 2280 974 3858 1055; baseline -0.008 -16"><span class='ocrx_word' id='word_1_487' title='bbox 2280 997 2438 1055; x_wconf 85' lang='lat' dir='ltr'><strong>atque</strong></span> <span class='ocrx_word' id='word_1_488' title='bbox 2475 988 2710 1039; x_wconf 89' lang='lat' dir='ltr'><strong>animum</strong></span> <span class='ocrx_word' id='word_1_489' title='bbox 2753 994 2898 1036; x_wconf 89' lang='lat' dir='ltr'><strong>tuum</strong></span> <span class='ocrx_word' id='word_1_490' title='bbox 2937 979 3118 1034; x_wconf 91' lang='lat' dir='ltr'><strong>mitem</strong></span> <span class='ocrx_word' id='word_1_491' title='bbox 3163 987 3605 1046; x_wconf 86' lang='lat' dir='ltr'><strong>mansuetumque</strong></span> <span class='ocrx_word' id='word_1_492' title='bbox 3650 974 3858 1030; x_wconf 86' lang='lat' dir='ltr'><strong>redde:</strong></span> 
     </span>
    </p>
   </div>
   <div class='ocr_carea' id='block_1_64' title="bbox 2281 1065 3859 1134">
    <p class='ocr_par' dir='ltr' id='par_1_64' title="bbox 2281 1065 3859 1134">
     <span class='ocr_line' id='line_1_64' title="bbox 2281 1065 3859 1134; baseline -0.01 -4"><span class='ocrx_word' id='word_1_493' title='bbox 2281 1091 2400 1130; x_wconf 86' lang='lat' dir='ltr'><strong>nam</strong></span> <span class='ocrx_word' id='word_1_494' title='bbox 2429 1083 2484 1128; x_wconf 92' lang='lat' dir='ltr'><strong>et</strong></span> <span class='ocrx_word' id='word_1_495' title='bbox 2526 1074 2616 1128; x_wconf 84' lang='lat' dir='ltr'><strong>ille</strong></span> <span class='ocrx_word' id='word_1_496' title='bbox 2645 1073 2802 1127; x_wconf 60' lang='lat' dir='ltr'><strong>nevis</strong></span> <span class='ocrx_word' id='word_1_497' title='bbox 2835 1070 3082 1124; x_wconf 85' lang='lat' dir='ltr'><strong>dentibus</strong></span> <span class='ocrx_word' id='word_1_498' title='bbox 3105 1076 3158 1120; x_wconf 89' lang='lat' dir='ltr'><strong>et</strong></span> <span class='ocrx_word' id='word_1_499' title='bbox 3185 1065 3394 1134; x_wconf 89' lang='lat' dir='ltr'><strong>ungulis</strong></span> <span class='ocrx_word' id='word_1_500' title='bbox 3423 1065 3710 1118; x_wconf 86' lang='lat' dir='ltr'><strong>instructus</strong></span> <span class='ocrx_word' id='word_1_501' title='bbox 3735 1071 3817 1118; x_wconf 89' lang='lat' dir='ltr'><strong>est</strong></span> <span class='ocrx_word' id='word_1_502' title='bbox 3841 1103 3859 1127; x_wconf 91' lang='lat'><strong>,</strong></span> 
     </span>
    </p>
   </div>
   <div class='ocr_carea' id='block_1_65' title="bbox 2278 1153 3863 1228">
    <p class='ocr_par' dir='ltr' id='par_1_65' title="bbox 2278 1153 3863 1228">
     <span class='ocr_line' id='line_1_65' title="bbox 2278 1153 3863 1228; baseline -0.009 -8"><span class='ocrx_word' id='word_1_503' title='bbox 2278 1180 2342 1220; x_wconf 86' lang='lat' dir='ltr'><strong>ac</strong></span> <span class='ocrx_word' id='word_1_504' title='bbox 2371 1165 2469 1219; x_wconf 88' lang='lat' dir='ltr'><strong>nisi</strong></span> <span class='ocrx_word' id='word_1_505' title='bbox 2495 1166 2699 1218; x_wconf 88' lang='lat' dir='ltr'><strong>cicures</strong></span> <span class='ocrx_word' id='word_1_506' title='bbox 2728 1162 2922 1228; x_wconf 87' lang='lat' dir='ltr'><strong>ipsum,</strong></span> <span class='ocrx_word' id='word_1_507' title='bbox 2962 1156 3138 1211; x_wconf 89' lang='lat' dir='ltr'><strong>omnia</strong></span> <span class='ocrx_word' id='word_1_508' title='bbox 3168 1155 3371 1224; x_wconf 88' lang='lat' dir='ltr'><strong>perdet.</strong></span> <span class='ocrx_word' id='word_1_509' title='bbox 3395 1153 3576 1221; x_wconf 81' lang='lat' dir='ltr'><strong>Neque</strong></span> <span class='ocrx_word' id='word_1_510' title='bbox 3604 1155 3747 1207; x_wconf 90' lang='lat' dir='ltr'><strong>enim</strong></span> <span class='ocrx_word' id='word_1_511' title='bbox 3774 1153 3863 1206; x_wconf 87' lang='lat' dir='ltr'><strong>leo</strong></span> 
     </span>
    </p>
   </div>
   <div class='ocr_carea' id='block_1_66' title="bbox 2283 1242 3864 1323">
    <p class='ocr_par' dir='ltr' id='par_1_66' title="bbox 2283 1242 3864 1323">
     <span class='ocr_line' id='line_1_66' title="bbox 2283 1242 3864 1323; baseline -0.01 -13"><span class='ocrx_word' id='word_1_512' title='bbox 2283 1264 2338 1310; x_wconf 87' lang='lat' dir='ltr'><strong>et</strong></span> <span class='ocrx_word' id='word_1_513' title='bbox 2367 1257 2544 1323; x_wconf 81' lang='lat' dir='ltr'><strong>vipera</strong></span> <span class='ocrx_word' id='word_1_514' title='bbox 2574 1253 2652 1306; x_wconf 90' lang='lat' dir='ltr'><strong>sic</strong></span> <span class='ocrx_word' id='word_1_515' title='bbox 2688 1251 2893 1304; x_wconf 81' lang='lat' dir='ltr'><strong>viscera</strong></span> <span class='ocrx_word' id='word_1_516' title='bbox 2927 1248 3161 1302; x_wconf 83' lang='lat' dir='ltr'><strong>lacerare</strong></span> <span class='ocrx_word' id='word_1_517' title='bbox 3197 1250 3449 1312; x_wconf 89' lang='lat' dir='ltr'><strong>possunt,</strong></span> <span class='ocrx_word' id='word_1_518' title='bbox 3493 1251 3549 1294; x_wconf 90' lang='lat' dir='ltr'><strong>ut</strong></span> <span class='ocrx_word' id='word_1_519' title='bbox 3583 1242 3657 1295; x_wconf 90' lang='lat' dir='ltr'><strong>ira</strong></span> <span class='ocrx_word' id='word_1_520' title='bbox 3679 1280 3694 1304; x_wconf 91' lang='lat'><strong>,</strong></span> <span class='ocrx_word' id='word_1_521' title='bbox 3742 1256 3864 1309; x_wconf 69' lang='lat' dir='ltr'><strong>qute</strong></span> 
     </span>
    </p>
   </div>
   <div class='ocr_carea' id='block_1_67' title="bbox 2283 1333 3864 1418">
    <p class='ocr_par' dir='ltr' id='par_1_67' title="bbox 2283 1333 3864 1418">
     <span class='ocr_line' id='line_1_67' title="bbox 2283 1333 3864 1418; baseline -0.009 -20"><span class='ocrx_word' id='word_1_522' title='bbox 2283 1345 2488 1414; x_wconf 85' lang='lat' dir='ltr'><strong>ungulis</strong></span> <span class='ocrx_word' id='word_1_523' title='bbox 2532 1342 2716 1398; x_wconf 88' lang='lat' dir='ltr'><strong>ferreis</strong></span> <span class='ocrx_word' id='word_1_524' title='bbox 2769 1338 2982 1394; x_wconf 86' lang='lat' dir='ltr'><strong>assidue</strong></span> <span class='ocrx_word' id='word_1_525' title='bbox 3032 1337 3214 1391; x_wconf 88' lang='lat' dir='ltr'><strong>laniat.</strong></span> <span class='ocrx_word' id='word_1_526' title='bbox 3259 1333 3441 1403; x_wconf 84' lang='lat' dir='ltr'><strong>Neque</strong></span> <span class='ocrx_word' id='word_1_527' title='bbox 3490 1347 3631 1418; x_wconf 63' lang='lat' dir='ltr'><strong>vero</strong></span> <span class='ocrx_word' id='word_1_528' title='bbox 3661 1347 3864 1400; x_wconf 81' lang='lat' dir='ltr'><strong>corpus</strong></span> 
     </span>
    </p>
   </div>
   <div class='ocr_carea' id='block_1_68' title="bbox 2281 1424 3862 1493">
    <p class='ocr_par' dir='ltr' id='par_1_68' title="bbox 2281 1424 3862 1493">
     <span class='ocr_line' id='line_1_68' title="bbox 2281 1424 3862 1493; baseline -0.007 -7"><span class='ocrx_word' id='word_1_529' title='bbox 2281 1444 2482 1486; x_wconf 88' lang='lat' dir='ltr'><strong>tantum</strong></span> <span class='ocrx_word' id='word_1_530' title='bbox 2523 1431 2833 1493; x_wconf 82' lang='lat' dir='ltr'><strong>labefactat,</strong></span> <span class='ocrx_word' id='word_1_531' title='bbox 2861 1427 2957 1482; x_wconf 89' lang='lat' dir='ltr'><strong>sed</strong></span> <span class='ocrx_word' id='word_1_532' title='bbox 2991 1435 3045 1480; x_wconf 90' lang='lat' dir='ltr'><strong>et</strong></span> <span class='ocrx_word' id='word_1_533' title='bbox 3067 1426 3257 1479; x_wconf 77' lang='lat' dir='ltr'><strong>anima:</strong></span> <span class='ocrx_word' id='word_1_534' title='bbox 3294 1424 3575 1477; x_wconf 88' lang='lat' dir='ltr'><strong>sanitatem</strong></span> <span class='ocrx_word' id='word_1_535' title='bbox 3612 1437 3862 1477; x_wconf 86' lang='lat' dir='ltr'><strong>corrum-</strong></span> 
     </span>
    </p>
   </div>
   <div class='ocr_carea' id='block_1_69' title="bbox 2281 1513 3859 1592">
    <p class='ocr_par' dir='ltr' id='par_1_69' title="bbox 2281 1513 3859 1592">
     <span class='ocr_line' id='line_1_69' title="bbox 2281 1513 3859 1592; baseline -0.006 -16"><span class='ocrx_word' id='word_1_536' title='bbox 2281 1524 2372 1592; x_wconf 91' lang='lat' dir='ltr'><strong>pit,</strong></span> <span class='ocrx_word' id='word_1_537' title='bbox 2393 1523 2497 1575; x_wconf 87' lang='lat' dir='ltr'><strong>vim</strong></span> <span class='ocrx_word' id='word_1_538' title='bbox 2518 1521 2636 1588; x_wconf 87' lang='lat' dir='ltr'><strong>ejus</strong></span> <span class='ocrx_word' id='word_1_539' title='bbox 2649 1534 2860 1573; x_wconf 79' lang='lat' dir='ltr'><strong>omnem</strong></span> <span class='ocrx_word' id='word_1_540' title='bbox 2883 1516 3192 1577; x_wconf 85' lang='lat' dir='ltr'><strong>corrodens,</strong></span> <span class='ocrx_word' id='word_1_541' title='bbox 3212 1514 3492 1577; x_wconf 77' lang='lat' dir='ltr'><strong>dilaniatis,</strong></span> <span class='ocrx_word' id='word_1_542' title='bbox 3523 1513 3859 1583; x_wconf 87' lang='lat' dir='ltr'><strong>discerpens,</strong></span> 
     </span>
    </p>
   </div>
   <div class='ocr_carea' id='block_1_70' title="bbox 2280 1605 3864 1674">
    <p class='ocr_par' dir='ltr' id='par_1_70' title="bbox 2280 1605 3864 1674">
     <span class='ocr_line' id='line_1_70' title="bbox 2280 1605 3864 1674; baseline -0.004 -7"><span class='ocrx_word' id='word_1_543' title='bbox 2280 1625 2333 1667; x_wconf 88' lang='lat' dir='ltr'><strong>et</strong></span> <span class='ocrx_word' id='word_1_544' title='bbox 2360 1612 2425 1666; x_wconf 89' lang='lat' dir='ltr'><strong>ad</strong></span> <span class='ocrx_word' id='word_1_545' title='bbox 2452 1613 2629 1665; x_wconf 86' lang='lat' dir='ltr'><strong>omnia</strong></span> <span class='ocrx_word' id='word_1_546' title='bbox 2669 1609 2911 1664; x_wconf 89' lang='lat' dir='ltr'><strong>inutilem</strong></span> <span class='ocrx_word' id='word_1_547' title='bbox 2940 1607 3190 1662; x_wconf 88' lang='lat' dir='ltr'><strong>reddens.</strong></span> <span class='ocrx_word' id='word_1_548' title='bbox 3219 1605 3348 1661; x_wconf 88' lang='lat' dir='ltr'><strong>Nam</strong></span> <span class='ocrx_word' id='word_1_549' title='bbox 3381 1606 3426 1659; x_wconf 91' lang='lat' dir='ltr'><strong>si</strong></span> <span class='ocrx_word' id='word_1_550' title='bbox 3454 1606 3498 1659; x_wconf 89' lang='lat' dir='ltr'><strong>is</strong></span> <span class='ocrx_word' id='word_1_551' title='bbox 3523 1607 3612 1674; x_wconf 91' lang='lat' dir='ltr'><strong>qui</strong></span> <span class='ocrx_word' id='word_1_552' title='bbox 3644 1620 3864 1661; x_wconf 86' lang='lat' dir='ltr'><strong>vermes</strong></span> 
     </span>
    </p>
   </div>
   <div class='ocr_carea' id='block_1_71' title="bbox 2281 1697 3864 1767">
    <p class='ocr_par' dir='ltr' id='par_1_71' title="bbox 2281 1697 3864 1767">
     <span class='ocr_line' id='line_1_71' title="bbox 2281 1697 3864 1767; baseline -0.006 -8"><span class='ocrx_word' id='word_1_553' title='bbox 2281 1706 2333 1759; x_wconf 91' lang='lat' dir='ltr'><strong>in</strong></span> <span class='ocrx_word' id='word_1_554' title='bbox 2369 1704 2656 1759; x_wconf 87' lang='lat' dir='ltr'><strong>visceribus</strong></span> <span class='ocrx_word' id='word_1_555' title='bbox 2701 1702 2904 1764; x_wconf 90' lang='lat' dir='ltr'><strong>nutrit,</strong></span> <span class='ocrx_word' id='word_1_556' title='bbox 2954 1714 3021 1754; x_wconf 91' lang='lat' dir='ltr'><strong>ne</strong></span> <span class='ocrx_word' id='word_1_557' title='bbox 3063 1699 3330 1767; x_wconf 87' lang='lat' dir='ltr'><strong>respirare</strong></span> <span class='ocrx_word' id='word_1_558' title='bbox 3370 1697 3584 1767; x_wconf 85' lang='lat' dir='ltr'><strong>quidem</strong></span> <span class='ocrx_word' id='word_1_559' title='bbox 3629 1697 3864 1766; x_wconf 90' lang='lat' dir='ltr'><strong>poterit,</strong></span> 
     </span>
    </p>
   </div>
   <div class='ocr_carea' id='block_1_72' title="bbox 2245 1786 3864 1859">
    <p class='ocr_par' dir='ltr' id='par_1_72' title="bbox 2245 1786 3864 1859">
     <span class='ocr_line' id='line_1_72' title="bbox 2245 1786 3864 1859; baseline -0.008 -6"><span class='ocrx_word' id='word_1_560' title='bbox 2245 1795 2482 1852; x_wconf 81' lang='lat' dir='ltr'><strong>cunctis</strong></span> <span class='ocrx_word' id='word_1_561' title='bbox 2523 1794 2664 1848; x_wconf 90' lang='lat' dir='ltr'><strong>intus</strong></span> <span class='ocrx_word' id='word_1_562' title='bbox 2702 1790 2966 1859; x_wconf 88' lang='lat' dir='ltr'><strong>corruptis</strong></span> <span class='ocrx_word' id='word_1_563' title='bbox 3002 1830 3018 1853; x_wconf 92' lang='lat'><strong>,</strong></span> <span class='ocrx_word' id='word_1_564' title='bbox 3057 1786 3321 1857; x_wconf 91' lang='lat' dir='ltr'><strong>quomodo</strong></span> <span class='ocrx_word' id='word_1_565' title='bbox 3357 1787 3514 1840; x_wconf 84' lang='lat' dir='ltr'><strong>talem</strong></span> <span class='ocrx_word' id='word_1_566' title='bbox 3553 1796 3864 1855; x_wconf 82' lang='lat' dir='ltr'><strong>serpentem</strong></span> 
     </span>
    </p>
   </div>
   <div class='ocr_carea' id='block_1_73' title="bbox 2279 1869 3863 1948">
    <p class='ocr_par' dir='ltr' id='par_1_73' title="bbox 2279 1869 3863 1948">
     <span class='ocr_line' id='line_1_73' title="bbox 2279 1869 3863 1948; baseline -0.008 -7"><span class='ocrx_word' id='word_1_567' title='bbox 2279 1886 2561 1948; x_wconf 83' lang='lat' dir='ltr'><strong>habentes,</strong></span> <span class='ocrx_word' id='word_1_568' title='bbox 2588 1882 2789 1936; x_wconf 85' lang='lat' dir='ltr'><strong>viscera</strong></span> <span class='ocrx_word' id='word_1_569' title='bbox 2817 1879 2992 1933; x_wconf 91' lang='lat' dir='ltr'><strong>omnia</strong></span> <span class='ocrx_word' id='word_1_570' title='bbox 3017 1869 3412 1940; x_wconf 78' lang='lat' dir='ltr'><strong>eorrodéntem,</strong></span> <span class='ocrx_word' id='word_1_571' title='bbox 3445 1877 3575 1929; x_wconf 85' lang='lat' dir='ltr'><strong>iram</strong></span> <span class='ocrx_word' id='word_1_572' title='bbox 3599 1875 3741 1940; x_wconf 86' lang='lat' dir='ltr'><strong>dico,</strong></span> <span class='ocrx_word' id='word_1_573' title='bbox 3767 1892 3863 1945; x_wconf 59' lang='lat' dir='ltr'><strong>ge.</strong></span> 
     </span>
    </p>
   </div>
   <div class='ocr_carea' id='block_1_74' title="bbox 2279 1975 3856 2046">
    <p class='ocr_par' dir='ltr' id='par_1_74' title="bbox 2279 1975 3856 2046">
     <span class='ocr_line' id='line_1_74' title="bbox 2279 1975 3856 2046; baseline -0.001 -15"><span class='ocrx_word' id='word_1_574' title='bbox 2279 1989 2530 2031; x_wconf 87' lang='lat' dir='ltr'><strong>nerosum</strong></span> <span class='ocrx_word' id='word_1_575' title='bbox 2575 1975 2768 2045; x_wconf 87' lang='lat' dir='ltr'><strong>aliquid</strong></span> <span class='ocrx_word' id='word_1_576' title='bbox 2818 1990 3006 2044; x_wconf 82' lang='lat' dir='ltr'><strong>parere</strong></span> <span class='ocrx_word' id='word_1_577' title='bbox 3050 1979 3379 2043; x_wconf 86' lang='lat' dir='ltr'><strong>poterimus?</strong></span> <span class='ocrx_word' id='word_1_578' title='bbox 3417 1979 3694 2046; x_wconf 70' lang='lat' dir='ltr'><strong>Quoanodo</strong></span> <span class='ocrx_word' id='word_1_579' title='bbox 3721 1993 3856 2046; x_wconf 88' lang='lat' dir='ltr'><strong>ergo</strong></span> 
     </span>
    </p>
   </div>
   <div class='ocr_carea' id='block_1_75' title="bbox 2277 2064 3854 2135">
    <p class='ocr_par' dir='ltr' id='par_1_75' title="bbox 2277 2064 3854 2135">
     <span class='ocr_line' id='line_1_75' title="bbox 2277 2064 3854 2135; baseline 0.001 -16"><span class='ocrx_word' id='word_1_580' title='bbox 2277 2066 2566 2135; x_wconf 86' lang='lat' dir='ltr'><strong>poterimus</strong></span> <span class='ocrx_word' id='word_1_581' title='bbox 2606 2064 2674 2117; x_wconf 87' lang='lat' dir='ltr'><strong>ab</strong></span> <span class='ocrx_word' id='word_1_582' title='bbox 2712 2064 2810 2117; x_wconf 91' lang='lat' dir='ltr'><strong>hac</strong></span> <span class='ocrx_word' id='word_1_583' title='bbox 2850 2075 2995 2132; x_wconf 83' lang='lat' dir='ltr'><strong>peste</strong></span> <span class='ocrx_word' id='word_1_584' title='bbox 3026 2065 3281 2119; x_wconf 86' lang='lat' dir='ltr'><strong>liberari?</strong></span> <span class='ocrx_word' id='word_1_585' title='bbox 3315 2065 3369 2120; x_wconf 91' lang='lat' dir='ltr'><strong>Si</strong></span> <span class='ocrx_word' id='word_1_586' title='bbox 3411 2068 3554 2120; x_wconf 87' lang='lat' dir='ltr'><strong>illam</strong></span> <span class='ocrx_word' id='word_1_587' title='bbox 3579 2067 3854 2134; x_wconf 85' lang='lat' dir='ltr'><strong>potionem</strong></span> 
     </span>
    </p>
   </div>
   <div class='ocr_carea' id='block_1_76' title="bbox 2274 2154 3858 2224">
    <p class='ocr_par' dir='ltr' id='par_1_76' title="bbox 2274 2154 3858 2224">
     <span class='ocr_line' id='line_1_76' title="bbox 2274 2154 3858 2224; baseline -0.002 -14"><span class='ocrx_word' id='word_1_588' title='bbox 2274 2155 2537 2219; x_wconf 88' lang='lat' dir='ltr'><strong>bibamus,</strong></span> <span class='ocrx_word' id='word_1_589' title='bbox 2564 2168 2681 2221; x_wconf 72' lang='lat' dir='ltr'><strong>qua:</strong></span> <span class='ocrx_word' id='word_1_590' title='bbox 2710 2154 2875 2220; x_wconf 88' lang='lat' dir='ltr'><strong>possit</strong></span> <span class='ocrx_word' id='word_1_591' title='bbox 2903 2157 3042 2206; x_wconf 88' lang='lat' dir='ltr'><strong>intus</strong></span> <span class='ocrx_word' id='word_1_592' title='bbox 3073 2155 3274 2222; x_wconf 89' lang='lat' dir='ltr'><strong>positos</strong></span> <span class='ocrx_word' id='word_1_593' title='bbox 3301 2171 3510 2210; x_wconf 84' lang='lat' dir='ltr'><strong>vermes</strong></span> <span class='ocrx_word' id='word_1_594' title='bbox 3537 2163 3593 2210; x_wconf 89' lang='lat' dir='ltr'><strong>et</strong></span> <span class='ocrx_word' id='word_1_595' title='bbox 3627 2169 3858 2224; x_wconf 86' lang='lat' dir='ltr'><strong>serpen-</strong></span> 
     </span>
    </p>
   </div>
   <div class='ocr_carea' id='block_1_77' title="bbox 2277 2244 3856 2315">
    <p class='ocr_par' dir='ltr' id='par_1_77' title="bbox 2277 2244 3856 2315">
     <span class='ocr_line' id='line_1_77' title="bbox 2277 2244 3856 2315; baseline 0 -15"><span class='ocrx_word' id='word_1_596' title='bbox 2277 2254 2355 2300; x_wconf 87' lang='lat' dir='ltr'><strong>tes</strong></span> <span class='ocrx_word' id='word_1_597' title='bbox 2397 2248 2757 2313; x_wconf 76' lang='lat' dir='ltr'><strong>cxstinguere.</strong></span> <span class='ocrx_word' id='word_1_598' title='bbox 2803 2244 2981 2311; x_wconf 88' lang='lat' dir='ltr'><strong>Ecqua</strong></span> <span class='ocrx_word' id='word_1_599' title='bbox 3032 2247 3177 2312; x_wconf 91' lang='lat' dir='ltr'><strong>potio</strong></span> <span class='ocrx_word' id='word_1_600' title='bbox 3221 2245 3309 2298; x_wconf 89' lang='lat' dir='ltr'><strong>illa</strong></span> <span class='ocrx_word' id='word_1_601' title='bbox 3354 2255 3455 2310; x_wconf 89' lang='lat' dir='ltr'><strong>est,</strong></span> <span class='ocrx_word' id='word_1_602' title='bbox 3500 2246 3696 2313; x_wconf 89' lang='lat' dir='ltr'><strong>inquis,</strong></span> <span class='ocrx_word' id='word_1_603' title='bbox 3728 2262 3856 2315; x_wconf 67' lang='lat' dir='ltr'><strong>quae</strong></span> 
     </span>
    </p>
   </div>
   <div class='ocr_carea' id='block_1_78' title="bbox 2275 2332 3855 2402">
    <p class='ocr_par' dir='ltr' id='par_1_78' title="bbox 2275 2332 3855 2402">
     <span class='ocr_line' id='line_1_78' title="bbox 2275 2332 3855 2402; baseline 0.001 -15"><span class='ocrx_word' id='word_1_604' title='bbox 2275 2341 2472 2388; x_wconf 89' lang='lat' dir='ltr'><strong>tantam</strong></span> <span class='ocrx_word' id='word_1_605' title='bbox 2523 2333 2627 2386; x_wconf 90' lang='lat' dir='ltr'><strong>vim</strong></span> <span class='ocrx_word' id='word_1_606' title='bbox 2677 2332 2908 2386; x_wconf 81' lang='lat' dir='ltr'><strong>habeat?</strong></span> <span class='ocrx_word' id='word_1_607' title='bbox 2955 2332 3228 2388; x_wconf 88' lang='lat' dir='ltr'><strong>Pretiosus</strong></span> <span class='ocrx_word' id='word_1_608' title='bbox 3271 2335 3488 2402; x_wconf 76' lang='lat' dir='ltr'><strong>sanguis</strong></span> <span class='ocrx_word' id='word_1_609' title='bbox 3527 2333 3749 2399; x_wconf 87' lang='lat' dir='ltr'><strong>Christi,</strong></span> <span class='ocrx_word' id='word_1_610' title='bbox 3805 2335 3855 2390; x_wconf 88' lang='lat' dir='ltr'><strong>si</strong></span> 
     </span>
    </p>
   </div>
   <div class='ocr_carea' id='block_1_79' title="bbox 2273 2421 3856 2492">
    <p class='ocr_par' dir='ltr' id='par_1_79' title="bbox 2273 2421 3856 2492">
     <span class='ocr_line' id='line_1_79' title="bbox 2273 2421 3856 2492; baseline -0.001 -14"><span class='ocrx_word' id='word_1_611' title='bbox 2273 2437 2394 2478; x_wconf 86' lang='lat' dir='ltr'><strong>eum</strong></span> <span class='ocrx_word' id='word_1_612' title='bbox 2425 2421 2614 2476; x_wconf 89' lang='lat' dir='ltr'><strong>fiducia</strong></span> <span class='ocrx_word' id='word_1_613' title='bbox 2640 2431 2880 2476; x_wconf 84' lang='lat' dir='ltr'><strong>sumatur</strong></span> <span class='ocrx_word' id='word_1_614' title='bbox 2912 2440 2924 2474; x_wconf 92' lang='lat'>:</span> <span class='ocrx_word' id='word_1_615' title='bbox 2959 2422 3173 2476; x_wconf 89' lang='lat' dir='ltr'><strong>morbos</strong></span> <span class='ocrx_word' id='word_1_616' title='bbox 3202 2423 3396 2492; x_wconf 83' lang='lat' dir='ltr'><strong>quippe</strong></span> <span class='ocrx_word' id='word_1_617' title='bbox 3423 2438 3609 2477; x_wconf 88' lang='lat' dir='ltr'><strong>omnes</strong></span> <span class='ocrx_word' id='word_1_618' title='bbox 3644 2423 3856 2477; x_wconf 70' lang='lat' dir='ltr'><strong>exstino</strong></span> 
     </span>
    </p>
   </div>
   <div class='ocr_carea' id='block_1_80' title="bbox 2275 2510 3854 2582">
    <p class='ocr_par' dir='ltr' id='par_1_80' title="bbox 2275 2510 3854 2582">
     <span class='ocr_line' id='line_1_80' title="bbox 2275 2510 3854 2582; baseline 0.001 -17"><span class='ocrx_word' id='word_1_619' title='bbox 2275 2526 2437 2581; x_wconf 84' lang='lat' dir='ltr'><strong>gnere</strong></span> <span class='ocrx_word' id='word_1_620' title='bbox 2481 2511 2719 2580; x_wconf 89' lang='lat' dir='ltr'><strong>poterit;</strong></span> <span class='ocrx_word' id='word_1_621' title='bbox 2776 2511 2896 2565; x_wconf 91' lang='lat' dir='ltr'><strong>huic</strong></span> <span class='ocrx_word' id='word_1_622' title='bbox 2941 2510 3078 2565; x_wconf 89' lang='lat' dir='ltr'><strong>adde</strong></span> <span class='ocrx_word' id='word_1_623' title='bbox 3119 2511 3415 2567; x_wconf 86' lang='lat' dir='ltr'><strong>divinarum</strong></span> <span class='ocrx_word' id='word_1_624' title='bbox 3455 2512 3854 2582; x_wconf 86' lang='lat' dir='ltr'><strong>Scripturarum</strong></span> 
     </span>
    </p>
   </div>
   <div class='ocr_carea' id='block_1_81' title="bbox 2275 2601 3852 2673">
    <p class='ocr_par' dir='ltr' id='par_1_81' title="bbox 2275 2601 3852 2673">
     <span class='ocr_line' id='line_1_81' title="bbox 2275 2601 3852 2673; baseline 0 -16"><span class='ocrx_word' id='word_1_625' title='bbox 2275 2603 2485 2658; x_wconf 88' lang='lat' dir='ltr'><strong>lectioni</strong></span> <span class='ocrx_word' id='word_1_626' title='bbox 2513 2603 2892 2665; x_wconf 87' lang='lat' dir='ltr'><strong>attentionem,</strong></span> <span class='ocrx_word' id='word_1_627' title='bbox 2924 2602 3149 2671; x_wconf 90' lang='lat' dir='ltr'><strong>huicque</strong></span> <span class='ocrx_word' id='word_1_628' title='bbox 3179 2601 3394 2670; x_wconf 87' lang='lat' dir='ltr'><strong>adjicias</strong></span> <span class='ocrx_word' id='word_1_629' title='bbox 3419 2603 3852 2673; x_wconf 85' lang='lat' dir='ltr'><strong>eleemosynam:</strong></span> 
     </span>
    </p>
   </div>
   <div class='ocr_carea' id='block_1_82' title="bbox 2274 2691 3855 2761">
    <p class='ocr_par' dir='ltr' id='par_1_82' title="bbox 2274 2691 3855 2761">
     <span class='ocr_line' id='line_1_82' title="bbox 2274 2691 3855 2761; baseline 0 -15"><span class='ocrx_word' id='word_1_630' title='bbox 2274 2707 2372 2761; x_wconf 90' lang='lat' dir='ltr'><strong>per</strong></span> <span class='ocrx_word' id='word_1_631' title='bbox 2415 2692 2529 2746; x_wconf 62' lang='lat' dir='ltr'><strong>hate</strong></span> <span class='ocrx_word' id='word_1_632' title='bbox 2583 2693 2778 2759; x_wconf 90' lang='lat' dir='ltr'><strong>quippe</strong></span> <span class='ocrx_word' id='word_1_633' title='bbox 2821 2691 3000 2744; x_wconf 89' lang='lat' dir='ltr'><strong>omnia</strong></span> <span class='ocrx_word' id='word_1_634' title='bbox 3054 2691 3322 2760; x_wconf 79' lang='lat' dir='ltr'><strong>exstingui</strong></span> <span class='ocrx_word' id='word_1_635' title='bbox 3375 2702 3624 2760; x_wconf 88' lang='lat' dir='ltr'><strong>poterunt</strong></span> <span class='ocrx_word' id='word_1_636' title='bbox 3675 2694 3855 2748; x_wconf 88' lang='lat' dir='ltr'><strong>morbi</strong></span> 
     </span>
    </p>
   </div>
   <div class='ocr_carea' id='block_1_83' title="bbox 2273 2779 3854 2849">
    <p class='ocr_par' dir='ltr' id='par_1_83' title="bbox 2273 2779 3854 2849">
     <span class='ocr_line' id='line_1_83' title="bbox 2273 2779 3854 2849; baseline 0.001 -15"><span class='ocrx_word' id='word_1_637' title='bbox 2273 2782 2504 2835; x_wconf 88' lang='lat' dir='ltr'><strong>animam</strong></span> <span class='ocrx_word' id='word_1_638' title='bbox 2535 2779 2936 2834; x_wconf 83' lang='lat' dir='ltr'><strong>lahefactantes.</strong></span> <span class='ocrx_word' id='word_1_639' title='bbox 2964 2779 3218 2849; x_wconf 87' lang='lat' dir='ltr'><strong>Tuncque</strong></span> <span class='ocrx_word' id='word_1_640' title='bbox 3239 2781 3409 2834; x_wconf 90' lang='lat' dir='ltr'><strong>solum</strong></span> <span class='ocrx_word' id='word_1_641' title='bbox 3440 2783 3703 2847; x_wconf 85' lang='lat' dir='ltr'><strong>vivemus,</strong></span> <span class='ocrx_word' id='word_1_642' title='bbox 3725 2796 3854 2836; x_wconf 86' lang='lat' dir='ltr'><strong>cum</strong></span> 
     </span>
    </p>
   </div>
   <div class='ocr_carea' id='block_1_84' title="bbox 2270 2867 3853 2939">
    <p class='ocr_par' dir='ltr' id='par_1_84' title="bbox 2270 2867 3853 2939">
     <span class='ocr_line' id='line_1_84' title="bbox 2270 2867 3853 2939; baseline 0 -17"><span class='ocrx_word' id='word_1_643' title='bbox 2270 2870 2380 2939; x_wconf 89' lang='lat' dir='ltr'><strong>jam</strong></span> <span class='ocrx_word' id='word_1_644' title='bbox 2427 2883 2534 2923; x_wconf 89' lang='lat' dir='ltr'><strong>non</strong></span> <span class='ocrx_word' id='word_1_645' title='bbox 2587 2869 2807 2921; x_wconf 83' lang='lat' dir='ltr'><strong>meliore</strong></span> <span class='ocrx_word' id='word_1_646' title='bbox 2849 2867 3155 2922; x_wconf 89' lang='lat' dir='ltr'><strong>conditione</strong></span> <span class='ocrx_word' id='word_1_647' title='bbox 3196 2869 3382 2934; x_wconf 86' lang='lat' dir='ltr'><strong>simus,</strong></span> <span class='ocrx_word' id='word_1_648' title='bbox 3427 2885 3582 2938; x_wconf 83' lang='lat' dir='ltr'><strong>quam</strong></span> <span class='ocrx_word' id='word_1_649' title='bbox 3609 2871 3853 2924; x_wconf 90' lang='lat' dir='ltr'><strong>mortui:</strong></span> 
     </span>
    </p>
   </div>
   <div class='ocr_carea' id='block_1_85' title="bbox 2276 2957 3856 3029">
    <p class='ocr_par' dir='ltr' id='par_1_85' title="bbox 2276 2957 3856 3029">
     <span class='ocr_line' id='line_1_85' title="bbox 2276 2957 3856 3029; baseline 0.001 -16"><span class='ocrx_word' id='word_1_650' title='bbox 2276 2975 2395 3013; x_wconf 88' lang='lat' dir='ltr'><strong>nam</strong></span> <span class='ocrx_word' id='word_1_651' title='bbox 2443 2960 2546 3013; x_wconf 88' lang='lat' dir='ltr'><strong>illis</strong></span> <span class='ocrx_word' id='word_1_652' title='bbox 2588 2959 2886 3013; x_wconf 86' lang='lat' dir='ltr'><strong>viventibus</strong></span> <span class='ocrx_word' id='word_1_653' title='bbox 2907 2999 2922 3023; x_wconf 90' lang='lat'><strong>,</strong></span> <span class='ocrx_word' id='word_1_654' title='bbox 2957 2973 3054 3012; x_wconf 89' lang='lat' dir='ltr'><strong>nos</strong></span> <span class='ocrx_word' id='word_1_655' title='bbox 3082 2957 3258 3012; x_wconf 88' lang='lat' dir='ltr'><strong>vivere</strong></span> <span class='ocrx_word' id='word_1_656' title='bbox 3284 2961 3595 3029; x_wconf 86' lang='lat' dir='ltr'><strong>nequimus,</strong></span> <span class='ocrx_word' id='word_1_657' title='bbox 3629 2961 3722 3014; x_wconf 86' lang='lat' dir='ltr'><strong>sed</strong></span> <span class='ocrx_word' id='word_1_658' title='bbox 3751 2975 3856 3014; x_wconf 82' lang='lat' dir='ltr'><strong>ne-</strong></span> 
     </span>
    </p>
   </div>
   <div class='ocr_carea' id='block_1_86' title="bbox 2275 3047 3855 3117">
    <p class='ocr_par' dir='ltr' id='par_1_86' title="bbox 2275 3047 3855 3117">
     <span class='ocr_line' id='line_1_86' title="bbox 2275 3047 3855 3117; baseline 0.001 -15"><span class='ocrx_word' id='word_1_659' title='bbox 2275 3048 2508 3102; x_wconf 87' lang='lat' dir='ltr'><strong>cessario</strong></span> <span class='ocrx_word' id='word_1_660' title='bbox 2550 3047 2804 3117; x_wconf 87' lang='lat' dir='ltr'><strong>perimus.</strong></span> <span class='ocrx_word' id='word_1_661' title='bbox 2851 3047 2960 3100; x_wconf 84' lang='lat' dir='ltr'><strong>Nisi</strong></span> <span class='ocrx_word' id='word_1_662' title='bbox 2997 3049 3137 3101; x_wconf 90' lang='lat' dir='ltr'><strong>enim</strong></span> <span class='ocrx_word' id='word_1_663' title='bbox 3175 3047 3259 3102; x_wconf 91' lang='lat' dir='ltr'><strong>hic</strong></span> <span class='ocrx_word' id='word_1_664' title='bbox 3303 3049 3422 3103; x_wconf 88' lang='lat' dir='ltr'><strong>illos</strong></span> <span class='ocrx_word' id='word_1_665' title='bbox 3465 3049 3855 3114; x_wconf 83' lang='lat' dir='ltr'><strong>occiderimus,</strong></span> 
     </span>
    </p>
   </div>
   <div class='ocr_carea' id='block_1_87' title="bbox 2277 3135 3857 3192">
    <p class='ocr_par' dir='ltr' id='par_1_87' title="bbox 2277 3135 3857 3192">
     <span class='ocr_line' id='line_1_87' title="bbox 2277 3135 3857 3192; baseline 0.001 -2"><span class='ocrx_word' id='word_1_666' title='bbox 2277 3137 2386 3190; x_wconf 90' lang='lat' dir='ltr'><strong>illic</strong></span> <span class='ocrx_word' id='word_1_667' title='bbox 2417 3151 2514 3190; x_wconf 92' lang='lat' dir='ltr'><strong>nos</strong></span> <span class='ocrx_word' id='word_1_668' title='bbox 2551 3137 2770 3190; x_wconf 88' lang='lat' dir='ltr'><strong>omnino</strong></span> <span class='ocrx_word' id='word_1_669' title='bbox 2800 3135 3116 3190; x_wconf 87' lang='lat' dir='ltr'><strong>interficient</strong></span> <span class='ocrx_word' id='word_1_670' title='bbox 3144 3155 3157 3190; x_wconf 89' lang='lat'>:</span> <span class='ocrx_word' id='word_1_671' title='bbox 3188 3137 3296 3190; x_wconf 90' lang='lat' dir='ltr'><strong>imo</strong></span> <span class='ocrx_word' id='word_1_672' title='bbox 3319 3147 3372 3191; x_wconf 91' lang='lat' dir='ltr'><strong>et</strong></span> <span class='ocrx_word' id='word_1_673' title='bbox 3397 3147 3519 3192; x_wconf 89' lang='lat' dir='ltr'><strong>ante</strong></span> <span class='ocrx_word' id='word_1_674' title='bbox 3549 3147 3857 3192; x_wconf 78' lang='lat' dir='ltr'><strong>extremum</strong></span> 
     </span>
    </p>
   </div>
   <div class='ocr_carea' id='block_1_88' title="bbox 2272 3223 3860 3284">
    <p class='ocr_par' dir='ltr' id='par_1_88' title="bbox 2272 3223 3860 3284">
     <span class='ocr_line' id='line_1_88' title="bbox 2272 3223 3860 3284; baseline 0.003 -6"><span class='ocrx_word' id='word_1_675' title='bbox 2272 3225 2475 3278; x_wconf 89' lang='lat' dir='ltr'><strong>obitttm</strong></span> <span class='ocrx_word' id='word_1_676' title='bbox 2510 3224 2576 3278; x_wconf 91' lang='lat' dir='ltr'><strong>de</strong></span> <span class='ocrx_word' id='word_1_677' title='bbox 2603 3225 2756 3278; x_wconf 89' lang='lat' dir='ltr'><strong>nobis</strong></span> <span class='ocrx_word' id='word_1_678' title='bbox 2784 3223 2869 3276; x_wconf 89' lang='lat' dir='ltr'><strong>hic</strong></span> <span class='ocrx_word' id='word_1_679' title='bbox 2898 3225 3151 3279; x_wconf 88' lang='lat' dir='ltr'><strong>ultionem</strong></span> <span class='ocrx_word' id='word_1_680' title='bbox 3180 3237 3410 3280; x_wconf 89' lang='lat' dir='ltr'><strong>sument.</strong></span> <span class='ocrx_word' id='word_1_681' title='bbox 3448 3228 3656 3282; x_wconf 86' lang='lat' dir='ltr'><strong>Etenim</strong></span> <span class='ocrx_word' id='word_1_682' title='bbox 3684 3245 3860 3284; x_wconf 87' lang='lat' dir='ltr'><strong>unus-</strong></span> 
     </span>
    </p>
   </div>
   <div class='ocr_carea' id='block_1_89' title="bbox 2269 3314 3862 3386">
    <p class='ocr_par' dir='ltr' id='par_1_89' title="bbox 2269 3314 3862 3386">
     <span class='ocr_line' id='line_1_89' title="bbox 2269 3314 3862 3386; baseline 0.003 -17"><span class='ocrx_word' id='word_1_683' title='bbox 2269 3315 2491 3386; x_wconf 90' lang='lat' dir='ltr'><strong>quisque</strong></span> <span class='ocrx_word' id='word_1_684' title='bbox 2525 3314 2739 3369; x_wconf 90' lang='lat' dir='ltr'><strong>morbus</strong></span> <span class='ocrx_word' id='word_1_685' title='bbox 2783 3314 3177 3382; x_wconf 84' lang='lat' dir='ltr'><strong>hujuscemodi,</strong></span> <span class='ocrx_word' id='word_1_686' title='bbox 3223 3316 3452 3370; x_wconf 89' lang='lat' dir='ltr'><strong>crudelis</strong></span> <span class='ocrx_word' id='word_1_687' title='bbox 3483 3357 3498 3382; x_wconf 93' lang='lat'><strong>,</strong></span> <span class='ocrx_word' id='word_1_688' title='bbox 3545 3319 3862 3386; x_wconf 75' lang='lat' dir='ltr'><strong>tyrannicus</strong></span> 
     </span>
    </p>
   </div>
   <div class='ocr_carea' id='block_1_90' title="bbox 2271 3404 3862 3472">
    <p class='ocr_par' dir='ltr' id='par_1_90' title="bbox 2271 3404 3862 3472">
     <span class='ocr_line' id='line_1_90' title="bbox 2271 3404 3862 3472; baseline 0.003 -14"><span class='ocrx_word' id='word_1_689' title='bbox 2271 3413 2326 3458; x_wconf 90' lang='lat' dir='ltr'><strong>et</strong></span> <span class='ocrx_word' id='word_1_690' title='bbox 2351 3404 2662 3458; x_wconf 83' lang='lat' dir='ltr'><strong>insatiabilis</strong></span> <span class='ocrx_word' id='word_1_691' title='bbox 2683 3413 2794 3467; x_wconf 89' lang='lat' dir='ltr'><strong>est,</strong></span> <span class='ocrx_word' id='word_1_692' title='bbox 2828 3417 2924 3457; x_wconf 90' lang='lat' dir='ltr'><strong>nec</strong></span> <span class='ocrx_word' id='word_1_693' title='bbox 2953 3418 3050 3457; x_wconf 91' lang='lat' dir='ltr'><strong>nos</strong></span> <span class='ocrx_word' id='word_1_694' title='bbox 3087 3405 3321 3472; x_wconf 87' lang='lat' dir='ltr'><strong>quotidie</strong></span> <span class='ocrx_word' id='word_1_695' title='bbox 3344 3406 3658 3462; x_wconf 89' lang='lat' dir='ltr'><strong>corrodendi</strong></span> <span class='ocrx_word' id='word_1_696' title='bbox 3687 3407 3862 3462; x_wconf 85' lang='lat' dir='ltr'><strong>finem</strong></span> 
     </span>
    </p>
   </div>
   <div class='ocr_carea' id='block_1_91' title="bbox 2274 3491 3855 3563">
    <p class='ocr_par' dir='ltr' id='par_1_91' title="bbox 2274 3491 3855 3563">
     <span class='ocr_line' id='line_1_91' title="bbox 2274 3491 3855 3563; baseline 0.002 -17"><span class='ocrx_word' id='word_1_697' title='bbox 2274 3492 2400 3546; x_wconf 88' lang='lat' dir='ltr'><strong>facit</strong></span> <span class='ocrx_word' id='word_1_698' title='bbox 2426 3510 2439 3546; x_wconf 72' lang='grc' dir='ltr'>ε</span> <span class='ocrx_word' id='word_1_699' title='bbox 2470 3507 2590 3545; x_wconf 89' lang='lat' dir='ltr'><strong>nam</strong></span> <span class='ocrx_word' id='word_1_700' title='bbox 2621 3491 2811 3546; x_wconf 90' lang='lat' dir='ltr'><strong>dentes</strong></span> <span class='ocrx_word' id='word_1_701' title='bbox 2837 3492 3046 3545; x_wconf 91' lang='lat' dir='ltr'><strong>leonum</strong></span> <span class='ocrx_word' id='word_1_702' title='bbox 3072 3501 3195 3545; x_wconf 90' lang='lat' dir='ltr'><strong>sunt</strong></span> <span class='ocrx_word' id='word_1_703' title='bbox 3227 3493 3418 3548; x_wconf 87' lang='lat' dir='ltr'><strong>dentes</strong></span> <span class='ocrx_word' id='word_1_704' title='bbox 3448 3496 3711 3563; x_wconf 86' lang='lat' dir='ltr'><strong>ipsorum,</strong></span> <span class='ocrx_word' id='word_1_705' title='bbox 3739 3496 3855 3549; x_wconf 89' lang='lat' dir='ltr'><strong>imo</strong></span> 
     </span>
    </p>
   </div>
   <div class='ocr_carea' id='block_1_92' title="bbox 2273 3580 3864 3650">
    <p class='ocr_par' dir='ltr' id='par_1_92' title="bbox 2273 3580 3864 3650">
     <span class='ocr_line' id='line_1_92' title="bbox 2273 3580 3864 3650; baseline 0.002 -14"><span class='ocrx_word' id='word_1_706' title='bbox 2273 3585 2431 3636; x_wconf 88' lang='lat' dir='ltr'><strong>etiam</strong></span> <span class='ocrx_word' id='word_1_707' title='bbox 2487 3584 2642 3650; x_wconf 87' lang='lat' dir='ltr'><strong>longe</strong></span> <span class='ocrx_word' id='word_1_708' title='bbox 2691 3582 2963 3635; x_wconf 68' lang='lat' dir='ltr'><strong>suaviores.</strong></span> <span class='ocrx_word' id='word_1_709' title='bbox 3011 3580 3121 3634; x_wconf 90' lang='lat' dir='ltr'><strong>Leo</strong></span> <span class='ocrx_word' id='word_1_710' title='bbox 3170 3583 3369 3650; x_wconf 90' lang='lat' dir='ltr'><strong>quippe</strong></span> <span class='ocrx_word' id='word_1_711' title='bbox 3415 3583 3503 3636; x_wconf 92' lang='lat' dir='ltr'><strong>ubi</strong></span> <span class='ocrx_word' id='word_1_712' title='bbox 3558 3584 3864 3639; x_wconf 81' lang='lat' dir='ltr'><strong>exsatiatus</strong></span> 
     </span>
    </p>
   </div>
   <div class='ocr_carea' id='block_1_93' title="bbox 2270 3671 3860 3734">
    <p class='ocr_par' dir='ltr' id='par_1_93' title="bbox 2270 3671 3860 3734">
     <span class='ocr_line' id='line_1_93' title="bbox 2270 3671 3860 3734; baseline 0.001 -6"><span class='ocrx_word' id='word_1_713' title='bbox 2270 3675 2460 3734; x_wconf 89' lang='lat' dir='ltr'><strong>fuerit,</strong></span> <span class='ocrx_word' id='word_1_714' title='bbox 2507 3688 2534 3724; x_wconf 90' lang='lat' dir='ltr'><strong>a</strong></span> <span class='ocrx_word' id='word_1_715' title='bbox 2585 3673 2842 3725; x_wconf 86' lang='lat' dir='ltr'><strong>cadavere</strong></span> <span class='ocrx_word' id='word_1_716' title='bbox 2883 3671 3111 3726; x_wconf 85' lang='lat' dir='ltr'><strong>discedit</strong></span> <span class='ocrx_word' id='word_1_717' title='bbox 3149 3688 3161 3722; x_wconf 88' lang='lat'><strong>:</strong></span> <span class='ocrx_word' id='word_1_718' title='bbox 3197 3671 3249 3726; x_wconf 90' lang='lat' dir='ltr'><strong>hi</strong></span> <span class='ocrx_word' id='word_1_719' title='bbox 3289 3688 3419 3726; x_wconf 90' lang='lat' dir='ltr'><strong>vero</strong></span> <span class='ocrx_word' id='word_1_720' title='bbox 3470 3675 3642 3727; x_wconf 90' lang='lat' dir='ltr'><strong>morbi</strong></span> <span class='ocrx_word' id='word_1_721' title='bbox 3687 3677 3860 3729; x_wconf 88' lang='lat' dir='ltr'><strong>animi</strong></span> 
     </span>
    </p>
   </div>
   <div class='ocr_carea' id='block_1_94' title="bbox 2273 3754 3859 3832">
    <p class='ocr_par' dir='ltr' id='par_1_94' title="bbox 2273 3754 3859 3832">
     <span class='ocr_line' id='line_1_94' title="bbox 2273 3754 3859 3832; baseline 0.003 -16"><span class='ocrx_word' id='word_1_722' title='bbox 2273 3778 2560 3830; x_wconf 85' lang='lat' dir='ltr'><strong>numquam</strong></span> <span class='ocrx_word' id='word_1_723' title='bbox 2600 3754 2879 3822; x_wconf 79' lang='lat' dir='ltr'><strong>satiantur,</strong></span> <span class='ocrx_word' id='word_1_724' title='bbox 2927 3776 3101 3828; x_wconf 89' lang='lat' dir='ltr'><strong>neque</strong></span> <span class='ocrx_word' id='word_1_725' title='bbox 3144 3770 3377 3825; x_wconf 88' lang='lat' dir='ltr'><strong>cessant,</strong></span> <span class='ocrx_word' id='word_1_726' title='bbox 3423 3762 3594 3817; x_wconf 89' lang='lat' dir='ltr'><strong>donec</strong></span> <span class='ocrx_word' id='word_1_727' title='bbox 3636 3777 3859 3832; x_wconf 83' lang='lat' dir='ltr'><strong>captum</strong></span> 
     </span>
    </p>
   </div>
   <div class='ocr_carea' id='block_1_95' title="bbox 2273 3850 3851 3917">
    <p class='ocr_par' dir='ltr' id='par_1_95' title="bbox 2273 3850 3851 3917">
     <span class='ocr_line' id='line_1_95' title="bbox 2273 3850 3851 3917; baseline 0.005 -14"><span class='ocrx_word' id='word_1_728' title='bbox 2273 3851 2541 3904; x_wconf 83' lang='lat' dir='ltr'><strong>hominem</strong></span> <span class='ocrx_word' id='word_1_729' title='bbox 2583 3850 2796 3903; x_wconf 87' lang='lat' dir='ltr'><strong>diabolo</strong></span> <span class='ocrx_word' id='word_1_730' title='bbox 2841 3852 3136 3917; x_wconf 81' lang='lat' dir='ltr'><strong>proximum</strong></span> <span class='ocrx_word' id='word_1_731' title='bbox 3174 3854 3478 3906; x_wconf 87' lang='lat' dir='ltr'><strong>statuerint.</strong></span> <span class='ocrx_word' id='word_1_732' title='bbox 3505 3853 3671 3908; x_wconf 84' lang='lat' dir='ltr'><strong>Tanta</strong></span> <span class='ocrx_word' id='word_1_733' title='bbox 3697 3857 3851 3910; x_wconf 86' lang='lat' dir='ltr'><strong>enim</strong></span> 
     </span>
    </p>
   </div>
   <div class='ocr_carea' id='block_1_96' title="bbox 2273 3939 3859 4008">
    <p class='ocr_par' dir='ltr' id='par_1_96' title="bbox 2273 3939 3859 4008">
     <span class='ocr_line' id='line_1_96' title="bbox 2273 3939 3859 4008; baseline 0.005 -16"><span class='ocrx_word' id='word_1_734' title='bbox 2273 3940 2482 3992; x_wconf 88' lang='lat' dir='ltr'><strong>illorum</strong></span> <span class='ocrx_word' id='word_1_735' title='bbox 2510 3939 2587 3991; x_wconf 90' lang='lat' dir='ltr'><strong>vis</strong></span> <span class='ocrx_word' id='word_1_736' title='bbox 2616 3947 2697 3992; x_wconf 87' lang='lat' dir='ltr'><strong>est</strong></span> <span class='ocrx_word' id='word_1_737' title='bbox 2719 3979 2734 4003; x_wconf 91' lang='lat'><strong>,</strong></span> <span class='ocrx_word' id='word_1_738' title='bbox 2785 3947 2843 3992; x_wconf 90' lang='lat' dir='ltr'><strong>ut</strong></span> <span class='ocrx_word' id='word_1_739' title='bbox 2883 3953 3040 4008; x_wconf 90' lang='lat' dir='ltr'><strong>quam</strong></span> <span class='ocrx_word' id='word_1_740' title='bbox 3081 3940 3389 3995; x_wconf 89' lang='lat' dir='ltr'><strong>servitutem</strong></span> <span class='ocrx_word' id='word_1_741' title='bbox 3415 3939 3628 3998; x_wconf 89' lang='lat' dir='ltr'><strong>Christo</strong></span> <span class='ocrx_word' id='word_1_742' title='bbox 3657 3945 3859 4000; x_wconf 76' lang='lat' dir='ltr'><strong>Paulus</strong></span> 
     </span>
    </p>
   </div>
   <div class='ocr_carea' id='block_1_97' title="bbox 2271 4027 3856 4102">
    <p class='ocr_par' dir='ltr' id='par_1_97' title="bbox 2271 4027 3856 4102">
     <span class='ocr_line' id='line_1_97' title="bbox 2271 4027 3856 4102; baseline 0.004 -21"><span class='ocrx_word' id='word_1_743' title='bbox 2271 4028 2528 4090; x_wconf 67' lang='lat' dir='ltr'><strong>exhibuit,</strong></span> <span class='ocrx_word' id='word_1_744' title='bbox 2561 4027 2630 4079; x_wconf 89' lang='lat' dir='ltr'><strong>ita</strong></span> <span class='ocrx_word' id='word_1_745' title='bbox 2652 4036 2708 4081; x_wconf 91' lang='lat' dir='ltr'><strong>ut</strong></span> <span class='ocrx_word' id='word_1_746' title='bbox 2736 4036 2951 4094; x_wconf 90' lang='lat' dir='ltr'><strong>propter</strong></span> <span class='ocrx_word' id='word_1_747' title='bbox 2977 4028 3123 4082; x_wconf 91' lang='lat' dir='ltr'><strong>illum</strong></span> <span class='ocrx_word' id='word_1_748' title='bbox 3150 4030 3201 4083; x_wconf 87' lang='lat' dir='ltr'><strong>et</strong></span> <span class='ocrx_word' id='word_1_749' title='bbox 3221 4029 3520 4099; x_wconf 88' lang='lat' dir='ltr'><strong>gehennam</strong></span> <span class='ocrx_word' id='word_1_750' title='bbox 3547 4041 3601 4086; x_wconf 92' lang='lat' dir='ltr'><strong>et</strong></span> <span class='ocrx_word' id='word_1_751' title='bbox 3625 4048 3856 4102; x_wconf 72' lang='lat' dir='ltr'><strong>regnum</strong></span> 
     </span>
    </p>
   </div>
   <div class='ocr_carea' id='block_1_98' title="bbox 2272 4115 3856 4191">
    <p class='ocr_par' dir='ltr' id='par_1_98' title="bbox 2272 4115 3856 4191">
     <span class='ocr_line' id='line_1_98' title="bbox 2272 4115 3856 4191; baseline 0.006 -23"><span class='ocrx_word' id='word_1_752' title='bbox 2272 4116 2610 4184; x_wconf 86' lang='lat' dir='ltr'><strong>despiceret,</strong></span> <span class='ocrx_word' id='word_1_753' title='bbox 2656 4115 2899 4169; x_wconf 89' lang='lat' dir='ltr'><strong>eamdem</strong></span> <span class='ocrx_word' id='word_1_754' title='bbox 2941 4115 3108 4186; x_wconf 87' lang='lat' dir='ltr'><strong>ipsam</strong></span> <span class='ocrx_word' id='word_1_755' title='bbox 3148 4132 3178 4170; x_wconf 92' lang='lat' dir='ltr'><strong>a</strong></span> <span class='ocrx_word' id='word_1_756' title='bbox 3216 4119 3437 4187; x_wconf 89' lang='lat' dir='ltr'><strong>captivis</strong></span> <span class='ocrx_word' id='word_1_757' title='bbox 3472 4120 3582 4174; x_wconf 89' lang='lat' dir='ltr'><strong>suis</strong></span> <span class='ocrx_word' id='word_1_758' title='bbox 3608 4122 3856 4191; x_wconf 83' lang='lat' dir='ltr'><strong>exigant.</strong></span> 
     </span>
    </p>
   </div>
   <div class='ocr_carea' id='block_1_99' title="bbox 2271 4202 3856 4272">
    <p class='ocr_par' dir='ltr' id='par_1_99' title="bbox 2271 4202 3856 4272">
     <span class='ocr_line' id='line_1_99' title="bbox 2271 4202 3856 4272; baseline 0.007 -17"><span class='ocrx_word' id='word_1_759' title='bbox 2271 4204 2402 4255; x_wconf 81' lang='lat' dir='ltr'><strong>Nam</strong></span> <span class='ocrx_word' id='word_1_760' title='bbox 2432 4204 2544 4254; x_wconf 84' lang='lat' dir='ltr'><strong>sive</strong></span> <span class='ocrx_word' id='word_1_761' title='bbox 2577 4202 2631 4254; x_wconf 87' lang='lat' dir='ltr'><strong>in</strong></span> <span class='ocrx_word' id='word_1_762' title='bbox 2671 4216 2954 4270; x_wconf 91' lang='lat' dir='ltr'><strong>corporum</strong></span> <span class='ocrx_word' id='word_1_763' title='bbox 2977 4245 2991 4268; x_wconf 90' lang='lat'><strong>,</strong></span> <span class='ocrx_word' id='word_1_764' title='bbox 3033 4206 3145 4258; x_wconf 87' lang='lat' dir='ltr'><strong>sive</strong></span> <span class='ocrx_word' id='word_1_765' title='bbox 3183 4206 3237 4258; x_wconf 92' lang='lat' dir='ltr'><strong>in</strong></span> <span class='ocrx_word' id='word_1_766' title='bbox 3277 4207 3610 4272; x_wconf 84' lang='lat' dir='ltr'><strong>divitiarum,</strong></span> <span class='ocrx_word' id='word_1_767' title='bbox 3650 4210 3769 4265; x_wconf 84' lang='lat' dir='ltr'><strong>sive</strong></span> <span class='ocrx_word' id='word_1_768' title='bbox 3795 4212 3856 4266; x_wconf 78' lang='lat' dir='ltr'><strong>in</strong></span> 
     </span>
    </p>
   </div>
   <div class='ocr_carea' id='block_1_100' title="bbox 2271 4290 3856 4364">
    <p class='ocr_par' dir='ltr' id='par_1_100' title="bbox 2271 4290 3856 4364">
     <span class='ocr_line' id='line_1_100' title="bbox 2271 4290 3856 4364; baseline 0.008 -22"><span class='ocrx_word' id='word_1_769' title='bbox 2271 4290 2451 4359; x_wconf 62' lang='lat' dir='ltr'><strong>gloria:</strong></span> <span class='ocrx_word' id='word_1_770' title='bbox 2487 4303 2722 4344; x_wconf 86' lang='lat' dir='ltr'><strong>amorem</strong></span> <span class='ocrx_word' id='word_1_771' title='bbox 2766 4293 2883 4358; x_wconf 90' lang='lat' dir='ltr'><strong>quis</strong></span> <span class='ocrx_word' id='word_1_772' title='bbox 2914 4293 3184 4357; x_wconf 89' lang='lat' dir='ltr'><strong>inciderit,</strong></span> <span class='ocrx_word' id='word_1_773' title='bbox 3211 4305 3266 4348; x_wconf 88' lang='lat' dir='ltr'><strong>et</strong></span> <span class='ocrx_word' id='word_1_774' title='bbox 3291 4296 3584 4364; x_wconf 84' lang='lat' dir='ltr'><strong>gehennam</strong></span> <span class='ocrx_word' id='word_1_775' title='bbox 3615 4298 3856 4364; x_wconf 88' lang='lat' dir='ltr'><strong>deridet,</strong></span> 
     </span>
    </p>
   </div>
   <div class='ocr_carea' id='block_1_101' title="bbox 2274 4381 3860 4457">
    <p class='ocr_par' dir='ltr' id='par_1_101' title="bbox 2274 4381 3860 4457">
     <span class='ocr_line' id='line_1_101' title="bbox 2274 4381 3860 4457; baseline 0.006 -24"><span class='ocrx_word' id='word_1_776' title='bbox 2274 4387 2327 4433; x_wconf 90' lang='lat' dir='ltr'><strong>et</strong></span> <span class='ocrx_word' id='word_1_777' title='bbox 2355 4393 2571 4447; x_wconf 87' lang='lat' dir='ltr'><strong>regnum</strong></span> <span class='ocrx_word' id='word_1_778' title='bbox 2599 4381 2911 4440; x_wconf 84' lang='lat' dir='ltr'><strong>contemnit,</strong></span> <span class='ocrx_word' id='word_1_779' title='bbox 2939 4392 2993 4433; x_wconf 91' lang='lat' dir='ltr'><strong>ut</strong></span> <span class='ocrx_word' id='word_1_780' title='bbox 3019 4393 3191 4436; x_wconf 89' lang='lat' dir='ltr'><strong>amata</strong></span> <span class='ocrx_word' id='word_1_781' title='bbox 3220 4399 3276 4436; x_wconf 92' lang='lat' dir='ltr'><strong>re</strong></span> <span class='ocrx_word' id='word_1_782' title='bbox 3308 4385 3553 4452; x_wconf 84' lang='lat' dir='ltr'><strong>potiatur.</strong></span> <span class='ocrx_word' id='word_1_783' title='bbox 3583 4385 3660 4441; x_wconf 89' lang='lat' dir='ltr'><strong>Ne</strong></span> <span class='ocrx_word' id='word_1_784' title='bbox 3686 4387 3860 4457; x_wconf 82' lang='lat' dir='ltr'><strong>igitur</strong></span> 
     </span>
    </p>
   </div>
   <div class='ocr_carea' id='block_1_102' title="bbox 2272 4467 3853 4537">
    <p class='ocr_par' dir='ltr' id='par_1_102' title="bbox 2272 4467 3853 4537">
     <span class='ocr_line' id='line_1_102' title="bbox 2272 4467 3853 4537; baseline 0.006 -15"><span class='ocrx_word' id='word_1_785' title='bbox 2272 4468 2435 4522; x_wconf 86' lang='lat' dir='ltr'><strong>Paulo</strong></span> <span class='ocrx_word' id='word_1_786' title='bbox 2462 4467 2619 4521; x_wconf 87' lang='lat' dir='ltr'><strong>fidem</strong></span> <span class='ocrx_word' id='word_1_787' title='bbox 2642 4481 2897 4537; x_wconf 87' lang='lat' dir='ltr'><strong>negemus</strong></span> <span class='ocrx_word' id='word_1_788' title='bbox 2921 4471 3140 4534; x_wconf 87' lang='lat' dir='ltr'><strong>dicenti,</strong></span> <span class='ocrx_word' id='word_1_789' title='bbox 3159 4487 3217 4526; x_wconf 89' lang='lat' dir='ltr'><strong>se</strong></span> <span class='ocrx_word' id='word_1_790' title='bbox 3232 4471 3497 4528; x_wconf 88' lang='lat' dir='ltr'><strong>Christum</strong></span> <span class='ocrx_word' id='word_1_791' title='bbox 3519 4475 3589 4529; x_wconf 86' lang='lat' dir='ltr'><strong>ita</strong></span> <span class='ocrx_word' id='word_1_792' title='bbox 3611 4491 3853 4532; x_wconf 86' lang='lat' dir='ltr'><strong>amasse.</strong></span> 
     </span>
    </p>
   </div>
   <div class='ocr_carea' id='block_1_103' title="bbox 2280 4555 3856 4628">
    <p class='ocr_par' dir='ltr' id='par_1_103' title="bbox 2280 4555 3856 4628">
     <span class='ocr_line' id='line_1_103' title="bbox 2280 4555 3856 4628; baseline 0.004 -17"><span class='ocrx_word' id='word_1_793' title='bbox 2280 4555 2404 4612; x_wconf 82' lang='lat' dir='ltr'><strong>Cum</strong></span> <span class='ocrx_word' id='word_1_794' title='bbox 2433 4560 2569 4612; x_wconf 91' lang='lat' dir='ltr'><strong>enim</strong></span> <span class='ocrx_word' id='word_1_795' title='bbox 2605 4559 2938 4613; x_wconf 88' lang='lat' dir='ltr'><strong>inveniantur</strong></span> <span class='ocrx_word' id='word_1_796' title='bbox 2982 4562 3195 4628; x_wconf 87' lang='lat' dir='ltr'><strong>quidam</strong></span> <span class='ocrx_word' id='word_1_797' title='bbox 3240 4561 3402 4616; x_wconf 76' lang='lat' dir='ltr'><strong>animi</strong></span> <span class='ocrx_word' id='word_1_798' title='bbox 3445 4562 3720 4617; x_wconf 72' lang='lat' dir='ltr'><strong>affectibus</strong></span> <span class='ocrx_word' id='word_1_799' title='bbox 3773 4567 3856 4618; x_wconf 78' lang='lat' dir='ltr'><strong>ita</strong></span> 
     </span>
    </p>
   </div>
   <div class='ocr_carea' id='block_1_104' title="bbox 2276 4648 3860 4713">
    <p class='ocr_par' dir='ltr' id='par_1_104' title="bbox 2276 4648 3860 4713">
     <span class='ocr_line' id='line_1_104' title="bbox 2276 4648 3860 4713; baseline 0.004 -13"><span class='ocrx_word' id='word_1_800' title='bbox 2276 4648 2593 4713; x_wconf 85' lang='lat' dir='ltr'><strong>servientes,</strong></span> <span class='ocrx_word' id='word_1_801' title='bbox 2626 4663 2722 4702; x_wconf 90' lang='lat' dir='ltr'><strong>cur</strong></span> <span class='ocrx_word' id='word_1_802' title='bbox 2749 4649 2872 4701; x_wconf 90' lang='lat' dir='ltr'><strong>illud</strong></span> <span class='ocrx_word' id='word_1_803' title='bbox 2901 4650 3204 4703; x_wconf 77' lang='lat' dir='ltr'><strong>incredibile</strong></span> <span class='ocrx_word' id='word_1_804' title='bbox 3237 4651 3389 4702; x_wconf 88' lang='lat' dir='ltr'><strong>nobis</strong></span> <span class='ocrx_word' id='word_1_805' title='bbox 3429 4651 3704 4704; x_wconf 81' lang='lat' dir='ltr'><strong>videatur?</strong></span> <span class='ocrx_word' id='word_1_806' title='bbox 3755 4654 3860 4706; x_wconf 77' lang='lat' dir='ltr'><strong>Et-</strong></span> 
     </span>
    </p>
   </div>
   <div class='ocr_carea' id='block_1_105' title="bbox 2276 4737 3856 4809">
    <p class='ocr_par' dir='ltr' id='par_1_105' title="bbox 2276 4737 3856 4809">
     <span class='ocr_line' id='line_1_105' title="bbox 2276 4737 3856 4809; baseline 0.004 -18"><span class='ocrx_word' id='word_1_807' title='bbox 2276 4739 2416 4791; x_wconf 90' lang='lat' dir='ltr'><strong>enim</strong></span> <span class='ocrx_word' id='word_1_808' title='bbox 2445 4737 2559 4791; x_wconf 91' lang='lat' dir='ltr'><strong>ideo</strong></span> <span class='ocrx_word' id='word_1_809' title='bbox 2582 4754 2730 4792; x_wconf 88' lang='lat' dir='ltr'><strong>amor</strong></span> <span class='ocrx_word' id='word_1_810' title='bbox 2750 4754 2871 4808; x_wconf 86' lang='lat' dir='ltr'><strong>erga</strong></span> <span class='ocrx_word' id='word_1_811' title='bbox 2893 4740 3160 4792; x_wconf 87' lang='lat' dir='ltr'><strong>Christum</strong></span> <span class='ocrx_word' id='word_1_812' title='bbox 3192 4739 3451 4792; x_wconf 88' lang='lat' dir='ltr'><strong>infirmior</strong></span> <span class='ocrx_word' id='word_1_813' title='bbox 3469 4750 3569 4806; x_wconf 91' lang='lat' dir='ltr'><strong>est,</strong></span> <span class='ocrx_word' id='word_1_814' title='bbox 3591 4741 3711 4809; x_wconf 84' lang='lat' dir='ltr'><strong>quia</strong></span> <span class='ocrx_word' id='word_1_815' title='bbox 3737 4750 3856 4797; x_wconf 83' lang='lat' dir='ltr'><strong>tota</strong></span> 
     </span>
    </p>
   </div>
   <div class='ocr_carea' id='block_1_106' title="bbox 2276 4828 3854 4898">
    <p class='ocr_par' dir='ltr' id='par_1_106' title="bbox 2276 4828 3854 4898">
     <span class='ocr_line' id='line_1_106' title="bbox 2276 4828 3854 4898; baseline 0.003 -18"><span class='ocrx_word' id='word_1_816' title='bbox 2276 4829 2351 4882; x_wconf 90' lang='lat' dir='ltr'><strong>vis</strong></span> <span class='ocrx_word' id='word_1_817' title='bbox 2379 4837 2556 4881; x_wconf 89' lang='lat' dir='ltr'><strong>nostra</strong></span> <span class='ocrx_word' id='word_1_818' title='bbox 2581 4829 2629 4880; x_wconf 91' lang='lat' dir='ltr'><strong>in</strong></span> <span class='ocrx_word' id='word_1_819' title='bbox 2652 4829 2901 4881; x_wconf 89' lang='lat' dir='ltr'><strong>vitiorum</strong></span> <span class='ocrx_word' id='word_1_820' title='bbox 2925 4830 3108 4880; x_wconf 78' lang='lat' dir='ltr'><strong>amore</strong></span> <span class='ocrx_word' id='word_1_821' title='bbox 3128 4828 3457 4881; x_wconf 88' lang='lat' dir='ltr'><strong>consumitur</strong></span> <span class='ocrx_word' id='word_1_822' title='bbox 3481 4840 3564 4883; x_wconf 92' lang='lat' dir='ltr'><strong>:et</strong></span> <span class='ocrx_word' id='word_1_823' title='bbox 3585 4830 3854 4898; x_wconf 81' lang='lat' dir='ltr'><strong>rapitnus,</strong></span> 
     </span>
    </p>
   </div>
   <div class='ocr_carea' id='block_1_107' title="bbox 2273 4916 3850 4988">
    <p class='ocr_par' dir='ltr' id='par_1_107' title="bbox 2273 4916 3850 4988">
     <span class='ocr_line' id='line_1_107' title="bbox 2273 4916 3850 4988; baseline 0.003 -18"><span class='ocrx_word' id='word_1_824' title='bbox 2273 4925 2324 4970; x_wconf 91' lang='lat' dir='ltr'><strong>et</strong></span> <span class='ocrx_word' id='word_1_825' title='bbox 2356 4917 2589 4970; x_wconf 79' lang='lat' dir='ltr'><strong>avaritia:</strong></span> <span class='ocrx_word' id='word_1_826' title='bbox 2626 4916 2787 4971; x_wconf 89' lang='lat' dir='ltr'><strong>dediti</strong></span> <span class='ocrx_word' id='word_1_827' title='bbox 2817 4931 3036 4980; x_wconf 88' lang='lat' dir='ltr'><strong>sumus,</strong></span> <span class='ocrx_word' id='word_1_828' title='bbox 3068 4927 3120 4970; x_wconf 91' lang='lat' dir='ltr'><strong>et</strong></span> <span class='ocrx_word' id='word_1_829' title='bbox 3156 4933 3307 4971; x_wconf 70' lang='lat' dir='ltr'><strong>vana:</strong></span> <span class='ocrx_word' id='word_1_830' title='bbox 3333 4919 3512 4986; x_wconf 69' lang='lat' dir='ltr'><strong>gloria:</strong></span> <span class='ocrx_word' id='word_1_831' title='bbox 3539 4924 3802 4974; x_wconf 87' lang='lat' dir='ltr'><strong>servimus</strong></span> <span class='ocrx_word' id='word_1_832' title='bbox 3825 4962 3850 4988; x_wconf 80' lang='grc'>,</span> 
     </span>
    </p>
   </div>
   <div class='ocr_carea' id='block_1_108' title="bbox 2272 5006 3853 5075">
    <p class='ocr_par' dir='ltr' id='par_1_108' title="bbox 2272 5006 3853 5075">
     <span class='ocr_line' id='line_1_108' title="bbox 2272 5006 3853 5075; baseline 0.005 -18"><span class='ocrx_word' id='word_1_833' title='bbox 2272 5021 2373 5075; x_wconf 88' lang='lat' dir='ltr'><strong>qua</strong></span> <span class='ocrx_word' id='word_1_834' title='bbox 2403 5006 2528 5073; x_wconf 90' lang='lat' dir='ltr'><strong>quid</strong></span> <span class='ocrx_word' id='word_1_835' title='bbox 2571 5007 2721 5060; x_wconf 90' lang='lat' dir='ltr'><strong>vilius</strong></span> <span class='ocrx_word' id='word_1_836' title='bbox 2765 5006 2963 5061; x_wconf 85' lang='lat' dir='ltr'><strong>fuerit?</strong></span> <span class='ocrx_word' id='word_1_837' title='bbox 2994 5007 3208 5060; x_wconf 85' lang='lat' dir='ltr'><strong>Etiamsi</strong></span> <span class='ocrx_word' id='word_1_838' title='bbox 3247 5009 3386 5061; x_wconf 89' lang='lat' dir='ltr'><strong>enim</strong></span> <span class='ocrx_word' id='word_1_839' title='bbox 3431 5009 3715 5063; x_wconf 89' lang='lat' dir='ltr'><strong>admodum</strong></span> <span class='ocrx_word' id='word_1_840' title='bbox 3767 5013 3853 5065; x_wconf 89' lang='lat' dir='ltr'><strong>sis</strong></span> 
     </span>
    </p>
   </div>
   <div class='ocr_carea' id='block_1_109' title="bbox 2269 5096 3852 5168">
    <p class='ocr_par' dir='ltr' id='par_1_109' title="bbox 2269 5096 3852 5168">
     <span class='ocr_line' id='line_1_109' title="bbox 2269 5096 3852 5168; baseline 0.004 -19"><span class='ocrx_word' id='word_1_841' title='bbox 2269 5098 2616 5165; x_wconf 83' lang='lat' dir='ltr'><strong>censpicuus,</strong></span> <span class='ocrx_word' id='word_1_842' title='bbox 2657 5096 2824 5151; x_wconf 90' lang='lat' dir='ltr'><strong>nihilo</strong></span> <span class='ocrx_word' id='word_1_843' title='bbox 2868 5097 3054 5151; x_wconf 85' lang='lat' dir='ltr'><strong>melior</strong></span> <span class='ocrx_word' id='word_1_844' title='bbox 3080 5100 3184 5152; x_wconf 90' lang='lat' dir='ltr'><strong>eris</strong></span> <span class='ocrx_word' id='word_1_845' title='bbox 3228 5099 3292 5152; x_wconf 91' lang='lat' dir='ltr'><strong>iis</strong></span> <span class='ocrx_word' id='word_1_846' title='bbox 3337 5101 3424 5168; x_wconf 87' lang='lat' dir='ltr'><strong>qui</strong></span> <span class='ocrx_word' id='word_1_847' title='bbox 3456 5101 3649 5154; x_wconf 72' lang='lat' dir='ltr'><strong>infimae</strong></span> <span class='ocrx_word' id='word_1_848' title='bbox 3678 5103 3852 5155; x_wconf 54' lang='grc' dir='ltr'><strong>λοι-ηε</strong></span> 
     </span>
    </p>
   </div>
   <div class='ocr_carea' id='block_1_110' title="bbox 2271 5186 3853 5257">
    <p class='ocr_par' dir='ltr' id='par_1_110' title="bbox 2271 5186 3853 5257">
     <span class='ocr_line' id='line_1_110' title="bbox 2271 5186 3853 5257; baseline 0.001 -17"><span class='ocrx_word' id='word_1_849' title='bbox 2271 5196 2425 5249; x_wconf 87' lang='lat' dir='ltr'><strong>sunt;</strong></span> <span class='ocrx_word' id='word_1_850' title='bbox 2473 5186 2579 5240; x_wconf 91' lang='lat' dir='ltr'><strong>imo</strong></span> <span class='ocrx_word' id='word_1_851' title='bbox 2623 5187 2692 5241; x_wconf 89' lang='lat' dir='ltr'><strong>ob</strong></span> <span class='ocrx_word' id='word_1_852' title='bbox 2731 5187 2834 5242; x_wconf 87' lang='lat' dir='ltr'><strong>hoc</strong></span> <span class='ocrx_word' id='word_1_853' title='bbox 2875 5187 3044 5254; x_wconf 87' lang='lat' dir='ltr'><strong>ipsum</strong></span> <span class='ocrx_word' id='word_1_854' title='bbox 3089 5187 3189 5241; x_wconf 89' lang='lat' dir='ltr'><strong>illis</strong></span> <span class='ocrx_word' id='word_1_855' title='bbox 3217 5189 3435 5242; x_wconf 87' lang='lat' dir='ltr'><strong>inferior</strong></span> <span class='ocrx_word' id='word_1_856' title='bbox 3460 5192 3586 5243; x_wconf 84' lang='lat' dir='ltr'><strong>eris.</strong></span> <span class='ocrx_word' id='word_1_857' title='bbox 3615 5190 3853 5257; x_wconf 71' lang='lat' dir='ltr'><strong>Quando</strong></span> 
     </span>
    </p>
   </div>
   <div class='ocr_carea' id='block_1_111' title="bbox 2269 5275 3845 5347">
    <p class='ocr_par' dir='ltr' id='par_1_111' title="bbox 2269 5275 3845 5347">
     <span class='ocr_line' id='line_1_111' title="bbox 2269 5275 3845 5347; baseline 0.005 -19"><span class='ocrx_word' id='word_1_858' title='bbox 2269 5277 2408 5330; x_wconf 91' lang='lat' dir='ltr'><strong>enim</strong></span> <span class='ocrx_word' id='word_1_859' title='bbox 2438 5275 2592 5329; x_wconf 91' lang='lat' dir='ltr'><strong>iidem</strong></span> <span class='ocrx_word' id='word_1_860' title='bbox 2622 5277 2738 5344; x_wconf 91' lang='lat' dir='ltr'><strong>ipsi,</strong></span> <span class='ocrx_word' id='word_1_861' title='bbox 2772 5277 2860 5345; x_wconf 91' lang='lat' dir='ltr'><strong>qui</strong></span> <span class='ocrx_word' id='word_1_862' title='bbox 2891 5285 2939 5329; x_wconf 90' lang='lat' dir='ltr'><strong>te</strong></span> <span class='ocrx_word' id='word_1_863' title='bbox 2957 5277 3241 5347; x_wconf 86' lang='lat' dir='ltr'><strong>gloriosum</strong></span> <span class='ocrx_word' id='word_1_864' title='bbox 3270 5293 3331 5330; x_wconf 90' lang='lat' dir='ltr'><strong>ac</strong></span> <span class='ocrx_word' id='word_1_865' title='bbox 3356 5279 3688 5345; x_wconf 81' lang='lat' dir='ltr'><strong>splendidum</strong></span> <span class='ocrx_word' id='word_1_866' title='bbox 3712 5283 3845 5336; x_wconf 88' lang='lat' dir='ltr'><strong>red-</strong></span> 
     </span>
    </p>
   </div>
   <div class='ocr_carea' id='block_1_112' title="bbox 2269 5363 3848 5440">
    <p class='ocr_par' dir='ltr' id='par_1_112' title="bbox 2269 5363 3848 5440">
     <span class='ocr_line' id='line_1_112' title="bbox 2269 5363 3848 5440; baseline 0.003 -22"><span class='ocrx_word' id='word_1_867' title='bbox 2269 5365 2394 5419; x_wconf 90' lang='lat' dir='ltr'><strong>dere</strong></span> <span class='ocrx_word' id='word_1_868' title='bbox 2435 5363 2645 5418; x_wconf 83' lang='lat' dir='ltr'><strong>stndent</strong></span> <span class='ocrx_word' id='word_1_869' title='bbox 2665 5405 2680 5430; x_wconf 95' lang='lat'><strong>,</strong></span> <span class='ocrx_word' id='word_1_870' title='bbox 2727 5365 2796 5418; x_wconf 91' lang='lat' dir='ltr'><strong>ob</strong></span> <span class='ocrx_word' id='word_1_871' title='bbox 2829 5365 2929 5418; x_wconf 92' lang='lat' dir='ltr'><strong>hoc</strong></span> <span class='ocrx_word' id='word_1_872' title='bbox 2956 5366 3125 5434; x_wconf 86' lang='lat' dir='ltr'><strong>ipsum</strong></span> <span class='ocrx_word' id='word_1_873' title='bbox 3158 5377 3207 5419; x_wconf 86' lang='lat' dir='ltr'><strong>te</strong></span> <span class='ocrx_word' id='word_1_874' title='bbox 3237 5366 3518 5431; x_wconf 90' lang='lat' dir='ltr'><strong>derident,</strong></span> <span class='ocrx_word' id='word_1_875' title='bbox 3550 5370 3691 5438; x_wconf 87' lang='lat' dir='ltr'><strong>quod</strong></span> <span class='ocrx_word' id='word_1_876' title='bbox 3721 5372 3848 5440; x_wconf 81' lang='lat' dir='ltr'><strong>glo-</strong></span> 
     </span>
    </p>
   </div>
   <div class='ocr_carea' id='block_1_113' title="bbox 2269 5453 3842 5529">
    <p class='ocr_par' dir='ltr' id='par_1_113' title="bbox 2269 5453 3842 5529">
     <span class='ocr_line' id='line_1_113' title="bbox 2269 5453 3842 5529; baseline 0.006 -23"><span class='ocrx_word' id='word_1_877' title='bbox 2269 5454 2398 5507; x_wconf 88' lang='lat' dir='ltr'><strong>riam</strong></span> <span class='ocrx_word' id='word_1_878' title='bbox 2429 5453 2496 5506; x_wconf 89' lang='lat' dir='ltr'><strong>ab</strong></span> <span class='ocrx_word' id='word_1_879' title='bbox 2523 5453 2647 5522; x_wconf 78' lang='lat' dir='ltr'><strong>ipsis</strong></span> <span class='ocrx_word' id='word_1_880' title='bbox 2683 5453 2920 5522; x_wconf 85' lang='lat' dir='ltr'><strong>requiras</strong></span> <span class='ocrx_word' id='word_1_881' title='bbox 2942 5495 2956 5520; x_wconf 95' lang='lat'><strong>,</strong></span> <span class='ocrx_word' id='word_1_882' title='bbox 2996 5455 3261 5523; x_wconf 90' lang='lat' dir='ltr'><strong>quomodo</strong></span> <span class='ocrx_word' id='word_1_883' title='bbox 3291 5470 3394 5510; x_wconf 93' lang='lat' dir='ltr'><strong>non</strong></span> <span class='ocrx_word' id='word_1_884' title='bbox 3425 5456 3540 5512; x_wconf 78' lang='lat' dir='ltr'><strong>haec</strong></span> <span class='ocrx_word' id='word_1_885' title='bbox 3567 5459 3842 5529; x_wconf 86' lang='lat' dir='ltr'><strong>cupiditas</strong></span> 
     </span>
    </p>
   </div>
   <div class='ocr_carea' id='block_1_114' title="bbox 2269 5544 3836 5623">
    <p class='ocr_par' dir='ltr' id='par_1_114' title="bbox 2269 5544 3836 5623">
     <span class='ocr_line' id='line_1_114' title="bbox 2269 5544 3836 5623; baseline 0.006 -26"><span class='ocrx_word' id='word_1_886' title='bbox 2269 5545 2359 5598; x_wconf 91' lang='lat' dir='ltr'><strong>tibi</strong></span> <span class='ocrx_word' id='word_1_887' title='bbox 2387 5545 2438 5597; x_wconf 91' lang='lat' dir='ltr'><strong>in</strong></span> <span class='ocrx_word' id='word_1_888' title='bbox 2460 5545 2779 5598; x_wconf 89' lang='lat' dir='ltr'><strong>contrarium</strong></span> <span class='ocrx_word' id='word_1_889' title='bbox 2806 5545 3080 5601; x_wconf 83' lang='lat' dir='ltr'><strong>vertetur?</strong></span> <span class='ocrx_word' id='word_1_890' title='bbox 3105 5544 3234 5600; x_wconf 87' lang='lat' dir='ltr'><strong>Nam</strong></span> <span class='ocrx_word' id='word_1_891' title='bbox 3258 5545 3354 5613; x_wconf 91' lang='lat' dir='ltr'><strong>illi,</strong></span> <span class='ocrx_word' id='word_1_892' title='bbox 3373 5547 3631 5620; x_wconf 88' lang='lat' dir='ltr'><strong>quidquid</strong></span> <span class='ocrx_word' id='word_1_893' title='bbox 3649 5561 3836 5623; x_wconf 82' lang='lat' dir='ltr'><strong>agant,</strong></span> 
     </span>
    </p>
   </div>
   <div class='ocr_carea' id='block_1_115' title="bbox 2267 5634 2859 5688">
    <p class='ocr_par' dir='ltr' id='par_1_115' title="bbox 2267 5634 2859 5688">
     <span class='ocr_line' id='line_1_115' title="bbox 2267 5634 2859 5688; baseline -0.003 0"><span class='ocrx_word' id='word_1_894' title='bbox 2267 5644 2600 5688; x_wconf 85' lang='lat' dir='ltr'><strong>accusatores</strong></span> <span class='ocrx_word' id='word_1_895' title='bbox 2622 5634 2694 5688; x_wconf 88' lang='lat' dir='ltr'><strong>tui</strong></span> <span class='ocrx_word' id='word_1_896' title='bbox 2717 5643 2859 5687; x_wconf 92' lang='lat' dir='ltr'><strong>sunt.</strong></span> 
     </span>
    </p>
   </div>
  </div>
