  <div class='ocr_page' id='page_1' title='image "/cluster/home/n/w/nwhite01/storage/ocr_20150623/57/uva.x004697226/066.png"; bbox 0 0 4056 6510; ppageno 0'>
   <div class='ocr_carea' id='block_1_1' title="bbox 323 569 1838 640">
    <p class='ocr_par' dir='ltr' id='par_1_1' title="bbox 323 569 1838 640">
     <span class='ocr_line' id='line_1_1' title="bbox 323 569 1838 640; baseline -0.009 -7"><span class='ocrx_word' id='word_1_1' title='bbox 323 577 413 633; x_wconf 74' lang='grc'><strong>10.</strong></span> <span class='ocrx_word' id='word_1_2' title='bbox 451 574 684 631; x_wconf 77' lang='lat' dir='ltr'><strong>Gloriam</strong></span> <span class='ocrx_word' id='word_1_3' title='bbox 721 571 1042 639; x_wconf 68' lang='lat' dir='ltr'><strong>consequitur</strong></span> <span class='ocrx_word' id='word_1_4' title='bbox 1080 571 1164 640; x_wconf 85' lang='lat' dir='ltr'><strong>qui</strong></span> <span class='ocrx_word' id='word_1_5' title='bbox 1206 570 1420 640; x_wconf 80' lang='lat' dir='ltr'><strong>gloriam</strong></span> <span class='ocrx_word' id='word_1_6' title='bbox 1450 569 1739 622; x_wconf 82' lang='lat' dir='ltr'><strong>contemnit.</strong></span> <span class='ocrx_word' id='word_1_7' title='bbox 1767 595 1838 607; x_wconf 91' lang='lat'>—</span> 
     </span>
    </p>
   </div>
   <div class='ocr_carea' id='block_1_2' title="bbox 249 655 1834 735">
    <p class='ocr_par' dir='ltr' id='par_1_2' title="bbox 249 655 1834 735">
     <span class='ocr_line' id='line_1_2' title="bbox 249 655 1834 735; baseline -0.007 -15"><span class='ocrx_word' id='word_1_8' title='bbox 249 664 706 735; x_wconf 79' lang='lat' dir='ltr'><strong>Quemadmodum</strong></span> <span class='ocrx_word' id='word_1_9' title='bbox 722 663 863 718; x_wconf 92' lang='lat' dir='ltr'><strong>enim</strong></span> <span class='ocrx_word' id='word_1_10' title='bbox 881 661 1139 716; x_wconf 87' lang='lat' dir='ltr'><strong>adulterio</strong></span> <span class='ocrx_word' id='word_1_11' title='bbox 1153 659 1234 714; x_wconf 89' lang='lat' dir='ltr'><strong>vel</strong></span> <span class='ocrx_word' id='word_1_12' title='bbox 1252 655 1834 712; x_wconf 89' lang='lat' dir='ltr'><strong>fornicationideditum</strong></span> 
     </span>
    </p>
   </div>
   <div class='ocr_carea' id='block_1_3' title="bbox 249 745 1838 826">
    <p class='ocr_par' dir='ltr' id='par_1_3' title="bbox 249 745 1838 826">
     <span class='ocr_line' id='line_1_3' title="bbox 249 745 1838 826; baseline -0.008 -16"><span class='ocrx_word' id='word_1_13' title='bbox 249 756 295 810; x_wconf 86' lang='lat' dir='ltr'><strong>si</strong></span> <span class='ocrx_word' id='word_1_14' title='bbox 321 755 445 826; x_wconf 85' lang='lat' dir='ltr'><strong>quis</strong></span> <span class='ocrx_word' id='word_1_15' title='bbox 469 752 797 815; x_wconf 88' lang='lat' dir='ltr'><strong>laudaverit,</strong></span> <span class='ocrx_word' id='word_1_16' title='bbox 835 750 921 805; x_wconf 93' lang='lat' dir='ltr'><strong>vel</strong></span> <span class='ocrx_word' id='word_1_17' title='bbox 948 750 1047 821; x_wconf 84' lang='lat' dir='ltr'><strong>ipsi</strong></span> <span class='ocrx_word' id='word_1_18' title='bbox 1094 747 1344 802; x_wconf 76' lang='lat' dir='ltr'><strong>adulatus</strong></span> <span class='ocrx_word' id='word_1_19' title='bbox 1387 745 1566 811; x_wconf 80' lang='lat' dir='ltr'><strong>fuerit,</strong></span> <span class='ocrx_word' id='word_1_20' title='bbox 1611 760 1676 800; x_wconf 91' lang='lat' dir='ltr'><strong>eo</strong></span> <span class='ocrx_word' id='word_1_21' title='bbox 1721 746 1838 814; x_wconf 88' lang='lat' dir='ltr'><strong>ipso</strong></span> 
     </span>
    </p>
   </div>
   <div class='ocr_carea' id='block_1_4' title="bbox 251 836 1830 913">
    <p class='ocr_par' dir='ltr' id='par_1_4' title="bbox 251 836 1830 913">
     <span class='ocr_line' id='line_1_4' title="bbox 251 836 1830 913; baseline -0.006 -14"><span class='ocrx_word' id='word_1_22' title='bbox 251 845 425 913; x_wconf 88' lang='lat' dir='ltr'><strong>potius</strong></span> <span class='ocrx_word' id='word_1_23' title='bbox 473 852 794 906; x_wconf 86' lang='lat' dir='ltr'><strong>accusator,</strong></span> <span class='ocrx_word' id='word_1_24' title='bbox 840 855 1000 911; x_wconf 89' lang='lat' dir='ltr'><strong>quam</strong></span> <span class='ocrx_word' id='word_1_25' title='bbox 1047 839 1290 895; x_wconf 88' lang='lat' dir='ltr'><strong>laudator</strong></span> <span class='ocrx_word' id='word_1_26' title='bbox 1333 836 1476 891; x_wconf 87' lang='lat' dir='ltr'><strong>illius</strong></span> <span class='ocrx_word' id='word_1_27' title='bbox 1504 845 1588 892; x_wconf 90' lang='lat' dir='ltr'><strong>est</strong></span> <span class='ocrx_word' id='word_1_28' title='bbox 1617 853 1630 888; x_wconf 92' lang='lat'><strong>:</strong></span> <span class='ocrx_word' id='word_1_29' title='bbox 1658 837 1735 890; x_wconf 91' lang='lat' dir='ltr'><strong>sic</strong></span> <span class='ocrx_word' id='word_1_30' title='bbox 1776 845 1830 889; x_wconf 83' lang='lat' dir='ltr'><strong>et</strong></span> 
     </span>
    </p>
   </div>
   <div class='ocr_carea' id='block_1_5' title="bbox 249 929 1837 1003">
    <p class='ocr_par' dir='ltr' id='par_1_5' title="bbox 249 929 1837 1003">
     <span class='ocr_line' id='line_1_5' title="bbox 249 929 1837 1003; baseline -0.006 -15"><span class='ocrx_word' id='word_1_31' title='bbox 249 950 397 989; x_wconf 65' lang='lat' dir='ltr'><strong>vana</strong></span> <span class='ocrx_word' id='word_1_32' title='bbox 421 934 607 1003; x_wconf 74' lang='lat' dir='ltr'><strong>gloria:</strong></span> <span class='ocrx_word' id='word_1_33' title='bbox 633 931 906 1001; x_wconf 90' lang='lat' dir='ltr'><strong>cupidum,</strong></span> <span class='ocrx_word' id='word_1_34' title='bbox 934 945 1056 986; x_wconf 88' lang='lat' dir='ltr'><strong>cum</strong></span> <span class='ocrx_word' id='word_1_35' title='bbox 1079 929 1356 984; x_wconf 80' lang='lat' dir='ltr'><strong>laudamus</strong></span> <span class='ocrx_word' id='word_1_36' title='bbox 1382 941 1592 993; x_wconf 85' lang='lat' dir='ltr'><strong>omnes,</strong></span> <span class='ocrx_word' id='word_1_37' title='bbox 1620 941 1837 980; x_wconf 86' lang='lat' dir='ltr'><strong>accusa-</strong></span> 
     </span>
    </p>
   </div>
   <div class='ocr_carea' id='block_1_6' title="bbox 247 1019 1834 1094">
    <p class='ocr_par' dir='ltr' id='par_1_6' title="bbox 247 1019 1834 1094">
     <span class='ocr_line' id='line_1_6' title="bbox 247 1019 1834 1094; baseline -0.004 -16"><span class='ocrx_word' id='word_1_38' title='bbox 247 1037 391 1079; x_wconf 86' lang='lat' dir='ltr'><strong>tores</strong></span> <span class='ocrx_word' id='word_1_39' title='bbox 431 1025 611 1094; x_wconf 80' lang='lat' dir='ltr'><strong>petitis</strong></span> <span class='ocrx_word' id='word_1_40' title='bbox 651 1023 768 1092; x_wconf 88' lang='lat' dir='ltr'><strong>ejus</strong></span> <span class='ocrx_word' id='word_1_41' title='bbox 795 1037 956 1093; x_wconf 86' lang='lat' dir='ltr'><strong>quam</strong></span> <span class='ocrx_word' id='word_1_42' title='bbox 991 1019 1294 1075; x_wconf 78' lang='lat' dir='ltr'><strong>laudatores</strong></span> <span class='ocrx_word' id='word_1_43' title='bbox 1335 1033 1540 1074; x_wconf 88' lang='lat' dir='ltr'><strong>sumus.</strong></span> <span class='ocrx_word' id='word_1_44' title='bbox 1571 1019 1678 1072; x_wconf 89' lang='lat' dir='ltr'><strong>Cur</strong></span> <span class='ocrx_word' id='word_1_45' title='bbox 1705 1033 1834 1085; x_wconf 79' lang='lat' dir='ltr'><strong>ergo</strong></span> 
     </span>
    </p>
   </div>
   <div class='ocr_carea' id='block_1_7' title="bbox 246 1108 1833 1184">
    <p class='ocr_par' dir='ltr' id='par_1_7' title="bbox 246 1108 1833 1184">
     <span class='ocr_line' id='line_1_7' title="bbox 246 1108 1833 1184; baseline -0.007 -12"><span class='ocrx_word' id='word_1_46' title='bbox 246 1131 359 1172; x_wconf 88' lang='lat' dir='ltr'><strong>rem</strong></span> <span class='ocrx_word' id='word_1_47' title='bbox 387 1117 604 1171; x_wconf 86' lang='lat' dir='ltr'><strong>venaris</strong></span> <span class='ocrx_word' id='word_1_48' title='bbox 629 1156 646 1180; x_wconf 89' lang='lat'><strong>,</strong></span> <span class='ocrx_word' id='word_1_49' title='bbox 687 1115 840 1184; x_wconf 83' lang='lat' dir='ltr'><strong>cujus</strong></span> <span class='ocrx_word' id='word_1_50' title='bbox 881 1113 1206 1168; x_wconf 89' lang='lat' dir='ltr'><strong>contrarium</strong></span> <span class='ocrx_word' id='word_1_51' title='bbox 1249 1110 1343 1165; x_wconf 89' lang='lat' dir='ltr'><strong>tibi</strong></span> <span class='ocrx_word' id='word_1_52' title='bbox 1370 1109 1509 1164; x_wconf 87' lang='lat' dir='ltr'><strong>solet</strong></span> <span class='ocrx_word' id='word_1_53' title='bbox 1535 1108 1783 1163; x_wconf 85' lang='lat' dir='ltr'><strong>accidere</strong></span> <span class='ocrx_word' id='word_1_54' title='bbox 1810 1109 1833 1160; x_wconf 85' lang='lat'><strong>?</strong></span> 
     </span>
    </p>
   </div>
   <div class='ocr_carea' id='block_1_8' title="bbox 247 1202 1836 1277">
    <p class='ocr_par' dir='ltr' id='par_1_8' title="bbox 247 1202 1836 1277">
     <span class='ocr_line' id='line_1_8' title="bbox 247 1202 1836 1277; baseline -0.006 -15"><span class='ocrx_word' id='word_1_55' title='bbox 247 1207 378 1262; x_wconf 73' lang='lat' dir='ltr'><strong>Nam</strong></span> <span class='ocrx_word' id='word_1_56' title='bbox 408 1207 454 1262; x_wconf 94' lang='lat' dir='ltr'><strong>si</strong></span> <span class='ocrx_word' id='word_1_57' title='bbox 483 1207 710 1277; x_wconf 85' lang='lat' dir='ltr'><strong>gloriam</strong></span> <span class='ocrx_word' id='word_1_58' title='bbox 738 1203 995 1274; x_wconf 82' lang='lat' dir='ltr'><strong>consequi</strong></span> <span class='ocrx_word' id='word_1_59' title='bbox 1024 1205 1107 1259; x_wconf 90' lang='lat' dir='ltr'><strong>vis</strong></span> <span class='ocrx_word' id='word_1_60' title='bbox 1128 1243 1143 1269; x_wconf 92' lang='lat'><strong>,</strong></span> <span class='ocrx_word' id='word_1_61' title='bbox 1176 1202 1400 1272; x_wconf 76' lang='lat' dir='ltr'><strong>gloriam</strong></span> <span class='ocrx_word' id='word_1_62' title='bbox 1425 1209 1710 1255; x_wconf 89' lang='lat' dir='ltr'><strong>contemne</strong></span> <span class='ocrx_word' id='word_1_63' title='bbox 1730 1241 1744 1263; x_wconf 91' lang='lat'><strong>,</strong></span> <span class='ocrx_word' id='word_1_64' title='bbox 1782 1210 1836 1253; x_wconf 92' lang='lat' dir='ltr'><strong>et</strong></span> 
     </span>
    </p>
   </div>
   <div class='ocr_carea' id='block_1_9' title="bbox 246 1289 1834 1367">
    <p class='ocr_par' dir='ltr' id='par_1_9' title="bbox 246 1289 1834 1367">
     <span class='ocr_line' id='line_1_9' title="bbox 246 1289 1834 1367; baseline -0.005 -15"><span class='ocrx_word' id='word_1_65' title='bbox 246 1299 490 1353; x_wconf 83' lang='lat' dir='ltr'><strong>omnium</strong></span> <span class='ocrx_word' id='word_1_66' title='bbox 541 1297 956 1367; x_wconf 80' lang='lat' dir='ltr'><strong>gloriosissimus</strong></span> <span class='ocrx_word' id='word_1_67' title='bbox 1006 1294 1138 1349; x_wconf 89' lang='lat' dir='ltr'><strong>eris.</strong></span> <span class='ocrx_word' id='word_1_68' title='bbox 1195 1292 1304 1347; x_wconf 88' lang='lat' dir='ltr'><strong>Cur</strong></span> <span class='ocrx_word' id='word_1_69' title='bbox 1359 1291 1412 1346; x_wconf 88' lang='lat' dir='ltr'><strong>id</strong></span> <span class='ocrx_word' id='word_1_70' title='bbox 1456 1292 1656 1361; x_wconf 81' lang='lat' dir='ltr'><strong>pateris</strong></span> <span class='ocrx_word' id='word_1_71' title='bbox 1695 1289 1834 1360; x_wconf 89' lang='lat' dir='ltr'><strong>quod</strong></span> 
     </span>
    </p>
   </div>
   <div class='ocr_carea' id='block_1_10' title="bbox 246 1385 1838 1462">
    <p class='ocr_par' dir='ltr' id='par_1_10' title="bbox 246 1385 1838 1462">
     <span class='ocr_line' id='line_1_10' title="bbox 246 1385 1838 1462; baseline -0.005 -19"><span class='ocrx_word' id='word_1_72' title='bbox 246 1405 437 1462; x_wconf 73' lang='lat' dir='ltr'><strong>passus</strong></span> <span class='ocrx_word' id='word_1_73' title='bbox 488 1399 572 1446; x_wconf 87' lang='lat' dir='ltr'><strong>est</strong></span> <span class='ocrx_word' id='word_1_74' title='bbox 619 1386 1150 1444; x_wconf 79' lang='lat' dir='ltr'><strong>Nabuchodonosor?</strong></span> <span class='ocrx_word' id='word_1_75' title='bbox 1205 1385 1333 1439; x_wconf 76' lang='lat' dir='ltr'><strong>Nam</strong></span> <span class='ocrx_word' id='word_1_76' title='bbox 1382 1395 1434 1440; x_wconf 92' lang='lat' dir='ltr'><strong>et</strong></span> <span class='ocrx_word' id='word_1_77' title='bbox 1481 1385 1568 1439; x_wconf 90' lang='lat' dir='ltr'><strong>ille</strong></span> <span class='ocrx_word' id='word_1_78' title='bbox 1611 1393 1838 1437; x_wconf 82' lang='lat' dir='ltr'><strong>statuam</strong></span> 
     </span>
    </p>
   </div>
   <div class='ocr_carea' id='block_1_11' title="bbox 246 1472 1840 1549">
    <p class='ocr_par' dir='ltr' id='par_1_11' title="bbox 246 1472 1840 1549">
     <span class='ocr_line' id='line_1_11' title="bbox 246 1472 1840 1549; baseline -0.007 -14"><span class='ocrx_word' id='word_1_79' title='bbox 246 1479 438 1546; x_wconf 77' lang='lat' dir='ltr'><strong>erexit,</strong></span> <span class='ocrx_word' id='word_1_80' title='bbox 458 1495 526 1534; x_wconf 82' lang='lat' dir='ltr'><strong>ex</strong></span> <span class='ocrx_word' id='word_1_81' title='bbox 548 1481 688 1548; x_wconf 84' lang='lat' dir='ltr'><strong>ligno</strong></span> <span class='ocrx_word' id='word_1_82' title='bbox 705 1480 779 1549; x_wconf 91' lang='lat' dir='ltr'><strong>(a)</strong></span> <span class='ocrx_word' id='word_1_83' title='bbox 796 1488 849 1533; x_wconf 91' lang='lat' dir='ltr'><strong>et</strong></span> <span class='ocrx_word' id='word_1_84' title='bbox 868 1493 934 1532; x_wconf 79' lang='lat' dir='ltr'><strong>ex</strong></span> <span class='ocrx_word' id='word_1_85' title='bbox 954 1475 1247 1531; x_wconf 83' lang='lat' dir='ltr'><strong>insensibili</strong></span> <span class='ocrx_word' id='word_1_86' title='bbox 1265 1475 1431 1529; x_wconf 81' lang='lat' dir='ltr'><strong>forma</strong></span> <span class='ocrx_word' id='word_1_87' title='bbox 1451 1483 1644 1546; x_wconf 88' lang='lat' dir='ltr'><strong>putans</strong></span> <span class='ocrx_word' id='word_1_88' title='bbox 1661 1487 1719 1526; x_wconf 89' lang='lat' dir='ltr'><strong>se</strong></span> <span class='ocrx_word' id='word_1_89' title='bbox 1739 1472 1840 1525; x_wconf 88' lang='lat' dir='ltr'><strong>sibi</strong></span> 
     </span>
    </p>
   </div>
   <div class='ocr_carea' id='block_1_12' title="bbox 246 1567 1840 1637">
    <p class='ocr_par' dir='ltr' id='par_1_12' title="bbox 246 1567 1840 1637">
     <span class='ocr_line' id='line_1_12' title="bbox 246 1567 1840 1637; baseline -0.006 -11"><span class='ocrx_word' id='word_1_90' title='bbox 246 1571 445 1626; x_wconf 87' lang='lat' dir='ltr'><strong>famam</strong></span> <span class='ocrx_word' id='word_1_91' title='bbox 472 1571 884 1626; x_wconf 89' lang='lat' dir='ltr'><strong>conciliaturum</strong></span> <span class='ocrx_word' id='word_1_92' title='bbox 911 1583 1032 1624; x_wconf 88' lang='lat' dir='ltr'><strong>esse</strong></span> <span class='ocrx_word' id='word_1_93' title='bbox 1051 1609 1066 1633; x_wconf 90' lang='lat'><strong>,</strong></span> <span class='ocrx_word' id='word_1_94' title='bbox 1099 1577 1153 1622; x_wconf 91' lang='lat' dir='ltr'><strong>et</strong></span> <span class='ocrx_word' id='word_1_95' title='bbox 1177 1568 1266 1637; x_wconf 86' lang='lat' dir='ltr'><strong>qui</strong></span> <span class='ocrx_word' id='word_1_96' title='bbox 1294 1567 1443 1620; x_wconf 86' lang='lat' dir='ltr'><strong>vivus</strong></span> <span class='ocrx_word' id='word_1_97' title='bbox 1471 1573 1588 1619; x_wconf 88' lang='lat' dir='ltr'><strong>erat</strong></span> <span class='ocrx_word' id='word_1_98' title='bbox 1627 1579 1692 1617; x_wconf 82' lang='lat' dir='ltr'><strong>ex</strong></span> <span class='ocrx_word' id='word_1_99' title='bbox 1734 1577 1840 1617; x_wconf 90' lang='lat' dir='ltr'><strong>non</strong></span> 
     </span>
    </p>
   </div>
   <div class='ocr_carea' id='block_1_13' title="bbox 247 1653 1834 1728">
    <p class='ocr_par' dir='ltr' id='par_1_13' title="bbox 247 1653 1834 1728">
     <span class='ocr_line' id='line_1_13' title="bbox 247 1653 1834 1728; baseline -0.007 -13"><span class='ocrx_word' id='word_1_100' title='bbox 247 1663 459 1716; x_wconf 77' lang='lat' dir='ltr'><strong>vivente</strong></span> <span class='ocrx_word' id='word_1_101' title='bbox 491 1660 746 1715; x_wconf 88' lang='lat' dir='ltr'><strong>illustrior</strong></span> <span class='ocrx_word' id='word_1_102' title='bbox 767 1673 1026 1728; x_wconf 84' lang='lat' dir='ltr'><strong>apparere</strong></span> <span class='ocrx_word' id='word_1_103' title='bbox 1049 1657 1319 1727; x_wconf 82' lang='lat' dir='ltr'><strong>cupiebat.</strong></span> <span class='ocrx_word' id='word_1_104' title='bbox 1360 1653 1834 1722; x_wconf 82' lang='lat' dir='ltr'><strong>Viden‘ingentem</strong></span> 
     </span>
    </p>
   </div>
   <div class='ocr_carea' id='block_1_14' title="bbox 243 1751 1832 1820">
    <p class='ocr_par' dir='ltr' id='par_1_14' title="bbox 243 1751 1832 1820">
     <span class='ocr_line' id='line_1_14' title="bbox 243 1751 1832 1820; baseline -0.003 -12"><span class='ocrx_word' id='word_1_105' title='bbox 243 1752 551 1809; x_wconf 80' lang='lat' dir='ltr'><strong>insaniam?</strong></span> <span class='ocrx_word' id='word_1_106' title='bbox 584 1753 715 1806; x_wconf 91' lang='lat' dir='ltr'><strong>Dum</strong></span> <span class='ocrx_word' id='word_1_107' title='bbox 744 1752 845 1806; x_wconf 86' lang='lat' dir='ltr'><strong>sibi</strong></span> <span class='ocrx_word' id='word_1_108' title='bbox 875 1759 1024 1820; x_wconf 88' lang='lat' dir='ltr'><strong>putat</strong></span> <span class='ocrx_word' id='word_1_109' title='bbox 1052 1751 1308 1806; x_wconf 87' lang='lat' dir='ltr'><strong>honorem</strong></span> <span class='ocrx_word' id='word_1_110' title='bbox 1340 1751 1665 1818; x_wconf 84' lang='lat' dir='ltr'><strong>cenciliare,</strong></span> <span class='ocrx_word' id='word_1_111' title='bbox 1697 1764 1832 1806; x_wconf 85' lang='lat' dir='ltr'><strong>con-</strong></span> 
     </span>
    </p>
   </div>
   <div class='ocr_carea' id='block_1_15' title="bbox 243 1842 1834 1913">
    <p class='ocr_par' dir='ltr' id='par_1_15' title="bbox 243 1842 1834 1913">
     <span class='ocr_line' id='line_1_15' title="bbox 243 1842 1834 1913; baseline -0.003 -14"><span class='ocrx_word' id='word_1_112' title='bbox 243 1842 523 1899; x_wconf 84' lang='lat' dir='ltr'><strong>tumeliam</strong></span> <span class='ocrx_word' id='word_1_113' title='bbox 565 1842 740 1913; x_wconf 86' lang='lat' dir='ltr'><strong>potius</strong></span> <span class='ocrx_word' id='word_1_114' title='bbox 767 1842 871 1898; x_wconf 88' lang='lat' dir='ltr'><strong>sibi</strong></span> <span class='ocrx_word' id='word_1_115' title='bbox 901 1843 1060 1911; x_wconf 86' lang='lat' dir='ltr'><strong>parit.</strong></span> <span class='ocrx_word' id='word_1_116' title='bbox 1093 1843 1222 1897; x_wconf 88' lang='lat' dir='ltr'><strong>Dum</strong></span> <span class='ocrx_word' id='word_1_117' title='bbox 1249 1843 1391 1897; x_wconf 90' lang='lat' dir='ltr'><strong>enim</strong></span> <span class='ocrx_word' id='word_1_118' title='bbox 1425 1842 1636 1898; x_wconf 89' lang='lat' dir='ltr'><strong>videtur</strong></span> <span class='ocrx_word' id='word_1_119' title='bbox 1659 1842 1834 1896; x_wconf 86' lang='lat' dir='ltr'><strong>inani-</strong></span> 
     </span>
    </p>
   </div>
   <div class='ocr_carea' id='block_1_16' title="bbox 243 1932 1835 2002">
    <p class='ocr_par' dir='ltr' id='par_1_16' title="bbox 243 1932 1835 2002">
     <span class='ocr_line' id='line_1_16' title="bbox 243 1932 1835 2002; baseline -0.003 -13"><span class='ocrx_word' id='word_1_120' title='bbox 243 1942 401 1989; x_wconf 70' lang='lat' dir='ltr'><strong>matae</strong></span> <span class='ocrx_word' id='word_1_121' title='bbox 431 1932 514 1987; x_wconf 85' lang='lat' dir='ltr'><strong>rei</strong></span> <span class='ocrx_word' id='word_1_122' title='bbox 540 1932 713 2002; x_wconf 86' lang='lat' dir='ltr'><strong>magis</strong></span> <span class='ocrx_word' id='word_1_123' title='bbox 733 1932 919 1999; x_wconf 85' lang='lat' dir='ltr'><strong>fidere,</strong></span> <span class='ocrx_word' id='word_1_124' title='bbox 942 1947 1101 2001; x_wconf 89' lang='lat' dir='ltr'><strong>quam</strong></span> <span class='ocrx_word' id='word_1_125' title='bbox 1129 1932 1232 1987; x_wconf 86' lang='lat' dir='ltr'><strong>sibi</strong></span> <span class='ocrx_word' id='word_1_126' title='bbox 1259 1933 1356 2001; x_wconf 85' lang='lat' dir='ltr'><strong>ipsi</strong></span> <span class='ocrx_word' id='word_1_127' title='bbox 1381 1972 1397 1997; x_wconf 91' lang='lat'><strong>,</strong></span> <span class='ocrx_word' id='word_1_128' title='bbox 1425 1932 1694 1986; x_wconf 63' lang='lat' dir='ltr'><strong>et‘anima&#39;</strong></span> <span class='ocrx_word' id='word_1_129' title='bbox 1723 1946 1835 1984; x_wconf 73' lang='lat' dir='ltr'><strong>sua:</strong></span> 
     </span>
    </p>
   </div>
   <div class='ocr_carea' id='block_1_17' title="bbox 242 2022 1833 2093">
    <p class='ocr_par' dir='ltr' id='par_1_17' title="bbox 242 2022 1833 2093">
     <span class='ocr_line' id='line_1_17' title="bbox 242 2022 1833 2093; baseline -0.003 -15"><span class='ocrx_word' id='word_1_130' title='bbox 242 2024 464 2090; x_wconf 75' lang='lat' dir='ltr'><strong>viventi,</strong></span> <span class='ocrx_word' id='word_1_131' title='bbox 494 2033 654 2093; x_wconf 87' lang='lat' dir='ltr'><strong>atque</strong></span> <span class='ocrx_word' id='word_1_132' title='bbox 680 2023 799 2078; x_wconf 89' lang='lat' dir='ltr'><strong>ideo</strong></span> <span class='ocrx_word' id='word_1_133' title='bbox 829 2023 1028 2093; x_wconf 88' lang='lat' dir='ltr'><strong>lignum</strong></span> <span class='ocrx_word' id='word_1_134' title='bbox 1061 2023 1114 2077; x_wconf 92' lang='lat' dir='ltr'><strong>in</strong></span> <span class='ocrx_word' id='word_1_135' title='bbox 1147 2032 1349 2076; x_wconf 87' lang='lat' dir='ltr'><strong>tantum</strong></span> <span class='ocrx_word' id='word_1_136' title='bbox 1383 2022 1603 2076; x_wconf 83' lang='lat' dir='ltr'><strong>honoris</strong></span> <span class='ocrx_word' id='word_1_137' title='bbox 1624 2023 1833 2076; x_wconf 87' lang='lat' dir='ltr'><strong>culmen</strong></span> 
     </span>
    </p>
   </div>
   <div class='ocr_carea' id='block_1_18' title="bbox 246 2106 1831 2183">
    <p class='ocr_par' dir='ltr' id='par_1_18' title="bbox 246 2106 1831 2183">
     <span class='ocr_line' id='line_1_18' title="bbox 246 2106 1831 2183; baseline -0.003 -16"><span class='ocrx_word' id='word_1_138' title='bbox 246 2106 516 2183; x_wconf 78' lang='lat' dir='ltr'><strong>provehit,</strong></span> <span class='ocrx_word' id='word_1_139' title='bbox 548 2111 816 2182; x_wconf 85' lang='lat' dir='ltr'><strong>quomodo</strong></span> <span class='ocrx_word' id='word_1_140' title='bbox 848 2127 952 2165; x_wconf 92' lang='lat' dir='ltr'><strong>non</strong></span> <span class='ocrx_word' id='word_1_141' title='bbox 985 2112 1141 2166; x_wconf 88' lang='lat' dir='ltr'><strong>fuerit</strong></span> <span class='ocrx_word' id='word_1_142' title='bbox 1169 2112 1280 2166; x_wconf 89' lang='lat' dir='ltr'><strong>risu</strong></span> <span class='ocrx_word' id='word_1_143' title='bbox 1310 2111 1501 2181; x_wconf 86' lang='lat' dir='ltr'><strong>dignus</strong></span> <span class='ocrx_word' id='word_1_144' title='bbox 1522 2152 1536 2174; x_wconf 95' lang='lat'><strong>,</strong></span> <span class='ocrx_word' id='word_1_145' title='bbox 1571 2110 1696 2164; x_wconf 91' lang='lat' dir='ltr'><strong>dum</strong></span> <span class='ocrx_word' id='word_1_146' title='bbox 1727 2125 1831 2164; x_wconf 90' lang='lat' dir='ltr'><strong>non</strong></span> 
     </span>
    </p>
   </div>
   <div class='ocr_carea' id='block_1_19' title="bbox 247 2201 1829 2268">
    <p class='ocr_par' dir='ltr' id='par_1_19' title="bbox 247 2201 1829 2268">
     <span class='ocr_line' id='line_1_19' title="bbox 247 2201 1829 2268; baseline -0.001 -12"><span class='ocrx_word' id='word_1_147' title='bbox 247 2217 277 2256; x_wconf 89' lang='lat' dir='ltr'><strong>a</strong></span> <span class='ocrx_word' id='word_1_148' title='bbox 304 2203 570 2268; x_wconf 85' lang='lat' dir='ltr'><strong>moribus,</strong></span> <span class='ocrx_word' id='word_1_149' title='bbox 596 2202 689 2257; x_wconf 88' lang='lat' dir='ltr'><strong>sed</strong></span> <span class='ocrx_word' id='word_1_150' title='bbox 717 2202 785 2257; x_wconf 85' lang='lat' dir='ltr'><strong>ab</strong></span> <span class='ocrx_word' id='word_1_151' title='bbox 805 2203 1075 2257; x_wconf 86' lang='lat' dir='ltr'><strong>asseribus</strong></span> <span class='ocrx_word' id='word_1_152' title='bbox 1101 2202 1282 2256; x_wconf 90' lang='lat' dir='ltr'><strong>ornari</strong></span> <span class='ocrx_word' id='word_1_153' title='bbox 1327 2201 1536 2256; x_wconf 79' lang='lat' dir='ltr'><strong>studet?</strong></span> <span class='ocrx_word' id='word_1_154' title='bbox 1565 2202 1829 2267; x_wconf 66' lang='lat' dir='ltr'><strong>Quemado</strong></span> 
     </span>
    </p>
   </div>
   <div class='ocr_carea' id='block_1_20' title="bbox 245 2291 1832 2362">
    <p class='ocr_par' dir='ltr' id='par_1_20' title="bbox 245 2291 1832 2362">
     <span class='ocr_line' id='line_1_20' title="bbox 245 2291 1832 2362; baseline -0.001 -15"><span class='ocrx_word' id='word_1_155' title='bbox 245 2291 468 2347; x_wconf 90' lang='lat' dir='ltr'><strong>modum</strong></span> <span class='ocrx_word' id='word_1_156' title='bbox 499 2293 543 2347; x_wconf 88' lang='lat' dir='ltr'><strong>si</strong></span> <span class='ocrx_word' id='word_1_157' title='bbox 569 2293 689 2362; x_wconf 86' lang='lat' dir='ltr'><strong>quis</strong></span> <span class='ocrx_word' id='word_1_158' title='bbox 719 2307 782 2347; x_wconf 78' lang='lat' dir='ltr'><strong>ex</strong></span> <span class='ocrx_word' id='word_1_159' title='bbox 816 2293 1122 2362; x_wconf 84' lang='lat' dir='ltr'><strong>pavimento</strong></span> <span class='ocrx_word' id='word_1_160' title='bbox 1149 2293 1340 2347; x_wconf 90' lang='lat' dir='ltr'><strong>domus</strong></span> <span class='ocrx_word' id='word_1_161' title='bbox 1369 2301 1460 2346; x_wconf 89' lang='lat' dir='ltr'><strong>aut</strong></span> <span class='ocrx_word' id='word_1_162' title='bbox 1489 2307 1552 2346; x_wconf 80' lang='lat' dir='ltr'><strong>ex</strong></span> <span class='ocrx_word' id='word_1_163' title='bbox 1600 2291 1832 2361; x_wconf 86' lang='lat' dir='ltr'><strong>pulchri-</strong></span> 
     </span>
    </p>
   </div>
   <div class='ocr_carea' id='block_1_21' title="bbox 243 2369 1835 2451">
    <p class='ocr_par' dir='ltr' id='par_1_21' title="bbox 243 2369 1835 2451">
     <span class='ocr_line' id='line_1_21' title="bbox 243 2369 1835 2451; baseline -0.001 -15"><span class='ocrx_word' id='word_1_164' title='bbox 243 2381 431 2436; x_wconf 87' lang='lat' dir='ltr'><strong>tudine</strong></span> <span class='ocrx_word' id='word_1_165' title='bbox 479 2381 638 2435; x_wconf 69' lang='lat' dir='ltr'><strong>seala:</strong></span> <span class='ocrx_word' id='word_1_166' title='bbox 684 2381 882 2450; x_wconf 86' lang='lat' dir='ltr'><strong>suspici</strong></span> <span class='ocrx_word' id='word_1_167' title='bbox 923 2382 1093 2447; x_wconf 85' lang='lat' dir='ltr'><strong>malit,</strong></span> <span class='ocrx_word' id='word_1_168' title='bbox 1130 2397 1287 2451; x_wconf 91' lang='lat' dir='ltr'><strong>quam</strong></span> <span class='ocrx_word' id='word_1_169' title='bbox 1315 2396 1381 2436; x_wconf 81' lang='lat' dir='ltr'><strong>ex</strong></span> <span class='ocrx_word' id='word_1_170' title='bbox 1412 2397 1477 2436; x_wconf 90' lang='lat' dir='ltr'><strong>eo</strong></span> <span class='ocrx_word' id='word_1_171' title='bbox 1507 2369 1835 2451; x_wconf 86' lang='lat' dir='ltr'><strong>quodhomo</strong></span> 
     </span>
    </p>
   </div>
   <div class='ocr_carea' id='block_1_22' title="bbox 241 2469 1828 2540">
    <p class='ocr_par' dir='ltr' id='par_1_22' title="bbox 241 2469 1828 2540">
     <span class='ocr_line' id='line_1_22' title="bbox 241 2469 1828 2540; baseline -0.001 -16"><span class='ocrx_word' id='word_1_172' title='bbox 241 2471 311 2524; x_wconf 83' lang='lat' dir='ltr'><strong>sit</strong></span> <span class='ocrx_word' id='word_1_173' title='bbox 340 2489 352 2524; x_wconf 89' lang='lat'><strong>:</strong></span> <span class='ocrx_word' id='word_1_174' title='bbox 387 2470 696 2540; x_wconf 84' lang='lat' dir='ltr'><strong>hujusmodi</strong></span> <span class='ocrx_word' id='word_1_175' title='bbox 725 2470 898 2524; x_wconf 83' lang='lat' dir='ltr'><strong>virum</strong></span> <span class='ocrx_word' id='word_1_176' title='bbox 940 2471 1089 2525; x_wconf 86' lang='lat' dir='ltr'><strong>multi</strong></span> <span class='ocrx_word' id='word_1_177' title='bbox 1133 2485 1274 2524; x_wconf 90' lang='lat' dir='ltr'><strong>nunc</strong></span> <span class='ocrx_word' id='word_1_178' title='bbox 1305 2471 1597 2524; x_wconf 80' lang='lat' dir='ltr'><strong>imitantur.</strong></span> <span class='ocrx_word' id='word_1_179' title='bbox 1630 2469 1828 2538; x_wconf 77' lang='lat' dir='ltr'><strong>Quem-</strong></span> 
     </span>
    </p>
   </div>
   <div class='ocr_carea' id='block_1_23' title="bbox 239 2557 1828 2631">
    <p class='ocr_par' dir='ltr' id='par_1_23' title="bbox 239 2557 1828 2631">
     <span class='ocr_line' id='line_1_23' title="bbox 239 2557 1828 2631; baseline 0.001 -19"><span class='ocrx_word' id='word_1_180' title='bbox 239 2557 530 2613; x_wconf 81' lang='lat' dir='ltr'><strong>admodum</strong></span> <span class='ocrx_word' id='word_1_181' title='bbox 568 2562 709 2616; x_wconf 88' lang='lat' dir='ltr'><strong>enim</strong></span> <span class='ocrx_word' id='word_1_182' title='bbox 739 2560 824 2614; x_wconf 91' lang='lat' dir='ltr'><strong>ille</strong></span> <span class='ocrx_word' id='word_1_183' title='bbox 851 2560 918 2615; x_wconf 87' lang='lat' dir='ltr'><strong>ab</strong></span> <span class='ocrx_word' id='word_1_184' title='bbox 942 2561 1203 2631; x_wconf 84' lang='lat' dir='ltr'><strong>imagine,</strong></span> <span class='ocrx_word' id='word_1_185' title='bbox 1235 2561 1315 2615; x_wconf 89' lang='lat' dir='ltr'><strong>sic</strong></span> <span class='ocrx_word' id='word_1_186' title='bbox 1357 2562 1444 2615; x_wconf 93' lang='lat' dir='ltr'><strong>alii</strong></span> <span class='ocrx_word' id='word_1_187' title='bbox 1489 2577 1520 2615; x_wconf 91' lang='lat' dir='ltr'><strong>a</strong></span> <span class='ocrx_word' id='word_1_188' title='bbox 1557 2561 1828 2626; x_wconf 87' lang='lat' dir='ltr'><strong>vestibus,</strong></span> 
     </span>
    </p>
   </div>
   <div class='ocr_carea' id='block_1_24' title="bbox 240 2647 1888 2717">
    <p class='ocr_par' dir='ltr' id='par_1_24' title="bbox 240 2647 1888 2717">
     <span class='ocr_line' id='line_1_24' title="bbox 240 2647 1888 2717; baseline 0.001 -16"><span class='ocrx_word' id='word_1_189' title='bbox 240 2648 326 2704; x_wconf 80' lang='lat' dir='ltr'><strong>alii</strong></span> <span class='ocrx_word' id='word_1_190' title='bbox 353 2648 422 2702; x_wconf 90' lang='lat' dir='ltr'><strong>ab</strong></span> <span class='ocrx_word' id='word_1_191' title='bbox 465 2647 704 2716; x_wconf 58' lang='lat' dir='ltr'><strong>aedibus,</strong></span> <span class='ocrx_word' id='word_1_192' title='bbox 752 2665 781 2703; x_wconf 89' lang='lat' dir='ltr'><strong>a</strong></span> <span class='ocrx_word' id='word_1_193' title='bbox 830 2649 1019 2712; x_wconf 91' lang='lat' dir='ltr'><strong>mulis,</strong></span> <span class='ocrx_word' id='word_1_194' title='bbox 1067 2664 1099 2703; x_wconf 89' lang='lat' dir='ltr'><strong>a</strong></span> <span class='ocrx_word' id='word_1_195' title='bbox 1143 2651 1452 2717; x_wconf 80' lang='lat' dir='ltr'><strong>carpentis,</strong></span> <span class='ocrx_word' id='word_1_196' title='bbox 1499 2663 1529 2702; x_wconf 91' lang='lat' dir='ltr'><strong>a</strong></span> <span class='ocrx_word' id='word_1_197' title='bbox 1571 2649 1835 2703; x_wconf 88' lang='lat' dir='ltr'><strong>columnis</strong></span> <span class='ocrx_word' id='word_1_198' title='bbox 1883 2681 1888 2686; x_wconf 97' lang='lat'><strong><em>-</em></strong></span> 
     </span>
    </p>
   </div>
   <div class='ocr_carea' id='block_1_25' title="bbox 240 2738 1832 2808">
    <p class='ocr_par' dir='ltr' id='par_1_25' title="bbox 240 2738 1832 2808">
     <span class='ocr_line' id='line_1_25' title="bbox 240 2738 1832 2808; baseline 0.001 -17"><span class='ocrx_word' id='word_1_199' title='bbox 240 2754 358 2807; x_wconf 69' lang='lat' dir='ltr'><strong>quae</strong></span> <span class='ocrx_word' id='word_1_200' title='bbox 381 2747 509 2792; x_wconf 84' lang='lat' dir='ltr'><strong>sunt</strong></span> <span class='ocrx_word' id='word_1_201' title='bbox 533 2739 586 2793; x_wconf 94' lang='lat' dir='ltr'><strong>in</strong></span> <span class='ocrx_word' id='word_1_202' title='bbox 613 2739 878 2806; x_wconf 86' lang='lat' dir='ltr'><strong>domibus,</strong></span> <span class='ocrx_word' id='word_1_203' title='bbox 910 2739 962 2793; x_wconf 93' lang='lat' dir='ltr'><strong>in</strong></span> <span class='ocrx_word' id='word_1_204' title='bbox 993 2740 1350 2794; x_wconf 85' lang='lat' dir='ltr'><strong>admiratione</strong></span> <span class='ocrx_word' id='word_1_205' title='bbox 1377 2738 1564 2794; x_wconf 87' lang='lat' dir='ltr'><strong>haberi</strong></span> <span class='ocrx_word' id='word_1_206' title='bbox 1591 2740 1832 2808; x_wconf 90' lang='lat' dir='ltr'><strong>cupiunt.</strong></span> 
     </span>
    </p>
   </div>
   <div class='ocr_carea' id='block_1_26' title="bbox 244 2827 1832 2900">
    <p class='ocr_par' dir='ltr' id='par_1_26' title="bbox 244 2827 1832 2900">
     <span class='ocr_line' id='line_1_26' title="bbox 244 2827 1832 2900; baseline 0 -17"><span class='ocrx_word' id='word_1_207' title='bbox 244 2827 373 2883; x_wconf 80' lang='lat' dir='ltr'><strong>Nam</strong></span> <span class='ocrx_word' id='word_1_208' title='bbox 395 2843 518 2882; x_wconf 87' lang='lat' dir='ltr'><strong>cum</strong></span> <span class='ocrx_word' id='word_1_209' title='bbox 550 2828 677 2883; x_wconf 89' lang='lat' dir='ltr'><strong>illud</strong></span> <span class='ocrx_word' id='word_1_210' title='bbox 701 2869 716 2894; x_wconf 93' lang='lat'><strong>,</strong></span> <span class='ocrx_word' id='word_1_211' title='bbox 747 2830 888 2900; x_wconf 90' lang='lat' dir='ltr'><strong>quod</strong></span> <span class='ocrx_word' id='word_1_212' title='bbox 916 2830 1161 2884; x_wconf 87' lang='lat' dir='ltr'><strong>homines</strong></span> <span class='ocrx_word' id='word_1_213' title='bbox 1188 2830 1292 2883; x_wconf 87' lang='lat' dir='ltr'><strong>sint</strong></span> <span class='ocrx_word' id='word_1_214' title='bbox 1318 2869 1333 2895; x_wconf 89' lang='lat'><strong>,</strong></span> <span class='ocrx_word' id='word_1_215' title='bbox 1374 2829 1691 2894; x_wconf 90' lang='lat' dir='ltr'><strong>amiserint,</strong></span> <span class='ocrx_word' id='word_1_216' title='bbox 1723 2830 1832 2883; x_wconf 83' lang='lat' dir='ltr'><strong>cir-</strong></span> 
     </span>
    </p>
   </div>
   <div class='ocr_carea' id='block_1_27' title="bbox 241 2906 1829 2989">
    <p class='ocr_par' dir='ltr' id='par_1_27' title="bbox 241 2906 1829 2989">
     <span class='ocr_line' id='line_1_27' title="bbox 241 2906 1829 2989; baseline -0.002 -16"><span class='ocrx_word' id='word_1_217' title='bbox 241 2928 530 2984; x_wconf 83' lang='lat' dir='ltr'><strong>eumeum,</strong></span> <span class='ocrx_word' id='word_1_218' title='bbox 565 2927 623 2974; x_wconf 91' lang='lat' dir='ltr'><strong>ut</strong></span> <span class='ocrx_word' id='word_1_219' title='bbox 663 2920 762 2974; x_wconf 90' lang='lat' dir='ltr'><strong>sibi</strong></span> <span class='ocrx_word' id='word_1_220' title='bbox 788 2919 1004 2975; x_wconf 87' lang='lat' dir='ltr'><strong>aliunde</strong></span> <span class='ocrx_word' id='word_1_221' title='bbox 1033 2919 1256 2989; x_wconf 89' lang='lat' dir='ltr'><strong>gloriam</strong></span> <span class='ocrx_word' id='word_1_222' title='bbox 1279 2906 1451 2973; x_wconf 81' lang='lat' dir='ltr'><strong>multo</strong></span> <span class='ocrx_word' id='word_1_223' title='bbox 1481 2918 1589 2971; x_wconf 89' lang='lat' dir='ltr'><strong>risu</strong></span> <span class='ocrx_word' id='word_1_224' title='bbox 1615 2917 1829 2986; x_wconf 82' lang='lat' dir='ltr'><strong>dignam</strong></span> 
     </span>
    </p>
   </div>
   <div class='ocr_carea' id='block_1_28' title="bbox 242 2994 1828 3079">
    <p class='ocr_par' dir='ltr' id='par_1_28' title="bbox 242 2994 1828 3079">
     <span class='ocr_line' id='line_1_28' title="bbox 242 2994 1828 3079; baseline -0.003 -17"><span class='ocrx_word' id='word_1_225' title='bbox 242 2994 551 3063; x_wconf 81' lang='lat' dir='ltr'><strong>concilient.</strong></span> <span class='ocrx_word' id='word_1_226' title='bbox 591 3007 787 3063; x_wconf 80' lang='lat' dir='ltr'><strong>Verum</strong></span> <span class='ocrx_word' id='word_1_227' title='bbox 834 3009 1082 3079; x_wconf 73' lang='lat' dir='ltr'><strong>generosi</strong></span> <span class='ocrx_word' id='word_1_228' title='bbox 1112 3007 1190 3062; x_wconf 89' lang='lat' dir='ltr'><strong>illi</strong></span> <span class='ocrx_word' id='word_1_229' title='bbox 1220 3015 1275 3063; x_wconf 93' lang='lat' dir='ltr'><strong>et</strong></span> <span class='ocrx_word' id='word_1_230' title='bbox 1304 3006 1480 3075; x_wconf 76' lang='lat' dir='ltr'><strong>magni</strong></span> <span class='ocrx_word' id='word_1_231' title='bbox 1521 3006 1615 3060; x_wconf 88' lang='lat' dir='ltr'><strong>Dei</strong></span> <span class='ocrx_word' id='word_1_232' title='bbox 1645 3007 1828 3058; x_wconf 84' lang='lat' dir='ltr'><strong>fanntli</strong></span> 
     </span>
    </p>
   </div>
   <div class='ocr_carea' id='block_1_29' title="bbox 242 3096 1830 3170">
    <p class='ocr_par' dir='ltr' id='par_1_29' title="bbox 242 3096 1830 3170">
     <span class='ocr_line' id='line_1_29' title="bbox 242 3096 1830 3170; baseline -0.001 -18"><span class='ocrx_word' id='word_1_233' title='bbox 242 3113 345 3153; x_wconf 90' lang='lat' dir='ltr'><strong>non</strong></span> <span class='ocrx_word' id='word_1_234' title='bbox 371 3099 530 3162; x_wconf 91' lang='lat' dir='ltr'><strong>inde,</strong></span> <span class='ocrx_word' id='word_1_235' title='bbox 565 3099 662 3154; x_wconf 83' lang='lat' dir='ltr'><strong>sed</strong></span> <span class='ocrx_word' id='word_1_236' title='bbox 690 3115 756 3154; x_wconf 79' lang='lat' dir='ltr'><strong>ex</strong></span> <span class='ocrx_word' id='word_1_237' title='bbox 802 3100 997 3170; x_wconf 88' lang='lat' dir='ltr'><strong>quibus</strong></span> <span class='ocrx_word' id='word_1_238' title='bbox 1031 3113 1130 3170; x_wconf 90' lang='lat' dir='ltr'><strong>par</strong></span> <span class='ocrx_word' id='word_1_239' title='bbox 1169 3104 1320 3163; x_wconf 84' lang='lat' dir='ltr'><strong>erat,</strong></span> <span class='ocrx_word' id='word_1_240' title='bbox 1364 3096 1702 3152; x_wconf 82' lang='lat' dir='ltr'><strong>effulserunt.</strong></span> <span class='ocrx_word' id='word_1_241' title='bbox 1736 3098 1830 3151; x_wconf 78' lang='lat' dir='ltr'><strong>Et-</strong></span> 
     </span>
    </p>
   </div>
   <div class='ocr_carea' id='block_1_30' title="bbox 242 3187 1833 3260">
    <p class='ocr_par' dir='ltr' id='par_1_30' title="bbox 242 3187 1833 3260">
     <span class='ocr_line' id='line_1_30' title="bbox 242 3187 1833 3260; baseline -0.001 -17"><span class='ocrx_word' id='word_1_242' title='bbox 242 3189 382 3244; x_wconf 74' lang='lat' dir='ltr'><strong>enim</strong></span> <span class='ocrx_word' id='word_1_243' title='bbox 410 3199 467 3243; x_wconf 89' lang='lat' dir='ltr'><strong>et</strong></span> <span class='ocrx_word' id='word_1_244' title='bbox 494 3189 713 3260; x_wconf 88' lang='lat' dir='ltr'><strong>captivi,</strong></span> <span class='ocrx_word' id='word_1_245' title='bbox 744 3197 799 3243; x_wconf 89' lang='lat' dir='ltr'><strong>et</strong></span> <span class='ocrx_word' id='word_1_246' title='bbox 821 3189 990 3252; x_wconf 88' lang='lat' dir='ltr'><strong>servi,</strong></span> <span class='ocrx_word' id='word_1_247' title='bbox 1019 3196 1074 3243; x_wconf 92' lang='lat' dir='ltr'><strong>ct</strong></span> <span class='ocrx_word' id='word_1_248' title='bbox 1094 3188 1319 3256; x_wconf 81' lang='lat' dir='ltr'><strong>juvenes</strong></span> <span class='ocrx_word' id='word_1_249' title='bbox 1340 3229 1356 3253; x_wconf 93' lang='lat'><strong>,</strong></span> <span class='ocrx_word' id='word_1_250' title='bbox 1380 3195 1434 3242; x_wconf 90' lang='lat' dir='ltr'><strong>et</strong></span> <span class='ocrx_word' id='word_1_251' title='bbox 1463 3187 1748 3257; x_wconf 78' lang='lat' dir='ltr'><strong>peregrini,</strong></span> <span class='ocrx_word' id='word_1_252' title='bbox 1777 3200 1833 3242; x_wconf 89' lang='lat' dir='ltr'><strong>et</strong></span> 
     </span>
    </p>
   </div>
   <div class='ocr_carea' id='block_1_31' title="bbox 240 3277 1827 3340">
    <p class='ocr_par' dir='ltr' id='par_1_31' title="bbox 240 3277 1827 3340">
     <span class='ocr_line' id='line_1_31' title="bbox 240 3277 1827 3340; baseline -0.003 -6"><span class='ocrx_word' id='word_1_253' title='bbox 240 3278 400 3335; x_wconf 86' lang='lat' dir='ltr'><strong>rebus</strong></span> <span class='ocrx_word' id='word_1_254' title='bbox 425 3279 678 3334; x_wconf 90' lang='lat' dir='ltr'><strong>omnibus</strong></span> <span class='ocrx_word' id='word_1_255' title='bbox 707 3279 1022 3334; x_wconf 83' lang='lat' dir='ltr'><strong>domesticis</strong></span> <span class='ocrx_word' id='word_1_256' title='bbox 1050 3279 1220 3340; x_wconf 88' lang='lat' dir='ltr'><strong>vacui,</strong></span> <span class='ocrx_word' id='word_1_257' title='bbox 1251 3277 1421 3330; x_wconf 91' lang='lat' dir='ltr'><strong>multo</strong></span> <span class='ocrx_word' id='word_1_258' title='bbox 1448 3277 1708 3330; x_wconf 89' lang='lat' dir='ltr'><strong>clariores</strong></span> <span class='ocrx_word' id='word_1_259' title='bbox 1732 3278 1827 3330; x_wconf 85' lang='lat' dir='ltr'><strong>visi</strong></span> 
     </span>
    </p>
   </div>
   <div class='ocr_carea' id='block_1_32' title="bbox 243 3366 1808 3439">
    <p class='ocr_par' dir='ltr' id='par_1_32' title="bbox 243 3366 1808 3439">
     <span class='ocr_line' id='line_1_32' title="bbox 243 3366 1808 3439; baseline -0.003 -16"><span class='ocrx_word' id='word_1_260' title='bbox 243 3378 401 3434; x_wconf 83' lang='lat' dir='ltr'><strong>sunt,</strong></span> <span class='ocrx_word' id='word_1_261' title='bbox 446 3384 608 3439; x_wconf 89' lang='lat' dir='ltr'><strong>quam</strong></span> <span class='ocrx_word' id='word_1_262' title='bbox 655 3368 689 3422; x_wconf 91' lang='lat' dir='ltr'><strong>ii</strong></span> <span class='ocrx_word' id='word_1_263' title='bbox 737 3369 827 3437; x_wconf 91' lang='lat' dir='ltr'><strong>qui</strong></span> <span class='ocrx_word' id='word_1_264' title='bbox 868 3367 973 3422; x_wconf 88' lang='lat' dir='ltr'><strong>illis</strong></span> <span class='ocrx_word' id='word_1_265' title='bbox 1016 3367 1264 3422; x_wconf 90' lang='lat' dir='ltr'><strong>omnibus</strong></span> <span class='ocrx_word' id='word_1_266' title='bbox 1304 3366 1617 3420; x_wconf 86' lang='lat' dir='ltr'><strong>circumdati</strong></span> <span class='ocrx_word' id='word_1_267' title='bbox 1654 3376 1808 3420; x_wconf 88' lang='lat' dir='ltr'><strong>erant</strong></span> 
     </span>
    </p>
   </div>
   <div class='ocr_carea' id='block_1_33' title="bbox 241 3456 1831 3520">
    <p class='ocr_par' dir='ltr' id='par_1_33' title="bbox 241 3456 1831 3520">
     <span class='ocr_line' id='line_1_33' title="bbox 241 3456 1831 3520; baseline -0.004 -7"><span class='ocrx_word' id='word_1_268' title='bbox 241 3456 394 3513; x_wconf 86' lang='lat' dir='ltr'><strong>Certe</strong></span> <span class='ocrx_word' id='word_1_269' title='bbox 418 3456 929 3512; x_wconf 82' lang='lat' dir='ltr'><strong>Nabuchodonosori</strong></span> <span class='ocrx_word' id='word_1_270' title='bbox 955 3472 1055 3511; x_wconf 90' lang='lat' dir='ltr'><strong>nec</strong></span> <span class='ocrx_word' id='word_1_271' title='bbox 1083 3467 1225 3511; x_wconf 90' lang='lat' dir='ltr'><strong>tanta</strong></span> <span class='ocrx_word' id='word_1_272' title='bbox 1253 3457 1338 3511; x_wconf 90' lang='lat' dir='ltr'><strong>illa</strong></span> <span class='ocrx_word' id='word_1_273' title='bbox 1365 3465 1538 3512; x_wconf 88' lang='lat' dir='ltr'><strong>statua</strong></span> <span class='ocrx_word' id='word_1_274' title='bbox 1562 3496 1577 3520; x_wconf 90' lang='lat'><strong>,</strong></span> <span class='ocrx_word' id='word_1_275' title='bbox 1605 3469 1706 3509; x_wconf 90' lang='lat' dir='ltr'><strong>nec</strong></span> <span class='ocrx_word' id='word_1_276' title='bbox 1733 3469 1831 3506; x_wconf 88' lang='lat' dir='ltr'><strong>sa-</strong></span> 
     </span>
    </p>
   </div>
   <div class='ocr_carea' id='block_1_34' title="bbox 244 3530 1830 3616">
    <p class='ocr_par' dir='ltr' id='par_1_34' title="bbox 244 3530 1830 3616">
     <span class='ocr_line' id='line_1_34' title="bbox 244 3530 1830 3616; baseline -0.004 -15"><span class='ocrx_word' id='word_1_277' title='bbox 244 3559 405 3616; x_wconf 76' lang='lat' dir='ltr'><strong>trapa:</strong></span> <span class='ocrx_word' id='word_1_278' title='bbox 425 3587 440 3612; x_wconf 90' lang='lat'><strong>,</strong></span> <span class='ocrx_word' id='word_1_279' title='bbox 498 3562 599 3602; x_wconf 88' lang='lat' dir='ltr'><strong>nec</strong></span> <span class='ocrx_word' id='word_1_280' title='bbox 646 3547 845 3612; x_wconf 86' lang='lat' dir='ltr'><strong>duces,</strong></span> <span class='ocrx_word' id='word_1_281' title='bbox 876 3561 974 3601; x_wconf 90' lang='lat' dir='ltr'><strong>nec</strong></span> <span class='ocrx_word' id='word_1_282' title='bbox 1005 3530 1248 3601; x_wconf 78' lang='lat' dir='ltr'><strong>immensi</strong></span> <span class='ocrx_word' id='word_1_283' title='bbox 1269 3548 1558 3609; x_wconf 82' lang='lat' dir='ltr'><strong>exercitus,</strong></span> <span class='ocrx_word' id='word_1_284' title='bbox 1593 3560 1690 3600; x_wconf 86' lang='lat' dir='ltr'><strong>nec</strong></span> <span class='ocrx_word' id='word_1_285' title='bbox 1716 3543 1830 3597; x_wconf 89' lang='lat' dir='ltr'><strong>auri</strong></span> 
     </span>
    </p>
   </div>
   <div class='ocr_carea' id='block_1_35' title="bbox 242 3637 1831 3710">
    <p class='ocr_par' dir='ltr' id='par_1_35' title="bbox 242 3637 1831 3710">
     <span class='ocr_line' id='line_1_35' title="bbox 242 3637 1831 3710; baseline -0.004 -18"><span class='ocrx_word' id='word_1_286' title='bbox 242 3641 322 3692; x_wconf 84' lang='lat' dir='ltr'><strong>vis</strong></span> <span class='ocrx_word' id='word_1_287' title='bbox 340 3681 354 3693; x_wconf 92' lang='lat'><strong>.</strong></span> <span class='ocrx_word' id='word_1_288' title='bbox 380 3654 481 3694; x_wconf 67' lang='lat' dir='ltr'><strong>nec</strong></span> <span class='ocrx_word' id='word_1_289' title='bbox 508 3640 710 3709; x_wconf 81' lang='lat' dir='ltr'><strong>quzevis</strong></span> <span class='ocrx_word' id='word_1_290' title='bbox 737 3639 838 3693; x_wconf 84' lang='lat' dir='ltr'><strong>alia</strong></span> <span class='ocrx_word' id='word_1_291' title='bbox 867 3653 1057 3710; x_wconf 84' lang='lat' dir='ltr'><strong>pompa</strong></span> <span class='ocrx_word' id='word_1_292' title='bbox 1079 3679 1093 3702; x_wconf 90' lang='lat'><strong>,</strong></span> <span class='ocrx_word' id='word_1_293' title='bbox 1128 3637 1420 3692; x_wconf 88' lang='lat' dir='ltr'><strong>secundum</strong></span> <span class='ocrx_word' id='word_1_294' title='bbox 1447 3637 1831 3705; x_wconf 87' lang='lat' dir='ltr'><strong>concupiscen-</strong></span> 
     </span>
    </p>
   </div>
   <div class='ocr_carea' id='block_1_36' title="bbox 244 3727 1830 3797">
    <p class='ocr_par' dir='ltr' id='par_1_36' title="bbox 244 3727 1830 3797">
     <span class='ocr_line' id='line_1_36' title="bbox 244 3727 1830 3797; baseline -0.003 -17"><span class='ocrx_word' id='word_1_295' title='bbox 244 3729 366 3782; x_wconf 85' lang='lat' dir='ltr'><strong>tiam</strong></span> <span class='ocrx_word' id='word_1_296' title='bbox 395 3730 513 3797; x_wconf 85' lang='lat' dir='ltr'><strong>ejus</strong></span> <span class='ocrx_word' id='word_1_297' title='bbox 546 3728 698 3783; x_wconf 81' lang='lat' dir='ltr'><strong>fuere</strong></span> <span class='ocrx_word' id='word_1_298' title='bbox 727 3729 879 3792; x_wconf 86' lang='lat' dir='ltr'><strong>satis,</strong></span> <span class='ocrx_word' id='word_1_299' title='bbox 912 3738 968 3782; x_wconf 87' lang='lat' dir='ltr'><strong>ut</strong></span> <span class='ocrx_word' id='word_1_300' title='bbox 998 3742 1221 3797; x_wconf 86' lang='lat' dir='ltr'><strong>magnus</strong></span> <span class='ocrx_word' id='word_1_301' title='bbox 1251 3738 1566 3796; x_wconf 85' lang='lat' dir='ltr'><strong>appareret;</strong></span> <span class='ocrx_word' id='word_1_302' title='bbox 1598 3727 1680 3781; x_wconf 87' lang='lat' dir='ltr'><strong>his</strong></span> <span class='ocrx_word' id='word_1_303' title='bbox 1701 3740 1830 3779; x_wconf 83' lang='lat' dir='ltr'><strong>vero</strong></span> 
     </span>
    </p>
   </div>
   <div class='ocr_carea' id='block_1_37' title="bbox 240 3815 1833 3886">
    <p class='ocr_par' dir='ltr' id='par_1_37' title="bbox 240 3815 1833 3886">
     <span class='ocr_line' id='line_1_37' title="bbox 240 3815 1833 3886; baseline 0 -18"><span class='ocrx_word' id='word_1_304' title='bbox 240 3818 326 3884; x_wconf 85' lang='lat' dir='ltr'><strong>qui</strong></span> <span class='ocrx_word' id='word_1_305' title='bbox 349 3819 453 3872; x_wconf 85' lang='lat' dir='ltr'><strong>illis</strong></span> <span class='ocrx_word' id='word_1_306' title='bbox 473 3818 727 3872; x_wconf 84' lang='lat' dir='ltr'><strong>omnibus</strong></span> <span class='ocrx_word' id='word_1_307' title='bbox 747 3817 987 3872; x_wconf 78' lang='lat' dir='ltr'><strong>destituti</strong></span> <span class='ocrx_word' id='word_1_308' title='bbox 1009 3827 1183 3877; x_wconf 88' lang='lat' dir='ltr'><strong>erant.</strong></span> <span class='ocrx_word' id='word_1_309' title='bbox 1207 3819 1320 3871; x_wconf 85' lang='lat' dir='ltr'><strong>sola</strong></span> <span class='ocrx_word' id='word_1_310' title='bbox 1339 3815 1672 3886; x_wconf 86' lang='lat' dir='ltr'><strong>philosophia</strong></span> <span class='ocrx_word' id='word_1_311' title='bbox 1702 3816 1833 3884; x_wconf 85' lang='lat' dir='ltr'><strong>satis</strong></span> 
     </span>
    </p>
   </div>
   <div class='ocr_carea' id='block_1_38' title="bbox 240 3908 1832 3979">
    <p class='ocr_par' dir='ltr' id='par_1_38' title="bbox 240 3908 1832 3979">
     <span class='ocr_line' id='line_1_38' title="bbox 240 3908 1832 3979; baseline -0.001 -17"><span class='ocrx_word' id='word_1_312' title='bbox 240 3908 333 3963; x_wconf 83' lang='lat' dir='ltr'><strong>fuit</strong></span> <span class='ocrx_word' id='word_1_313' title='bbox 364 3927 376 3959; x_wconf 77' lang='grc' dir='ltr'><strong><em>τ</em></strong></span> <span class='ocrx_word' id='word_1_314' title='bbox 406 3926 526 3977; x_wconf 66' lang='lat' dir='ltr'><strong>quae</strong></span> <span class='ocrx_word' id='word_1_315' title='bbox 555 3910 646 3964; x_wconf 81' lang='lat' dir='ltr'><strong>illo</strong></span> <span class='ocrx_word' id='word_1_316' title='bbox 673 3910 761 3979; x_wconf 80' lang='lat' dir='ltr'><strong>qui</strong></span> <span class='ocrx_word' id='word_1_317' title='bbox 799 3911 1102 3965; x_wconf 85' lang='lat' dir='ltr'><strong>diademate</strong></span> <span class='ocrx_word' id='word_1_318' title='bbox 1127 3919 1183 3965; x_wconf 89' lang='lat' dir='ltr'><strong>et</strong></span> <span class='ocrx_word' id='word_1_319' title='bbox 1213 3923 1444 3978; x_wconf 86' lang='lat' dir='ltr'><strong>purpura</strong></span> <span class='ocrx_word' id='word_1_320' title='bbox 1484 3916 1702 3961; x_wconf 86' lang='lat' dir='ltr'><strong>ornatus</strong></span> <span class='ocrx_word' id='word_1_321' title='bbox 1728 3947 1743 3970; x_wconf 90' lang='lat'><strong>,</strong></span> <span class='ocrx_word' id='word_1_322' title='bbox 1775 3918 1832 3961; x_wconf 90' lang='lat' dir='ltr'><strong>et</strong></span> 
     </span>
    </p>
   </div>
   <div class='ocr_carea' id='block_1_39' title="bbox 239 3998 1831 4071">
    <p class='ocr_par' dir='ltr' id='par_1_39' title="bbox 239 3998 1831 4071">
     <span class='ocr_line' id='line_1_39' title="bbox 239 3998 1831 4071; baseline -0.001 -17"><span class='ocrx_word' id='word_1_323' title='bbox 239 4008 315 4054; x_wconf 90' lang='lat' dir='ltr'><strong>tot</strong></span> <span class='ocrx_word' id='word_1_324' title='bbox 342 4000 460 4054; x_wconf 82' lang='lat' dir='ltr'><strong>aliis</strong></span> <span class='ocrx_word' id='word_1_325' title='bbox 486 4001 882 4070; x_wconf 76' lang='lat' dir='ltr'><strong>circumseptus</strong></span> <span class='ocrx_word' id='word_1_326' title='bbox 909 4011 1060 4066; x_wconf 85' lang='lat' dir='ltr'><strong>erat,</strong></span> <span class='ocrx_word' id='word_1_327' title='bbox 1105 4015 1200 4056; x_wconf 88' lang='lat' dir='ltr'><strong>eos</strong></span> <span class='ocrx_word' id='word_1_328' title='bbox 1239 4001 1329 4071; x_wconf 90' lang='lat' dir='ltr'><strong>qui</strong></span> <span class='ocrx_word' id='word_1_329' title='bbox 1358 3999 1492 4054; x_wconf 87' lang='lat' dir='ltr'><strong>nihil</strong></span> <span class='ocrx_word' id='word_1_330' title='bbox 1521 4014 1707 4054; x_wconf 88' lang='lat' dir='ltr'><strong>eorum</strong></span> <span class='ocrx_word' id='word_1_331' title='bbox 1732 3998 1831 4052; x_wconf 82' lang='lat' dir='ltr'><strong>&#39;na-</strong></span> 
     </span>
    </p>
   </div>
   <div class='ocr_carea' id='block_1_40' title="bbox 239 4089 1832 4159">
    <p class='ocr_par' dir='ltr' id='par_1_40' title="bbox 239 4089 1832 4159">
     <span class='ocr_line' id='line_1_40' title="bbox 239 4089 1832 4159; baseline -0.002 -16"><span class='ocrx_word' id='word_1_332' title='bbox 239 4089 458 4156; x_wconf 84' lang='lat' dir='ltr'><strong>bebant,</strong></span> <span class='ocrx_word' id='word_1_333' title='bbox 494 4099 645 4145; x_wconf 85' lang='lat' dir='ltr'><strong>tanto</strong></span> <span class='ocrx_word' id='word_1_334' title='bbox 689 4090 1080 4159; x_wconf 71' lang='lat' dir='ltr'><strong>Splendidiores</strong></span> <span class='ocrx_word' id='word_1_335' title='bbox 1118 4090 1376 4154; x_wconf 87' lang='lat' dir='ltr'><strong>faciebat,</strong></span> <span class='ocrx_word' id='word_1_336' title='bbox 1403 4098 1605 4158; x_wconf 86' lang='lat' dir='ltr'><strong>quanto</strong></span> <span class='ocrx_word' id='word_1_337' title='bbox 1634 4089 1715 4142; x_wconf 88' lang='lat' dir='ltr'><strong>sol</strong></span> <span class='ocrx_word' id='word_1_338' title='bbox 1751 4098 1832 4141; x_wconf 84' lang='lat' dir='ltr'><strong>est</strong></span> 
     </span>
    </p>
   </div>
   <div class='ocr_carea' id='block_1_41' title="bbox 238 4178 1834 4248">
    <p class='ocr_par' dir='ltr' id='par_1_41' title="bbox 238 4178 1834 4248">
     <span class='ocr_line' id='line_1_41' title="bbox 238 4178 1834 4248; baseline -0.001 -16"><span class='ocrx_word' id='word_1_339' title='bbox 238 4180 550 4242; x_wconf 70' lang='lat' dir='ltr'><strong>margarita‘</strong></span> <span class='ocrx_word' id='word_1_340' title='bbox 583 4179 932 4248; x_wconf 85' lang='lat' dir='ltr'><strong>splendidior.</strong></span> <span class='ocrx_word' id='word_1_341' title='bbox 963 4179 1173 4234; x_wconf 82' lang='lat' dir='ltr'><strong>Etenim</strong></span> <span class='ocrx_word' id='word_1_342' title='bbox 1204 4180 1254 4232; x_wconf 92' lang='lat' dir='ltr'><strong>in</strong></span> <span class='ocrx_word' id='word_1_343' title='bbox 1291 4179 1522 4235; x_wconf 71' lang='lat' dir='ltr'><strong>medium</strong></span> <span class='ocrx_word' id='word_1_344' title='bbox 1549 4178 1694 4233; x_wconf 87' lang='lat' dir='ltr'><strong>orbis</strong></span> <span class='ocrx_word' id='word_1_345' title='bbox 1717 4178 1834 4232; x_wconf 82' lang='lat' dir='ltr'><strong>uni-</strong></span> 
     </span>
    </p>
   </div>
   <div class='ocr_carea' id='block_1_42' title="bbox 237 4267 1826 4336">
    <p class='ocr_par' dir='ltr' id='par_1_42' title="bbox 237 4267 1826 4336">
     <span class='ocr_line' id='line_1_42' title="bbox 237 4267 1826 4336; baseline 0.001 -17"><span class='ocrx_word' id='word_1_346' title='bbox 237 4270 374 4324; x_wconf 73' lang='lat' dir='ltr'><strong>versi</strong></span> <span class='ocrx_word' id='word_1_347' title='bbox 409 4267 819 4323; x_wconf 81' lang='lat' dir='ltr'><strong>adducebantur</strong></span> <span class='ocrx_word' id='word_1_348' title='bbox 840 4268 1064 4335; x_wconf 86' lang='lat' dir='ltr'><strong>juvenes</strong></span> <span class='ocrx_word' id='word_1_349' title='bbox 1089 4308 1104 4331; x_wconf 90' lang='lat'><strong>,</strong></span> <span class='ocrx_word' id='word_1_350' title='bbox 1135 4267 1331 4336; x_wconf 82' lang='lat' dir='ltr'><strong>captivi</strong></span> <span class='ocrx_word' id='word_1_351' title='bbox 1356 4308 1373 4330; x_wconf 88' lang='lat'><strong>,</strong></span> <span class='ocrx_word' id='word_1_352' title='bbox 1418 4268 1564 4323; x_wconf 87' lang='lat' dir='ltr'><strong>servi</strong></span> <span class='ocrx_word' id='word_1_353' title='bbox 1592 4308 1606 4332; x_wconf 92' lang='lat'><strong>,</strong></span> <span class='ocrx_word' id='word_1_354' title='bbox 1654 4269 1826 4334; x_wconf 88' lang='lat' dir='ltr'><strong>iisque</strong></span> 
     </span>
    </p>
   </div>
   <div class='ocr_carea' id='block_1_43' title="bbox 235 4355 1823 4427">
    <p class='ocr_par' dir='ltr' id='par_1_43' title="bbox 235 4355 1823 4427">
     <span class='ocr_line' id='line_1_43' title="bbox 235 4355 1823 4427; baseline 0.001 -17"><span class='ocrx_word' id='word_1_355' title='bbox 235 4357 475 4412; x_wconf 79' lang='lat' dir='ltr'><strong>adductis</strong></span> <span class='ocrx_word' id='word_1_356' title='bbox 519 4358 706 4410; x_wconf 76' lang='lat' dir='ltr'><strong>Statim</strong></span> <span class='ocrx_word' id='word_1_357' title='bbox 735 4371 831 4412; x_wconf 80' lang='lat' dir='ltr'><strong>rex</strong></span> <span class='ocrx_word' id='word_1_358' title='bbox 871 4357 1046 4427; x_wconf 86' lang='lat' dir='ltr'><strong>ignem</strong></span> <span class='ocrx_word' id='word_1_359' title='bbox 1089 4358 1158 4412; x_wconf 89' lang='lat' dir='ltr'><strong>ab</strong></span> <span class='ocrx_word' id='word_1_360' title='bbox 1195 4358 1363 4412; x_wconf 83' lang='lat' dir='ltr'><strong>oculis</strong></span> <span class='ocrx_word' id='word_1_361' title='bbox 1390 4358 1702 4423; x_wconf 87' lang='lat' dir='ltr'><strong>emittebat,</strong></span> <span class='ocrx_word' id='word_1_362' title='bbox 1732 4355 1823 4412; x_wconf 49' lang='lat' dir='ltr'><strong>ad.</strong></span> 
     </span>
    </p>
   </div>
   <div class='ocr_carea' id='block_1_44' title="bbox 235 4449 1822 4519">
    <p class='ocr_par' dir='ltr' id='par_1_44' title="bbox 235 4449 1822 4519">
     <span class='ocr_line' id='line_1_44' title="bbox 235 4449 1822 4519; baseline 0.001 -18"><span class='ocrx_word' id='word_1_363' title='bbox 235 4450 500 4506; x_wconf 76' lang='lat' dir='ltr'><strong>stantibus</strong></span> <span class='ocrx_word' id='word_1_364' title='bbox 526 4449 777 4516; x_wconf 86' lang='lat' dir='ltr'><strong>ducibus,</strong></span> <span class='ocrx_word' id='word_1_365' title='bbox 810 4449 1102 4519; x_wconf 84' lang='lat' dir='ltr'><strong>teparchis,</strong></span> <span class='ocrx_word' id='word_1_366' title='bbox 1129 4449 1455 4518; x_wconf 83' lang='lat' dir='ltr'><strong>principibus</strong></span> <span class='ocrx_word' id='word_1_367' title='bbox 1485 4465 1546 4504; x_wconf 89' lang='lat' dir='ltr'><strong>ac</strong></span> <span class='ocrx_word' id='word_1_368' title='bbox 1569 4459 1680 4504; x_wconf 89' lang='lat' dir='ltr'><strong>toto</strong></span> <span class='ocrx_word' id='word_1_369' title='bbox 1704 4449 1822 4502; x_wconf 77' lang='lat' dir='ltr'><strong>dia—</strong></span> 
     </span>
    </p>
   </div>
   <div class='ocr_carea' id='block_1_45' title="bbox 239 4535 1826 4598">
    <p class='ocr_par' dir='ltr' id='par_1_45' title="bbox 239 4535 1826 4598">
     <span class='ocr_line' id='line_1_45' title="bbox 239 4535 1826 4598; baseline 0.001 -8"><span class='ocrx_word' id='word_1_370' title='bbox 239 4535 338 4590; x_wconf 84' lang='lat' dir='ltr'><strong>boli</strong></span> <span class='ocrx_word' id='word_1_371' title='bbox 367 4539 606 4598; x_wconf 82' lang='lat' dir='ltr'><strong>theatro,</strong></span> <span class='ocrx_word' id='word_1_372' title='bbox 633 4539 760 4592; x_wconf 91' lang='lat' dir='ltr'><strong>dum</strong></span> <span class='ocrx_word' id='word_1_373' title='bbox 792 4555 894 4592; x_wconf 75' lang='lat' dir='ltr'><strong>vox</strong></span> <span class='ocrx_word' id='word_1_374' title='bbox 925 4539 1220 4594; x_wconf 78' lang='lat' dir='ltr'><strong>fistularum</strong></span> <span class='ocrx_word' id='word_1_375' title='bbox 1258 4555 1319 4592; x_wconf 76' lang='lat' dir='ltr'><strong>ac</strong></span> <span class='ocrx_word' id='word_1_376' title='bbox 1353 4539 1598 4592; x_wconf 83' lang='lat' dir='ltr'><strong>tubarum</strong></span> <span class='ocrx_word' id='word_1_377' title='bbox 1623 4540 1826 4592; x_wconf 87' lang='lat' dir='ltr'><strong>omnis-</strong></span> 
     </span>
    </p>
   </div>
   <div class='ocr_carea' id='block_1_46' title="bbox 235 4629 1819 4696">
    <p class='ocr_par' dir='ltr' id='par_1_46' title="bbox 235 4629 1819 4696">
     <span class='ocr_line' id='line_1_46' title="bbox 235 4629 1819 4696; baseline 0.002 -17"><span class='ocrx_word' id='word_1_378' title='bbox 235 4642 335 4693; x_wconf 85' lang='lat' dir='ltr'><strong>que</strong></span> <span class='ocrx_word' id='word_1_379' title='bbox 381 4630 572 4683; x_wconf 77' lang='lat' dir='ltr'><strong>musici</strong></span> <span class='ocrx_word' id='word_1_380' title='bbox 618 4630 955 4684; x_wconf 82' lang='lat' dir='ltr'><strong>instrumenti</strong></span> <span class='ocrx_word' id='word_1_381' title='bbox 985 4631 1050 4682; x_wconf 86' lang='lat' dir='ltr'><strong>ad</strong></span> <span class='ocrx_word' id='word_1_382' title='bbox 1083 4631 1272 4682; x_wconf 68' lang='lat' dir='ltr'><strong>celum</strong></span> <span class='ocrx_word' id='word_1_383' title='bbox 1307 4644 1475 4696; x_wconf 80' lang='lat' dir='ltr'><strong>usque</strong></span> <span class='ocrx_word' id='word_1_384' title='bbox 1501 4629 1819 4694; x_wconf 86' lang='lat' dir='ltr'><strong>ascendens,</strong></span> 
     </span>
    </p>
   </div>
   <div class='ocr_carea' id='block_1_47' title="bbox 236 4712 1824 4786">
    <p class='ocr_par' dir='ltr' id='par_1_47' title="bbox 236 4712 1824 4786">
     <span class='ocr_line' id='line_1_47' title="bbox 236 4712 1824 4786; baseline 0.001 -16"><span class='ocrx_word' id='word_1_385' title='bbox 236 4717 445 4774; x_wconf 90' lang='lat' dir='ltr'><strong>illorum</strong></span> <span class='ocrx_word' id='word_1_386' title='bbox 473 4719 697 4774; x_wconf 87' lang='lat' dir='ltr'><strong>auribus</strong></span> <span class='ocrx_word' id='word_1_387' title='bbox 721 4712 1053 4786; x_wconf 83' lang='lat' dir='ltr'><strong>personaret.</strong></span> <span class='ocrx_word' id='word_1_388' title='bbox 1086 4719 1296 4773; x_wconf 77' lang='lat' dir='ltr'><strong>Fornax</strong></span> <span class='ocrx_word' id='word_1_389' title='bbox 1323 4720 1744 4773; x_wconf 85' lang='lat' dir='ltr'><strong>succcndebatur</strong></span> <span class='ocrx_word' id='word_1_390' title='bbox 1771 4730 1824 4774; x_wconf 88' lang='lat' dir='ltr'><strong>et</strong></span> 
     </span>
    </p>
   </div>
   <div class='ocr_carea' id='block_1_48' title="bbox 237 4808 1823 4876">
    <p class='ocr_par' dir='ltr' id='par_1_48' title="bbox 237 4808 1823 4876">
     <span class='ocr_line' id='line_1_48' title="bbox 237 4808 1823 4876; baseline -0.002 -13"><span class='ocrx_word' id='word_1_391' title='bbox 237 4810 446 4864; x_wconf 80' lang='lat' dir='ltr'><strong>flamma</strong></span> <span class='ocrx_word' id='word_1_392' title='bbox 477 4813 544 4864; x_wconf 90' lang='lat' dir='ltr'><strong>ad</strong></span> <span class='ocrx_word' id='word_1_393' title='bbox 597 4809 909 4863; x_wconf 84' lang='lat' dir='ltr'><strong>immensam</strong></span> <span class='ocrx_word' id='word_1_394' title='bbox 956 4808 1290 4863; x_wconf 87' lang='lat' dir='ltr'><strong>altitudinem</strong></span> <span class='ocrx_word' id='word_1_395' title='bbox 1331 4823 1501 4876; x_wconf 83' lang='lat' dir='ltr'><strong>usque</strong></span> <span class='ocrx_word' id='word_1_396' title='bbox 1543 4810 1610 4863; x_wconf 87' lang='lat' dir='ltr'><strong>ad</strong></span> <span class='ocrx_word' id='word_1_397' title='bbox 1655 4810 1823 4862; x_wconf 81' lang='lat' dir='ltr'><strong>nubes</strong></span> 
     </span>
    </p>
   </div>
   <div class='ocr_carea' id='block_1_49' title="bbox 238 4899 1818 4967">
    <p class='ocr_par' dir='ltr' id='par_1_49' title="bbox 238 4899 1818 4967">
     <span class='ocr_line' id='line_1_49' title="bbox 238 4899 1818 4967; baseline -0.001 -15"><span class='ocrx_word' id='word_1_398' title='bbox 238 4899 604 4963; x_wconf 83' lang='lat' dir='ltr'><strong>ascendebat,</strong></span> <span class='ocrx_word' id='word_1_399' title='bbox 660 4899 841 4952; x_wconf 87' lang='lat' dir='ltr'><strong>omnia</strong></span> <span class='ocrx_word' id='word_1_400' title='bbox 889 4909 1033 4952; x_wconf 91' lang='lat' dir='ltr'><strong>metu</strong></span> <span class='ocrx_word' id='word_1_401' title='bbox 1081 4908 1389 4967; x_wconf 82' lang='lat' dir='ltr'><strong>terroreque</strong></span> <span class='ocrx_word' id='word_1_402' title='bbox 1448 4899 1598 4964; x_wconf 88' lang='lat' dir='ltr'><strong>plena</strong></span> <span class='ocrx_word' id='word_1_403' title='bbox 1648 4911 1818 4953; x_wconf 86' lang='lat' dir='ltr'><strong>erant.</strong></span> 
     </span>
    </p>
   </div>
   <div class='ocr_carea' id='block_1_50' title="bbox 238 4976 1820 5057">
    <p class='ocr_par' dir='ltr' id='par_1_50' title="bbox 238 4976 1820 5057">
     <span class='ocr_line' id='line_1_50' title="bbox 238 4976 1820 5057; baseline 0.001 -14"><span class='ocrx_word' id='word_1_404' title='bbox 238 4990 432 5045; x_wconf 77' lang='lat' dir='ltr'><strong>Verum</strong></span> <span class='ocrx_word' id='word_1_405' title='bbox 477 4991 602 5044; x_wconf 84' lang='lat' dir='ltr'><strong>illos</strong></span> <span class='ocrx_word' id='word_1_406' title='bbox 631 4989 846 5057; x_wconf 80' lang='lat' dir='ltr'><strong>quidem</strong></span> <span class='ocrx_word' id='word_1_407' title='bbox 877 4989 1005 5043; x_wconf 88' lang='lat' dir='ltr'><strong>nihil</strong></span> <span class='ocrx_word' id='word_1_408' title='bbox 1035 4990 1223 5044; x_wconf 89' lang='lat' dir='ltr'><strong>horum</strong></span> <span class='ocrx_word' id='word_1_409' title='bbox 1263 4991 1557 5056; x_wconf 75' lang='lat' dir='ltr'><strong>exterruit;</strong></span> <span class='ocrx_word' id='word_1_410' title='bbox 1599 4976 1693 5044; x_wconf 80' lang='lat' dir='ltr'><strong>sed</strong></span> <span class='ocrx_word' id='word_1_411' title='bbox 1723 4992 1820 5044; x_wconf 89' lang='lat' dir='ltr'><strong>ad-</strong></span> 
     </span>
    </p>
   </div>
   <div class='ocr_carea' id='block_1_51' title="bbox 238 5078 1819 5151">
    <p class='ocr_par' dir='ltr' id='par_1_51' title="bbox 238 5078 1819 5151">
     <span class='ocr_line' id='line_1_51' title="bbox 238 5078 1819 5151; baseline -0.001 -15"><span class='ocrx_word' id='word_1_412' title='bbox 238 5090 437 5137; x_wconf 85' lang='lat' dir='ltr'><strong>stantes</strong></span> <span class='ocrx_word' id='word_1_413' title='bbox 461 5080 619 5151; x_wconf 84' lang='lat' dir='ltr'><strong>quasi</strong></span> <span class='ocrx_word' id='word_1_414' title='bbox 641 5079 882 5134; x_wconf 86' lang='lat' dir='ltr'><strong>ludentes</strong></span> <span class='ocrx_word' id='word_1_415' title='bbox 908 5093 1100 5149; x_wconf 87' lang='lat' dir='ltr'><strong>pueros</strong></span> <span class='ocrx_word' id='word_1_416' title='bbox 1130 5078 1453 5141; x_wconf 81' lang='lat' dir='ltr'><strong>deriserunt,</strong></span> <span class='ocrx_word' id='word_1_417' title='bbox 1487 5094 1548 5133; x_wconf 86' lang='lat' dir='ltr'><strong>ac</strong></span> <span class='ocrx_word' id='word_1_418' title='bbox 1575 5080 1819 5134; x_wconf 81' lang='lat' dir='ltr'><strong>virtutem</strong></span> 
     </span>
    </p>
   </div>
   <div class='ocr_carea' id='block_1_52' title="bbox 240 5168 1820 5239">
    <p class='ocr_par' dir='ltr' id='par_1_52' title="bbox 240 5168 1820 5239">
     <span class='ocr_line' id='line_1_52' title="bbox 240 5168 1820 5239; baseline -0.001 -14"><span class='ocrx_word' id='word_1_419' title='bbox 240 5170 812 5239; x_wconf 80' lang='lat' dir='ltr'><strong>mansuetudinemque</strong></span> <span class='ocrx_word' id='word_1_420' title='bbox 836 5184 984 5224; x_wconf 88' lang='lat' dir='ltr'><strong>suam</strong></span> <span class='ocrx_word' id='word_1_421' title='bbox 1016 5168 1389 5236; x_wconf 84' lang='lat' dir='ltr'><strong>ostenderunt,</strong></span> <span class='ocrx_word' id='word_1_422' title='bbox 1424 5170 1658 5239; x_wconf 82' lang='lat' dir='ltr'><strong>ipsisque</strong></span> <span class='ocrx_word' id='word_1_423' title='bbox 1681 5169 1820 5224; x_wconf 86' lang='lat' dir='ltr'><strong>tubis</strong></span> 
     </span>
    </p>
   </div>
   <div class='ocr_carea' id='block_1_53' title="bbox 309 5452 1835 5517">
    <p class='ocr_par' dir='ltr' id='par_1_53' title="bbox 309 5452 1835 5517">
     <span class='ocr_line' id='line_1_53' title="bbox 309 5452 1835 5517; baseline -0.001 -13"><span class='ocrx_word' id='word_1_424' title='bbox 309 5456 381 5516; x_wconf 89' lang='lat' dir='ltr'><strong>(a)</strong></span> <span class='ocrx_word' id='word_1_425' title='bbox 415 5456 497 5504; x_wconf 78' lang='lat' dir='ltr'><strong>Hic</strong></span> <span class='ocrx_word' id='word_1_426' title='bbox 521 5454 773 5517; x_wconf 76' lang='lat' dir='ltr'><strong>memoria</strong></span> <span class='ocrx_word' id='word_1_427' title='bbox 792 5452 885 5517; x_wconf 84' lang='lat' dir='ltr'><strong>labi</strong></span> <span class='ocrx_word' id='word_1_428' title='bbox 923 5452 1115 5517; x_wconf 78' lang='lat' dir='ltr'><strong>videtur</strong></span> <span class='ocrx_word' id='word_1_429' title='bbox 1154 5453 1542 5517; x_wconf 67' lang='lat' dir='ltr'><strong>Chrysostomus,</strong></span> <span class='ocrx_word' id='word_1_430' title='bbox 1583 5469 1689 5502; x_wconf 83' lang='lat' dir='ltr'><strong>cum</strong></span> <span class='ocrx_word' id='word_1_431' title='bbox 1723 5456 1835 5503; x_wconf 66' lang='lat' dir='ltr'><strong>dicit</strong></span> 
     </span>
    </p>
   </div>
   <div class='ocr_carea' id='block_1_54' title="bbox 250 5514 1837 5577">
    <p class='ocr_par' dir='ltr' id='par_1_54' title="bbox 250 5514 1837 5577">
     <span class='ocr_line' id='line_1_54' title="bbox 250 5514 1837 5577; baseline -0.002 -12"><span class='ocrx_word' id='word_1_432' title='bbox 250 5514 449 5566; x_wconf 79' lang='lat' dir='ltr'><strong>statuam</strong></span> <span class='ocrx_word' id='word_1_433' title='bbox 485 5516 613 5577; x_wconf 83' lang='lat' dir='ltr'><strong>illam</strong></span> <span class='ocrx_word' id='word_1_434' title='bbox 647 5527 674 5564; x_wconf 87' lang='lat' dir='ltr'><strong>a</strong></span> <span class='ocrx_word' id='word_1_435' title='bbox 700 5514 1164 5577; x_wconf 71' lang='lat' dir='ltr'><strong>Nabuchodonosore</strong></span> <span class='ocrx_word' id='word_1_436' title='bbox 1205 5514 1376 5564; x_wconf 75' lang='lat' dir='ltr'><strong>factam</strong></span> <span class='ocrx_word' id='word_1_437' title='bbox 1411 5527 1475 5564; x_wconf 72' lang='lat' dir='ltr'><strong>ex</strong></span> <span class='ocrx_word' id='word_1_438' title='bbox 1509 5516 1639 5577; x_wconf 76' lang='lat' dir='ltr'><strong>ligno</strong></span> <span class='ocrx_word' id='word_1_439' title='bbox 1674 5516 1837 5564; x_wconf 73' lang='lat' dir='ltr'><strong>fuisse.</strong></span> 
     </span>
    </p>
   </div>
   <div class='ocr_carea' id='block_1_55' title="bbox 251 5575 1835 5638">
    <p class='ocr_par' dir='ltr' id='par_1_55' title="bbox 251 5575 1835 5638">
     <span class='ocr_line' id='line_1_55' title="bbox 251 5575 1835 5638; baseline 0.001 -14"><span class='ocrx_word' id='word_1_440' title='bbox 251 5583 356 5625; x_wconf 74' lang='lat' dir='ltr'><strong>itam</strong></span> <span class='ocrx_word' id='word_1_441' title='bbox 379 5589 528 5638; x_wconf 77' lang='lat' dir='ltr'><strong>aurea</strong></span> <span class='ocrx_word' id='word_1_442' title='bbox 554 5575 636 5624; x_wconf 88' lang='lat' dir='ltr'><strong>illa</strong></span> <span class='ocrx_word' id='word_1_443' title='bbox 658 5577 709 5638; x_wconf 86' lang='lat' dir='ltr'><strong>in</strong></span> <span class='ocrx_word' id='word_1_444' title='bbox 732 5575 1098 5638; x_wconf 80' lang='lat' dir='ltr'><strong>exemplaribus</strong></span> <span class='ocrx_word' id='word_1_445' title='bbox 1111 5578 1336 5626; x_wconf 81' lang='lat' dir='ltr'><strong>omnibus</strong></span> <span class='ocrx_word' id='word_1_446' title='bbox 1359 5575 1624 5636; x_wconf 70' lang='lat' dir='ltr'><strong>ttebraiéis,</strong></span> <span class='ocrx_word' id='word_1_447' title='bbox 1641 5579 1835 5632; x_wconf 61' lang='lat' dir='ltr'><strong>Graecis,</strong></span> 
     </span>
    </p>
   </div>
   <div class='ocr_carea' id='block_1_56' title="bbox 255 5636 809 5686">
    <p class='ocr_par' dir='ltr' id='par_1_56' title="bbox 255 5636 809 5686">
     <span class='ocr_line' id='line_1_56' title="bbox 255 5636 809 5686; baseline -0.004 0"><span class='ocrx_word' id='word_1_448' title='bbox 255 5638 424 5686; x_wconf 76' lang='lat' dir='ltr'><strong>Latinis</strong></span> <span class='ocrx_word' id='word_1_449' title='bbox 445 5636 597 5686; x_wconf 79' lang='lat' dir='ltr'><strong>fuisse</strong></span> <span class='ocrx_word' id='word_1_450' title='bbox 616 5637 809 5686; x_wconf 84' lang='lat' dir='ltr'><strong>dicitur.</strong></span> 
     </span>
    </p>
   </div>
   <div class='ocr_carea' id='block_1_57' title="bbox 247 5699 1827 5810">
    <p class='ocr_par' dir='ltr' id='par_1_57' title="bbox 247 5699 1827 5810">
     <span class='ocr_line' id='line_1_57' title="bbox 247 5699 1827 5810; baseline 0.004 -62"><span class='ocrx_word' id='word_1_451' title='bbox 247 5704 323 5809; x_wconf 47' lang='grc' dir='ltr'><strong>ὡς</strong></span> <span class='ocrx_word' id='word_1_452' title='bbox 684 5713 778 5750; x_wconf 88' lang='lat' dir='ltr'><strong>non</strong></span> <span class='ocrx_word' id='word_1_453' title='bbox 802 5701 937 5762; x_wconf 64' lang='lat' dir='ltr'><strong>[auct</strong></span> <span class='ocrx_word' id='word_1_454' title='bbox 959 5699 1156 5764; x_wconf 81' lang='lat' dir='ltr'><strong>legunt,</strong></span> <span class='ocrx_word' id='word_1_455' title='bbox 1188 5699 1302 5760; x_wconf 85' lang='lat' dir='ltr'><strong>luto,</strong></span> <span class='ocrx_word' id='word_1_456' title='bbox 1326 5714 1431 5764; x_wconf 78' lang='lat' dir='ltr'><strong>pro,</strong></span> <span class='ocrx_word' id='word_1_457' title='bbox 1457 5701 1740 5764; x_wconf 75' lang='lat' dir='ltr'><strong>margarita.</strong></span> <span class='ocrx_word' id='word_1_458' title='bbox 1777 5708 1827 5754; x_wconf 81' lang='lat' dir='ltr'><strong>Et</strong></span> 
     </span>
     <span class='ocr_line' id='line_1_58' title="bbox 376 5773 546 5808; baseline 0.024 -3"><span class='ocrx_word' id='word_1_459' title='bbox 376 5777 406 5808; x_wconf 86' lang='lat' dir='ltr'><strong>tl</strong></span> <span class='ocrx_word' id='word_1_460' title='bbox 537 5773 546 5782; x_wconf 89' lang='lat'>&#39;</span> 
     </span>
    </p>
   </div>
   <div class='ocr_carea' id='block_1_58' title="bbox 259 451 3538 534">
    <p class='ocr_par' dir='ltr' id='par_1_58' title="bbox 259 451 3538 534">
     <span class='ocr_line' id='line_1_59' title="bbox 259 451 3538 534; baseline -0.009 0"><span class='ocrx_word' id='word_1_461' title='bbox 259 478 320 534; x_wconf 75' lang='lat'><strong>5|</strong></span> <span class='ocrx_word' id='word_1_462' title='bbox 1427 465 1490 519; x_wconf 80' lang='lat' dir='ltr'><strong>IN</strong></span> <span class='ocrx_word' id='word_1_463' title='bbox 1530 462 1935 518; x_wconf 63' lang='lat' dir='ltr'><strong>MATTIIJ’IUM</strong></span> <span class='ocrx_word' id='word_1_464' title='bbox 2003 462 2228 517; x_wconf 59' lang='lat' dir='ltr'><strong>llOXlIL.</strong></span> <span class='ocrx_word' id='word_1_465' title='bbox 2277 462 2362 516; x_wconf 80' lang='lat' dir='ltr'><strong>IV.</strong></span> <span class='ocrx_word' id='word_1_466' title='bbox 3470 451 3538 504; x_wconf 73' lang='lat' dir='ltr'><strong>3i!</strong></span> 
     </span>
    </p>
   </div>
   <div class='ocr_carea' id='block_1_59' title="bbox 1962 565 3540 632">
    <p class='ocr_par' dir='ltr' id='par_1_59' title="bbox 1962 565 3540 632">
     <span class='ocr_line' id='line_1_60' title="bbox 1962 565 3540 632; baseline -0.004 -6"><span class='ocrx_word' id='word_1_467' title='bbox 1962 571 2240 628; x_wconf 82' lang='lat' dir='ltr'><strong>clariorem</strong></span> <span class='ocrx_word' id='word_1_468' title='bbox 2267 570 2576 622; x_wconf 81' lang='lat' dir='ltr'><strong>entittcntes</strong></span> <span class='ocrx_word' id='word_1_469' title='bbox 2602 582 2786 624; x_wconf 90' lang='lat' dir='ltr'><strong>vocem</strong></span> <span class='ocrx_word' id='word_1_470' title='bbox 2818 567 3064 622; x_wconf 89' lang='lat' dir='ltr'><strong>dicebant</strong></span> <span class='ocrx_word' id='word_1_471' title='bbox 3089 587 3101 622; x_wconf 90' lang='lat'><strong>:</strong></span> <span class='ocrx_word' id='word_1_472' title='bbox 3131 565 3325 623; x_wconf 86' lang='lat' dir='ltr'><strong>Notum</strong></span> <span class='ocrx_word' id='word_1_473' title='bbox 3352 570 3414 622; x_wconf 88' lang='lat' dir='ltr'><strong>sit</strong></span> <span class='ocrx_word' id='word_1_474' title='bbox 3432 572 3540 632; x_wconf 74' lang='lat' dir='ltr'><strong>tibi,</strong></span> 
     </span>
    </p>
   </div>
   <div class='ocr_carea' id='block_1_60' title="bbox 1958 655 3542 730">
    <p class='ocr_par' dir='ltr' id='par_1_60' title="bbox 1958 655 3542 730">
     <span class='ocr_line' id='line_1_61' title="bbox 1958 655 3542 730; baseline -0.001 -18"><span class='ocrx_word' id='word_1_475' title='bbox 1958 674 2049 714; x_wconf 73' lang='lat' dir='ltr'><strong>res</strong></span> <span class='ocrx_word' id='word_1_476' title='bbox 2079 656 2253 730; x_wconf 83' lang='lat' dir='ltr'><strong>(Dan.</strong></span> <span class='ocrx_word' id='word_1_477' title='bbox 2287 658 2339 712; x_wconf 80' lang='lat'><strong>&#39;5.</strong></span> <span class='ocrx_word' id='word_1_478' title='bbox 2374 657 2501 727; x_wconf 82' lang='lat' dir='ltr'><strong>l8).</strong></span> <span class='ocrx_word' id='word_1_479' title='bbox 2546 655 2728 726; x_wconf 83' lang='lat' dir='ltr'><strong>Neque</strong></span> <span class='ocrx_word' id='word_1_480' title='bbox 2756 659 2897 711; x_wconf 89' lang='lat' dir='ltr'><strong>enim</strong></span> <span class='ocrx_word' id='word_1_481' title='bbox 2927 657 3105 712; x_wconf 90' lang='lat' dir='ltr'><strong>verbis</strong></span> <span class='ocrx_word' id='word_1_482' title='bbox 3135 668 3416 727; x_wconf 86' lang='lat' dir='ltr'><strong>tyranuum</strong></span> <span class='ocrx_word' id='word_1_483' title='bbox 3445 657 3542 711; x_wconf 86' lang='lat' dir='ltr'><strong>de-</strong></span> 
     </span>
    </p>
   </div>
   <div class='ocr_carea' id='block_1_61' title="bbox 1961 739 3544 816">
    <p class='ocr_par' dir='ltr' id='par_1_61' title="bbox 1961 739 3544 816">
     <span class='ocr_line' id='line_1_62' title="bbox 1961 739 3544 816; baseline 0 -13"><span class='ocrx_word' id='word_1_484' title='bbox 1961 748 2248 804; x_wconf 85' lang='lat' dir='ltr'><strong>honestare</strong></span> <span class='ocrx_word' id='word_1_485' title='bbox 2277 748 2546 814; x_wconf 87' lang='lat' dir='ltr'><strong>volebant,</strong></span> <span class='ocrx_word' id='word_1_486' title='bbox 2578 749 2672 803; x_wconf 90' lang='lat' dir='ltr'><strong>sed</strong></span> <span class='ocrx_word' id='word_1_487' title='bbox 2702 757 2905 802; x_wconf 87' lang='lat' dir='ltr'><strong>tantum</strong></span> <span class='ocrx_word' id='word_1_488' title='bbox 2936 749 3186 816; x_wconf 84' lang='lat' dir='ltr'><strong>pietatem</strong></span> <span class='ocrx_word' id='word_1_489' title='bbox 3217 763 3368 802; x_wconf 90' lang='lat' dir='ltr'><strong>suam</strong></span> <span class='ocrx_word' id='word_1_490' title='bbox 3393 739 3544 803; x_wconf 80' lang='lat' dir='ltr'><strong>exhi-</strong></span> 
     </span>
    </p>
   </div>
   <div class='ocr_carea' id='block_1_62' title="bbox 1957 838 3540 911">
    <p class='ocr_par' dir='ltr' id='par_1_62' title="bbox 1957 838 3540 911">
     <span class='ocr_line' id='line_1_63' title="bbox 1957 838 3540 911; baseline -0.004 -15"><span class='ocrx_word' id='word_1_491' title='bbox 1957 840 2103 896; x_wconf 91' lang='lat' dir='ltr'><strong>bere.</strong></span> <span class='ocrx_word' id='word_1_492' title='bbox 2134 840 2471 911; x_wconf 86' lang='lat' dir='ltr'><strong>Quapropter</strong></span> <span class='ocrx_word' id='word_1_493' title='bbox 2508 853 2613 893; x_wconf 90' lang='lat' dir='ltr'><strong>non</strong></span> <span class='ocrx_word' id='word_1_494' title='bbox 2655 839 2828 909; x_wconf 85' lang='lat' dir='ltr'><strong>longis</strong></span> <span class='ocrx_word' id='word_1_495' title='bbox 2871 839 3211 893; x_wconf 88' lang='lat' dir='ltr'><strong>sermonibus</strong></span> <span class='ocrx_word' id='word_1_496' title='bbox 3253 848 3376 892; x_wconf 81' lang='lat' dir='ltr'><strong>sunt</strong></span> <span class='ocrx_word' id='word_1_497' title='bbox 3421 838 3499 892; x_wconf 89' lang='lat' dir='ltr'><strong>usi</strong></span> <span class='ocrx_word' id='word_1_498' title='bbox 3524 879 3540 901; x_wconf 94' lang='lat'><strong>,</strong></span> 
     </span>
    </p>
   </div>
   <div class='ocr_carea' id='block_1_63' title="bbox 1959 926 3540 1000">
    <p class='ocr_par' dir='ltr' id='par_1_63' title="bbox 1959 926 3540 1000">
     <span class='ocr_line' id='line_1_64' title="bbox 1959 926 3540 1000; baseline -0.002 -15"><span class='ocrx_word' id='word_1_499' title='bbox 1959 931 2053 985; x_wconf 87' lang='lat' dir='ltr'><strong>sed</strong></span> <span class='ocrx_word' id='word_1_500' title='bbox 2086 930 2270 1000; x_wconf 91' lang='lat' dir='ltr'><strong>paucis</strong></span> <span class='ocrx_word' id='word_1_501' title='bbox 2294 938 2486 983; x_wconf 89' lang='lat' dir='ltr'><strong>cuncta</strong></span> <span class='ocrx_word' id='word_1_502' title='bbox 2513 928 2854 984; x_wconf 89' lang='lat' dir='ltr'><strong>declararunt</strong></span> <span class='ocrx_word' id='word_1_503' title='bbox 2885 946 2897 982; x_wconf 89' lang='lat'><strong>:</strong></span> <span class='ocrx_word' id='word_1_504' title='bbox 2933 926 3057 994; x_wconf 87' lang='lat' dir='ltr'><strong>Est,</strong></span> <span class='ocrx_word' id='word_1_505' title='bbox 3091 929 3369 998; x_wconf 90' lang='lat' dir='ltr'><strong>inquiunt,</strong></span> <span class='ocrx_word' id='word_1_506' title='bbox 3400 926 3540 982; x_wconf 76' lang='lat' dir='ltr'><strong>Deus</strong></span> 
     </span>
    </p>
   </div>
   <div class='ocr_carea' id='block_1_64' title="bbox 1956 1017 3546 1088">
    <p class='ocr_par' dir='ltr' id='par_1_64' title="bbox 1956 1017 3546 1088">
     <span class='ocr_line' id='line_1_65' title="bbox 1956 1017 3546 1088; baseline -0.001 -16"><span class='ocrx_word' id='word_1_507' title='bbox 1956 1022 2007 1073; x_wconf 85' lang='lat' dir='ltr'><strong>in</strong></span> <span class='ocrx_word' id='word_1_508' title='bbox 2036 1020 2181 1084; x_wconf 75' lang='lat' dir='ltr'><strong>rario,</strong></span> <span class='ocrx_word' id='word_1_509' title='bbox 2210 1019 2298 1088; x_wconf 79' lang='lat' dir='ltr'><strong>qui</strong></span> <span class='ocrx_word' id='word_1_510' title='bbox 2324 1028 2482 1086; x_wconf 82' lang='lat' dir='ltr'><strong>potest</strong></span> <span class='ocrx_word' id='word_1_511' title='bbox 2511 1034 2600 1072; x_wconf 82' lang='lat' dir='ltr'><strong>nos</strong></span> <span class='ocrx_word' id='word_1_512' title='bbox 2622 1033 2796 1071; x_wconf 83' lang='lat' dir='ltr'><strong>eruere</strong></span> <span class='ocrx_word' id='word_1_513' title='bbox 2815 1017 2981 1085; x_wconf 85' lang='lat' dir='ltr'><strong>(Ibid.</strong></span> <span class='ocrx_word' id='word_1_514' title='bbox 3003 1034 3050 1070; x_wconf 82' lang='grc' dir='ltr'><strong>υ.</strong></span> <span class='ocrx_word' id='word_1_515' title='bbox 3082 1019 3194 1088; x_wconf 81' lang='lat' dir='ltr'><strong>l7).</strong></span> <span class='ocrx_word' id='word_1_516' title='bbox 3225 1017 3361 1086; x_wconf 87' lang='lat' dir='ltr'><strong>Quid</strong></span> <span class='ocrx_word' id='word_1_517' title='bbox 3392 1018 3546 1072; x_wconf 80' lang='lat' dir='ltr'><strong>nobis</strong></span> 
     </span>
    </p>
   </div>
   <div class='ocr_carea' id='block_1_65' title="bbox 1958 1106 3543 1176">
    <p class='ocr_par' dir='ltr' id='par_1_65' title="bbox 1958 1106 3543 1176">
     <span class='ocr_line' id='line_1_66' title="bbox 1958 1106 3543 1176; baseline -0.001 -14"><span class='ocrx_word' id='word_1_518' title='bbox 1958 1117 2155 1162; x_wconf 87' lang='lat' dir='ltr'><strong>tantam</strong></span> <span class='ocrx_word' id='word_1_519' title='bbox 2195 1106 2587 1162; x_wconf 88' lang='lat' dir='ltr'><strong>multitudinem</strong></span> <span class='ocrx_word' id='word_1_520' title='bbox 2617 1106 2889 1161; x_wconf 85' lang='lat' dir='ltr'><strong>ostendis?</strong></span> <span class='ocrx_word' id='word_1_521' title='bbox 2913 1107 3038 1176; x_wconf 92' lang='lat' dir='ltr'><strong>quid</strong></span> <span class='ocrx_word' id='word_1_522' title='bbox 3067 1106 3338 1162; x_wconf 79' lang='lat' dir='ltr'><strong>fornacem</strong></span> <span class='ocrx_word' id='word_1_523' title='bbox 3356 1109 3380 1158; x_wconf 67' lang='grc' dir='ltr'><strong>’ἰ</strong></span> <span class='ocrx_word' id='word_1_524' title='bbox 3413 1107 3543 1176; x_wconf 88' lang='lat' dir='ltr'><strong>quid</strong></span> 
     </span>
    </p>
   </div>
   <div class='ocr_carea' id='block_1_66' title="bbox 1956 1195 3545 1267">
    <p class='ocr_par' dir='ltr' id='par_1_66' title="bbox 1956 1195 3545 1267">
     <span class='ocr_line' id='line_1_67' title="bbox 1956 1195 3545 1267; baseline -0.001 -15"><span class='ocrx_word' id='word_1_525' title='bbox 1956 1199 2160 1267; x_wconf 88' lang='lat' dir='ltr'><strong>gladios</strong></span> <span class='ocrx_word' id='word_1_526' title='bbox 2195 1208 2417 1260; x_wconf 88' lang='lat' dir='ltr'><strong>acutos,</strong></span> <span class='ocrx_word' id='word_1_527' title='bbox 2467 1196 2594 1266; x_wconf 91' lang='lat' dir='ltr'><strong>quid</strong></span> <span class='ocrx_word' id='word_1_528' title='bbox 2626 1195 2893 1251; x_wconf 88' lang='lat' dir='ltr'><strong>terribiles</strong></span> <span class='ocrx_word' id='word_1_529' title='bbox 2937 1196 3059 1251; x_wconf 88' lang='lat' dir='ltr'><strong>illos</strong></span> <span class='ocrx_word' id='word_1_530' title='bbox 3110 1197 3407 1252; x_wconf 85' lang='lat' dir='ltr'><strong>satellites?</strong></span> <span class='ocrx_word' id='word_1_531' title='bbox 3452 1195 3545 1251; x_wconf 83' lang='lat' dir='ltr'><strong>llis</strong></span> 
     </span>
    </p>
   </div>
   <div class='ocr_carea' id='block_1_67' title="bbox 1949 1285 3543 1357">
    <p class='ocr_par' dir='ltr' id='par_1_67' title="bbox 1949 1285 3543 1357">
     <span class='ocr_line' id='line_1_68' title="bbox 1949 1285 3543 1357; baseline -0.003 -16"><span class='ocrx_word' id='word_1_532' title='bbox 1949 1288 2197 1342; x_wconf 87' lang='lat' dir='ltr'><strong>omnibus</strong></span> <span class='ocrx_word' id='word_1_533' title='bbox 2230 1287 2476 1356; x_wconf 86' lang='lat' dir='ltr'><strong>superior</strong></span> <span class='ocrx_word' id='word_1_534' title='bbox 2501 1299 2555 1342; x_wconf 87' lang='lat' dir='ltr'><strong>et</strong></span> <span class='ocrx_word' id='word_1_535' title='bbox 2595 1288 2864 1357; x_wconf 88' lang='lat' dir='ltr'><strong>potentior</strong></span> <span class='ocrx_word' id='word_1_536' title='bbox 2903 1297 2985 1341; x_wconf 90' lang='lat' dir='ltr'><strong>est</strong></span> <span class='ocrx_word' id='word_1_537' title='bbox 3026 1288 3303 1340; x_wconf 84' lang='lat' dir='ltr'><strong>Dominus.</strong></span> <span class='ocrx_word' id='word_1_538' title='bbox 3341 1285 3543 1340; x_wconf 83' lang='lat' dir='ltr'><strong>Deinde</strong></span> 
     </span>
    </p>
   </div>
   <div class='ocr_carea' id='block_1_68' title="bbox 1949 1377 3544 1447">
    <p class='ocr_par' dir='ltr' id='par_1_68' title="bbox 1949 1377 3544 1447">
     <span class='ocr_line' id='line_1_69' title="bbox 1949 1377 3544 1447; baseline -0.001 -17"><span class='ocrx_word' id='word_1_539' title='bbox 1949 1379 2242 1447; x_wconf 85' lang='lat' dir='ltr'><strong>cogitantes</strong></span> <span class='ocrx_word' id='word_1_540' title='bbox 2271 1378 2587 1447; x_wconf 88' lang='lat' dir='ltr'><strong>contingere</strong></span> <span class='ocrx_word' id='word_1_541' title='bbox 2629 1392 2786 1447; x_wconf 90' lang='lat' dir='ltr'><strong>posse</strong></span> <span class='ocrx_word' id='word_1_542' title='bbox 2820 1377 2987 1432; x_wconf 89' lang='lat' dir='ltr'><strong>Deum</strong></span> <span class='ocrx_word' id='word_1_543' title='bbox 3021 1379 3094 1432; x_wconf 83' lang='lat' dir='ltr'><strong>ita</strong></span> <span class='ocrx_word' id='word_1_544' title='bbox 3118 1377 3256 1432; x_wconf 91' lang='lat' dir='ltr'><strong>velle</strong></span> <span class='ocrx_word' id='word_1_545' title='bbox 3278 1417 3293 1440; x_wconf 90' lang='lat'><strong>,</strong></span> <span class='ocrx_word' id='word_1_546' title='bbox 3328 1393 3391 1430; x_wconf 91' lang='lat' dir='ltr'><strong>ac</strong></span> <span class='ocrx_word' id='word_1_547' title='bbox 3423 1390 3544 1444; x_wconf 86' lang='lat' dir='ltr'><strong>per-</strong></span> 
     </span>
    </p>
   </div>
   <div class='ocr_carea' id='block_1_69' title="bbox 1951 1464 3546 1536">
    <p class='ocr_par' dir='ltr' id='par_1_69' title="bbox 1951 1464 3546 1536">
     <span class='ocr_line' id='line_1_70' title="bbox 1951 1464 3546 1536; baseline -0.001 -16"><span class='ocrx_word' id='word_1_548' title='bbox 1951 1467 2163 1521; x_wconf 90' lang='lat' dir='ltr'><strong>mittere</strong></span> <span class='ocrx_word' id='word_1_549' title='bbox 2215 1476 2272 1521; x_wconf 91' lang='lat' dir='ltr'><strong>ut</strong></span> <span class='ocrx_word' id='word_1_550' title='bbox 2321 1467 2420 1536; x_wconf 89' lang='lat' dir='ltr'><strong>ipsi</strong></span> <span class='ocrx_word' id='word_1_551' title='bbox 2461 1467 2960 1532; x_wconf 80' lang='lat' dir='ltr'><strong>comburerentur;</strong></span> <span class='ocrx_word' id='word_1_552' title='bbox 3006 1482 3074 1521; x_wconf 90' lang='lat' dir='ltr'><strong>ne</strong></span> <span class='ocrx_word' id='word_1_553' title='bbox 3123 1467 3217 1519; x_wconf 85' lang='lat' dir='ltr'><strong>illo</strong></span> <span class='ocrx_word' id='word_1_554' title='bbox 3265 1464 3546 1519; x_wconf 87' lang='lat' dir='ltr'><strong>accidente</strong></span> 
     </span>
    </p>
   </div>
   <div class='ocr_carea' id='block_1_70' title="bbox 1951 1553 3541 1626">
    <p class='ocr_par' dir='ltr' id='par_1_70' title="bbox 1951 1553 3541 1626">
     <span class='ocr_line' id='line_1_71' title="bbox 1951 1553 3541 1626; baseline 0 -18"><span class='ocrx_word' id='word_1_555' title='bbox 1951 1555 2260 1610; x_wconf 87' lang='lat' dir='ltr'><strong>viderentur</strong></span> <span class='ocrx_word' id='word_1_556' title='bbox 2288 1556 2563 1610; x_wconf 86' lang='lat' dir='ltr'><strong>mendacia</strong></span> <span class='ocrx_word' id='word_1_557' title='bbox 2593 1553 2800 1626; x_wconf 49' lang='lat' dir='ltr'><strong>&#39;loquuti</strong></span> <span class='ocrx_word' id='word_1_558' title='bbox 2827 1571 2969 1622; x_wconf 84' lang='lat' dir='ltr'><strong>esse,</strong></span> <span class='ocrx_word' id='word_1_559' title='bbox 2993 1556 3095 1611; x_wconf 90' lang='lat' dir='ltr'><strong>hoc</strong></span> <span class='ocrx_word' id='word_1_560' title='bbox 3117 1557 3277 1611; x_wconf 88' lang='lat' dir='ltr'><strong>etiam</strong></span> <span class='ocrx_word' id='word_1_561' title='bbox 3305 1556 3541 1610; x_wconf 89' lang='lat' dir='ltr'><strong>addunt:</strong></span> 
     </span>
    </p>
   </div>
   <div class='ocr_carea' id='block_1_71' title="bbox 1952 1645 3546 1714">
    <p class='ocr_par' dir='ltr' id='par_1_71' title="bbox 1952 1645 3546 1714">
     <span class='ocr_line' id='line_1_72' title="bbox 1952 1645 3546 1714; baseline 0 -16"><span class='ocrx_word' id='word_1_562' title='bbox 1952 1645 2103 1709; x_wconf 77' lang='lat' dir='ltr'><strong>Quod</strong></span> <span class='ocrx_word' id='word_1_563' title='bbox 2131 1647 2174 1700; x_wconf 82' lang='lat' dir='ltr'><strong>si</strong></span> <span class='ocrx_word' id='word_1_564' title='bbox 2196 1647 2290 1699; x_wconf 79' lang='lat' dir='ltr'><strong>hoc</strong></span> <span class='ocrx_word' id='word_1_565' title='bbox 2317 1662 2418 1699; x_wconf 83' lang='lat' dir='ltr'><strong>non</strong></span> <span class='ocrx_word' id='word_1_566' title='bbox 2443 1648 2534 1714; x_wconf 83' lang='lat' dir='ltr'><strong>ﬁat</strong></span> <span class='ocrx_word' id='word_1_567' title='bbox 2557 1687 2570 1710; x_wconf 94' lang='lat'><strong>,</strong></span> <span class='ocrx_word' id='word_1_568' title='bbox 2602 1656 2776 1700; x_wconf 83' lang='lat' dir='ltr'><strong>notum</strong></span> <span class='ocrx_word' id='word_1_569' title='bbox 2804 1647 2870 1701; x_wconf 80' lang='lat' dir='ltr'><strong>sit</strong></span> <span class='ocrx_word' id='word_1_570' title='bbox 2907 1646 2997 1699; x_wconf 73' lang='lat' dir='ltr'><strong>tibi</strong></span> <span class='ocrx_word' id='word_1_571' title='bbox 3033 1662 3124 1700; x_wconf 86' lang='lat' dir='ltr'><strong>nos</strong></span> <span class='ocrx_word' id='word_1_572' title='bbox 3161 1646 3280 1700; x_wconf 80' lang='lat' dir='ltr'><strong>deos</strong></span> <span class='ocrx_word' id='word_1_573' title='bbox 3307 1656 3419 1700; x_wconf 78' lang='lat' dir='ltr'><strong>tuas</strong></span> <span class='ocrx_word' id='word_1_574' title='bbox 3444 1661 3546 1698; x_wconf 84' lang='lat' dir='ltr'><strong>non</strong></span> 
     </span>
    </p>
   </div>
   <div class='ocr_carea' id='block_1_72' title="bbox 1951 1737 2511 1808">
    <p class='ocr_par' dir='ltr' id='par_1_72' title="bbox 1951 1737 2511 1808">
     <span class='ocr_line' id='line_1_73' title="bbox 1951 1737 2511 1808; baseline 0.002 -19"><span class='ocrx_word' id='word_1_575' title='bbox 1951 1737 2113 1790; x_wconf 81' lang='lat' dir='ltr'><strong>colere</strong></span> <span class='ocrx_word' id='word_1_576' title='bbox 2134 1737 2275 1803; x_wconf 87' lang='lat' dir='ltr'><strong>(Dan</strong></span> <span class='ocrx_word' id='word_1_577' title='bbox 2315 1739 2366 1792; x_wconf 73' lang='grc' dir='ltr'><strong>ὅ.</strong></span> <span class='ocrx_word' id='word_1_578' title='bbox 2403 1738 2511 1808; x_wconf 78' lang='grc'><strong>18).</strong></span> 
     </span>
    </p>
   </div>
   <div class='ocr_carea' id='block_1_73' title="bbox 2022 1827 3539 1897">
    <p class='ocr_par' dir='ltr' id='par_1_73' title="bbox 2022 1827 3539 1897">
     <span class='ocr_line' id='line_1_74' title="bbox 2022 1827 3539 1897; baseline -0.001 -16"><span class='ocrx_word' id='word_1_579' title='bbox 2022 1829 2108 1882; x_wconf 84' lang='lat' dir='ltr'><strong>ll.</strong></span> <span class='ocrx_word' id='word_1_580' title='bbox 2150 1827 2203 1883; x_wconf 90' lang='lat' dir='ltr'><strong>Si</strong></span> <span class='ocrx_word' id='word_1_581' title='bbox 2233 1829 2377 1883; x_wconf 89' lang='lat' dir='ltr'><strong>enim</strong></span> <span class='ocrx_word' id='word_1_582' title='bbox 2404 1829 2688 1890; x_wconf 76' lang='lat' dir='ltr'><strong>dixissent,</strong></span> <span class='ocrx_word' id='word_1_583' title='bbox 2718 1829 2859 1883; x_wconf 87' lang='lat' dir='ltr'><strong>Deus</strong></span> <span class='ocrx_word' id='word_1_584' title='bbox 2884 1828 2955 1883; x_wconf 92' lang='lat' dir='ltr'><strong>ob</strong></span> <span class='ocrx_word' id='word_1_585' title='bbox 2986 1837 3203 1897; x_wconf 88' lang='lat' dir='ltr'><strong>peccata</strong></span> <span class='ocrx_word' id='word_1_586' title='bbox 3236 1843 3340 1882; x_wconf 91' lang='lat' dir='ltr'><strong>non</strong></span> <span class='ocrx_word' id='word_1_587' title='bbox 3381 1838 3539 1882; x_wconf 85' lang='lat' dir='ltr'><strong>eruet</strong></span> 
     </span>
    </p>
   </div>
   <div class='ocr_carea' id='block_1_74' title="bbox 1950 1916 3549 1987">
    <p class='ocr_par' dir='ltr' id='par_1_74' title="bbox 1950 1916 3549 1987">
     <span class='ocr_line' id='line_1_75' title="bbox 1950 1916 3549 1987; baseline 0.003 -19"><span class='ocrx_word' id='word_1_588' title='bbox 1950 1931 2069 1981; x_wconf 90' lang='lat' dir='ltr'><strong>nos,</strong></span> <span class='ocrx_word' id='word_1_589' title='bbox 2097 1917 2238 1986; x_wconf 89' lang='lat' dir='ltr'><strong>quod</strong></span> <span class='ocrx_word' id='word_1_590' title='bbox 2268 1919 2312 1970; x_wconf 89' lang='lat' dir='ltr'><strong>si</strong></span> <span class='ocrx_word' id='word_1_591' title='bbox 2343 1933 2447 1971; x_wconf 89' lang='lat' dir='ltr'><strong>non</strong></span> <span class='ocrx_word' id='word_1_592' title='bbox 2477 1918 2689 1986; x_wconf 86' lang='lat' dir='ltr'><strong>eripiat,</strong></span> <span class='ocrx_word' id='word_1_593' title='bbox 2722 1918 2854 1972; x_wconf 83' lang='lat' dir='ltr'><strong>ﬁdes</strong></span> <span class='ocrx_word' id='word_1_594' title='bbox 2884 1918 3014 1987; x_wconf 90' lang='lat' dir='ltr'><strong>ipsis</strong></span> <span class='ocrx_word' id='word_1_595' title='bbox 3044 1933 3149 1972; x_wconf 91' lang='lat' dir='ltr'><strong>non</strong></span> <span class='ocrx_word' id='word_1_596' title='bbox 3193 1917 3370 1973; x_wconf 83' lang='lat' dir='ltr'><strong>habita</strong></span> <span class='ocrx_word' id='word_1_597' title='bbox 3417 1916 3549 1972; x_wconf 86' lang='lat' dir='ltr'><strong>fuis-</strong></span> 
     </span>
    </p>
   </div>
   <div class='ocr_carea' id='block_1_75' title="bbox 1949 2006 3542 2071">
    <p class='ocr_par' dir='ltr' id='par_1_75' title="bbox 1949 2006 3542 2071">
     <span class='ocr_line' id='line_1_76' title="bbox 1949 2006 3542 2071; baseline -0.001 -11"><span class='ocrx_word' id='word_1_598' title='bbox 1949 2017 2050 2060; x_wconf 86' lang='lat' dir='ltr'><strong>set.</strong></span> <span class='ocrx_word' id='word_1_599' title='bbox 2085 2006 2208 2062; x_wconf 92' lang='lat' dir='ltr'><strong>ldco</strong></span> <span class='ocrx_word' id='word_1_600' title='bbox 2237 2007 2322 2061; x_wconf 89' lang='lat' dir='ltr'><strong>hic</strong></span> <span class='ocrx_word' id='word_1_601' title='bbox 2347 2007 2476 2062; x_wconf 84' lang='lat' dir='ltr'><strong>illud</strong></span> <span class='ocrx_word' id='word_1_602' title='bbox 2509 2017 2713 2071; x_wconf 88' lang='lat' dir='ltr'><strong>tacent;</strong></span> <span class='ocrx_word' id='word_1_603' title='bbox 2747 2008 2798 2062; x_wconf 93' lang='lat' dir='ltr'><strong>id</strong></span> <span class='ocrx_word' id='word_1_604' title='bbox 2828 2023 2958 2063; x_wconf 88' lang='lat' dir='ltr'><strong>vero</strong></span> <span class='ocrx_word' id='word_1_605' title='bbox 2979 2008 3166 2062; x_wconf 91' lang='lat' dir='ltr'><strong>dicunt</strong></span> <span class='ocrx_word' id='word_1_606' title='bbox 3211 2008 3261 2061; x_wconf 90' lang='lat' dir='ltr'><strong>in</strong></span> <span class='ocrx_word' id='word_1_607' title='bbox 3301 2006 3542 2070; x_wconf 75' lang='lat' dir='ltr'><strong>fornace,</strong></span> 
     </span>
    </p>
   </div>
   <div class='ocr_carea' id='block_1_76' title="bbox 1950 2095 3548 2166">
    <p class='ocr_par' dir='ltr' id='par_1_76' title="bbox 1950 2095 3548 2166">
     <span class='ocr_line' id='line_1_77' title="bbox 1950 2095 3548 2166; baseline 0.001 -17"><span class='ocrx_word' id='word_1_608' title='bbox 1950 2095 2380 2165; x_wconf 83' lang='lat' dir='ltr'><strong>frequentissime</strong></span> <span class='ocrx_word' id='word_1_609' title='bbox 2408 2106 2624 2166; x_wconf 87' lang='lat' dir='ltr'><strong>peccata</strong></span> <span class='ocrx_word' id='word_1_610' title='bbox 2655 2107 3165 2152; x_wconf 88' lang='lat' dir='ltr'><strong>commemorantes.</strong></span> <span class='ocrx_word' id='word_1_611' title='bbox 3194 2096 3386 2150; x_wconf 86' lang='lat' dir='ltr'><strong>Coram</strong></span> <span class='ocrx_word' id='word_1_612' title='bbox 3421 2109 3548 2165; x_wconf 85' lang='lat' dir='ltr'><strong>rege</strong></span> 
     </span>
    </p>
   </div>
   <div class='ocr_carea' id='block_1_77' title="bbox 1947 2188 3543 2257">
    <p class='ocr_par' dir='ltr' id='par_1_77' title="bbox 1947 2188 3543 2257">
     <span class='ocr_line' id='line_1_78' title="bbox 1947 2188 3543 2257; baseline -0.001 -17"><span class='ocrx_word' id='word_1_613' title='bbox 1947 2196 2124 2241; x_wconf 89' lang='lat' dir='ltr'><strong>autem</strong></span> <span class='ocrx_word' id='word_1_614' title='bbox 2155 2188 2286 2242; x_wconf 89' lang='lat' dir='ltr'><strong>nihil</strong></span> <span class='ocrx_word' id='word_1_615' title='bbox 2315 2189 2618 2257; x_wconf 76' lang='lat' dir='ltr'><strong>hujusmodi</strong></span> <span class='ocrx_word' id='word_1_616' title='bbox 2640 2204 2656 2254; x_wconf 89' lang='lat'><strong>;</strong></span> <span class='ocrx_word' id='word_1_617' title='bbox 2678 2189 2772 2244; x_wconf 89' lang='lat' dir='ltr'><strong>sed</strong></span> <span class='ocrx_word' id='word_1_618' title='bbox 2804 2189 3016 2243; x_wconf 89' lang='lat' dir='ltr'><strong>etiamsi</strong></span> <span class='ocrx_word' id='word_1_619' title='bbox 3039 2189 3391 2244; x_wconf 82' lang='lat' dir='ltr'><strong>comburendi</strong></span> <span class='ocrx_word' id='word_1_620' title='bbox 3416 2189 3543 2249; x_wconf 83' lang='lat' dir='ltr'><strong>sint,</strong></span> 
     </span>
    </p>
   </div>
   <div class='ocr_carea' id='block_1_78' title="bbox 1947 2277 3546 2349">
    <p class='ocr_par' dir='ltr' id='par_1_78' title="bbox 1947 2277 3546 2349">
     <span class='ocr_line' id='line_1_79' title="bbox 1947 2277 3546 2349; baseline 0.001 -18"><span class='ocrx_word' id='word_1_621' title='bbox 1947 2280 2087 2348; x_wconf 89' lang='lat' dir='ltr'><strong>piam</strong></span> <span class='ocrx_word' id='word_1_622' title='bbox 2117 2280 2425 2348; x_wconf 88' lang='lat' dir='ltr'><strong>religionem</strong></span> <span class='ocrx_word' id='word_1_623' title='bbox 2451 2294 2510 2333; x_wconf 90' lang='lat' dir='ltr'><strong>se</strong></span> <span class='ocrx_word' id='word_1_624' title='bbox 2537 2294 2644 2334; x_wconf 92' lang='lat' dir='ltr'><strong>non</strong></span> <span class='ocrx_word' id='word_1_625' title='bbox 2673 2279 2980 2349; x_wconf 86' lang='lat' dir='ltr'><strong>prodituros</strong></span> <span class='ocrx_word' id='word_1_626' title='bbox 3020 2293 3141 2334; x_wconf 86' lang='lat' dir='ltr'><strong>esse</strong></span> <span class='ocrx_word' id='word_1_627' title='bbox 3181 2279 3383 2332; x_wconf 91' lang='lat' dir='ltr'><strong>dicunt.</strong></span> <span class='ocrx_word' id='word_1_628' title='bbox 3429 2277 3546 2332; x_wconf 70' lang='lat' dir='ltr'><strong>Non</strong></span> 
     </span>
    </p>
   </div>
   <div class='ocr_carea' id='block_1_79' title="bbox 1947 2367 3546 2438">
    <p class='ocr_par' dir='ltr' id='par_1_79' title="bbox 1947 2367 3546 2438">
     <span class='ocr_line' id='line_1_80' title="bbox 1947 2367 3546 2438; baseline -0.001 -16"><span class='ocrx_word' id='word_1_629' title='bbox 1947 2369 2086 2422; x_wconf 89' lang='lat' dir='ltr'><strong>enim</strong></span> <span class='ocrx_word' id='word_1_630' title='bbox 2119 2382 2215 2436; x_wconf 90' lang='lat' dir='ltr'><strong>pro</strong></span> <span class='ocrx_word' id='word_1_631' title='bbox 2245 2368 2599 2424; x_wconf 88' lang='lat' dir='ltr'><strong>retributione</strong></span> <span class='ocrx_word' id='word_1_632' title='bbox 2629 2378 2791 2438; x_wconf 89' lang='lat' dir='ltr'><strong>atque</strong></span> <span class='ocrx_word' id='word_1_633' title='bbox 2821 2367 3071 2423; x_wconf 88' lang='lat' dir='ltr'><strong>mercede</strong></span> <span class='ocrx_word' id='word_1_634' title='bbox 3098 2367 3149 2422; x_wconf 90' lang='lat' dir='ltr'><strong>id</strong></span> <span class='ocrx_word' id='word_1_635' title='bbox 3178 2368 3426 2437; x_wconf 84' lang='lat' dir='ltr'><strong>agebant,</strong></span> <span class='ocrx_word' id='word_1_636' title='bbox 3450 2367 3546 2421; x_wconf 88' lang='lat' dir='ltr'><strong>sed</strong></span> 
     </span>
    </p>
   </div>
   <div class='ocr_carea' id='block_1_80' title="bbox 1946 2458 3548 2528">
    <p class='ocr_par' dir='ltr' id='par_1_80' title="bbox 1946 2458 3548 2528">
     <span class='ocr_line' id='line_1_81' title="bbox 1946 2458 3548 2528; baseline 0.002 -17"><span class='ocrx_word' id='word_1_637' title='bbox 1946 2473 2013 2511; x_wconf 83' lang='lat' dir='ltr'><strong>ex</strong></span> <span class='ocrx_word' id='word_1_638' title='bbox 2038 2458 2150 2511; x_wconf 87' lang='lat' dir='ltr'><strong>sola</strong></span> <span class='ocrx_word' id='word_1_639' title='bbox 2180 2460 2403 2513; x_wconf 89' lang='lat' dir='ltr'><strong>caritate</strong></span> <span class='ocrx_word' id='word_1_640' title='bbox 2432 2478 2446 2510; x_wconf 87' lang='lat'><strong>:</strong></span> <span class='ocrx_word' id='word_1_641' title='bbox 2477 2460 2684 2513; x_wconf 82' lang='lat' dir='ltr'><strong>etiamsi</strong></span> <span class='ocrx_word' id='word_1_642' title='bbox 2717 2459 2769 2513; x_wconf 93' lang='lat' dir='ltr'><strong>in</strong></span> <span class='ocrx_word' id='word_1_643' title='bbox 2797 2460 3107 2528; x_wconf 86' lang='lat' dir='ltr'><strong>captivitate</strong></span> <span class='ocrx_word' id='word_1_644' title='bbox 3132 2459 3258 2513; x_wconf 90' lang='lat' dir='ltr'><strong>etin</strong></span> <span class='ocrx_word' id='word_1_645' title='bbox 3286 2458 3548 2514; x_wconf 83' lang='lat' dir='ltr'><strong>servitute</strong></span> 
     </span>
    </p>
   </div>
   <div class='ocr_carea' id='block_1_81' title="bbox 1938 2547 3549 2618">
    <p class='ocr_par' dir='ltr' id='par_1_81' title="bbox 1938 2547 3549 2618">
     <span class='ocr_line' id='line_1_82' title="bbox 1938 2547 3549 2618; baseline 0.001 -16"><span class='ocrx_word' id='word_1_646' title='bbox 1938 2557 2146 2613; x_wconf 77' lang='lat' dir='ltr'><strong>essent,</strong></span> <span class='ocrx_word' id='word_1_647' title='bbox 2168 2548 2315 2601; x_wconf 93' lang='lat' dir='ltr'><strong>nullo</strong></span> <span class='ocrx_word' id='word_1_648' title='bbox 2343 2548 2576 2604; x_wconf 76' lang='lat' dir='ltr'><strong>fruentes</strong></span> <span class='ocrx_word' id='word_1_649' title='bbox 2607 2550 2769 2602; x_wconf 87' lang='lat' dir='ltr'><strong>bono.</strong></span> <span class='ocrx_word' id='word_1_650' title='bbox 2793 2548 2926 2603; x_wconf 79' lang='lat' dir='ltr'><strong>Nam</strong></span> <span class='ocrx_word' id='word_1_651' title='bbox 2954 2549 3194 2618; x_wconf 88' lang='lat' dir='ltr'><strong>etpatria</strong></span> <span class='ocrx_word' id='word_1_652' title='bbox 3217 2558 3270 2603; x_wconf 90' lang='lat' dir='ltr'><strong>et</strong></span> <span class='ocrx_word' id='word_1_653' title='bbox 3302 2547 3549 2603; x_wconf 90' lang='lat' dir='ltr'><strong>libertate</strong></span> 
     </span>
    </p>
   </div>
   <div class='ocr_carea' id='block_1_82' title="bbox 1949 2636 3546 2693">
    <p class='ocr_par' dir='ltr' id='par_1_82' title="bbox 1949 2636 3546 2693">
     <span class='ocr_line' id='line_1_83' title="bbox 1949 2636 3546 2693; baseline -0.001 -2"><span class='ocrx_word' id='word_1_654' title='bbox 1949 2636 2278 2691; x_wconf 87' lang='lat' dir='ltr'><strong>et.omnibns</strong></span> <span class='ocrx_word' id='word_1_655' title='bbox 2300 2637 2455 2690; x_wconf 88' lang='lat' dir='ltr'><strong>bonis</strong></span> <span class='ocrx_word' id='word_1_656' title='bbox 2493 2638 2824 2692; x_wconf 84' lang='lat' dir='ltr'><strong>exciderant.</strong></span> <span class='ocrx_word' id='word_1_657' title='bbox 2872 2637 2950 2693; x_wconf 83' lang='lat' dir='ltr'><strong>Ne</strong></span> <span class='ocrx_word' id='word_1_658' title='bbox 2973 2637 3109 2691; x_wconf 90' lang='lat' dir='ltr'><strong>mihi</strong></span> <span class='ocrx_word' id='word_1_659' title='bbox 3152 2639 3293 2691; x_wconf 89' lang='lat' dir='ltr'><strong>enim</strong></span> <span class='ocrx_word' id='word_1_660' title='bbox 3344 2638 3463 2690; x_wconf 60' lang='lat' dir='ltr'><strong>illus</strong></span> <span class='ocrx_word' id='word_1_661' title='bbox 3493 2638 3546 2690; x_wconf 90' lang='lat' dir='ltr'><strong>in</strong></span> 
     </span>
    </p>
   </div>
   <div class='ocr_carea' id='block_1_83' title="bbox 1951 2727 3548 2796">
    <p class='ocr_par' dir='ltr' id='par_1_83' title="bbox 1951 2727 3548 2796">
     <span class='ocr_line' id='line_1_84' title="bbox 1951 2727 3548 2796; baseline -0.001 -15"><span class='ocrx_word' id='word_1_662' title='bbox 1951 2727 2114 2796; x_wconf 88' lang='lat' dir='ltr'><strong>regali</strong></span> <span class='ocrx_word' id='word_1_663' title='bbox 2143 2727 2262 2780; x_wconf 85' lang='lat' dir='ltr'><strong>aula</strong></span> <span class='ocrx_word' id='word_1_664' title='bbox 2292 2742 2688 2782; x_wconf 86' lang='lat' dir='ltr'><strong>commemores</strong></span> <span class='ocrx_word' id='word_1_665' title='bbox 2728 2727 2983 2782; x_wconf 89' lang='lat' dir='ltr'><strong>honores.</strong></span> <span class='ocrx_word' id='word_1_666' title='bbox 3015 2727 3149 2783; x_wconf 87' lang='lat' dir='ltr'><strong>Cum</strong></span> <span class='ocrx_word' id='word_1_667' title='bbox 3189 2729 3332 2782; x_wconf 90' lang='lat' dir='ltr'><strong>enim</strong></span> <span class='ocrx_word' id='word_1_668' title='bbox 3377 2727 3548 2781; x_wconf 88' lang='lat' dir='ltr'><strong>sancti</strong></span> 
     </span>
    </p>
   </div>
   <div class='ocr_carea' id='block_1_84' title="bbox 1946 2817 3548 2890">
    <p class='ocr_par' dir='ltr' id='par_1_84' title="bbox 1946 2817 3548 2890">
     <span class='ocr_line' id='line_1_85' title="bbox 1946 2817 3548 2890; baseline -0.001 -18"><span class='ocrx_word' id='word_1_669' title='bbox 1946 2827 2001 2872; x_wconf 91' lang='lat' dir='ltr'><strong>et</strong></span> <span class='ocrx_word' id='word_1_670' title='bbox 2016 2817 2142 2886; x_wconf 88' lang='lat' dir='ltr'><strong>justi</strong></span> <span class='ocrx_word' id='word_1_671' title='bbox 2165 2828 2367 2882; x_wconf 87' lang='lat' dir='ltr'><strong>essent,</strong></span> <span class='ocrx_word' id='word_1_672' title='bbox 2390 2819 2690 2874; x_wconf 76' lang='lat' dir='ltr'><strong>sexcenties</strong></span> <span class='ocrx_word' id='word_1_673' title='bbox 2705 2819 2851 2874; x_wconf 90' lang='lat' dir='ltr'><strong>domi</strong></span> <span class='ocrx_word' id='word_1_674' title='bbox 2880 2821 3074 2890; x_wconf 90' lang='lat' dir='ltr'><strong>stipem</strong></span> <span class='ocrx_word' id='word_1_675' title='bbox 3103 2835 3295 2888; x_wconf 85' lang='lat' dir='ltr'><strong>cogere</strong></span> <span class='ocrx_word' id='word_1_676' title='bbox 3324 2819 3548 2874; x_wconf 87' lang='lat' dir='ltr'><strong>maluis-</strong></span> 
     </span>
    </p>
   </div>
   <div class='ocr_carea' id='block_1_85' title="bbox 1947 2907 3547 2978">
    <p class='ocr_par' dir='ltr' id='par_1_85' title="bbox 1947 2907 3547 2978">
     <span class='ocr_line' id='line_1_86' title="bbox 1947 2907 3547 2978; baseline 0.001 -18"><span class='ocrx_word' id='word_1_677' title='bbox 1947 2915 2090 2970; x_wconf 86' lang='lat' dir='ltr'><strong>sent,</strong></span> <span class='ocrx_word' id='word_1_678' title='bbox 2123 2915 2176 2959; x_wconf 92' lang='lat' dir='ltr'><strong>et</strong></span> <span class='ocrx_word' id='word_1_679' title='bbox 2213 2907 2392 2976; x_wconf 87' lang='lat' dir='ltr'><strong>templi</strong></span> <span class='ocrx_word' id='word_1_680' title='bbox 2420 2908 2577 2962; x_wconf 90' lang='lat' dir='ltr'><strong>bonis</strong></span> <span class='ocrx_word' id='word_1_681' title='bbox 2607 2908 2710 2963; x_wconf 91' lang='lat' dir='ltr'><strong>frui</strong></span> <span class='ocrx_word' id='word_1_682' title='bbox 2735 2927 2748 2963; x_wconf 88' lang='lat'><strong>:</strong></span> <span class='ocrx_word' id='word_1_683' title='bbox 2783 2909 2931 2978; x_wconf 78' lang='lat' dir='ltr'><strong>Elegi</strong></span> <span class='ocrx_word' id='word_1_684' title='bbox 2958 2909 3105 2964; x_wconf 90' lang='lat' dir='ltr'><strong>enim</strong></span> <span class='ocrx_word' id='word_1_685' title='bbox 3125 2951 3139 2976; x_wconf 92' lang='lat'><strong>,</strong></span> <span class='ocrx_word' id='word_1_686' title='bbox 3175 2911 3374 2978; x_wconf 89' lang='lat' dir='ltr'><strong>inquit,</strong></span> <span class='ocrx_word' id='word_1_687' title='bbox 3403 2911 3547 2975; x_wconf 78' lang='lat' dir='ltr'><strong>obje-</strong></span> 
     </span>
    </p>
   </div>
   <div class='ocr_carea' id='block_1_86' title="bbox 1946 2998 3544 3069">
    <p class='ocr_par' dir='ltr' id='par_1_86' title="bbox 1946 2998 3544 3069">
     <span class='ocr_line' id='line_1_87' title="bbox 1946 2998 3544 3069; baseline -0.007 -11"><span class='ocrx_word' id='word_1_688' title='bbox 1946 3014 2053 3058; x_wconf 66' lang='grc' dir='ltr'><strong><em>τινες</em></strong></span> <span class='ocrx_word' id='word_1_689' title='bbox 2077 3020 2253 3057; x_wconf 76' lang='lat' dir='ltr'><strong>essem</strong></span> <span class='ocrx_word' id='word_1_690' title='bbox 2283 3004 2434 3055; x_wconf 87' lang='lat' dir='ltr'><strong>domo</strong></span> <span class='ocrx_word' id='word_1_691' title='bbox 2460 3001 2559 3054; x_wconf 80' lang='lat' dir='ltr'><strong>Dei</strong></span> <span class='ocrx_word' id='word_1_692' title='bbox 2593 3002 2691 3054; x_wconf 85' lang='lat' dir='ltr'><strong>mei</strong></span> <span class='ocrx_word' id='word_1_693' title='bbox 2709 3039 2724 3064; x_wconf 90' lang='lat'><strong>,</strong></span> <span class='ocrx_word' id='word_1_694' title='bbox 2756 3002 2918 3069; x_wconf 79' lang='lat' dir='ltr'><strong>magis</strong></span> <span class='ocrx_word' id='word_1_695' title='bbox 2946 3015 3098 3067; x_wconf 85' lang='lat' dir='ltr'><strong>quant</strong></span> <span class='ocrx_word' id='word_1_696' title='bbox 3125 2998 3353 3050; x_wconf 80' lang='lat' dir='ltr'><strong>habitare</strong></span> <span class='ocrx_word' id='word_1_697' title='bbox 3383 3001 3436 3049; x_wconf 82' lang='lat' dir='ltr'><strong>in</strong></span> <span class='ocrx_word' id='word_1_698' title='bbox 3465 3003 3544 3047; x_wconf 85' lang='lat' dir='ltr'><strong>ta-</strong></span> 
     </span>
    </p>
   </div>
   <div class='ocr_carea' id='block_1_87' title="bbox 1945 3087 3544 3163">
    <p class='ocr_par' dir='ltr' id='par_1_87' title="bbox 1945 3087 3544 3163">
     <span class='ocr_line' id='line_1_88' title="bbox 1945 3087 3544 3163; baseline -0.005 -16"><span class='ocrx_word' id='word_1_699' title='bbox 1945 3097 2228 3148; x_wconf 70' lang='lat' dir='ltr'><strong>bernaculis</strong></span> <span class='ocrx_word' id='word_1_700' title='bbox 2254 3101 2572 3163; x_wconf 80' lang='lat' dir='ltr'><strong>peccatorum</strong></span> <span class='ocrx_word' id='word_1_701' title='bbox 2600 3091 2618 3160; x_wconf 96' lang='lat'>(</span> <span class='ocrx_word' id='word_1_702' title='bbox 2646 3090 2793 3144; x_wconf 83' lang='lat' dir='ltr'><strong>Psal.</strong></span> <span class='ocrx_word' id='word_1_703' title='bbox 2820 3091 2910 3145; x_wconf 85' lang='grc'><strong>85.</strong></span> <span class='ocrx_word' id='word_1_704' title='bbox 2946 3091 3004 3142; x_wconf 84' lang='lat' dir='ltr'><strong>ll</strong></span> <span class='ocrx_word' id='word_1_705' title='bbox 3043 3091 3093 3157; x_wconf 89' lang='lat'><strong>);</strong></span> <span class='ocrx_word' id='word_1_706' title='bbox 3124 3098 3172 3142; x_wconf 92' lang='lat' dir='ltr'><strong>et</strong></span> <span class='ocrx_word' id='word_1_707' title='bbox 3197 3130 3212 3153; x_wconf 85' lang='lat'><strong>,</strong></span> <span class='ocrx_word' id='word_1_708' title='bbox 3247 3087 3434 3140; x_wconf 80' lang='lat' dir='ltr'><strong>Melior</strong></span> <span class='ocrx_word' id='word_1_709' title='bbox 3470 3094 3544 3140; x_wconf 80' lang='lat' dir='ltr'><strong>est</strong></span> 
     </span>
    </p>
   </div>
   <div class='ocr_carea' id='block_1_88' title="bbox 1946 3175 3544 3250">
    <p class='ocr_par' dir='ltr' id='par_1_88' title="bbox 1946 3175 3544 3250">
     <span class='ocr_line' id='line_1_89' title="bbox 1946 3175 3544 3250; baseline -0.006 -12"><span class='ocrx_word' id='word_1_710' title='bbox 1946 3187 2052 3240; x_wconf 79' lang='lat' dir='ltr'><strong>dies</strong></span> <span class='ocrx_word' id='word_1_711' title='bbox 2082 3202 2185 3238; x_wconf 85' lang='lat' dir='ltr'><strong>una</strong></span> <span class='ocrx_word' id='word_1_712' title='bbox 2203 3185 2255 3238; x_wconf 83' lang='lat' dir='ltr'><strong>in</strong></span> <span class='ocrx_word' id='word_1_713' title='bbox 2282 3184 2426 3236; x_wconf 80' lang='lat' dir='ltr'><strong>atriis</strong></span> <span class='ocrx_word' id='word_1_714' title='bbox 2452 3184 2548 3235; x_wconf 82' lang='lat' dir='ltr'><strong>tuis</strong></span> <span class='ocrx_word' id='word_1_715' title='bbox 2577 3197 2728 3249; x_wconf 87' lang='lat' dir='ltr'><strong>super</strong></span> <span class='ocrx_word' id='word_1_716' title='bbox 2750 3181 2911 3233; x_wconf 80' lang='lat' dir='ltr'><strong>millia</strong></span> <span class='ocrx_word' id='word_1_717' title='bbox 2933 3177 3139 3250; x_wconf 85' lang='lat' dir='ltr'><strong>(Ibid.).</strong></span> <span class='ocrx_word' id='word_1_718' title='bbox 3167 3178 3345 3241; x_wconf 72' lang='lat' dir='ltr'><strong>Longe</strong></span> <span class='ocrx_word' id='word_1_719' title='bbox 3366 3175 3544 3247; x_wconf 83' lang='lat' dir='ltr'><strong>potius</strong></span> 
     </span>
    </p>
   </div>
   <div class='ocr_carea' id='block_1_89' title="bbox 1946 3266 3545 3344">
    <p class='ocr_par' dir='ltr' id='par_1_89' title="bbox 1946 3266 3545 3344">
     <span class='ocr_line' id='line_1_90' title="bbox 1946 3266 3545 3344; baseline -0.005 -16"><span class='ocrx_word' id='word_1_720' title='bbox 1946 3290 2076 3344; x_wconf 82' lang='lat' dir='ltr'><strong>ergo</strong></span> <span class='ocrx_word' id='word_1_721' title='bbox 2103 3274 2415 3327; x_wconf 88' lang='lat' dir='ltr'><strong>maluissent</strong></span> <span class='ocrx_word' id='word_1_722' title='bbox 2437 3271 2629 3338; x_wconf 79' lang='lat' dir='ltr'><strong>objecti</strong></span> <span class='ocrx_word' id='word_1_723' title='bbox 2658 3285 2778 3324; x_wconf 89' lang='lat' dir='ltr'><strong>esse</strong></span> <span class='ocrx_word' id='word_1_724' title='bbox 2798 3270 2965 3333; x_wconf 90' lang='lat' dir='ltr'><strong>domi,</strong></span> <span class='ocrx_word' id='word_1_725' title='bbox 2996 3283 3154 3338; x_wconf 85' lang='lat' dir='ltr'><strong>quam</strong></span> <span class='ocrx_word' id='word_1_726' title='bbox 3187 3268 3238 3320; x_wconf 91' lang='lat' dir='ltr'><strong>in</strong></span> <span class='ocrx_word' id='word_1_727' title='bbox 3271 3266 3545 3337; x_wconf 83' lang='lat' dir='ltr'><strong>Babylone</strong></span> 
     </span>
    </p>
   </div>
   <div class='ocr_carea' id='block_1_90' title="bbox 1949 3355 3547 3435">
    <p class='ocr_par' dir='ltr' id='par_1_90' title="bbox 1949 3355 3547 3435">
     <span class='ocr_line' id='line_1_91' title="bbox 1949 3355 3547 3435; baseline -0.005 -17"><span class='ocrx_word' id='word_1_728' title='bbox 1949 3380 2194 3435; x_wconf 83' lang='lat' dir='ltr'><strong>regnare.</strong></span> <span class='ocrx_word' id='word_1_729' title='bbox 2223 3362 2280 3416; x_wconf 92' lang='lat' dir='ltr'><strong>ld</strong></span> <span class='ocrx_word' id='word_1_730' title='bbox 2304 3362 2443 3431; x_wconf 85' lang='lat' dir='ltr'><strong>quod</strong></span> <span class='ocrx_word' id='word_1_731' title='bbox 2466 3361 2644 3429; x_wconf 85' lang='lat' dir='ltr'><strong>palam</strong></span> <span class='ocrx_word' id='word_1_732' title='bbox 2677 3369 2846 3414; x_wconf 77' lang='lat' dir='ltr'><strong>estex</strong></span> <span class='ocrx_word' id='word_1_733' title='bbox 2875 3360 2939 3412; x_wconf 86' lang='lat' dir='ltr'><strong>its</strong></span> <span class='ocrx_word' id='word_1_734' title='bbox 2963 3373 3083 3427; x_wconf 78' lang='lat' dir='ltr'><strong>qua:</strong></span> <span class='ocrx_word' id='word_1_735' title='bbox 3113 3357 3164 3411; x_wconf 93' lang='lat' dir='ltr'><strong>in</strong></span> <span class='ocrx_word' id='word_1_736' title='bbox 3203 3356 3421 3410; x_wconf 87' lang='lat' dir='ltr'><strong>fornace</strong></span> <span class='ocrx_word' id='word_1_737' title='bbox 3447 3355 3547 3410; x_wconf 84' lang='lat' dir='ltr'><strong>de-</strong></span> 
     </span>
    </p>
   </div>
   <div class='ocr_carea' id='block_1_91' title="bbox 1945 3448 3549 3524">
    <p class='ocr_par' dir='ltr' id='par_1_91' title="bbox 1945 3448 3549 3524">
     <span class='ocr_line' id='line_1_92' title="bbox 1945 3448 3549 3524; baseline -0.006 -14"><span class='ocrx_word' id='word_1_738' title='bbox 1945 3459 2170 3515; x_wconf 88' lang='lat' dir='ltr'><strong>clarant.</strong></span> <span class='ocrx_word' id='word_1_739' title='bbox 2201 3469 2344 3524; x_wconf 78' lang='lat' dir='ltr'><strong>:egre</strong></span> <span class='ocrx_word' id='word_1_740' title='bbox 2369 3468 2428 3506; x_wconf 89' lang='lat' dir='ltr'><strong>se</strong></span> <span class='ocrx_word' id='word_1_741' title='bbox 2449 3451 2588 3506; x_wconf 89' lang='lat' dir='ltr'><strong>ferre</strong></span> <span class='ocrx_word' id='word_1_742' title='bbox 2617 3466 2810 3518; x_wconf 88' lang='lat' dir='ltr'><strong>nempe</strong></span> <span class='ocrx_word' id='word_1_743' title='bbox 2846 3450 3232 3504; x_wconf 85' lang='lat' dir='ltr'><strong>habitationem</strong></span> <span class='ocrx_word' id='word_1_744' title='bbox 3263 3448 3549 3519; x_wconf 77' lang='lat' dir='ltr'><strong>Babyloni-</strong></span> 
     </span>
    </p>
   </div>
   <div class='ocr_carea' id='block_1_92' title="bbox 1945 3540 3550 3608">
    <p class='ocr_par' dir='ltr' id='par_1_92' title="bbox 1945 3540 3550 3608">
     <span class='ocr_line' id='line_1_93' title="bbox 1945 3540 3550 3608; baseline -0.007 -8"><span class='ocrx_word' id='word_1_745' title='bbox 1945 3561 2086 3600; x_wconf 88' lang='lat' dir='ltr'><strong>cam.</strong></span> <span class='ocrx_word' id='word_1_746' title='bbox 2115 3545 2228 3599; x_wconf 85' lang='lat' dir='ltr'><strong>Etsi</strong></span> <span class='ocrx_word' id='word_1_747' title='bbox 2255 3545 2398 3600; x_wconf 89' lang='lat' dir='ltr'><strong>enim</strong></span> <span class='ocrx_word' id='word_1_748' title='bbox 2426 3543 2535 3596; x_wconf 88' lang='lat' dir='ltr'><strong>illic</strong></span> <span class='ocrx_word' id='word_1_749' title='bbox 2565 3541 2733 3595; x_wconf 91' lang='lat' dir='ltr'><strong>multo</strong></span> <span class='ocrx_word' id='word_1_750' title='bbox 2765 3540 3067 3594; x_wconf 79' lang='lat' dir='ltr'><strong>fruerentur</strong></span> <span class='ocrx_word' id='word_1_751' title='bbox 3095 3540 3321 3602; x_wconf 88' lang='lat' dir='ltr'><strong>honore,</strong></span> <span class='ocrx_word' id='word_1_752' title='bbox 3355 3553 3550 3608; x_wconf 86' lang='lat' dir='ltr'><strong>magno</strong></span> 
     </span>
    </p>
   </div>
   <div class='ocr_carea' id='block_1_93' title="bbox 1949 3630 3548 3707">
    <p class='ocr_par' dir='ltr' id='par_1_93' title="bbox 1949 3630 3548 3707">
     <span class='ocr_line' id='line_1_94' title="bbox 1949 3630 3548 3707; baseline -0.006 -19"><span class='ocrx_word' id='word_1_753' title='bbox 1949 3637 2079 3707; x_wconf 86' lang='lat' dir='ltr'><strong>ipsis</strong></span> <span class='ocrx_word' id='word_1_754' title='bbox 2107 3635 2282 3690; x_wconf 87' lang='lat' dir='ltr'><strong>dolori</strong></span> <span class='ocrx_word' id='word_1_755' title='bbox 2308 3643 2460 3687; x_wconf 89' lang='lat' dir='ltr'><strong>erant</strong></span> <span class='ocrx_word' id='word_1_756' title='bbox 2487 3641 2829 3694; x_wconf 69' lang='lat' dir='ltr'><strong>canterorum,</strong></span> <span class='ocrx_word' id='word_1_757' title='bbox 2859 3645 2993 3699; x_wconf 89' lang='lat' dir='ltr'><strong>quas</strong></span> <span class='ocrx_word' id='word_1_758' title='bbox 3019 3631 3116 3698; x_wconf 91' lang='lat' dir='ltr'><strong>ipsi</strong></span> <span class='ocrx_word' id='word_1_759' title='bbox 3152 3630 3423 3692; x_wconf 84' lang='lat' dir='ltr'><strong>videbant,</strong></span> <span class='ocrx_word' id='word_1_760' title='bbox 3453 3644 3548 3683; x_wconf 84' lang='lat' dir='ltr'><strong>ca-</strong></span> 
     </span>
    </p>
   </div>
   <div class='ocr_carea' id='block_1_94' title="bbox 1949 3721 3546 3793">
    <p class='ocr_par' dir='ltr' id='par_1_94' title="bbox 1949 3721 3546 3793">
     <span class='ocr_line' id='line_1_95' title="bbox 1949 3721 3546 3793; baseline -0.005 -15"><span class='ocrx_word' id='word_1_761' title='bbox 1949 3726 2251 3780; x_wconf 85' lang='lat' dir='ltr'><strong>lamitates:</strong></span> <span class='ocrx_word' id='word_1_762' title='bbox 2285 3723 2427 3793; x_wconf 87' lang='lat' dir='ltr'><strong>quod</strong></span> <span class='ocrx_word' id='word_1_763' title='bbox 2465 3723 2666 3776; x_wconf 88' lang='lat' dir='ltr'><strong>sanctis</strong></span> <span class='ocrx_word' id='word_1_764' title='bbox 2695 3721 2931 3775; x_wconf 80' lang='lat' dir='ltr'><strong>maxime</strong></span> <span class='ocrx_word' id='word_1_765' title='bbox 2972 3721 3248 3788; x_wconf 86' lang='lat' dir='ltr'><strong>proprium</strong></span> <span class='ocrx_word' id='word_1_766' title='bbox 3291 3729 3394 3784; x_wconf 90' lang='lat' dir='ltr'><strong>est,</strong></span> <span class='ocrx_word' id='word_1_767' title='bbox 3440 3736 3546 3773; x_wconf 87' lang='lat' dir='ltr'><strong>non</strong></span> 
     </span>
    </p>
   </div>
   <div class='ocr_carea' id='block_1_95' title="bbox 1948 3810 3550 3884">
    <p class='ocr_par' dir='ltr' id='par_1_95' title="bbox 1948 3810 3550 3884">
     <span class='ocr_line' id='line_1_96' title="bbox 1948 3810 3550 3884; baseline -0.004 -16"><span class='ocrx_word' id='word_1_768' title='bbox 1948 3815 2191 3884; x_wconf 82' lang='lat' dir='ltr'><strong>gloriam,</strong></span> <span class='ocrx_word' id='word_1_769' title='bbox 2226 3831 2331 3867; x_wconf 90' lang='lat' dir='ltr'><strong>non</strong></span> <span class='ocrx_word' id='word_1_770' title='bbox 2353 3814 2636 3877; x_wconf 86' lang='lat' dir='ltr'><strong>honorem,</strong></span> <span class='ocrx_word' id='word_1_771' title='bbox 2657 3826 2764 3865; x_wconf 87' lang='lat' dir='ltr'><strong>non</strong></span> <span class='ocrx_word' id='word_1_772' title='bbox 2791 3810 2937 3865; x_wconf 89' lang='lat' dir='ltr'><strong>aliud</strong></span> <span class='ocrx_word' id='word_1_773' title='bbox 2965 3811 3254 3880; x_wconf 79' lang='lat' dir='ltr'><strong>quidquam</strong></span> <span class='ocrx_word' id='word_1_774' title='bbox 3276 3810 3550 3878; x_wconf 73' lang='lat' dir='ltr'><strong>proximo-</strong></span> 
     </span>
    </p>
   </div>
   <div class='ocr_carea' id='block_1_96' title="bbox 1947 3897 3552 3970">
    <p class='ocr_par' dir='ltr' id='par_1_96' title="bbox 1947 3897 3552 3970">
     <span class='ocr_line' id='line_1_97' title="bbox 1947 3897 3552 3970; baseline -0.006 -11"><span class='ocrx_word' id='word_1_775' title='bbox 1947 3920 2068 3959; x_wconf 85' lang='lat' dir='ltr'><strong>rum</strong></span> <span class='ocrx_word' id='word_1_776' title='bbox 2098 3904 2255 3958; x_wconf 84' lang='lat' dir='ltr'><strong>saluti</strong></span> <span class='ocrx_word' id='word_1_777' title='bbox 2303 3911 2653 3970; x_wconf 85' lang='lat' dir='ltr'><strong>anteponere.</strong></span> <span class='ocrx_word' id='word_1_778' title='bbox 2685 3899 2819 3953; x_wconf 73' lang='lat' dir='ltr'><strong>Vide</strong></span> <span class='ocrx_word' id='word_1_779' title='bbox 2865 3899 3024 3970; x_wconf 80' lang='lat' dir='ltr'><strong>igitur</strong></span> <span class='ocrx_word' id='word_1_780' title='bbox 3054 3899 3322 3968; x_wconf 86' lang='lat' dir='ltr'><strong>quomodo</strong></span> <span class='ocrx_word' id='word_1_781' title='bbox 3359 3899 3411 3951; x_wconf 84' lang='lat' dir='ltr'><strong>in</strong></span> <span class='ocrx_word' id='word_1_782' title='bbox 3441 3897 3552 3952; x_wconf 81' lang='lat' dir='ltr'><strong>for-</strong></span> 
     </span>
    </p>
   </div>
   <div class='ocr_carea' id='block_1_97' title="bbox 1951 3989 3551 4064">
    <p class='ocr_par' dir='ltr' id='par_1_97' title="bbox 1951 3989 3551 4064">
     <span class='ocr_line' id='line_1_98' title="bbox 1951 3989 3551 4064; baseline -0.003 -16"><span class='ocrx_word' id='word_1_783' title='bbox 1951 4009 2085 4050; x_wconf 73' lang='lat' dir='ltr'><strong>trace</strong></span> <span class='ocrx_word' id='word_1_784' title='bbox 2129 4009 2227 4064; x_wconf 91' lang='lat' dir='ltr'><strong>pro</strong></span> <span class='ocrx_word' id='word_1_785' title='bbox 2271 3993 2417 4046; x_wconf 89' lang='lat' dir='ltr'><strong>omni</strong></span> <span class='ocrx_word' id='word_1_786' title='bbox 2454 3992 2652 4061; x_wconf 85' lang='lat' dir='ltr'><strong>populo</strong></span> <span class='ocrx_word' id='word_1_787' title='bbox 2685 3991 3069 4060; x_wconf 81' lang='lat' dir='ltr'><strong>supplicarent.</strong></span> <span class='ocrx_word' id='word_1_788' title='bbox 3104 3989 3211 4044; x_wconf 87' lang='lat' dir='ltr'><strong>Nos</strong></span> <span class='ocrx_word' id='word_1_789' title='bbox 3258 3997 3435 4042; x_wconf 89' lang='lat' dir='ltr'><strong>autem</strong></span> <span class='ocrx_word' id='word_1_790' title='bbox 3482 4005 3551 4043; x_wconf 86' lang='lat' dir='ltr'><strong>ne</strong></span> 
     </span>
    </p>
   </div>
   <div class='ocr_carea' id='block_1_98' title="bbox 1947 4079 3548 4152">
    <p class='ocr_par' dir='ltr' id='par_1_98' title="bbox 1947 4079 3548 4152">
     <span class='ocr_line' id='line_1_99' title="bbox 1947 4079 3548 4152; baseline -0.003 -16"><span class='ocrx_word' id='word_1_791' title='bbox 1947 4084 2160 4152; x_wconf 87' lang='lat' dir='ltr'><strong>quidem</strong></span> <span class='ocrx_word' id='word_1_792' title='bbox 2188 4099 2310 4136; x_wconf 89' lang='lat' dir='ltr'><strong>cum</strong></span> <span class='ocrx_word' id='word_1_793' title='bbox 2332 4081 2617 4147; x_wconf 85' lang='lat' dir='ltr'><strong>tranquille</strong></span> <span class='ocrx_word' id='word_1_794' title='bbox 2648 4081 2878 4148; x_wconf 76' lang='lat' dir='ltr'><strong>agimus,</strong></span> <span class='ocrx_word' id='word_1_795' title='bbox 2908 4079 3130 4132; x_wconf 85' lang='lat' dir='ltr'><strong>fratrum</strong></span> <span class='ocrx_word' id='word_1_796' title='bbox 3162 4079 3548 4132; x_wconf 86' lang='lat' dir='ltr'><strong>recordamur:</strong></span> 
     </span>
    </p>
   </div>
   <div class='ocr_carea' id='block_1_99' title="bbox 1946 4169 3550 4240">
    <p class='ocr_par' dir='ltr' id='par_1_99' title="bbox 1946 4169 3550 4240">
     <span class='ocr_line' id='line_1_100' title="bbox 1946 4169 3550 4240; baseline -0.004 -12"><span class='ocrx_word' id='word_1_797' title='bbox 1946 4185 2003 4229; x_wconf 87' lang='lat' dir='ltr'><strong>et</strong></span> <span class='ocrx_word' id='word_1_798' title='bbox 2024 4189 2145 4228; x_wconf 91' lang='lat' dir='ltr'><strong>cum</strong></span> <span class='ocrx_word' id='word_1_799' title='bbox 2198 4172 2404 4226; x_wconf 86' lang='lat' dir='ltr'><strong>somnia</strong></span> <span class='ocrx_word' id='word_1_800' title='bbox 2445 4171 2808 4240; x_wconf 75' lang='lat' dir='ltr'><strong>explorarent,</strong></span> <span class='ocrx_word' id='word_1_801' title='bbox 2843 4185 2946 4238; x_wconf 84' lang='lat' dir='ltr'><strong>non</strong></span> <span class='ocrx_word' id='word_1_802' title='bbox 2997 4185 3114 4231; x_wconf 79' lang='lat' dir='ltr'><strong>sua,</strong></span> <span class='ocrx_word' id='word_1_803' title='bbox 3173 4169 3266 4223; x_wconf 85' lang='lat' dir='ltr'><strong>sed</strong></span> <span class='ocrx_word' id='word_1_804' title='bbox 3321 4169 3550 4222; x_wconf 85' lang='lat' dir='ltr'><strong>aliorum</strong></span> 
     </span>
    </p>
   </div>
   <div class='ocr_carea' id='block_1_100' title="bbox 1949 4263 3548 4333">
    <p class='ocr_par' dir='ltr' id='par_1_100' title="bbox 1949 4263 3548 4333">
     <span class='ocr_line' id='line_1_101' title="bbox 1949 4263 3548 4333; baseline -0.005 -11"><span class='ocrx_word' id='word_1_805' title='bbox 1949 4264 2233 4322; x_wconf 87' lang='lat' dir='ltr'><strong>commoda</strong></span> <span class='ocrx_word' id='word_1_806' title='bbox 2281 4267 2332 4318; x_wconf 90' lang='lat' dir='ltr'><strong>in</strong></span> <span class='ocrx_word' id='word_1_807' title='bbox 2374 4279 2537 4333; x_wconf 82' lang='lat' dir='ltr'><strong>scapo</strong></span> <span class='ocrx_word' id='word_1_808' title='bbox 2586 4263 2898 4316; x_wconf 83' lang='lat' dir='ltr'><strong>habebant:</strong></span> <span class='ocrx_word' id='word_1_809' title='bbox 2931 4263 3072 4331; x_wconf 88' lang='lat' dir='ltr'><strong>quod</strong></span> <span class='ocrx_word' id='word_1_810' title='bbox 3120 4263 3266 4318; x_wconf 88' lang='lat' dir='ltr'><strong>enim</strong></span> <span class='ocrx_word' id='word_1_811' title='bbox 3318 4273 3548 4315; x_wconf 84' lang='lat' dir='ltr'><strong>mortem</strong></span> 
     </span>
    </p>
   </div>
   <div class='ocr_carea' id='block_1_101' title="bbox 1950 4353 3550 4422">
    <p class='ocr_par' dir='ltr' id='par_1_101' title="bbox 1950 4353 3550 4422">
     <span class='ocr_line' id='line_1_102' title="bbox 1950 4353 3550 4422; baseline -0.005 -8"><span class='ocrx_word' id='word_1_812' title='bbox 1950 4364 2392 4419; x_wconf 86' lang='lat' dir='ltr'><strong>contemnerent,</strong></span> <span class='ocrx_word' id='word_1_813' title='bbox 2449 4355 2631 4407; x_wconf 87' lang='lat' dir='ltr'><strong>multis</strong></span> <span class='ocrx_word' id='word_1_814' title='bbox 2676 4364 2860 4422; x_wconf 86' lang='lat' dir='ltr'><strong>postea</strong></span> <span class='ocrx_word' id='word_1_815' title='bbox 2912 4353 3276 4408; x_wconf 84' lang='lat' dir='ltr'><strong>declararunt.</strong></span> <span class='ocrx_word' id='word_1_816' title='bbox 3341 4353 3550 4422; x_wconf 87' lang='lat' dir='ltr'><strong>Ubique</strong></span> 
     </span>
    </p>
   </div>
   <div class='ocr_carea' id='block_1_102' title="bbox 1952 4443 3550 4516">
    <p class='ocr_par' dir='ltr' id='par_1_102' title="bbox 1952 4443 3550 4516">
     <span class='ocr_line' id='line_1_103' title="bbox 1952 4443 3550 4516; baseline -0.003 -14"><span class='ocrx_word' id='word_1_817' title='bbox 1952 4458 2132 4502; x_wconf 87' lang='lat' dir='ltr'><strong>autem</strong></span> <span class='ocrx_word' id='word_1_818' title='bbox 2171 4453 2368 4516; x_wconf 73' lang='lat' dir='ltr'><strong>praesto</strong></span> <span class='ocrx_word' id='word_1_819' title='bbox 2395 4454 2518 4500; x_wconf 85' lang='lat' dir='ltr'><strong>sunt</strong></span> <span class='ocrx_word' id='word_1_820' title='bbox 2559 4444 2722 4497; x_wconf 87' lang='lat' dir='ltr'><strong>Deum</strong></span> <span class='ocrx_word' id='word_1_821' title='bbox 2752 4444 2964 4513; x_wconf 86' lang='lat' dir='ltr'><strong>placare</strong></span> <span class='ocrx_word' id='word_1_822' title='bbox 3009 4444 3311 4498; x_wconf 86' lang='lat' dir='ltr'><strong>studentes.</strong></span> <span class='ocrx_word' id='word_1_823' title='bbox 3346 4443 3550 4498; x_wconf 80' lang='lat' dir='ltr'><strong>Deinde</strong></span> 
     </span>
    </p>
   </div>
   <div class='ocr_carea' id='block_1_103' title="bbox 1948 4522 3547 4611">
    <p class='ocr_par' dir='ltr' id='par_1_103' title="bbox 1948 4522 3547 4611">
     <span class='ocr_line' id='line_1_104' title="bbox 1948 4522 3547 4611; baseline -0.003 -17"><span class='ocrx_word' id='word_1_824' title='bbox 1948 4541 2071 4611; x_wconf 87' lang='lat' dir='ltr'><strong>quia</strong></span> <span class='ocrx_word' id='word_1_825' title='bbox 2099 4555 2287 4595; x_wconf 89' lang='lat' dir='ltr'><strong>senon</strong></span> <span class='ocrx_word' id='word_1_826' title='bbox 2318 4537 2383 4590; x_wconf 90' lang='lat' dir='ltr'><strong>ad</strong></span> <span class='ocrx_word' id='word_1_827' title='bbox 2418 4537 2466 4590; x_wconf 90' lang='lat' dir='ltr'><strong>id</strong></span> <span class='ocrx_word' id='word_1_828' title='bbox 2500 4536 2745 4591; x_wconf 77' lang='lat' dir='ltr'><strong>sufﬁcere</strong></span> <span class='ocrx_word' id='word_1_829' title='bbox 2779 4537 3056 4604; x_wconf 83' lang='lat' dir='ltr'><strong>putabant,</strong></span> <span class='ocrx_word' id='word_1_830' title='bbox 3092 4522 3156 4590; x_wconf 83' lang='lat' dir='ltr'><strong>ad</strong></span> <span class='ocrx_word' id='word_1_831' title='bbox 3199 4547 3379 4605; x_wconf 85' lang='lat' dir='ltr'><strong>patres</strong></span> <span class='ocrx_word' id='word_1_832' title='bbox 3417 4553 3547 4590; x_wconf 81' lang='lat' dir='ltr'><strong>eon-</strong></span> 
     </span>
    </p>
   </div>
   <div class='ocr_carea' id='block_1_104' title="bbox 1949 4626 3547 4702">
    <p class='ocr_par' dir='ltr' id='par_1_104' title="bbox 1949 4626 3547 4702">
     <span class='ocr_line' id='line_1_105' title="bbox 1949 4626 3547 4702; baseline -0.004 -17"><span class='ocrx_word' id='word_1_833' title='bbox 1949 4633 2193 4702; x_wconf 89' lang='lat' dir='ltr'><strong>fugiunt:</strong></span> <span class='ocrx_word' id='word_1_834' title='bbox 2225 4631 2325 4698; x_wconf 91' lang='lat' dir='ltr'><strong>ipsi</strong></span> <span class='ocrx_word' id='word_1_835' title='bbox 2358 4638 2536 4682; x_wconf 87' lang='lat' dir='ltr'><strong>autem</strong></span> <span class='ocrx_word' id='word_1_836' title='bbox 2581 4644 2686 4681; x_wconf 89' lang='lat' dir='ltr'><strong>non</strong></span> <span class='ocrx_word' id='word_1_837' title='bbox 2729 4627 2870 4681; x_wconf 87' lang='lat' dir='ltr'><strong>aliud</strong></span> <span class='ocrx_word' id='word_1_838' title='bbox 2901 4628 3097 4680; x_wconf 71' lang='lat' dir='ltr'><strong>afferre</strong></span> <span class='ocrx_word' id='word_1_839' title='bbox 3137 4626 3344 4692; x_wconf 87' lang='lat' dir='ltr'><strong>dicunt,</strong></span> <span class='ocrx_word' id='word_1_840' title='bbox 3388 4643 3547 4696; x_wconf 86' lang='lat' dir='ltr'><strong>quam</strong></span> 
     </span>
    </p>
   </div>
   <div class='ocr_carea' id='block_1_105' title="bbox 1948 4719 3547 4792">
    <p class='ocr_par' dir='ltr' id='par_1_105' title="bbox 1948 4719 3547 4792">
     <span class='ocr_line' id='line_1_106' title="bbox 1948 4719 3547 4792; baseline -0.003 -15"><span class='ocrx_word' id='word_1_841' title='bbox 1948 4722 2193 4792; x_wconf 87' lang='lat' dir='ltr'><strong>spiritum</strong></span> <span class='ocrx_word' id='word_1_842' title='bbox 2213 4721 2524 4775; x_wconf 89' lang='lat' dir='ltr'><strong>contritum.</strong></span> <span class='ocrx_word' id='word_1_843' title='bbox 2560 4719 2667 4772; x_wconf 88' lang='lat' dir='ltr'><strong>llos</strong></span> <span class='ocrx_word' id='word_1_844' title='bbox 2693 4721 2875 4787; x_wconf 88' lang='lat' dir='ltr'><strong>itaque</strong></span> <span class='ocrx_word' id='word_1_845' title='bbox 2899 4726 2952 4772; x_wconf 90' lang='lat' dir='ltr'><strong>et</strong></span> <span class='ocrx_word' id='word_1_846' title='bbox 2972 4734 3068 4773; x_wconf 90' lang='lat' dir='ltr'><strong>nos</strong></span> <span class='ocrx_word' id='word_1_847' title='bbox 3095 4720 3382 4774; x_wconf 84' lang='lat' dir='ltr'><strong>imitemur.</strong></span> <span class='ocrx_word' id='word_1_848' title='bbox 3415 4719 3547 4773; x_wconf 83' lang='lat' dir='ltr'><strong>Nam</strong></span> 
     </span>
    </p>
   </div>
   <div class='ocr_carea' id='block_1_106' title="bbox 1946 4807 3550 4880">
    <p class='ocr_par' dir='ltr' id='par_1_106' title="bbox 1946 4807 3550 4880">
     <span class='ocr_line' id='line_1_107' title="bbox 1946 4807 3550 4880; baseline -0.002 -13"><span class='ocrx_word' id='word_1_849' title='bbox 1946 4813 2106 4868; x_wconf 88' lang='lat' dir='ltr'><strong>etiam</strong></span> <span class='ocrx_word' id='word_1_850' title='bbox 2137 4826 2277 4863; x_wconf 91' lang='lat' dir='ltr'><strong>nunc</strong></span> <span class='ocrx_word' id='word_1_851' title='bbox 2298 4819 2401 4863; x_wconf 92' lang='lat' dir='ltr'><strong>stat</strong></span> <span class='ocrx_word' id='word_1_852' title='bbox 2427 4823 2586 4861; x_wconf 87' lang='lat' dir='ltr'><strong>aurea</strong></span> <span class='ocrx_word' id='word_1_853' title='bbox 2616 4807 2810 4877; x_wconf 79' lang='lat' dir='ltr'><strong>imago,</strong></span> <span class='ocrx_word' id='word_1_854' title='bbox 2839 4823 3103 4862; x_wconf 75' lang='lat' dir='ltr'><strong>mamona:</strong></span> <span class='ocrx_word' id='word_1_855' title='bbox 3131 4823 3323 4878; x_wconf 81' lang='lat' dir='ltr'><strong>nempe</strong></span> <span class='ocrx_word' id='word_1_856' title='bbox 3368 4819 3550 4880; x_wconf 82' lang='lat' dir='ltr'><strong>tyran-</strong></span> 
     </span>
    </p>
   </div>
   <div class='ocr_carea' id='block_1_107' title="bbox 1949 4899 3546 4972">
    <p class='ocr_par' dir='ltr' id='par_1_107' title="bbox 1949 4899 3546 4972">
     <span class='ocr_line' id='line_1_108' title="bbox 1949 4899 3546 4972; baseline 0 -16"><span class='ocrx_word' id='word_1_857' title='bbox 1949 4905 2050 4957; x_wconf 90' lang='lat' dir='ltr'><strong>nis.</strong></span> <span class='ocrx_word' id='word_1_858' title='bbox 2080 4902 2185 4956; x_wconf 85' lang='lat' dir='ltr'><strong>Sed</strong></span> <span class='ocrx_word' id='word_1_859' title='bbox 2214 4917 2320 4956; x_wconf 90' lang='lat' dir='ltr'><strong>non</strong></span> <span class='ocrx_word' id='word_1_860' title='bbox 2364 4899 2701 4954; x_wconf 87' lang='lat' dir='ltr'><strong>attendamus</strong></span> <span class='ocrx_word' id='word_1_861' title='bbox 2754 4901 3042 4972; x_wconf 83' lang='lat' dir='ltr'><strong>tympanis,</strong></span> <span class='ocrx_word' id='word_1_862' title='bbox 3087 4917 3195 4955; x_wconf 88' lang='lat' dir='ltr'><strong>non</strong></span> <span class='ocrx_word' id='word_1_863' title='bbox 3228 4904 3370 4957; x_wconf 80' lang='lat' dir='ltr'><strong>tibiis</strong></span> <span class='ocrx_word' id='word_1_864' title='bbox 3391 4943 3404 4967; x_wconf 90' lang='lat'><strong>,</strong></span> <span class='ocrx_word' id='word_1_865' title='bbox 3438 4919 3546 4956; x_wconf 88' lang='lat' dir='ltr'><strong>non</strong></span> 
     </span>
    </p>
   </div>
   <div class='ocr_carea' id='block_1_108' title="bbox 1945 4993 3543 5068">
    <p class='ocr_par' dir='ltr' id='par_1_108' title="bbox 1945 4993 3543 5068">
     <span class='ocr_line' id='line_1_109' title="bbox 1945 4993 3543 5068; baseline -0.003 -18"><span class='ocrx_word' id='word_1_866' title='bbox 1945 4994 2186 5066; x_wconf 85' lang='lat' dir='ltr'><strong>cinyris,</strong></span> <span class='ocrx_word' id='word_1_867' title='bbox 2237 5009 2344 5048; x_wconf 90' lang='lat' dir='ltr'><strong>non</strong></span> <span class='ocrx_word' id='word_1_868' title='bbox 2402 4993 2606 5063; x_wconf 87' lang='lat' dir='ltr'><strong>reliquo</strong></span> <span class='ocrx_word' id='word_1_869' title='bbox 2646 4993 2951 5047; x_wconf 81' lang='lat' dir='ltr'><strong>divitiarum</strong></span> <span class='ocrx_word' id='word_1_870' title='bbox 3008 4995 3543 5068; x_wconf 6' lang='lat' dir='ltr'><strong>apparatnigzvcrtnn</strong></span> 
     </span>
    </p>
   </div>
   <div class='ocr_carea' id='block_1_109' title="bbox 1947 5082 3544 5153">
    <p class='ocr_par' dir='ltr' id='par_1_109' title="bbox 1947 5082 3544 5153">
     <span class='ocr_line' id='line_1_110' title="bbox 1947 5082 3544 5153; baseline -0.001 -13"><span class='ocrx_word' id='word_1_871' title='bbox 1947 5087 2157 5141; x_wconf 73' lang='lat' dir='ltr'><strong>etiamsi</strong></span> <span class='ocrx_word' id='word_1_872' title='bbox 2193 5086 2242 5136; x_wconf 89' lang='lat' dir='ltr'><strong>in</strong></span> <span class='ocrx_word' id='word_1_873' title='bbox 2273 5084 2597 5153; x_wconf 85' lang='lat' dir='ltr'><strong>paupertatis</strong></span> <span class='ocrx_word' id='word_1_874' title='bbox 2617 5083 2889 5138; x_wconf 86' lang='lat' dir='ltr'><strong>fornacem</strong></span> <span class='ocrx_word' id='word_1_875' title='bbox 2921 5082 3160 5137; x_wconf 89' lang='lat' dir='ltr'><strong>incidere</strong></span> <span class='ocrx_word' id='word_1_876' title='bbox 3191 5093 3453 5152; x_wconf 77' lang='lat' dir='ltr'><strong>oporteat.</strong></span> <span class='ocrx_word' id='word_1_877' title='bbox 3492 5086 3544 5140; x_wconf 88' lang='lat' dir='ltr'><strong>id</strong></span> 
     </span>
    </p>
   </div>
   <div class='ocr_carea' id='block_1_110' title="bbox 1944 5185 3538 5257">
    <p class='ocr_par' dir='ltr' id='par_1_110' title="bbox 1944 5185 3538 5257">
     <span class='ocr_line' id='line_1_111' title="bbox 1944 5185 3538 5257; baseline -0.003 -18"><span class='ocrx_word' id='word_1_878' title='bbox 1944 5189 2121 5257; x_wconf 84' lang='lat' dir='ltr'><strong>potius</strong></span> <span class='ocrx_word' id='word_1_879' title='bbox 2150 5187 2465 5254; x_wconf 82' lang='lat' dir='ltr'><strong>deligamus,</strong></span> <span class='ocrx_word' id='word_1_880' title='bbox 2507 5195 2649 5239; x_wconf 88' lang='lat' dir='ltr'><strong>ntnc</strong></span> <span class='ocrx_word' id='word_1_881' title='bbox 2696 5185 2868 5253; x_wconf 87' lang='lat' dir='ltr'><strong>ipsum</strong></span> <span class='ocrx_word' id='word_1_882' title='bbox 2901 5185 3207 5250; x_wconf 86' lang='lat' dir='ltr'><strong>adoremus,</strong></span> <span class='ocrx_word' id='word_1_883' title='bbox 3251 5192 3304 5237; x_wconf 85' lang='lat' dir='ltr'><strong>et</strong></span> <span class='ocrx_word' id='word_1_884' title='bbox 3345 5185 3448 5236; x_wconf 80' lang='lat' dir='ltr'><strong>erit</strong></span> <span class='ocrx_word' id='word_1_885' title='bbox 3486 5198 3538 5235; x_wconf 88' lang='lat' dir='ltr'><strong>tu</strong></span> 
     </span>
    </p>
   </div>
   <div class='ocr_carea' id='block_1_111' title="bbox 1949 5277 3536 5347">
    <p class='ocr_par' dir='ltr' id='par_1_111' title="bbox 1949 5277 3536 5347">
     <span class='ocr_line' id='line_1_112' title="bbox 1949 5277 3536 5347; baseline -0.003 -13"><span class='ocrx_word' id='word_1_886' title='bbox 1949 5282 2123 5336; x_wconf 74' lang='lat' dir='ltr'><strong>medio</strong></span> <span class='ocrx_word' id='word_1_887' title='bbox 2167 5279 2396 5334; x_wconf 75' lang='lat' dir='ltr'><strong>fornacis</strong></span> <span class='ocrx_word' id='word_1_888' title='bbox 2443 5294 2530 5331; x_wconf 85' lang='lat' dir='ltr'><strong>ros</strong></span> <span class='ocrx_word' id='word_1_889' title='bbox 2561 5279 2806 5332; x_wconf 82' lang='lat' dir='ltr'><strong>sibilans.</strong></span> <span class='ocrx_word' id='word_1_890' title='bbox 2835 5277 2910 5332; x_wconf 79' lang='lat' dir='ltr'><strong>Ne</strong></span> <span class='ocrx_word' id='word_1_891' title='bbox 2957 5281 3136 5347; x_wconf 88' lang='lat' dir='ltr'><strong>itaque</strong></span> <span class='ocrx_word' id='word_1_892' title='bbox 3169 5287 3536 5346; x_wconf 82' lang='lat' dir='ltr'><strong>paupertatem</strong></span> 
     </span>
    </p>
   </div>
   <div class='ocr_carea' id='block_1_112' title="bbox 1950 5369 3540 5435">
    <p class='ocr_par' dir='ltr' id='par_1_112' title="bbox 1950 5369 3540 5435">
     <span class='ocr_line' id='line_1_113' title="bbox 1950 5369 3540 5435; baseline -0.003 -9"><span class='ocrx_word' id='word_1_893' title='bbox 1950 5382 2284 5435; x_wconf 77' lang='lat' dir='ltr'><strong>horreamus,</strong></span> <span class='ocrx_word' id='word_1_894' title='bbox 2304 5373 2426 5423; x_wconf 87' lang='lat' dir='ltr'><strong>dum</strong></span> <span class='ocrx_word' id='word_1_895' title='bbox 2454 5372 2719 5423; x_wconf 86' lang='lat' dir='ltr'><strong>fornacem</strong></span> <span class='ocrx_word' id='word_1_896' title='bbox 2745 5370 2990 5423; x_wconf 86' lang='lat' dir='ltr'><strong>audimus</strong></span> <span class='ocrx_word' id='word_1_897' title='bbox 3020 5369 3059 5424; x_wconf 89' lang='grc'><strong>¹.</strong></span> <span class='ocrx_word' id='word_1_898' title='bbox 3083 5369 3216 5424; x_wconf 80' lang='lat' dir='ltr'><strong>Nam</strong></span> <span class='ocrx_word' id='word_1_899' title='bbox 3242 5379 3366 5424; x_wconf 88' lang='lat' dir='ltr'><strong>tunc</strong></span> <span class='ocrx_word' id='word_1_900' title='bbox 3381 5371 3540 5423; x_wconf 81' lang='lat' dir='ltr'><strong>etiam</strong></span> 
     </span>
    </p>
   </div>
   <div class='ocr_carea' id='block_1_113' title="bbox 2003 5613 3539 5678">
    <p class='ocr_par' dir='ltr' id='par_1_113' title="bbox 2003 5613 3539 5678">
     <span class='ocr_line' id='line_1_114' title="bbox 2003 5613 3539 5678; baseline -0.01 -2"><span class='ocrx_word' id='word_1_901' title='bbox 2003 5630 2015 5658; x_wconf 82' lang='grc'>¹</span> <span class='ocrx_word' id='word_1_902' title='bbox 2057 5636 2106 5675; x_wconf 86' lang='lat' dir='ltr'><strong>In</strong></span> <span class='ocrx_word' id='word_1_903' title='bbox 2130 5619 2271 5674; x_wconf 82' lang='lat' dir='ltr'><strong>savii.</strong></span> <span class='ocrx_word' id='word_1_904' title='bbox 2308 5628 2360 5668; x_wconf 88' lang='lat' dir='ltr'><strong>et</strong></span> <span class='ocrx_word' id='word_1_905' title='bbox 2397 5616 2580 5678; x_wconf 86' lang='lat' dir='ltr'><strong>aliquot</strong></span> <span class='ocrx_word' id='word_1_906' title='bbox 2616 5620 2722 5678; x_wconf 47' lang='lat' dir='ltr'><strong>diss.</strong></span> <span class='ocrx_word' id='word_1_907' title='bbox 2750 5613 2950 5674; x_wconf 73' lang='lat' dir='ltr'><strong>legitur,</strong></span> <span class='ocrx_word' id='word_1_908' title='bbox 2975 5625 3044 5678; x_wconf 63' lang='lat' dir='ltr'><strong>tte</strong></span> <span class='ocrx_word' id='word_1_909' title='bbox 3068 5613 3217 5678; x_wconf 69' lang='lat' dir='ltr'><strong>igitur</strong></span> <span class='ocrx_word' id='word_1_910' title='bbox 3257 5614 3539 5678; x_wconf 65' lang='lat' dir='ltr'><strong>horreamus</strong></span> 
     </span>
    </p>
   </div>
   <div class='ocr_carea' id='block_1_114' title="bbox 1944 5673 3539 5752">
    <p class='ocr_par' dir='ltr' id='par_1_114' title="bbox 1944 5673 3539 5752">
     <span class='ocr_line' id='line_1_115' title="bbox 1944 5673 3539 5752; baseline -0.008 -17"><span class='ocrx_word' id='word_1_911' title='bbox 1944 5673 2236 5752; x_wconf 67' lang='lat' dir='ltr'><strong>paupertatis</strong></span> <span class='ocrx_word' id='word_1_912' title='bbox 2260 5673 2524 5752; x_wconf 69' lang='lat' dir='ltr'><strong>fornacem.</strong></span> <span class='ocrx_word' id='word_1_913' title='bbox 2549 5676 2642 5728; x_wconf 86' lang='lat' dir='ltr'><strong>Sed</strong></span> <span class='ocrx_word' id='word_1_914' title='bbox 2682 5673 2917 5738; x_wconf 67' lang='lat' dir='ltr'><strong>praestare</strong></span> <span class='ocrx_word' id='word_1_915' title='bbox 2943 5673 3133 5724; x_wconf 79' lang='lat' dir='ltr'><strong>videtur</strong></span> <span class='ocrx_word' id='word_1_916' title='bbox 3165 5673 3312 5722; x_wconf 84' lang='lat' dir='ltr'><strong>lectio</strong></span> <span class='ocrx_word' id='word_1_917' title='bbox 3334 5675 3539 5734; x_wconf 71' lang='lat' dir='ltr'><strong>Morem,</strong></span> 
     </span>
    </p>
   </div>
   <div class='ocr_carea' id='block_1_115' title="bbox 1943 5745 2453 5822">
    <p class='ocr_par' dir='ltr' id='par_1_115' title="bbox 1943 5745 2453 5822">
     <span class='ocr_line' id='line_1_116' title="bbox 1943 5745 2453 5822; baseline -0.029 -16"><span class='ocrx_word' id='word_1_918' title='bbox 1943 5745 2050 5822; x_wconf 59' lang='lat' dir='ltr'><strong>quin</strong></span> <span class='ocrx_word' id='word_1_919' title='bbox 2073 5754 2121 5804; x_wconf 89' lang='lat' dir='ltr'><strong>in</strong></span> <span class='ocrx_word' id='word_1_920' title='bbox 2145 5754 2284 5799; x_wconf 80' lang='lat' dir='ltr'><strong>textu</strong></span> <span class='ocrx_word' id='word_1_921' title='bbox 2303 5745 2453 5806; x_wconf 79' lang='lat' dir='ltr'><strong>jacet.</strong></span> 
     </span>
    </p>
   </div>
  </div>
