4056 6506
544 403 615 462 53
1223 410 1280 466 S.
1318 406 1598 463 JOANNIS
1634 405 2113 464 CHRYSOSTOMI
2150 409 2469 470 ARCHIEP.
2508 414 3048 471 CONSTANTINOP.
3689 422 3762 478 5‘

533 509 569 561 it
593 509 756 576 quiin
789 501 1052 563 fornacem
1087 506 1384 574 inciderunt
1414 507 1731 563 illustriores
1763 508 1935 565 effecti
1965 527 1980 562 :
2005 513 2094 579 qui

533 607 706 652 autem
751 607 977 667 stattmtn
1013 596 1384 661 adoraverunt,
1427 597 1586 652 occisi
1632 606 1773 654 sunt.
1820 599 1926 652 Sed
1972 607 2096 652 tunc

530 690 707 744 omnia
748 690 901 743 simul
931 689 1067 746 facta
1095 699 1253 755 sunt;
1286 704 1425 745 nunc
1454 678 1581 745 vero
1618 690 1719 745 alia
1765 691 1871 755 hic,
1912 691 2013 746 alia
2044 693 2095 748 in

529 781 707 835 futuro
734 781 947 846 saeculo,
977 781 1076 834 alia
1101 789 1156 835 et
1192 779 1280 834 hic
1319 788 1375 836 et
1415 781 1467 834 in
1501 779 1680 835 futuro
1703 781 1922 837 saeculo.
1966 781 2096 836 Nam

530 872 642 939 qui,
671 886 740 926 ne
765 885 1061 924 mamonam
1086 869 1387 932 adorarent,
1418 879 1779 938 paupertatem
1801 871 2095 941 elegerunt,

510 959 586 1014 'et
612 959 697 1013 hic
721 969 774 1013 et
797 959 903 1013 illic
927 959 1314 1037 splendidiores
1334 967 1491 1014 erunt
1517 977 1532 1013 :
1562 961 1651 1030 qui
1692 975 1818 1017 vero
1855 962 1939 1015 hic
1962 961 2098 1029 inju-

531 1059 614 1104 ste
638 1048 846 1103 divitias
875 1048 1244 1118 possederunt,
1274 1058 1398 1104 tunc
1420 1061 1686 1104 extremas
1713 1050 1860 1105 luent
1887 1063 2094 1118 pmnas.

532 1140 614 1193 Ex
637 1138 735 1192 hac
763 1138 978 1193 fornace
995 1137 1230 1192 Lazarus
1255 1139 1406 1204 exiit,
1437 1153 1545 1193 non
1577 1139 1753 1194 minus
1778 1140 2097 1209 conspicuus

529 1245 685 1301 quam
729 1240 837 1285 tres
874 1229 951 1283 illi
990 1229 1178 1299 pueri;
1207 1227 1355 1283 dives
1400 1236 1602 1296 autem,
1645 1229 1734 1298 qui
1760 1229 2096 1284 adorantium

530 1331 757 1377 statuam
788 1320 952 1376 instar
977 1321 1098 1386 fuit,
1126 1320 1191 1375 ad
1217 1321 1514 1390 gehennam
1539 1319 1820 1375 damnatus
1843 1330 1945 1376 est.
1965 1321 2097 1377 Nam

526 1426 648 1482 qua:
675 1411 811 1465 dicta
841 1420 984 1471 sunt,
1011 1412 1176 1479 figura
1204 1409 1418 1463 illorum
1445 1417 1614 1463 erant.
1648 1409 1716 1464 Ut
1745 1411 1904 1480 igitur
1931 1412 1965 1466 ii
2006 1413 2096 1482 qui

529 1502 583 1555 in
610 1502 880 1555 fornacem
915 1499 1245 1564 inciderunt,
1282 1498 1412 1552 nihil
1455 1500 1598 1568 passi
1636 1509 1792 1564 sunt;
1838 1503 1926 1570 qui
1969 1517 2098 1558 vero

531 1592 657 1647 foris
681 1601 852 1658 erant,
880 1605 1065 1661 magna
1083 1603 1204 1645 cum
1231 1588 1562 1644 vehementia
1598 1600 1722 1644 sunt
1742 1592 1945 1661 abrepti
1975 1610 1989 1648 :
2021 1595 2098 1651 sic

528 1691 583 1738 et
607 1691 733 1736 tunc
756 1682 854 1737 erit
875 1697 890 1745 ;
921 1670 1086 1745 sancti
1113 1681 1198 1746 qui
1226 1693 1320 1747 per
1345 1678 1560 1732 ﬂuvium
1587 1682 1797 1750 igneum
1825 1682 2098 1754 incedunt,

529 1773 660 1828 nihil
690 1774 951 1842 ingratum
998 1772 1286 1841 patientur,
1325 1769 1418 1824 sed
1466 1771 1572 1826 laeti
1613 1774 2098 1844 apparebunt;qui

528 1873 704 1918 autem
745 1863 1024 1930 imaginem
1086 1861 1477 1928 adoraverunt,
1525 1860 1698 1930 ignem
1745 1862 2003 1919 videbunt
2041 1866 2094 1920 in

523 1968 588 2009 se
611 1953 793 2021 quavis
815 1952 920 2005 fera
945 1950 1139 2004 stevius
1157 1949 1468 2015 irruentem,
1491 1958 1545 2003 et
1564 1950 1704 2005 intus
1718 1952 2093 2008 attrahentem.

530 2047 707 2113 Itaque
732 2045 777 2098 si
797 2043 915 2114 quis
939 2041 1237 2112 gehennam
1260 2055 1364 2096 non
1391 2040 1581 2107 credit,
1603 2041 1741 2098 hanc
1766 2043 1952 2099 videns
1985 2045 2094 2101 fur-

526 2137 734 2190 nacem,
759 2139 788 2177 a
821 2127 1164 2194 praesentibus
1194 2126 1367 2181 futura
1404 2126 1627 2183 credere
1651 2128 1889 2194 ediscat,
1931 2142 1994 2183 ac
2020 2143 2092 2184 ne

525 2214 707 2268 timeat
742 2217 1065 2283 paupertatis
1116 2215 1404 2277 fornacem.
1453 2215 1547 2272 sed
1598 2217 1773 2284 potius
1815 2216 2088 2272 fornacem

523 2303 745 2372 peccati.
780 2302 903 2358 llaec
928 2305 1070 2359 enim
1111 2314 1166 2360 et
1189 2304 1400 2360 ﬂamma
1431 2313 1485 2360 et
1515 2304 1671 2360 dolor
1696 2320 1808 2371 est;
1833 2306 1921 2360 illa
1961 2319 2090 2363 vero

522 2406 614 2447 ros
633 2401 688 2447 ct
705 2393 934 2462 requies.
982 2395 1038 2448 In
1072 2395 1160 2450 illa
1190 2396 1407 2452 fornace
1447 2405 1554 2451 stat
1580 2397 1850 2459 diabolus;
1896 2399 1950 2453 in
1990 2398 2088 2454 hac

519 2481 690 2550 angeli
720 2484 1047 2539 excutientes
1069 2483 1364 2539 flammam.

592 2571 680 2626 12.
719 2571 842 2625 Haec
866 2572 1086 2626 audiant
1105 2573 1318 2639 divites,
1344 2575 1433 2644 qui
1462 2576 1788 2644 paupertatis
1820 2575 2086 2632 ﬂammam

522 2659 836 2714 accendunt.
893 2661 1221 2730 Pauperibus
1269 2664 1410 2716 enim
1451 2663 1583 2717 nihil
1626 2665 1910 2726 nocebunt,
1965 2680 2087 2720 rore

519 2755 648 2821 ipsis
680 2757 1119 2823 superréniente;
1151 2771 1210 2810 se
1237 2770 1365 2811 vero
1391 2756 1534 2825 ipsos
1575 2756 1801 2823 ﬂammis
1841 2757 2048 2813 tradent
2067 2798 2080 2820 ,

515 2859 647 2912 quas
667 2846 763 2914 ipsi
789 2847 1018 2916 propriis
1061 2847 1305 2901 manibus
1337 2848 1718 2901 accenderunt.
1753 2847 1901 2901 Tunc
1926 2863 2085 2917 ange-

516 2933 598 2989 lus
616 2935 890 2991 descendit
914 2937 978 2991 ad
1007 2951 1198 3006 pueros
1220 2953 1235 3000 ;
1255 2939 1367 3006 jam
1395 2954 1520 2992 vero
1546 2955 1643 2992 nos
1674 2939 1741 2992 ad
1778 2955 1891 3002 eos,
1914 2941 2003 3009 qui
2030 2943 2082 2993 in

514 3025 729 3079 fornace
755 3026 1084 3094 paupertatis
1103 3036 1221 3080 sunt
1240 3068 1256 3090 ,
1286 3028 1700 3094 descendemus,
1727 3039 1782 3083 et
1821 3045 1916 3098 per
1938 3030 2083 3085 elec-

405 3139 413 3148 -
515 3127 788 3184 mosynam
817 3129 992 3170 rorem
1019 3117 1306 3183 pariamus,
1334 3117 1706 3188 ﬂammamque
1731 3121 2077 3189 excutiamus,

424 3190 453 3224 θ
514 3211 710 3258 utcum
746 3205 850 3260 illis
877 3220 1193 3259 coronarum
1233 3207 1398 3261 simus
1439 3218 1753 3272 consortes;
1787 3221 1946 3280 utque
1984 3228 2080 3280 ge-

510 3293 697 3346 hennae
739 3292 1002 3347 ﬂammam
1051 3293 1246 3348 Christi
1277 3310 1374 3350 vox
1401 3297 1630 3350 excutiat
1662 3298 1845 3352 dicens
1874 3340 1889 3363 ,
1937 3299 2072 3354 Esu-

508 3383 715 3436 n'sntcnt
742 3399 822 3436 me
844 3383 1057 3449 vidistis,
1085 3395 1132 3437 et
1167 3386 1370 3454 parietis
1400 3399 1418 3454 ε,
1445 3386 1633 3439 Matth.
1664 3388 1758 3441 25.
1786 3389 1856 3442 55
1882 3389 1924 3458 ).
1953 3390 2078 3445 llaec

506 3472 648 3526 enim
676 3487 778 3526 vox
833 3473 1140 3528 tuncnobia
1189 3489 1284 3543 pro
1326 3489 1446 3530 rore
1490 3475 1660 3530 aderit
1707 3492 1802 3545 per
1848 3478 2075 3533 mediam

505 3564 768 3618 ﬂammam
791 3564 1032 3619 sibilans.
1066 3565 1455 3620 Descendamus
1497 3567 1673 3636 itaque
1693 3583 1811 3622 cum
1843 3569 2076 3625 eleemo-

503 3667 632 3723 syna
682 3654 735 3709 in
792 3653 1056 3710 fornacem
1116 3657 1439 3724 paupertatis
1481 3657 1795 3712 :videamus
1844 3658 2076 3729 philoso-

505 3744 724 3811 phantes
763 3744 880 3798 illos
905 3745 992 3815 qui
1023 3744 1075 3798 in
1104 3745 1215 3813 ipsa
1259 3745 1532 3800 ambulant
1555 3787 1569 3810 ,
1599 3756 1654 3801 et
1681 3748 1941 3802 carbones
1966 3750 2075 3805 cal-

499 3843 638 3914 cant'
671 3838 736 3887 ιτ
784 3835 1059 3891 videamus
1108 3852 1218 3890 rem
1265 3852 1454 3891 novam
1508 3845 1667 3906 atque
1720 3839 2069 3907 stupendam,

501 3924 766 3978 hominem
818 3925 868 3978 in
923 3924 1133 3980 fornace
1178 3927 1512 3994 psallentem,
1544 3926 1812 3982 hominem
1857 3928 1909 3983 in
1950 3929 2072 3997 igne

497 4007 692 4081 gratias
715 4023 983 4083 agentem,
1006 4024 1240 4069 extrema
1269 4017 1441 4084 inopia
1469 4017 1857 4086 colligatum,et
1877 4019 2069 4075 multas

495 4103 706 4157 Christo
735 4104 919 4161 laudes
955 4104 1296 4160 referentem.
1325 4105 1532 4161 Etenim
1559 4107 1737 4176 pueris
1776 4107 1881 4166 illis
1908 4123 2066 4178 pares

497 4201 613 4247 sunt
632 4193 664 4246 ii
691 4193 780 4263 qui
799 4204 1159 4262 paupertatem
1186 4210 1306 4248 cum
1332 4195 1618 4263 gratiarum
1635 4197 1844 4251 actione
1866 4198 2059 4252 ferunt.

561 4344 579 4376 ί
613 4342 727 4404 Alii,
749 4351 794 4394 et
815 4343 1039 4410 superbos
1050 4346 1266 4410 ralctmt._
1275 4345 1405 4396 Infra
1419 4346 1633 4410 quidam,
1649 4345 1826 4399 mulas
1855 4347 2064 4400 Deciat-

495 4401 599 4455 des.
622 4401 725 4466 pro,
751 4401 922 4456 multus
945 4406 1130 4457 Christo
1151 4406 1334 4457 luatch

2207 515 2338 570 Nam
2367 517 2487 590 igne
2516 517 2800 573 terribilior
2825 527 2908 573 est
2932 516 3261 584 mendicitas,
3297 519 3568 587 magisque
3589 516 3777 572 incen-

2204 603 2334 658 dere
2355 606 2508 660 solet.
2544 605 2649 660 Sed
2692 605 2902 660 ﬂamma
2952 620 3144 676 pueros
3192 605 3312 660 illos
3356 619 3461 660 non
3511 605 3773 672 incendit,

2205 710 2388 750 verum
2439 697 2558 766 quia
2611 697 2807 766 gratias
2860 697 3084 752 Domino
3129 696 3514 763 reddiderunt,
3562 699 3774 755 vincula

2204 800 2437 854 ipsorum
2463 785 2638 842 subito
2656 786 2825 841 soluta
2847 797 2990 842 sunt.
3019 786 3090 840 Ita
3119 795 3172 842 et
3198 801 3360 853 nunc,
3388 789 3431 843 si
3474 789 3526 842 in
3549 802 3778 859 pauperb

2204 882 2364 930 tatem
2390 876 2564 943 lapsus
2591 877 2786 944 gratias
2806 890 2950 945 agas,
2968 875 3172 930 vincula
3190 876 3467 930 solvuntur
3482 887 3539 932 et
3560 875 3774 931 ﬂamma

2201 965 2580 1033 exstinguitur;
2611 964 2655 1020 si
2687 979 2792 1019 non
2819 965 3178 1034 extinguatur,
3224 964 3276 1018 td
3300 966 3440 1033 quod
3473 965 3775 1021 mirabilius

2201 1060 2304 1118 est,
2334 1068 2427 1123 pro
2448 1052 2655 1108 ﬂamma
2681 1052 2800 1110 fons
2820 1053 3049 1109 efficitur
3065 1052 3085 1083 ’
3107 1070 3124 1118 ;
3144 1053 3283 1124 quod
3313 1063 3437 1109 tunc
3457 1056 3613 1109 etiam
3634 1069 3776 1111 con-

2203 1141 2315 1210 tigit
2347 1158 2361 1195 :
2394 1157 2512 1197 nam
2544 1143 2596 1196 in
2641 1142 2816 1198 media
2844 1143 3059 1198 fornace
3100 1159 3224 1200 rore
3261 1158 3395 1212 puro
3439 1143 3774 1199 fruebantur.

2200 1228 2376 1300 Ignem
2401 1231 2613 1300 quidem
2662 1246 2767 1288 non
2811 1234 3084 1297 exstinxit,
3114 1233 3208 1288 sed
3237 1249 3305 1290 ne
3332 1234 3776 1290 comburerentur

2198 1322 2287 1390 qui
2313 1335 2379 1376 eo
2404 1321 2580 1390 injecti
2613 1321 2818 1376 fuerant
2847 1321 3140 1392 impedivit.
3182 1322 3293 1378 Hoc
3320 1324 3478 1377 etiam
3515 1324 3567 1378 in
3595 1322 3775 1392 philo-

2198 1409 2542 1477 sOpbantibus
2570 1409 2751 1466 videre
2775 1419 2894 1466 est:
2921 1412 3116 1466 etenim
3174 1411 3226 1464 in
3261 1420 3570 1481 paupertate
3615 1412 3778 1466 timo-

2198 1503 2272 1558 ris
2322 1503 2487 1572 magis
2524 1512 2768 1572 expertes
2809 1512 2965 1569 sunt,
3023 1516 3181 1572 quam
3216 1501 3426 1557 divites.
3477 1501 3556 1557 Ne
3593 1503 3777 1573 itaque

2197 1599 2345 1645 extra
2373 1591 2638 1644 caminum
2656 1590 3112 1655 sedeamus,,nulla
3141 1604 3263 1659 erga
3281 1605 3543 1660 pauperes
3560 1592 3775 1646 miseri-
3857 1647 3866 1653 ,

2197 1679 2376 1732 cordia
2405 1678 2603 1742 aﬂ'ecti,
2636 1695 2703 1734 ne
2728 1679 2993 1748 patiamur
3020 1679 3162 1749 quod
3190 1689 3316 1733 tunc
3345 1679 3418 1733 illi
3445 1680 3585 1748 passi
3621 1689 3771 1734 sunt.

2182 1759 2252 1824 ‘Si
2276 1770 2415 1823 enim
2443 1767 2773 1823 descendens
2793 1767 2860 1822 ad
2891 1783 3085 1838 pueros
3112 1783 3232 1824 cum
3256 1768 3362 1822 illis
3380 1769 3614 1834 steteris,
3637 1769 3772 1824 nihil

2194 1857 2317 1912 mali
2362 1857 2454 1911 tibi
2498 1855 2691 1913 inferet
2739 1859 2876 1928 ignis
2914 1876 2928 1912 :
2960 1859 3006 1912 si
3057 1866 3234 1912 autem
3280 1873 3510 1927 superne
3551 1858 3769 1922 sedens,

2192 1946 2502 2015 despexeris
2552 1948 2674 2002 illos
2722 1949 2774 2002 in
2820 1947 3032 2002 ﬂamma
3065 1948 3412 2018 paupertatis,
3462 1958 3516 2002 te
3556 1946 3769 2002 ﬂamma

2193 2036 2485 2091 comburet.
2517 2036 2791 2092 Descende
2819 2037 2976 2106 igitur
2995 2037 3046 2090 in
3070 2036 3264 2106 ignem,
3288 2052 3355 2091 ne
3378 2034 3678 2092 incenderis
3701 2037 3773 2092 ab

2194 2127 2314 2196 igne
2341 2144 2354 2180 :
2388 2142 2456 2182 ne
2484 2127 2671 2182 sedeas
2690 2137 2839 2181 extra
2871 2128 3068 2195 ignem,
3096 2141 3165 2181 ne
3192 2137 3242 2180 te
3272 2126 3480 2180 ﬂamma
3517 2127 3769 2196 abripiat.

2192 2214 2248 2272 Si
2275 2217 2414 2272 enim
2443 2224 2494 2271 te
2518 2216 2708 2271 viderit
2731 2231 2851 2270 cum
2879 2215 3217 2284 pauperibus,
3247 2229 3278 2268 a
3307 2224 3358 2268 te
3376 2215 3655 2279 abscedet;
3683 2216 3769 2273 sin

2191 2305 2260 2360 ab
2279 2305 2386 2360 illis
2411 2317 2733 2375 separatum,
2758 2308 2935 2361 statim
2962 2307 3014 2361 in
3040 2315 3090 2360 te
3115 2306 3328 2369 insiliet,
3345 2318 3501 2376 teque
3520 2308 3767 2378 abripiet.

2189 2392 2266 2448 Ne
2307 2393 2468 2464 igitur
2517 2394 2771 2448 abscedas
2825 2392 2895 2446 ab
2947 2393 3049 2446 illis
3082 2406 3148 2446 eo
3193 2392 3487 2460 conjectis:
3515 2391 3606 2446 sed
3636 2406 3763 2446 cum

2187 2486 2426 2541 diabolus
2449 2485 2670 2554 jusserit
2693 2500 2787 2539 eos
2803 2485 2890 2554 qui
2908 2498 3093 2537 aurum
3122 2498 3227 2536 non
3250 2483 3470 2536 adorent
3489 2481 3680 2550 conjici
3705 2482 3760 2536 in

2187 2575 2454 2631 fornacem
2482 2575 2830 2647 paupertatis,
2859 2591 2927 2629 ne
2945 2573 3106 2627 fueris
3133 2588 3196 2627 ex
3249 2573 3596 2640 injicientium
3617 2612 3630 2638 ,
3662 2571 3759 2627 sed

2182 2677 2249 2718 ex
2278 2665 2590 2731 injectorum
2612 2677 2836 2717 numero
2853 2703 2868 2726 ,
2902 2670 2961 2716 ut
2986 2664 3061 2715 sis
3083 2677 3149 2716 ex
3177 2661 3567 2716 servandorum
3592 2701 3608 2726 ,
3649 2676 3759 2715 non

2181 2769 2249 2809 ex
2273 2753 2597 2811 urcndorum
2624 2768 2865 2808 numero.
2906 2752 3037 2807 Nam
3066 2767 3192 2807 vere
3225 2766 3315 2806 ros
3353 2761 3438 2807 est
3471 2752 3719 2821 copiosus
3739 2792 3760 2818 ,

2185 2859 2292 2899 non
2314 2845 2541 2899 detineri
2579 2844 3005 2913 concupiscentia
3026 2843 3328 2898 divitiarum
3349 2883 3366 2907 ,
3396 2853 3450 2897 et
3477 2857 3598 2896 cum
3626 2855 3756 2911 pau-

2183 2932 2399 3000 peribus
2427 2937 2647 2987 versari.
2674 2933 2737 2986 Hi
2763 2933 2998 2986 omnium
3043 2943 3165 2987 sunt
3214 2931 3624 3000 opulentissimi,
3668 2930 3760 3001 qui

2180 3023 2518 3092 cupiditatem
2531 3025 2826 3079 divitiarum
2844 3025 3302 3079 conculcaverunt.
3319 3022 3761 3092 Quandoquidem

2183 3113 2257 3167 illi
2284 3115 2372 3182 qui
2404 3124 2527 3167 tunc
2552 3129 2726 3183 regem
2751 3123 3203 3181 contempserunt,
3218 3113 3334 3182 ipso
3356 3128 3478 3182 rege
3509 3112 3764 3206 ﬂagres

2186 3216 2309 3261 sunt
2324 3207 2519 3260 effecti.
2545 3207 2612 3261 Et
2638 3217 2693 3260 tu
2725 3208 2882 3276 igitur
2903 3208 2947 3263 si
2970 3223 3061 3264 res
3083 3209 3236 3279 hujus
3268 3210 3453 3264 mundi
3478 3193 3771 3282 despicias,

2186 3303 2298 3350 toto
2326 3295 2524 3350 mundo
2550 3297 2832 3365 pretiosior
2871 3299 2979 3352 eris
3003 3338 3020 3364 ,
3047 3307 3105 3353 ut
3139 3308 3193 3353 et
3227 3301 3395 3354 sancti
3436 3301 3543 3365 illi,
3574 3302 3767 3369 Quibus

2185 3385 2368 3455 dignus
2396 3381 2496 3438 n'on
2525 3395 2632 3439 erat
2656 3387 2874 3440 mundus
2897 3386 3082 3455 (Hebr.
3111 3389 3200 3442 Η.
3226 3387 3341 3459 58).
3376 3388 3442 3445 Ut
3485 3390 3661 3461 itaque
3685 3391 3768 3446 di-

2185 3487 2320 3542 gnus
2350 3472 2447 3527 ﬁas
2477 3473 2785 3528 caelestibus
2807 3476 2847 3540 ¹,
2875 3475 3060 3530 deride
3087 3478 3391 3546 prtesentia.
3427 3477 3503 3532 lla
3540 3481 3682 3533 enim
3708 3491 3764 3537 et

2185 3558 2270 3612 hic
2294 3560 2622 3628 splendidior
2649 3563 2792 3626 eris,
2819 3571 2874 3617 et
2899 3562 3092 3617 futuris
3133 3563 3290 3618 bonis
3332 3565 3545 3632 frueris,
3592 3571 3762 3638 gratia

2185 3655 2240 3702 et
2265 3647 2587 3718 benignitate
2611 3650 2820 3705 Domini
2847 3652 3016 3706 nostri
3045 3651 3171 3706 Jesu
3196 3652 3419 3720 Christi,
3460 3658 3544 3711 cui
3589 3658 3760 3714 gloria

2187 3748 2241 3792 et
2267 3739 2624 3808 imperiumin
2653 3742 2848 3797 saecula
2876 3744 3212 3799 saeculorum.
3245 3746 3437 3800 Amen.

2251 3921 2408 3998 "foul.
2429 3926 2527 3998 has.
2547 3937 2707 3998 voces,
2731 3939 2821 3998 pro
2844 3924 3418 3998 ﬂanmmfonsefﬁcitur,
3452 3932 3763 3998 mnuscripu

2186 3984 2386 4050 Codices
2407 3986 2593 4050 plurimi
2605 3994 2666 4050 et
2687 3984 2826 4050 savii.
2841 3984 2899 4050 in
2915 3984 3130 4050 margine
3150 3984 3451 4050 sic'habent:
3471 3992 3603 4049 Quod
3615 3984 3763 4042 etiam

2183 4045 2349 4120 uidere
2462 4045 2514 4096 in
2530 4044 2969 4120 philosophantium
2997 4044 3230 4120 ."fgtettt‘m
3246 4049 3297 4120 in
3315 4044 3596 4120 paupefgatg
3617 4052 3762 4103 timo-

2183 4108 2828 4196 eamagema:
2854 4108 3297 4196 imiiiﬂiaﬂ
3311 4108 3542 4196 Maii?
3556 4113 3765 4196 ,πᾶς’-ηεξ

2182 4179 2293 4215 rore
2321 4167 2447 4226 p'uro
2470 4167 2980 4280 perfruamur
3002 4175 3116 4218 tunc
3151 4167 3300 4220 etiam
3329 4170 3523 4242 contigit
3549 4167 3573 4222 5
3600 4173 3764 4244 ignem

2398 4239 2491 4295 non
2514 4234 2767 4300 cratumst,
2826 4289 2855 4300 η
2909 4242 2970 4280 ne
3002 4229 3393 4300 comburerentur
3416 4245 3499 4294 qut
3521 4245 3578 4284 ro
3598 4236 3768 4295 ut)ch

2207 4288 2397 4355 uergit,
2409 4288 2673 4350 itnpedt'rt’t.
2709 4297 2805 4340 Nec
2817 4289 2998 4355 usque,
3022 4296 3118 4341 etc.

2253 4347 2567 4420 {Aslc'om‘ues
2589 4347 2911 4420 Ianusta‘ipti;
2939 4347 2991 4403 et
3019 4357 3091 4408 sic
3115 4354 3236 4420 legit
3268 4356 3505 4409 Animus.
3530 4359 3673 4407 Savil.
3708 4366 3770 4409 et

2189 4405 2368 4464 Morel,
2386 4407 2538 4468 (wits,
2561 4422 2667 4472 pro,
2701 4405 2984 4464 ctrlrstt'liur.
