4082 6514
413 617 722 637 —

1573 475 1640 532 IN
1671 473 2087 531 ΜΔΤἸἪΛΕΙΙΜ
2128 474 2368 532 ιιοωιι..
2409 477 2475 532 γ.

1782 752 2134 816 HOMILIA
2176 755 2254 816 V.

383 921 512 980 Car.
543 923 587 987 l,
615 938 670 976 v.
699 921 789 975 22.
824 920 936 976 Hoc
979 927 1156 973 autem
1200 926 1368 973 totum
1404 921 1604 991 factum
1644 926 1742 982 est,
1780 929 1839 972 ut
1871 920 1971 972 ad-

455 1013 767 1083 impleretur
797 1012 955 1081 quod.
980 1010 1180 1063 dictum
1224 1019 1302 1063 est
1338 1027 1370 1075 α
1419 1010 1648 1063 Domino
1699 1025 1794 1079 per
1839 1010 1970 1079 pro-

454 1106 665 1174 phetam
684 1104 945 1156 dicentem
978 1117 995 1155 :
1021 1101 1112 1155 εδ.
1139 1099 1274 1154 Ecce
1303 1100 1456 1170 Virgo
1482 1101 1537 1153 in
1559 1109 1710 1154 utero
1739 1100 1969 1167 habebit,

453 1203 504 1248 et
547 1195 724 1263 pariet
767 1193 966 1262 ﬁliam,
1007 1199 1055 1246 et
1090 1191 1348 1246 uocabunt
1382 1208 1567 1245 nomen
1602 1193 1714 1261 ejus
1749 1191 1970 1246 Emma-

455 1282 580 1337 nuel
625 1282 768 1352 (Ita.
802 1283 855 1334 7.
897 1281 1021 1351 18).

435 1468 488 1520 I.
533 1465 872 1520 Ezternarum
896 1481 1064 1518 rerum
1092 1464 1334 1518 tumulata
1351 1468 1565 1534 fructum
1585 1465 1839 1519 coneionis
1856 1483 1951 1520 au-

365 1557 481 1626 fert.
511 1586 581 1597 —
609 1557 799 1612 Multos
813 1556 973 1609 audio
1014 1556 1286 1622 dicentes,
1331 1557 1464 1608 Dum
1504 1565 1791 1623 przesentes
1820 1573 1948 1611 con-

361 1645 498 1700 cioui
523 1660 729 1712 sumus,
761 1654 814 1699 et
836 1645 1077 1699 doctrina
1103 1639 1250 1698 verbi
1299 1643 1542 1708 fruimur,
1573 1644 1639 1698 ad
1671 1645 1946 1700 meliorem

359 1733 559 1804 frugem
584 1734 916 1798 reducimur;
944 1736 1146 1804 egressi
1172 1747 1317 1797 vero,
1338 1734 1423 1786 alii
1446 1732 1726 1797 efficimur,
1750 1749 1812 1788 ac
1830 1733 1939 1789 fer-

357 1826 500 1881 voris
529 1827 702 1895 ignem
724 1825 1130 1894 exstinguimus.
1163 1823 1299 1890 Quid
1322 1838 1452 1892 ergo
1480 1823 1767 1893 agendum,
1797 1837 1864 1879 ne
1890 1823 1940 1878 id

353 1916 596 1970 eveniat?
643 1915 714 1969 Ex
725 1915 1038 1985 plorandum
1068 1914 1209 1969 unde
1244 1914 1465 1969 accidat.
1495 1913 1625 1981 Quae
1651 1928 1811 1968 causa
1841 1914 1940 1984 igi-

355 2013 438 2058 tur
465 2005 620 2058 nobis
647 2014 728 2059 est
761 2005 879 2059 talis
918 2005 1256 2059 mutationis?
1297 2004 1449 2071 Quod
1478 2005 1587 2058 loca
1630 2004 1937 2074 frequente-

351 2108 465 2148 mus
493 2109 598 2147 non
623 2093 1016 2158 convenientia,
1035 2103 1090 2149 et
1114 2095 1252 2164 quod
1278 2109 1398 2147 cum
1430 2093 1687 2162 improbis
1712 2109 1934 2150 consor-

355 2183 483 2238 tium
501 2182 811 2238 habeamus.
830 2183 946 2237 Non
975 2185 1117 2238 enim
1140 2183 1419 2253 oportebat
1435 2199 1464 2236 a
1481 2185 1739 2239 concione
1754 2200 1938 2255 egres-

348 2288 459 2337 sos,
480 2275 533 2328 in
557 2275 766 2344 negotia
787 2289 884 2328 nos
902 2275 1143 2343 ingerere
1159 2275 1402 2328 concioni
1424 2289 1529 2328 non
1548 2276 1893 2344 congruentia
1911 2292 1929 2329 :

345 2362 436 2416 sed
481 2364 659 2416 statim
684 2363 900 2416 domum
931 2373 1170 2432 petentes
1217 2363 1409 2418 librum
1454 2364 1716 2434 accipere,
1765 2375 1927 2434 atque

344 2466 561 2505 uxorem
611 2463 660 2505 et
689 2452 822 2506 filios
848 2453 912 2506 ad
937 2467 1123 2506 eorum
1162 2467 1282 2522 quae
1322 2452 1462 2507 dicta
1515 2453 1720 2508 fuerant
1759 2455 1923 2510 colle-

341 2541 570 2596 ctionem
593 2557 836 2607 evocare,
866 2557 927 2596 ac
952 2553 1076 2596 tunc
1098 2542 1164 2596 ad
1194 2544 1315 2596 vita:
1339 2544 1636 2598 necessaria
1667 2560 1766 2598 nos
1795 2560 1925 2600 con-

329 2633 487 2688 ferre.
535 2633 591 2688 Si
632 2633 773 2686 enim
800 2646 864 2686 ex
894 2631 1085 2686 balneo
1123 2633 1260 2686 nolis
1287 2633 1340 2686 in
1365 2634 1539 2688 forum
1571 2645 1622 2690 te
1650 2637 1913 2692 conferre.

329 2739 396 2779 ne
419 2740 485 2779 ex
532 2723 632 2777 fori
674 2723 904 2791 negotiis
945 2721 1117 2777 balnei
1164 2724 1550 2779 recreationem
1590 2734 1646 2780 et
1689 2727 1916 2782 fructum

328 2814 610 2873 labefactes
635 2830 648 2866 :
673 2814 840 2866 multo
870 2815 1036 2883 magis
1055 2827 1084 2865 a
1101 2813 1358 2868 concione
1378 2829 1650 2883 egressum
1668 2817 1718 2870 id
1742 2818 1918 2874 facere

327 2905 625 2975 oportebat.
643 2903 759 2958 Jam
783 2917 909 2956 vero
922 2905 1248 2957 contrarium
1270 2902 1493 2957 facimus
1511 2945 1526 2969 ,
1551 2905 1774 2975 ideoque
1798 2923 1914 2961 omo

325 2993 411 3048 nia
447 2992 740 3062 perdimus.
779 2991 909 3045 Nam
951 2991 1196 3046 lectionis
1229 2990 1460 3046 fructum
1489 2993 1540 3047 in
1572 3004 1752 3049 mente
1773 3011 1909 3050 non-

324 3084 449 3140 dum
488 3083 652 3152 probe
681 3081 934 3148 defixum,
964 3091 1303 3136 externarum
1333 3099 1510 3136 rerum
1541 3087 1795 3140 tumultus
1824 3088 1908 3141 in-

323 3171 506 3228 cidens
554 3181 720 3226 totum
768 3172 940 3225 aufert
969 3181 1023 3225 et
1049 3171 1262 3240 abripit.
1309 3170 1387 3226 Ne
1426 3172 1602 3241 itaque
1631 3173 1682 3228 id
1709 3175 1817 3240 fiat,
1841 3191 1908 3231 ex

317 3263 578 3318 concione
597 3276 866 3331 egressus,
906 3260 1035 3314 nihil
1064 3260 1231 3328 magis
1254 3265 1615 3315 necessarium
1641 3272 1794 3331 putes
1821 3265 1907 3318 illa

323 3353 577 3407 doctrina:
623 3350 957 3406 collectione.
1000 3349 1207 3403 Etenim
1247 3360 1500 3404 extremae
1547 3352 1764 3405 desidia:
1791 3351 1907 3409 fue-

323 3445 408 3510 rit,
439 3444 672 3514 quinque
699 3455 859 3496 sexve
881 3440 998 3511 dies
1039 3439 1384 3492 sa-cularibus
1410 3441 1654 3508 negotiis
1698 3441 1908 3512 impen-

321 3534 464 3597 dere,
498 3531 859 3602 spiritualibus
895 3544 1024 3583 vero
1055 3545 1120 3582 ne
1151 3542 1308 3582 unam
1347 3528 1563 3597 quidem
1594 3529 1769 3594 diem,
1801 3531 1909 3585 imo

323 3643 388 3683 ne
408 3627 683 3681 minimam
723 3623 937 3693 quidem
977 3621 1081 3675 diei
1125 3630 1328 3688 partem
1377 3620 1666 3675 insumere.
1714 3622 1905 3676 Annon

319 3719 510 3774 videtis
533 3715 768 3786 quotidie
802 3728 995 3783 pueros
1027 3719 1237 3765 nostros
1263 3711 1570 3780 disciplinas
1599 3727 1730 3780 quas
1755 3728 1909 3769 acce-

321 3820 508 3881 perunt
535 3823 630 3878 per
676 3816 839 3860 totam
885 3805 1028 3859 diem
1075 3803 1426 3857 meditantes?
1471 3802 1698 3870 ldipsum
1730 3813 1785 3858 et
1809 3819 1908 3860 nos

321 3901 609 3961 faciamus;
637 3896 872 3964 alioquin
916 3893 1044 3948 nihil
1076 3891 1230 3944 nobis
1255 3892 1525 3959 supererit
1550 3907 1613 3944 ex
1648 3890 1730 3944 his
1772 3906 1904 3945 con-

320 3991 585 4052 ventibus,
611 3988 654 4042 si
683 3986 826 4040 dolio
859 3992 1071 4052 pertuso
1097 3977 1330 4050 quotidie
1370 3979 1706 4045 hauriatnus,
1735 3995 1908 4051 neque

319 4096 518 4139 tantam
556 4076 917 4134 costouiendm
943 4072 1622 4128 doctrina:sollicitudinem
1651 4071 1873 4126 adhibea
1893 4099 1906 4113 -

327 4188 461 4237 mus,
491 4183 747 4242 quantam
789 4171 928 4224 circa
965 4185 1155 4223 aurum
1183 4181 1232 4223 et
1259 4179 1534 4238 argentum
1579 4169 1911 4224 exhibemus.

329 4265 384 4320 Si
424 4266 547 4336 quis
587 4264 731 4319 enim
773 4263 1025 4317 denarios
1053 4277 1246 4330 paucos
1289 4263 1576 4330 acceperit,
1615 4273 1670 4316 et
1698 4263 1748 4314 in
1792 4279 1917 4316 cru-

327 4373 478 4413 mena
529 4365 740 4425 reponit
762 4364 817 4410 et
857 4355 1032 4420 ειμιιο
1073 4356 1272 4417 munit;
1323 4369 1419 4408 nos
1461 4364 1638 4408 autent
1680 4357 1918 4425 acceptis

323 4450 551 4519 eloquiis
589 4456 647 4502 et
665 4461 797 4501 auro
819 4456 873 4500 et
909 4448 1133 4516 gemmis
1172 4447 1597 4516 pactiosioribus,
1625 4451 1918 4518 perceptis—

328 4554 431 4609 que
460 4535 695 4606 Spiritus
723 4535 892 4588 sancti
938 4535 1222 4601 thesauris,
1244 4553 1348 4590 non
1371 4552 1435 4590 ea
1464 4537 1514 4590 in
1536 4537 1730 4591 anima:
1774 4554 1913 4608 penu

324 4630 687 4692 recondirnus,
706 4626 798 4683 sed
823 4628 1149 4697 negligenter
1167 4628 1628 4682 omnino’sinimus
1648 4646 1712 4683 ex
1737 4641 1915 4686 mente

325 4733 501 4778 nostra
524 4721 771 4778 effluere.
796 4721 926 4788 Quis
971 4721 1127 4790 igitur
1169 4720 1302 4774 ultra
1334 4721 1501 4774 nostri
1549 4720 1910 4788 miserebitur,

323 4829 441 4870 cum
469 4815 629 4869 nobis
649 4809 779 4882 ipsis
808 4811 1024 4867 insidias
1047 4825 1316 4880 paremus,
1341 4819 1394 4865 et
1415 4812 1465 4864 in
1496 4820 1692 4865 tantam
1721 4823 1914 4881 sponte

324 4907 624 4962 incidamus
656 4906 1062 4974 paupertatem?
1087 4903 1162 4958 Ne
1187 4905 1344 4972 igitur
1363 4903 1414 4956 id
1444 4903 1673 4968 eveniat,
1708 4905 1911 4958 scriba-

327 5014 442 5053 mus
484 4998 647 5052 nobis
697 4997 966 5050 immotam
1009 4995 1179 5062 legem
1210 5002 1263 5047 et
1293 4993 1548 5047 uxoribus
1576 5003 1628 5047 et
1660 4995 1783 5048 filiis
1814 5010 1912 5049 no-

322 5088 464 5153 stris,
492 5097 552 5142 ut
597 5085 734 5139 hanc
773 5099 932 5138 unam
971 5081 1318 5138 hebdomade:
1360 5083 1500 5137 diem
1536 5098 1914 5139 consecremus

323 5193 440 5232 cum
482 5175 766 5232 audiendas
789 5175 1068 5240 doctrinae,
1091 5183 1200 5228 tum
1240 5173 1550 5242 colligendis
1581 5174 1646 5228 iis
1669 5190 1787 5244 quze
1813 5190 1908 5229 au-

321 5271 425 5325 dita
452 5280 597 5325 sunt.
625 5267 700 5321 Ita
729 5267 872 5322 enim
893 5267 1061 5321 multo
1078 5265 1360 5320 dociliores
1379 5265 1444 5319 ad
1471 5281 1532 5320 ea
1551 5281 1670 5335 quae
1684 5266 1909 5321 dicenda

323 5370 443 5414 sunt
457 5371 843 5418 occurremus;
884 5357 1141 5426 nobisque
1161 5355 1311 5410 labor
1332 5357 1505 5410 minor
1523 5398 1536 5418 ,
1552 5371 1615 5410 ac
1636 5358 1784 5411 vobis
1801 5373 1915 5411 nta-

319 5449 400 5518 jns
422 5451 629 5504 lucrum
651 5450 890 5509 accedet,
925 5461 1044 5501 cum
1069 5461 1130 5501 ea
1155 5461 1274 5516 qua:
1299 5460 1468 5514 nuper
1486 5446 1624 5500 dicta
1651 5455 1774 5500 sunt
1799 5461 1913 5499 me-

325 5543 482 5594 moria
507 5540 826 5603 retinentes,
859 5537 935 5590 sic
961 5536 1236 5605 sequentia
1261 5536 1508 5590 audietis.
1542 5535 1656 5590 Non
1685 5536 1828 5590 enim
1857 5537 1909 5592 id

327 5644 500 5697 parum
533 5631 746 5685 confert
778 5627 845 5680 ad
872 5627 1132 5682 dictorum
1177 5625 1575 5696 intelligentiam
1596 5667 1611 5692 ,
1641 5628 1684 5680 si
1716 5628 1908 5682 seriem

325 5721 702 5776 scntcutiarum
728 5726 1029 5774 nostrarum
1051 5725 1298 5773 accurate
1324 5717 1569 5773 teneatis.
1607 5717 1738 5784 Quia
1765 5718 1906 5772 enim

2065 935 2176 975 non
2202 931 2498 990 possumus
2520 919 2704 973 omnia
2737 935 2849 974 uno
2881 920 2971 975 die
3003 920 3318 991 complecti,
3346 922 3394 978 si
3413 937 3499 986 ea,
3525 939 3650 994 qua:

2066 1012 2300 1082 singulis
2351 1010 2512 1066 vobis
2563 1010 2764 1066 diebus
2813 1011 3205 1081 proponimus,
3259 1012 3316 1066 in
3369 1015 3655 1070 memorite

2063 1087 2303 1172 quadam
2333 1101 2481 1158 serie
2511 1102 2666 1171 quasi
2697 1109 2950 1155 catenam
2987 1103 3242 1168 teneatis,
3274 1103 3354 1158 sic
3383 1104 3438 1157 in
3465 1113 3653 1159 mente

2061 1192 2314 1260 reponite
2339 1231 2354 1256 ,
2399 1199 2467 1244 ut
2502 1197 2676 1246 totum
2717 1189 3017 1259 Scriptum
3047 1205 3250 1259 corpus
3291 1192 3453 1246 simul
3489 1207 3653 1262 appa-

2059 1287 2198 1334 reat.
2250 1281 2543 1336 Revoeatis
2591 1281 2759 1350 igitur
2805 1281 2861 1334 iu
2909 1288 3148 1333 mentem
3190 1280 3261 1334 iis
3304 1296 3425 1348 quae
3476 1294 3652 1350 nuper

2054 1369 2202 1426 dicta
2232 1379 2390 1435 sunt,
2425 1373 2505 1426 sic
2536 1371 2701 1426 hodie
2736 1371 2804 1425 ad
2849 1384 2915 1424 ea
2945 1384 3070 1440 quae
3116 1369 3478 1439 proponenda
3521 1374 3654 1425 sunt

2055 1461 2412 1517 accedamus.

2097 1635 2148 1687 2.
2183 1634 2310 1698 Quae
2347 1638 2411 1688 sit
2454 1635 2522 1687 vis
2563 1638 2740 1687 horum
2783 1641 3043 1688 verborum
3107 1634 3280 1708 lenite,
3307 1640 3425 1695 [loc
3459 1648 3626 1695 totum

2029 1721 2222 1776 factum
2265 1734 2366 1778 est.
2399 1723 2502 1778 Cur
2521 1723 2713 1793 Joseplt
2734 1725 2804 1777 ad
2819 1724 3014 1778 Isaiam
3043 1728 3336 1781 remittitur.
3361 1729 3464 1782 Cur
3479 1731 3630 1784 Citri-

2026 1825 2132 1868 σιω
2158 1831 2261 1867 non
2292 1814 2594 1869 Emmanuel
2619 1817 2767 1884 vulgo
2804 1817 3113 1886 appellatus.
3140 1849 3208 1860 —
3233 1819 3490 1887 Qumnam
3531 1824 3631 1892 igt-

2025 1915 2111 1959 tur
2140 1906 2294 1961 nobis
2337 1907 2495 1962 hodie
2535 1907 2879 1976 proponenda
2902 1909 3062 1963 sunt?
3099 1909 3212 1964 Hoc
3253 1921 3422 1965 autem
3462 1923 3627 1970 totum

2021 2001 2215 2066 factum
2239 2009 2312 2052 est
2343 2009 2396 2052 ut
2417 1999 2709 2068 impleretur
2735 2001 2870 2069 quod
2890 2000 3081 2053 dictum
3107 2011 3181 2054 est
3204 2018 3236 2054 α
3265 2001 3490 2056 Domino
3535 2021 3627 2072 per

2021 2091 2317 2160 prophetam
2347 2090 2610 2144 dicentem.
2649 2091 2812 2161 Digna
2840 2091 3097 2145 miraculo
3125 2108 3256 2147 voce
3296 2109 3393 2163 pro
3418 2095 3626 2151 viribus

2019 2180 2267 2235 clamavit
2308 2181 2496 2235 dicens
2531 2199 2543 2235 :
2580 2180 2694 2234 Iloe
2737 2191 2903 2234 autem
2931 2190 3091 2234 totum
3135 2186 3328 2252 factum
3365 2195 3454 2238 est.
3489 2186 3622 2252 Quia

2020 2269 2160 2322 enim
2202 2269 2334 2324 vidit
2357 2270 2571 2340 pelagus
2599 2279 2652 2324 et
2681 2270 2932 2340 abyssum
2966 2269 3310 2340 benignitatis
3347 2273 3465 2339 Dei,
3493 2283 3547 2327 et
3570 2273 3622 2333 id

2019 2359 2160 2428 quod
2180 2343 2468 2428 numquam
2492 2367 2760 2428 speratum
2785 2360 2956 2413 fuerat
2973 2359 3241 2423 evenisse,
3258 2371 3462 2415 natura:
3478 2361 3626 2415 solu-

2022 2461 2102 2503 tas
2123 2451 2308 2520 leges,
2330 2443 2817 2506 reconciliationem
2847 2449 3059 2513 factam,
3089 2461 3142 2505 et
3170 2453 3408 2505 omnium
3437 2469 3625 2523 supre.

2022 2555 2164 2593 mum
2179 2540 2245 2592 ad
2263 2541 2500 2593 omnium
2520 2539 2759 2593 infimum
2772 2539 3139 2604 descendisse,
3160 2539 3393 2595 medium
3411 2557 3622 2596 murum

2019 2630 2305 2694 sublatum,
2338 2641 2392 2684 et
2419 2629 2799 2699 impedimenta
2819 2629 3024 2699 abacta,
3059 2633 3336 2698 multoque
3365 2631 3515 2699 plura
3539 2631 3625 2686 bis

2018 2731 2166 2792 gesta
2179 2722 2304 2786 alia,
2325 2736 2432 2775 uno
2444 2721 2610 2775 verbo
2624 2720 2936 2775 miraculum
2953 2720 3244 2774 declaravit
3269 2721 3452 2776 dicens
3475 2739 3489 2776 :
3517 2721 3624 2776 Hoc

2017 2825 2185 2867 autem
2213 2821 2368 2865 totum
2389 2816 2578 2882 fectant
2606 2819 2699 2876 est,
2715 2821 2768 2863 ut
2787 2809 3083 2879 impleretur
3118 2811 3254 2880 quod
3275 2811 3464 2864 dictum
3497 2821 3568 2865 est
3591 2829 3625 2865 α

2018 2902 2259 2957 Domino.
2277 2900 2356 2955 Ne
2371 2901 2665 2965 existimes,
2681 2899 2870 2968 inquit,
2900 2899 2952 2952 id
2977 2899 3135 2952 modo
3150 2899 3429 2954 decretum
3461 2915 3585 2955 esse
3606 2921 3622 2963 ;

2014 2993 2124 3062 jam
2153 2991 2280 3046 olim
2310 2990 2704 3061 praefiguratum
2746 2987 2940 3045 fuerat.
2963 2987 3017 3041 Id
3042 2988 3182 3058 quod
3225 2989 3386 3043 etiam
3429 2989 3626 3045 Paulos

2019 3084 2218 3152 ubique
2261 3082 2633 3138 demonstrare
2662 3081 2887 3135 studuit.
2928 3079 3045 3134 lam
3074 3094 3203 3133 vero
3232 3079 3525 3148 losephttm
3557 3082 3626 3136 ad

2022 3173 2213 3227 Isaiam
2261 3173 2506 3240 remittit,
2536 3184 2595 3225 ut
2628 3172 2673 3226 si
2713 3179 3060 3239 experrectus
3103 3171 3386 3225 verborum
3435 3173 3625 3241 ipsius,

2034 3284 2218 3341 utpote
2264 3287 2454 3337 recens
2501 3271 2790 3334 dictorum,
2836 3271 3035 3326 oblitus
3078 3274 3249 3333 esset,
3291 3273 3631 3342 prophetico-

2035 3380 2174 3418 rum.
2205 3379 2257 3417 tn
2283 3378 2509 3431 quorum
2554 3361 2902 3415 meditatione
2932 3363 3163 3416 nutritus
3193 3362 3381 3427 fuerat,
3415 3379 3632 3432 semper

2032 3455 2342 3507 recordatus
2366 3493 2382 3516 ,
2407 3467 2527 3522 qua:
2553 3452 2694 3506 dicta
2721 3453 2820 3505 sibi
2851 3461 3006 3506 erant
3035 3454 3310 3508 retineret.
3345 3453 3510 3508 Uxori
3533 3471 3626 3510 au-

2033 3551 2138 3596 tem
2171 3543 2302 3597 nihil
2334 3542 2438 3596 tale
2486 3541 2638 3606 dixit,
2674 3552 2858 3610 utpote
2885 3557 3004 3611 qum
3046 3544 3214 3611 puclla
3236 3543 3409 3598 adhuc
3437 3546 3626 3602 borum

2031 3634 2271 3688 notitiam
2317 3649 2421 3688 non
2460 3635 2685 3688 haberet
2715 3652 2727 3686 :
2761 3635 2871 3687 viro
2897 3645 3077 3688 autem
3127 3644 3310 3703 utpote
3341 3637 3508 3704 justo,
3537 3640 3627 3706 qui

2029 3724 2317 3793 prophetas
2352 3724 2719 3787 meditaretur,
2741 3725 2865 3778 hinc
2887 3724 3156 3778 edisserit.
3177 3726 3241 3779 Et
3263 3726 3489 3781 antehac
3509 3729 3630 3797 qui-

2025 3814 2146 3868 dem
2173 3814 2378 3869 dixerat
2413 3833 2424 3867 :
2458 3812 2678 3868 Mariam
2700 3815 2964 3885 conjugem
2995 3825 3135 3867 tuam
3159 3833 3177 3868 :
3203 3815 3289 3870 hic
3320 3832 3448 3870 vero
3475 3827 3624 3884 post-

2025 3919 2184 3972 quam
2232 3905 2544 3974 prophetam
2591 3905 2809 3959 adduxit
2839 3906 2887 3958 in
2919 3905 3177 3968 medium,
3225 3922 3364 3958 nunc
3405 3907 3622 3962 demum

2027 4009 2219 4049 nomen
2270 3997 2584 4064 virginitatis
2635 3997 2708 4049 illi
2760 3996 2986 4050 credidit
3021 4005 3075 4050 et
3118 3997 3398 4066 patefecit;
3451 4014 3624 4067 neque

2024 4085 2166 4138 enim
2197 4093 2302 4137 tam
2357 4085 2741 4151 imperturbato
2769 4087 2948 4139 animo
2981 4085 3185 4147 fuisset,
3217 4086 3400 4139 audito
3445 4087 3622 4155 Virgi-

2023 4173 2106 4227 nis
2150 4174 2386 4238 nominc,
2426 4173 2527 4228 nisi
2576 4176 2723 4242 prius
2759 4176 2807 4227 id
2839 4177 2906 4227 ab
2948 4176 3076 4229 Isaia
3125 4177 3436 4231 audivisset.
3479 4178 3621 4234 Nihil

2021 4264 2162 4316 enim
2208 4261 2554 4331 stupendum,
2587 4264 2681 4318 sed
2723 4281 2832 4317 rem
2868 4265 2965 4319 sibi
3020 4266 3134 4320 hrc
3163 4268 3332 4320 multo
3379 4279 3622 4336 tempore

2021 4353 2299 4408 meditanti
2330 4352 2646 4407 familiarem
2675 4354 2950 4408 auditurus
2975 4364 3093 4409 erat
3120 4372 3149 4410 a
3177 4357 3458 4424 propheta.
3494 4359 3620 4415 Ideo

2017 4443 2238 4512 angelus
2284 4453 2340 4496 ut
2383 4459 2494 4498 rem
2544 4443 2854 4507 credibilem
2899 4445 3180 4509 redderet,
3211 4447 3396 4501 lsaizon
3431 4450 3480 4502 in
3508 4465 3611 4504 me

2018 4533 2162 4587 dium
2220 4532 2456 4588 adducit.
2507 4533 2689 4602 Neque
2745 4535 2828 4588 hic
2886 4535 3109 4604 gradum
3161 4539 3340 4600 sistit,
3394 4540 3488 4594 scd
3550 4541 3611 4596 ad

2018 4622 2185 4676 Deum
2213 4621 2325 4676 hmc
2349 4623 2652 4692 loquentem
2673 4624 2827 4694 erigit
2851 4639 3009 4688 eum;
3044 4640 3149 4678 non
3181 4628 3322 4680 enim
3343 4629 3614 4698 propheta

2020 4715 2182 4767 verba
2227 4729 2346 4768 esse
2394 4714 2568 4780 dixit,
2615 4715 2708 4768 sed
2747 4732 2775 4769 a
2807 4716 2914 4769 Deo
2959 4717 3328 4772 universorum
3386 4721 3613 4790 prolata.

2015 4803 2141 4858 Ideo
2186 4820 2292 4858 non
2332 4803 2486 4870 dixit,
2535 4814 2592 4859 ut
2623 4806 2938 4874 impleretur
2987 4807 3131 4876 quod
3171 4808 3371 4863 dictum
3415 4821 3498 4866 est
3546 4814 3592 4866 a'

2014 4893 2182 4955 Isaia;
2227 4892 2356 4957 sed,
2414 4893 2563 4959 Quod
2604 4893 2792 4946 dictum
2831 4903 2902 4947 est
2945 4911 2978 4945 α
3016 4894 3271 4952 Domino:
3303 4913 3364 4952 os
3416 4901 3592 4971 quippe

2011 4992 2126 5038 erat
2154 4982 2302 5038 Isaia:
2326 5025 2340 5049 ,
2369 4985 2646 5038 oraculum
2684 5000 2810 5038 vero
2837 5000 2868 5040 e
2897 4988 3144 5054 supernis
3187 4991 3443 5047 delatum.
3473 4995 3604 5060 Quid

2009 5083 2188 5130 autem
2220 5075 2292 5129 ait
2317 5075 2419 5129 hoc
2442 5075 2714 5129 oraculum
2741 5093 2756 5129 :
2781 5074 2914 5129 Ecce
2948 5076 3101 5147 Virgo
3130 5081 3181 5132 in
3209 5092 3349 5135 utero
3377 5085 3608 5151 habebit,

2010 5175 2055 5219 et
2077 5167 2240 5235 pariet
2284 5167 2482 5233 ﬁlium,
2529 5177 2573 5220 et
2613 5166 2856 5220 vocabunt
2895 5183 3076 5223 nomen
3122 5172 3231 5239 ejus
3279 5172 3603 5232 Emmanuel.

2011 5255 2162 5325 (Isoi.
2193 5258 2243 5309 7.
2275 5255 2386 5326 14).
2409 5257 2514 5312 Cur
2533 5273 2681 5326 ergo,
2711 5256 2996 5320 dices,non
3027 5271 3247 5315 vocatus
3271 5272 3352 5317 est
3391 5265 3602 5321 Emma-

2011 5352 2153 5410 nuel,
2181 5347 2274 5402 sed
2317 5345 2472 5401 Iesus
2512 5347 2800 5401 Christus?
2842 5347 2975 5414 Quia
3010 5365 3116 5406 non
3165 5350 3326 5416 dixit,
3351 5353 3603 5423 Vocabis,

2011 5442 2127 5506 sed,
2161 5439 2444 5506 Vocabant,
2477 5456 2668 5510 nempe
2720 5440 2917 5509 populi,
2943 5449 2998 5495 et
3037 5442 3150 5511 ipse
3192 5459 3371 5498 rerum
3407 5449 3603 5502 exitus.

2014 5531 2104 5585 llic
2128 5531 2203 5585 rei
2230 5545 2350 5600 qum
2384 5530 2606 5599 contigit
2647 5545 2840 5584 nomen
2870 5531 3130 5599 imponit;
3165 5543 3218 5588 et
3249 5534 3336 5589 hic
3365 5554 3445 5588 0H
3486 5556 3606 5592 mos

2012 5622 2322 5690 Scriptura),
2357 5636 2446 5676 res
2468 5635 2587 5690 qua:
2636 5621 2950 5690 contingunt
2979 5637 3075 5691 pro
3115 5625 3332 5679 nomine
3379 5643 3600 5694 ponere.

2011 5711 2147 5767 Nihil
2175 5711 2318 5767 enim
2347 5710 2488 5767 aliud
2510 5721 2595 5768 est
2624 5709 2773 5780 illud,
2791 5711 3044 5768 Vocabtmt
3075 5714 3394 5784 Emmanuel,
3418 5732 3598 5787 quam.
