4082 6494
439 449 509 505 57
1123 452 1182 510 S.
1220 447 1496 508 JOANNIS
1528 438 1994 502 CilRYSOSTOMI
2034 433 2345 494 ARCHIEP.
2383 423 2912 486 CONS’I'ANTINOP.
3588 414 3657 472 58

439 556 706 615 Videbunt
745 555 912 607 Deum
940 561 1058 604 cum
1104 545 1432 608 hominibus;
1475 558 1593 596 nam
1632 553 1843 608 semper
1881 550 2002 592 cum

440 645 742 704 hominibus
765 641 893 705 init,
920 638 1014 694 sed
1041 635 1426 704 numquamita
1453 631 1751 687 manifeste.
1780 627 1928 696 Quod
1959 626 2003 680 si

439 735 770 805 impudenter
815 730 1075 783 obsistam
1115 725 1280 782 Judmi
1306 765 1324 790 ,
1369 721 1810 792 interrogabimus
1851 732 1946 774 eos
1986 731 2003 770 :

431 833 778 904 Quandonam
817 839 1032 883 vocatus
1066 836 1147 882 est
1167 841 1316 895 puer.
1350 823 1458 878 Cito
1487 821 1734 893 prcedere,
1765 817 2000 874 uelociter

431 923 594 991 spolia
609 921 753 984 aufer
767 920 792 972 γ
823 917 926 973 Sed
955 915 1082 972 nihil
1103 913 1426 983 respondere
1448 917 1712 978 poterunt.
1733 909 1842 963 Cur
1871 919 2000 975 ergo

431 1011 690 1079 propheta
716 1007 847 1060 dixit
871 1025 883 1058 :
929 1005 1059 1058 Voca
1086 1019 1262 1056 nomen
1291 1003 1429 1070 ejus,
1457 999 1566 1054 Cito
1592 999 1820 1070 prtedare
1844 995 1997 1066 (Iani.

432 1099 485 1153 8.
517 1100 599 1164 5)?
638 1095 896 1163 Quoniam
937 1093 1053 1164 ipso
1099 1101 1223 1145 nato
1260 1089 1596 1158 depopulatio
1632 1095 1685 1142 et
1707 1085 1996 1155 spoliorum

432 1187 656 1256 direptio
682 1185 817 1240 facta
839 1192 923 1239 est
952 1201 965 1237 :
994 1183 1215 1250 ideoque
1243 1195 1353 1236 rem
1380 1194 1496 1245 quae
1525 1180 1662 1232 circa
1687 1177 1856 1246 ipsum
1875 1187 2000 1228 con-

433 1278 569 1346 tigit,
590 1275 739 1344 quasi
770 1288 962 1328 nomen
989 1271 1086 1340 ipsi
1116 1270 1355 1337 imponit.
1376 1268 1442 1322 Et
1468 1268 1661 1330 ciuitas,
1698 1264 1884 1334 inquit,
1915 1279 1999 1316 eo-

434 1366 626 1420 cabitur
669 1366 843 1417 civitas
878 1362 1112 1432 justitia,
1154 1360 1443 1426 metropolis
1487 1358 1650 1425 ﬁdelis
1692 1355 1819 1412 Sion
1844 1351 2000 1420 (Iani.

435 1456 486 1510 1.
510 1453 605 1522 26)
634 1470 648 1506 :
676 1463 730 1508 et
751 1465 1006 1519 nusquam
1054 1449 1349 1503 invenimus
1389 1446 1531 1500 illam
1575 1444 1734 1497 fuisse
1765 1451 2000 1496 vocatam

429 1543 686 1612 justitiam
717 1543 756 1606 ⁸,
785 1540 877 1594 sed
921 1553 1112 1593 nomen
1142 1536 1242 1605 ipsi
1277 1534 1471 1589 mansit
1501 1533 1869 1601 Jerosolyma;
1905 1545 1996 1584 ve-

432 1647 550 1687 rum
589 1631 708 1702 quia
742 1631 854 1699 ipsa
883 1631 934 1685 in
955 1627 1147 1683 melius
1169 1633 1488 1680 commutata
1518 1623 1617 1676 hoc
1660 1623 1759 1692 ipsi
1790 1620 1998 1682 accidit,

433 1724 555 1778 ideo
579 1724 744 1792 ipsam
767 1722 836 1773 ita
870 1717 1043 1775 vocari
1069 1717 1222 1771 dixit.
1255 1714 1355 1771 Ubi
1380 1714 1520 1767 enim
1551 1711 1809 1780 contingit
1833 1707 2002 1780 quod-

432 1814 554 1872 dam
591 1811 900 1882 prmclarum
944 1808 1169 1870 facinus,
1217 1803 1356 1874 quod
1398 1803 1590 1858 clarius
1632 1816 1789 1872 quam
1829 1800 2002 1868 ipsum

433 1901 704 1973 proprium
733 1913 926 1954 nomen
954 1895 1148 1950 indicat
1185 1905 1454 1946 auctorem
1483 1891 1618 1957 ejus,
1645 1899 1739 1947 aut
1765 1902 1884 1941 eum
1912 1885 2002 1956 qui

432 1993 549 2064 ejus
574 1991 796 2046 iruetum
819 1988 1072 2058 percepit.
1096 2000 1288 2043 nomen
1307 1985 1421 2054 ejus
1441 1983 1710 2050 Scriptura
1735 1980 1859 2035 dicit
1882 1991 2006 2034 esse

432 2083 510 2137 rei
532 2080 825 2136 veritatem.
857 2076 1008 2144 Quod
1033 2077 1076 2129 si
1109 2074 1233 2128 hinc
1269 2073 1521 2128 coni'utati
1559 2070 1697 2124 aliud
1741 2075 2002 2138 queram,

433 2183 625 2238 nempe
652 2169 719 2222 de
743 2167 1040 2236 virginitate
1067 2163 1290 2226 dictum,
1317 2171 1373 2216 et
1401 2161 1652 2230 objiciunt
1675 2158 1826 2213 nobis
1869 2157 2005 2210 alios

432 2260 769 2326 interpretes,
797 2255 1035 2310 dicentes
1058 2269 1072 2304 :
1097 2251 1160 2306 Hi
1193 2264 1296 2304 non
1327 2249 1572 2304 dixerunt
1595 2249 1883 2317 Virginem,
1906 2245 2001 2300 sed

434 2348 659 2418 puellam
689 2347 784 2415 (a):
813 2345 980 2413 primo
1019 2341 1234 2411 quidem
1269 2339 1399 2396 illud
1430 2339 1669 2397 dicemus
1688 2378 1704 2399 ,
1731 2338 1850 2406 jure
1871 2335 1996 2404 Sep-

381 2443 392 2450 ”
434 2441 668 2509 tuaginta
697 2438 1012 2505 interpretes
1031 2433 1148 2491 aliis
1166 2431 1271 2486 iide
1296 2429 1562 2499 digniores
1579 2427 1781 2484 haberi.
1799 2426 1932 2481 Nam
1952 2425 2005 2479 hi

435 2528 690 2601 postremi
712 2534 830 2596 post
856 2524 1055 2582 Christi
1079 2523 1365 2581 adventum
1386 2519 1711 2587 interpretati
1748 2526 1890 2586 sunt,
1911 2515 2007 2571 Ju-

432 2621 638 2688 daeique
678 2623 988 2675 manserunt
1009 2655 1025 2681 ,
1055 2612 1194 2672 unde
1222 2612 1274 2668 in
1302 2609 1655 2677 suspicionem
1684 2605 1894 2667 cadant,
1918 2613 2002 2659 ut-

435 2718 559 2781 pote
595 2705 684 2777 qui
711 2720 776 2760 ex
804 2704 1072 2762 inimicitia
1099 2701 1176 2758 sic
1202 2697 1376 2770 petitis
1399 2695 1649 2759 dixerint,
1679 2707 1743 2748 ac
1767 2691 2002 2763 prophe-

434 2800 536 2852 tias
575 2797 643 2850 de
671 2793 925 2848 industria
955 2790 1181 2844 obscure
1222 2785 1582 2845 converterint
1613 2800 1628 2837 :
1657 2781 2001 2852 Septuaginta

432 2901 564 2942 vero
591 2884 680 2957 qui
717 2891 931 2937 centum
955 2889 1046 2936 aut
1073 2877 1313 2954 pluribus
1341 2875 1496 2932 annis
1523 2883 1646 2928 ante
1668 2871 1870 2926 Christi
1905 2871 2004 2924 ad-

434 2985 651 3034 ventum
677 2974 800 3029 huic
847 2972 922 3029 rei
974 2979 1052 3028 tot
1092 2982 1316 3029 numero
1359 2979 1574 3021 manum
1620 2962 2004 3027 admoverunt,

435 3069 503 3122 ab
528 3066 670 3121 omni
693 3059 993 3133 bujnsmodi
1024 3057 1324 3126 suspicione
1346 3054 1497 3113 liberi
1522 3060 1682 3123 sunt,
1711 3064 1773 3104 ac
1800 3058 1910 3103 tum
1935 3048 2007 3102 ob

435 3168 640 3220 tempus
692 3163 800 3205 tum
829 3152 897 3204 ob
926 3149 1342 3210 multitudinem,
1389 3154 1500 3201 tum
1521 3144 1592 3199 ob
1611 3152 1846 3198 mutuum
1865 3154 1998 3196 con-

434 3255 647 3297 sensum
678 3242 780 3300 iide
803 3239 948 3303 digni
971 3236 1192 3292 habendi
1221 3246 1362 3290 sunt.

507 3415 563 3471 5.
602 3414 696 3470 Sin
725 3421 901 3467 autem
930 3409 1281 3466 recentiorum
1313 3409 1668 3463 testimonium
1709 3403 1998 3472 proferant,

435 3504 594 3562 etiam
623 3503 722 3557 hoc
751 3501 908 3556 modo
929 3500 1144 3554 victoria
1176 3511 1336 3567 penes
1364 3510 1460 3551 nos
1485 3496 1587 3549 erit
1616 3511 1632 3546 :
1663 3508 1783 3547 nam
1813 3490 2002 3560 puella:

436 3595 651 3651 nomine
686 3593 821 3648 solet
859 3590 1126 3659 Scriptura
1165 3588 1418 3655 virginem
1463 3599 1680 3648 vocare;
1713 3582 1868 3654 idque
1895 3595 2001 3634 non

435 3687 507 3742 de
537 3684 847 3740 mulieribus
883 3690 1116 3745 tantum,
1151 3679 1244 3736 sed
1273 3677 1432 3732 etiam
1479 3676 1546 3730 de
1593 3675 1721 3727 viris
1763 3672 1956 3727 dicitur
1987 3687 2001 3725 :

439 3789 562 3830 nam
604 3775 706 3838 ait,
755 3770 972 3825 lunares
1014 3778 1060 3823 et
1082 3768 1327 3838 virgines,
1371 3781 1510 3818 senes
1556 3779 1671 3816 cum
1718 3760 2007 3833 junioribus

439 3860 622 3933 (Psat.
658 3860 778 3914 ηε.
828 3857 893 3912 ΙΞ
911 3858 951 3926 ).
983 3859 1056 3910 Ac
1083 3869 1290 3909 rursum
1317 3853 1384 3908 de
1412 3852 1578 3920 puella
1610 3850 1833 3918 loquens
1857 3847 2010 3914 cujus

440 3949 712 4020 virginitas
733 3948 1003 4016 impetitur
1026 3945 1152 4000 dicit
1183 3962 1197 3997 :
1228 3943 1288 3998 Si
1317 3941 1601 3996 clamaverit
1630 3940 1801 4006 puella
1835 3939 2007 4005 (Deut.

437 4040 530 4094 22.
586 4039 724 4106 27),
774 4038 825 4091 id
860 4047 977 4099 est,
1020 4038 1200 4103 virga.
1235 4033 1282 4088 id
1313 4047 1438 4084 vero
1465 4030 1813 4084 conﬁrmatur
1848 4042 1916 4082 ex
1945 4027 2011 4080 iis

440 4142 560 4196 qua:
594 4142 750 4194 supra
779 4123 918 4178 dicta
957 4132 1101 4175 sunt.
1134 4121 1309 4189 Neque
1333 4119 1476 4173 enim
1508 4117 1817 4185 simpliciter
1836 4114 1971 4169 dixit
1991 4153 2007 4179 ,

440 4215 574 4272 Ecce
609 4218 746 4286 virgo
791 4216 842 4267 in
887 4222 1023 4265 utero
1068 4212 1298 4272 lubebit;
1327 4209 1419 4261 sed
1449 4222 1568 4260 cum
1592 4216 1715 4260 ante
1753 4205 2006 4267 dixisset,

441 4306 574 4362 Ecce
599 4307 736 4360 dabit
764 4303 1007 4355 Dominus
1041 4301 1150 4368 ipse
1173 4299 1306 4350 vobis
1330 4297 1527 4366 signum
1546 4335 1560 4358 ,
1595 4302 1719 4347 tunc
1748 4293 2008 4360 subjecit,

441 4392 574 4451 Ecce
594 4394 730 4460 uirgo
763 4392 813 4442 in
841 4399 978 4442 utero
1009 4387 1202 4440 habebit
1240 4383 1406 4452 (Isat'.
1450 4384 1504 4440 8.
1544 4383 1668 4448 ﬂ).
1717 4383 1873 4450 Atqui
1913 4382 2011 4435 nisi

443 4483 591 4551 virgo
612 4480 791 4533 fuisset
818 4478 902 4532 illi
932 4492 1050 4544 qua:
1080 4475 1306 4544 paritura
1342 4485 1450 4526 emt
1476 4514 1491 4540 ,
1523 4481 1577 4526 et
1602 4472 1645 4524 si
1668 4486 1732 4523 ex
1758 4471 2010 4525 connubii

447 4571 563 4638 iege
602 4570 650 4623 id
688 4568 919 4621 futurum
960 4575 1070 4619 crat
1095 4604 1110 4627 ,
1153 4563 1294 4632 quod
1327 4563 1536 4617 tandem
1568 4563 1616 4615 id
1648 4563 1854 4631 signum
1888 4561 2014 4615 luis.

446 4661 562 4714 set?
591 4659 807 4726 Signum
844 4658 983 4708 enim
1016 4669 1191 4708 rerum
1221 4667 1551 4706 connuuuem
1583 4651 1825 4705 ordinem
1855 4651 2014 4705 debet

448 4747 739 4807 excedere,
767 4753 924 4813 atque
960 4743 1178 4797 omnino
1218 4742 1630 4807 inexspectatum
1669 4750 1723 4794 et
1747 4741 2015 4794 insolitum

449 4850 600 4899 esse;
622 4833 848 4900 alioquin
877 4831 1143 4900 quomodo
1181 4831 1386 4900 signum
1407 4839 1547 4884 esset
1567 4832 1586 4882 Ι
1608 4830 1697 4882 ⁸24.
1733 4829 2020 4898 Exsurgens

454 4936 619 4977 autem
642 4919 829 4988 Ioseph
857 4938 886 4972 a
908 4937 1108 4985 somno,
1149 4921 1264 4990 fecit
1289 4921 1413 4973 sicut
1449 4921 1682 4989 pra-cepit
1718 4921 1765 4972 ei
1813 4919 2020 4989 angelus

461 5013 682 5067 Domini.
703 5010 938 5064 \‘idistin‘
963 5009 1359 5078 obsequentiam
1385 5019 1436 5063 et
1472 5010 1702 5062 animum
1747 5008 2018 5078 obtempe-

457 5101 701 5158 rantem?
732 5098 955 5153 vidistin'
987 5099 1216 5152 animam
1254 5098 1486 5168 vigilem,
1516 5107 1571 5152 et
1593 5097 1724 5152 nuili
1766 5112 2022 5167 persona-

516 5349 530 5379 ⁸
568 5345 658 5394 Alii
683 5357 775 5391 non
797 5342 941 5399 male,
955 5341 1176 5400 justitiaz.

513 5410 584 5466 (τι)
619 5409 701 5461 Qui
738 5418 853 5466 vero
876 5411 1132 5466 verterunt
1168 5400 1396 5466 puellam,
1441 5410 1551 5452 sunt
1582 5402 1774 5466 Aquila,
1809 5410 2014 5466 Symma-

453 5464 575 5515 chus
592 5474 644 5514 et
663 5465 942 5516 'rhcodotio.
960 5471 1016 5511 ut
1041 5464 1205 5512 videas
1229 5464 1274 5512 in
1298 5465 1523 5523 iiexaplis
1546 5464 1721 5513 nostris
1744 5464 1852 5513 isai.
1871 5464 1916 5520 7,
1945 5465 2014 5511 li.

454 5535 545 5574 ttac
564 5527 628 5574 de
652 5539 708 5574 re
740 5525 1220 5587 videgttieronymum
1240 5538 1288 5573 in
1315 5523 1502 5580 lsaiam,
1537 5527 1616 5586 qui
1657 5528 1826 5587 probat
1850 5538 2016 5573 vocem

454 5610 746 5665 ttebraicam,
771 5584 930 5664 m5?
949 5649 962 5666 ,
1003 5584 1097 5654 non
1121 5608 1277 5668 modo,
1301 5584 1742 5668 uirginum—sedet,
1759 5605 2013 5657 abscondi-

453 5685 549 5727 tam
573 5675 818 5741 ctrgbtem,
843 5675 1132 5737 significare.

2095 542 2212 580 rum
2232 526 2524 594 scaptioni
2569 525 2895 580 obnoxiam?
2933 525 3112 596 Neque
3154 538 3292 579 enim
3342 541 3488 580 cinno
3511 528 3664 582 triste

2093 616 2360 685 quidpiam
2386 624 2440 669 et
2460 623 2611 681 turpe
2632 614 3017 684 suSpicabatur.
3045 615 3189 669 illam
3219 615 3355 685 apud
3383 631 3442 670 se
3467 618 3666 672 retine-

2091 721 2152 761 re
2180 706 2366 771 voluit,
2400 719 2570 773 neque
2595 713 2768 757 amota
2794 704 3093 771 suspicione
3112 743 3128 764 .
3152 704 3292 756 illam
3322 705 3455 758 ultra
3480 702 3664 758 dimit-

2095 807 2206 853 tere
2233 795 2512 856 sustinuit;
2540 794 2646 847 imo
2674 808 2802 847 vero
2833 794 2970 846 illam
2999 795 3249 859 retinuit;
3276 809 3339 850 ac
3365 795 3525 849 totius
3554 792 3667 852 dis-

2097 884 2416 954 pensationis
2454 883 2693 936 minister
2730 881 2948 938 effectus
2975 892 3075 937 est.
3111 881 3174 935 Et
3200 886 3426 951 accepit,
3453 884 3622 953 inquit
3650 924 3667 949 ,

2096 960 2318 1026 Mariam
2343 972 2607 1041 coniugem
2637 987 2802 1024 suam.
2845 971 3032 1029 Viden‘
3057 987 3214 1040 quam
3244 971 3549 1043 frequenter
3573 973 3673 1026 hoc

2098 1076 2301 1117 nomen
2353 1059 2594 1130 proferat
2649 1058 3003 1128 evangelista,
3057 1057 3204 1127 quod
3258 1059 3397 1112 nolit
3446 1060 3670 1115 interim

2100 1151 2418 1224 mystcrium
2473 1148 2606 1205 illud
2671 1148 2956 1216 revelare,
3008 1146 3140 1203 dum
3199 1147 3398 1202 malam
3455 1157 3676 1204 amovet

2101 1243 2470 1315 suspicionem
2487 1243 2511 1296 ἶ

2166 1404 2334 1459 Maria
2369 1414 2480 1474 post
2517 1415 2718 1481 partum
2746 1408 2884 1476 uirgo
2912 1407 3114 1461 mansit.
3145 1407 3324 1462 —25.
3357 1406 3482 1462 Cum
3505 1419 3673 1462 autem

2093 1496 2361 1563 accepisset
2409 1510 2554 1554 eam,
2600 1511 2700 1547 non
2745 1496 2979 1564 cognovit
3034 1495 3214 1561 illam,
3271 1497 3430 1549 donec
3483 1498 3680 1566 peperit

2094 1583 2257 1652 ﬁlium
2292 1597 2438 1635 suum
2484 1582 2905 1652 primogenitum;
2948 1583 3074 1637 illud
3114 1583 3282 1636 Donec
3327 1583 3410 1638 hic
3450 1584 3669 1653 posuit,

2095 1689 2201 1728 non
2227 1674 2606 1741 utsuspiceris,
2637 1674 2778 1728 illam
2805 1684 2988 1744 postea
3017 1676 3332 1743 cognovisse
3351 1674 3668 1745 Josephum.

2093 1763 2187 1818 sed
2235 1771 2292 1816 ut
2339 1761 2477 1817 scias
2523 1761 2790 1832 Virginem
2842 1778 3009 1831 usque
3052 1763 3119 1817 ad
3164 1774 3368 1830 partum
3412 1764 3666 1819 intactam

2097 1851 2277 1906 fuisse.
2307 1851 2414 1906 Cur
2452 1851 2630 1921 itaque
2657 1853 2757 1912 ait.
2791 1851 2958 1907 Donec
2987 1853 3218 1922 peperit?
3263 1853 3359 1906 ille
3416 1868 3533 1907 mos
3580 1854 3667 1907 lo-

2095 1941 2291 2010 quendi
2319 1942 2370 1996 in
2396 1941 2669 2010 Scriptura
2709 1957 2853 2011 saepe
2877 1942 3219 2007 observatur;
3247 1944 3315 1998 ita
3339 1953 3398 1999 ut
3427 1945 3542 1999 inec
3568 1960 3669 2000 vox

2098 2045 2201 2084 non
2243 2046 2340 2100 pro
2377 2030 2596 2086 definito
2619 2030 2848 2100 quodam
2876 2041 3114 2100 tempore
3156 2043 3402 2103 ponatur.
3433 2033 3564 2089 Nam
3607 2035 3679 2097 de

2097 2135 2217 2174 arca
2267 2120 2487 2191 loquens
2534 2121 2608 2174 ait
2651 2138 2665 2174 :
2708 2119 2829 2175 Non
2865 2138 3090 2178 reversus
3147 2132 3219 2178 est
3259 2141 3473 2190 coruus,
3518 2127 3685 2180 donec

2099 2212 2368 2265 siccantur
2415 2219 2547 2267 terra
2586 2211 2754 2279 (Gen.
2797 2213 2849 2266 8.
2896 2214 3001 2281 7),
3052 2215 3151 2268 etsi
3201 2225 3383 2283 postea
3437 2232 3684 2272 reversus

2101 2315 2204 2354 non
2228 2300 2316 2354 sit.
2349 2299 2428 2354 De
2453 2301 2569 2372 ipso
2595 2301 2753 2355 etiam
2782 2300 2893 2354 Deo
2921 2302 2998 2355 sic
3026 2302 3260 2370 loquitur
3292 2322 3307 2358 :
3347 2304 3390 2358 A
3418 2307 3603 2360 seculo
3628 2316 3676 2360 et

2101 2406 2256 2457 usque
2296 2389 2348 2442 in
2373 2390 2610 2443 sarculum
2639 2400 2691 2443 tu
2716 2407 2768 2443 es
2794 2389 2972 2461 (Paul.
3004 2391 3092 2446 89.
3120 2393 3224 2460 2);
3254 2394 3426 2448 nullos
3451 2394 3540 2450 hic
3573 2404 3686 2451 ter-

2105 2479 2279 2533 minos
2319 2492 2556 2548 ponens;
2601 2494 2890 2549 rursusque
2941 2482 3351 2550 prtenuntians:
3394 2483 3597 2538 Orietur
3625 2486 3679 2539 in

2105 2567 2276 2621 diebus
2314 2568 2422 2635 ejus
2454 2567 2660 2634 justitia
2695 2577 2741 2619 et
2784 2568 3094 2621 abundantia
3121 2571 3296 2640 pacis,
3327 2572 3488 2627 donec
3535 2577 3686 2644 anfe-

2105 2666 2248 2709 ωιτη·
2271 2657 2392 2709 [una
2428 2653 2614 2725 (Psal.
2642 2657 2731 2710 Ἠ.
2755 2657 2857 2727 7);
2891 2657 3091 2710 nullum
3134 2659 3416 2714 terminum
3461 2661 3685 2730 pulchro

2105 2747 2225 2799 huic
2253 2745 2519 2799 elemento
2544 2746 2746 2798 statuit.
2779 2744 2850 2799 Ita
2880 2755 2934 2800 et
2963 2745 3063 2800 hoc
3093 2747 3237 2809 loco.
3273 2747 3474 2811 Donec.
3504 2749 3675 2814 dixit,

2108 2845 2161 2888 ut
2186 2850 2302 2902 qum
2328 2843 2538 2902 partum
2564 2834 2949 2889 antecedebant
2976 2836 3208 2890 ﬁrmaret
3226 2879 3238 2901 ,
3260 2848 3307 2890 et
3340 2853 3458 2908 quae
3487 2854 3684 2909 seque-

2045 2963 2052 2967 -
2111 2933 2300 2982 'mntttr
2339 2925 2432 2978 tibi
2475 2924 2857 2978 consideranda
2896 2925 3238 2994 relinqueret.
3265 2926 3416 2992 Quod
3447 2928 3587 2982 enim
3618 2929 3686 2984 ab

2104 3040 2166 3075 co
2200 3021 2295 3077 tibi
2338 3019 2652 3076 discendum
2681 3029 2830 3087 erat,
2862 3021 2964 3076 hoc
2990 3021 3158 3088 dixit,
3195 3038 3386 3096 nempe
3411 3025 3682 3094 Virginem

2106 3127 2268 3180 usque
2297 3112 2362 3165 ad
2394 3120 2602 3181 partum
2635 3111 2883 3166 intactam
2912 3112 3172 3167 mansisse
3200 3129 3215 3168 :
3243 3114 3383 3182 quod
3414 3129 3590 3171 autem
3616 3133 3682 3173 ex

2102 3200 2256 3253 dictis
2278 3200 2530 3268 consequi
2554 3199 2683 3254 etin
2712 3198 2953 3253 confesso
2980 3213 3100 3254 esse
3127 3201 3422 3269 videbatur,
3443 3205 3545 3261 hoc
3576 3207 3673 3263 tibi

2104 3288 2502 3359 intelligendum
2541 3287 2774 3358 reliquit.
2817 3288 3022 3357 Nempe
3049 3290 3220 3344 virum
3262 3292 3407 3346 illum
3439 3293 3682 3363 justum.

2102 3396 2218 3433 eam
2249 3395 2369 3448 qua:
2410 3381 2488 3433 sic
2515 3389 2683 3434 mater
2710 3379 2896 3434 eﬂecta
2917 3420 2932 3444 ,
2977 3395 3040 3433 ac
3080 3389 3186 3434 tam
3217 3396 3355 3437 novo
3380 3392 3436 3438 et
3470 3385 3686 3442 insolito

2109 3471 2391 3539 puerperio
2419 3468 2627 3539 dignata
2654 3471 2823 3524 fuerat
2841 3509 2856 3532 ,
2884 3477 3101 3539 tangere
3141 3487 3244 3525 non
3272 3483 3456 3528 ausum
3497 3473 3682 3529 fuisse.

2107 3561 2235 3614 Nam
2266 3559 2310 3614 si
2351 3560 2690 3628 cognovisset
2737 3574 2854 3613 eam
2901 3567 2956 3612 et
2999 3561 3178 3614 uxoris
3215 3560 3333 3616 loco
3374 3563 3681 3628 habuisset,

2095 3648 2369 3718 quomodo
2395 3649 2537 3708 illam
2577 3649 2725 3717 quasi
2765 3649 2970 3704 nullum
3011 3650 3292 3706 habentem
3323 3653 3488 3707 virum
3523 3656 3685 3710 disci-

2106 3742 2228 3806 pulo
2275 3738 2742 3801 commendasset,
2787 3739 2980 3807 iubens
3023 3754 3140 3793 eam
3173 3741 3224 3794 in
3263 3755 3354 3794 sua
3392 3743 3684 3811 accipere?

2104 3834 2219 3897 Quo
2246 3839 2398 3898 pacto
2427 3844 2575 3899 ergo,
2608 3829 2813 3897 inquies
2833 3869 2847 3893 ,
2875 3829 3102 3883 Iacobus
3126 3842 3178 3885 et
3200 3833 3322 3897 alii,
3354 3833 3470 3903 ejus
3495 3829 3686 3891 fratres

2105 3919 2473 3988 appellantur?
2520 3918 2970 3984 Quemadmodum
3021 3928 3074 3974 et
3115 3918 3312 3989 Joseph
3369 3923 3454 3976 vir
3502 3921 3684 3978 Maria:

2105 4023 2221 4062 esse
2250 4007 2668 4061 existimabatur.
2714 4007 2872 4074 Multa
2911 4009 3050 4062 enim
3089 4020 3241 4064 erant
3269 4012 3436 4078 posita
3465 4012 3686 4067 velami-

2106 4114 2170 4152 na
2189 4139 2202 4161 ,
2235 4108 2290 4151 ut
2319 4098 2616 4166 hujusmodi
2646 4108 2828 4165 partus
2852 4098 3209 4155 occultaretur
3235 4118 3248 4153 :
3281 4099 3507 4170 ideoque
3525 4101 3686 4157 Joan-

2107 4204 2199 4241 nes
2227 4189 2344 4241 illos
2374 4190 2448 4240 sic
2479 4189 2700 4240 vocabat
2745 4190 2827 4240 his
2871 4189 3046 4242 verbis
3068 4230 3084 4253 ,
3143 4189 3314 4260 Neque
3343 4193 3474 4244 enim
3500 4195 3686 4263 fratrea

2109 4277 2216 4344 ejus
2249 4276 2509 4329 credebant
2562 4275 2613 4326 in
2662 4293 2774 4330 eum
2829 4275 3022 4343 (Joan.
3064 4279 3115 4331 7.
3180 4279 3281 4344 5).
3331 4280 3575 4337 Attamen
3620 4283 3679 4350 ii,

2107 4366 2191 4433 qui
2243 4366 2387 4434 prius
2431 4382 2535 4419 non
2578 4366 2954 4429 crediderant,
3000 4366 3294 4423 admirandi
3342 4377 3395 4424 et
3445 4372 3706 4439 prmciari.

2109 4459 2286 4525 postea
2334 4458 2668 4510 exstiterunt.
2729 4455 2950 4521 Quando
3005 4472 3133 4527 ergo
3171 4459 3476 4527 dogmatum
3522 4475 3682 4515 causa

2109 4548 2301 4602 Paulus
2355 4547 2738 4618 Jerosolymam
2791 4547 3138 4613 “vendebat,
3189 4548 3441 4606 Iacobum
3503 4554 3683 4607 statim

2108 4638 2272 4691 adiit:
2300 4636 2388 4705 qui
2425 4638 2490 4689 ita
2517 4635 2857 4690 admirandus
2885 4647 2997 4690 crat
3018 4679 3032 4703 ,
3061 4646 3116 4691 ut
3145 4638 3286 4692 illius
3306 4641 3454 4694 urbis
3473 4641 3684 4710 episco-

2111 4735 2286 4796 patum
2331 4726 2528 4794 primns
2570 4727 2851 4794 acciperet.
2905 4725 3133 4780 Narrant
3176 4737 3352 4782 autem
3386 4729 3530 4783 illum
3573 4740 3683 4786 tam

2109 4829 2298 4882 aspere
2333 4818 2491 4866 vitam
2522 4815 2763 4880 duxisse,
2810 4823 2865 4868 ut
2911 4815 3148 4870 membra
3176 4817 3290 4885 ejus
3320 4820 3497 4872 omnia
3531 4822 3682 4889 quasi

2109 4917 2348 4984 emortua
2377 4917 2573 4973 essent,
2605 4919 2760 4978 atque
2800 4923 2864 4963 ex
2903 4908 3151 4977 precandi
3191 4909 3523 4977 assiduitate,
3552 4913 3682 4967 dum

2110 5001 2300 5069 )ngiter
2330 5000 2380 5052 in
2426 4999 2722 5068 pavimento
2758 5000 3160 5068 procumberet,
3191 4998 3415 5056 frontem
3459 5004 3575 5071 ejus
3611 5003 3686 5058 ita

2111 5089 2424 5142 obduruisse
2447 5128 2460 5148 .
2503 5097 2560 5140 ut
2594 5103 2823 5156 genuum
2859 5088 3046 5142 cameli
3079 5088 3324 5145 duritiem
3358 5105 3494 5159 pene
3521 5091 3688 5145 attin-

2112 5186 2256 5246 geret
2284 5176 2357 5248 (a)
2383 5218 2397 5242 ,
2425 5177 2494 5230 ita
2535 5175 2838 5246 frequenter
2881 5177 3024 5230 illam
3062 5179 3176 5234 solo
3201 5180 3541 5248 applicuerat.
3588 5179 3692 5237 liic

2111 5281 2318 5338 quoque
2346 5267 2586 5333 Paulum,
2615 5268 2703 5336 qui
2733 5267 2908 5323 denuo
2931 5265 3313 5340 Jerosolymam
3335 5268 3687 5337 ascenderat,

2149 5532 2157 5541 .
2178 5498 2250 5560 (a)
2283 5495 2450 5560 Amani
2464 5496 2812 5560 interpretatio
2833 5495 3004 5560 refert,
3028 5497 3186 5546 Jacobi
3208 5509 3369 5559 genua
3391 5464 3694 5550 obduruisse

2118 5556 2255 5617 callo,
2282 5557 2329 5605 id
2351 5556 2478 5618 quod
2501 5558 2549 5604 in
2572 5556 2734 5605 Graeco
2757 5570 2852 5606 non
2874 5556 3105 5606 habetur:
3120 5556 3344 5608 versione
3361 5566 3522 5609 tamen
3545 5559 3698 5610 Attia-

2121 5619 2307 5729 :gitilnc‘tfi
2664 5618 3050 5681 Chrysostomum
3069 5619 3132 5667 de
3150 5624 3194 5668 s.
3206 5620 3381 5669 tacut»
3397 5619 3584 5671 dixisse
3599 5633 3694 5685 pu-
