4082 6536
332 444 400 503 59
1562 446 1628 502 IN
1667 444 2077 503 MATTIIEUM
2117 446 2347 504 llOMlL.
2384 446 2451 501 γ.
3556 438 3626 493 ϐο

332 556 500 612 fausta
540 555 795 611 nuntians
835 554 914 609 sic
951 553 1275 624 compellat:
1314 551 1502 615 Vides,
1553 552 1746 618 frater,
1798 564 1915 618 quot
2042 559 2137 612 per
2176 558 2347 597 annos
2371 543 2715 615 quadraginta
2745 545 2939 616 pepulo
2984 544 3306 616 praefuerat.
3350 564 3402 601 tn
3432 558 3630 604 terram

332 646 492 699 millia
517 654 633 698 sunt
652 647 736 712 qni
762 652 1097 697 convenerunt
1126 642 1151 710 (
1166 643 1275 694 Act.
1309 642 1397 694 21.
1427 639 1573 709 20)?
1604 640 1774 693 Tanta
1800 649 1917 692 erat
2042 633 2199 687 toties
2251 632 2568 701 promissam
2618 635 2819 688 intrare
2875 634 3179 704 prohibitus
3226 639 3349 691 est?
3394 640 3508 706 Qua
3561 640 3633 696 de

322 734 440 795 eius
466 735 744 805 prudentia
765 774 781 798 ,
813 741 989 788 tantus
1015 734 1192 797 zelus;
1227 734 1334 786 imo
1359 746 1488 785 vero
1532 740 1674 784 tanta
1706 729 1906 784 Christi

323 827 513 880 virtus.
556 824 688 879 Nam
728 824 819 895 qui
865 825 1011 879 illum
1054 824 1428 891 vituperabant
1482 821 1786 887 viventem,
1837 822 1908 875 ita

322 923 445 983 post
468 923 693 969 mortem
722 914 895 983 ipsum
929 913 1174 973 admirati
1206 923 1331 967 sunt
1350 954 1365 975 ,
1396 922 1451 965 ut
1478 926 1601 966 cum
1630 911 1909 966 alacritate

325 1018 512 1073 magna
558 1004 720 1057 vitam
764 1019 863 1073 pro
899 1006 1014 1072 ipso
1065 994 1477 1072 profunderent';
1510 1016 1632 1071 qua:
1657 1001 1907 1055 virtutem

326 1094 728 1147 resurrectionis
782 1107 905 1147 cum
957 1093 1138 1161 primis
1184 1100 1627 1146 commonstrant.
1682 1089 1911 1158 ideoque

316 1181 435 1247 illa,
467 1197 588 1252 quae
611 1182 839 1236 clariora
867 1191 1053 1245 erant,
1085 1180 1150 1234 ad
1181 1189 1479 1236 extremum
1503 1189 1711 1247 tempus
1736 1194 1913 1233 rescr-

317 1271 618 1337 vahantur,
664 1280 723 1324 ut
749 1270 867 1325 haec
890 1271 1020 1325 nulli
1053 1270 1214 1324 dubio
1242 1270 1471 1325 obnoxia
1509 1276 1665 1325 esset.
1687 1268 1910 1323 demon-

320 1361 527 1414 stratio.
557 1359 689 1414 Nam
712 1360 757 1413 si
784 1359 904 1414 illos
930 1359 1089 1414 etiam
1119 1358 1207 1429 qui
1248 1360 1301 1413 in
1329 1361 1434 1413 vita
1480 1373 1573 1413 sua
1602 1357 1902 1411 admirandi

319 1460 508 1515 erant,
553 1449 833 1505 demnctos
877 1449 1270 1515 obliviscimur,
1310 1463 1417 1520 quo
1457 1457 1618 1521 pacto
1654 1448 1764 1512 illi,
1808 1448 1912 1519 qui

321 1540 591 1596 viventem
618 1542 792 1609 ipsum
835 1539 1160 1605 irridebant,
1194 1541 1360 1595 Deum
1390 1553 1511 1595 esse
1549 1538 1909 1595 existimavis-

320 1638 472 1696 sent,
513 1630 558 1684 si
600 1628 871 1683 hominem
913 1628 1307 1684 credidissent?
1345 1628 1615 1697 quomodo
1652 1641 1751 1695 pro
1792 1625 1910 1695 ipso

323 1730 550 1776 mortem
594 1720 777 1775 subire
804 1720 1130 1784 voluissent,
1165 1720 1264 1774 nisi
1297 1720 1631 1789 perspicuam
1672 1719 1911 1787 accepis-

321 1818 442 1865 sent
470 1809 880 1865 resurrectionis
896 1807 1408 1865 demonstrationem
1430 1808 1453 1862 2

386 2008 600 2079 Cognati
648 2006 779 2076 justi
827 2005 1025 2059 nonnisi
1052 2004 1366 2071 resipiscenti
1397 2001 1643 2069 peccaturi
1672 2008 1903 2066 prosunt.

321 2099 562 2154 Precibus
597 2107 885 2153 sanctorum
924 2114 1024 2150 non
1072 2096 1222 2149 nimis
1274 2094 1555 2164 ﬁdentiam.
1606 2093 1745 2146 -4.
1782 2090 1907 2145 Haec

321 2203 485 2259 porro
512 2188 761 2252 dicimus,
792 2200 896 2240 non
926 2193 985 2239 ut
1011 2184 1237 2239 audiatis
1276 2193 1501 2247 tantum,
1532 2181 1624 2236 sed
1653 2190 1709 2235 ut
1734 2180 1909 2242 imitea

319 2278 447 2333 mini
465 2275 1071 2341 l‘ortitudinem,diceudi
1108 2273 1367 2339 iduciam,
1397 2271 1761 2340 justitiamque
1788 2284 1908 2326 om-

261 2426 266 2430 .
321 2384 483 2431 nem;
508 2377 566 2422 ut
588 2382 749 2423 nemo
771 2366 840 2422 de
863 2381 925 2421 se
951 2365 1219 2434 desperet,
1252 2362 1461 2435 etiamsi
1481 2362 1707 2415 antehac
1734 2360 1913 2429 segnis

320 2456 724 2527 desidiosusque
769 2454 959 2519 fuerit;
1009 2461 1171 2522 utque
1215 2452 1358 2507 nulla
1406 2451 1459 2505 in
1516 2464 1578 2506 re
1630 2449 1736 2504 alia
1761 2462 1911 2517 spem

320 2545 536 2613 habeat,
562 2545 664 2601 nisi
690 2553 809 2614 post
834 2543 925 2598 Del
953 2541 1374 2598 misericordiam
1400 2541 1452 2593 in
1477 2554 1683 2593 morum
1712 2537 1914 2592 sancti-

322 2635 584 2691 tate.Nam
599 2635 651 2707 ,εἰ
668 2633 798 2689 nihil
814 2633 917 2688 illis
940 2629 1292 2704 profuitquod
1307 2645 1372 2685 ex
1389 2629 1725 2699 cognatione,
1752 2626 1914 2681 domo

322 2733 378 2781 et
398 2725 568 2795 patria
588 2724 781 2780 Christi
809 2732 991 2778 essent
1010 2763 1026 2785 ,
1056 2721 1230 2775 donec
1257 2722 1451 2774 virtute
1474 2718 1774 2773 clarereut:
1806 2731 1907 2784 qua

324 2817 480 2873 venia
520 2815 663 2885 digni
703 2815 937 2880 erimus,
965 2814 1091 2868 dum
1132 2821 1385 2881 cognatos
1422 2820 1478 2864 et
1514 2810 1701 2863 fratres
1738 2808 1906 2876 iustos

325 2906 690 2971 ostendimus,
738 2906 839 2959 nisi
896 2918 1016 2957 cum
1072 2915 1263 2972 magna
1302 2899 1553 2970 aequitate
1604 2897 1906 2965 virtuteque

324 3000 487 3053 vitam
544 2996 839 3051 ducamus?
893 2994 1028 3049 illud
1082 2993 1223 3048 enim
1264 2989 1609 3045 subindicans
1650 2987 1913 3057 pr0pheta

327 3087 535 3142 dicebat
566 3104 580 3138 :
610 3084 794 3138 Frater
817 3099 918 3137 non
942 3082 1161 3146 redimit,
1195 3080 1404 3135 redimet
1438 3078 1587 3131 homo
1618 3075 1796 3145 (Psal.
1825 3075 1916 3131 48.

329 3178 429 3249 7);
460 3176 672 3233 etiamsi
702 3175 909 3246 Moyses
940 3173 1137 3237 fuerit,
1171 3171 1376 3226 etiamsi
1414 3168 1668 3233 Samuel,
1711 3165 1919 3221 etiamsi

328 3266 607 3323 Jeremias.
652 3265 787 3319 Audi
819 3266 959 3319 enim
982 3261 1109 3332 quid
1141 3261 1213 3315 illi
1243 3260 1385 3314 dicat
1415 3260 1555 3313 Deus
1587 3273 1605 3313 :
1642 3256 1766 3310 Noli
1794 3272 1914 3323 pre-

327 3358 435 3411 cari
472 3372 564 3426 pro
593 3355 782 3426 papqu
807 3354 921 3419 hoc,
953 3352 1189 3421 quoniam
1232 3366 1332 3403 non
1357 3348 1628 3402 exaudiam
1670 3356 1719 3398 te
1770 3344 1912 3412 (Jer.

331 3447 418 3502 11.
450 3446 569 3515 14).
593 3445 659 3498 Et
681 3442 807 3513 quid
836 3441 1047 3496 miraris
1073 3441 1117 3493 si
1145 3448 1197 3493 te
1224 3453 1330 3492 non
1359 3436 1557 3491 audio?
1578 3434 1710 3490 Nam
1734 3434 1777 3487 si
1802 3446 1917 3501 Ipse

332 3539 576 3608 Moyses,
604 3534 811 3605 inquit,
835 3533 880 3587 si
902 3530 1119 3587 Samuel
1145 3527 1424 3592 adessent,
1456 3541 1641 3581 eorum
1672 3539 1770 3593 pro
1808 3521 1923 3575 istis

328 3632 769 3700 supplicationem
814 3646 919 3684 non
974 3628 1309 3683 admitterem
1358 3624 1506 3684 (λεν.
1545 3624 1627 3679 15.
1663 3624 1745 3691 1).
1774 3622 1909 3674 Eze~

329 3721 468 3777 chiel
492 3720 698 3773 etiamsi
736 3719 1031 3786 supplicet,
1059 3718 1161 3771 hoc
1201 3716 1384 3771 audiet
1415 3732 1428 3768 :
1468 3713 1531 3768 Si
1551 3711 1775 3765 steterint
1802 3708 1918 3763 Noe

328 3823 377 3866 at
403 3812 502 3865 Job
549 3820 594 3863 et
625 3809 839 3872 Daniel,
888 3811 1023 3877 ﬁlios
1072 3809 1302 3875 ﬁliasque
1343 3821 1463 3859 suas
1498 3819 1600 3856 non
1640 3801 1916 3854 liberabant

326 3900 558 3969 (Each.
609 3901 695 3953 14.
731 3900 813 3953 li.
848 3898 975 3967 16).
1028 3898 1252 3951 Etiamsi
1298 3893 1566 3950 Abraham
1614 3889 1917 3961 patriarcha

330 4006 430 4061 pro
451 3992 515 4046 iis
536 3991 624 4060 qui
648 3989 925 4044 iucurabili
953 3988 1139 4042 morbo
1159 3988 1421 4050 laborant,
1448 3999 1545 4039 nec
1577 3981 1913 4051 resipiscunt,

324 4080 626 4149 supplicet,
663 4080 800 4134 Deus
839 4079 1091 4133 abscedet
1131 4086 1187 4132 et
1230 4076 1496 4145 relinquet
1537 4088 1696 4137 eum;
1742 4074 1811 4125 ita
1862 4081 1921 4124 ut

324 4183 518 4224 eorum
561 4170 727 4238 gratia
778 4168 1028 4223 emissam
1082 4171 1267 4220 v'ocetn
1317 4181 1422 4219 non
1462 4163 1662 4217 audiat.
1697 4160 1917 4215 Etiamsi

326 4261 551 4315 Samuel
580 4260 681 4314 hoc
709 4260 881 4328 ipsum
908 4259 1126 4323 iecerit,
1154 4258 1297 4312 dicet
1322 4257 1421 4326 ipsi
1454 4272 1468 4309 :
1502 4253 1586 4308 Ne
1612 4254 1807 4323 ﬂeveris
1829 4267 1920 4321 pro

327 4351 497 4406 Saﬁle
523 4351 615 4419 (1.
643 4350 769 4420 Reg.
803 4351 891 4404 16.
923 4352 943 4403 1
969 4352 1011 4419 ).
1042 4348 1266 4403 Etiamsi
1306 4362 1401 4417 pro
1444 4360 1629 4401 sorore
1658 4343 1919 4413 quispiam

323 4457 440 4496 non
459 4448 761 4509 opportune
780 4440 1032 4502 oraverit,
1058 4440 1285 4509 idipsum
1315 4437 1492 4492 audiet
1512 4434 1652 4505 quod
1680 4436 1917 4504 Moyses:

324 4533 390 4587 Si
457 4546 741 4600 conspuens
791 4530 1099 4599 conspuisset
1138 4540 1281 4599 pater
1322 4529 1431 4596 ejus
1482 4527 1535 4578 iu
1592 4526 1773 4595 faciem
1813 4525 1923 4595 ejus

322 4619 536 4691 (Nam.
594 4619 681 4673 12.
746 4619 813 4673 ii
840 4618 882 4687 ).
931 4618 1007 4672 Ne
1059 4620 1236 4681 itaque
1288 4616 1513 4669 aliorum
1572 4614 1921 4683 patrocinium

323 4715 519 4768 hiante
548 4726 641 4765 ore
665 4722 986 4781 spectemus.
1014 4710 1141 4764 Nam
1176 4724 1361 4777 preces
1383 4708 1595 4777 quidem
1618 4717 1921 4761 sanctorum

320 4803 437 4857 vim
474 4799 673 4854 habent
701 4800 1027 4863 maximam;
1058 4799 1150 4853 sed
1188 4799 1232 4853 si
1264 4814 1362 4852 nos
1403 4798 1766 4866 paenitentiam
1798 4812 1924 4866 agao

323 4907 455 4946 mus
509 4899 566 4945 et
624 4889 1019 4958 resipiseamus.
1056 4888 1492 4958 Quandoquidem
1545 4888 1790 4959 Moyses,
1835 4888 1924 4957 qui

324 4984 558 5040 fratrem
607 4996 761 5035 suum
787 4992 841 5035 et
864 4990 1115 5036 sexcenta
1142 4982 1302 5036 millia
1334 4980 1609 5035 hominum
1653 4980 1721 5034 ab
1750 4981 1926 5035 immi-

324 5084 499 5130 nente
545 5072 623 5125 ira
673 5071 949 5137 liberavit,
1003 5086 1242 5126 sororem
1297 5088 1402 5125 non
1451 5073 1624 5140 potuit
1674 5073 1921 5140 eripere;

322 5162 549 5231 etiamsi
578 5175 683 5214 non
714 5176 809 5229 par
834 5170 1102 5232 pcazatum
1133 5169 1275 5215 esset
1305 5178 1319 5214 :
1354 5162 1439 5216 illa
1467 5163 1665 5232 quippe
1687 5162 1923 5233 Moysem

324 5253 663 5311 contumelia
689 5250 972 5319 alfeeerat;
998 5253 1048 5306 hi
1075 5262 1254 5307 autem
1275 5253 1495 5321 impium
1528 5252 1734 5308 facinus
1756 5254 1928 5308 admi-

326 5350 540 5399 serant.
576 5339 771 5397 Verum
801 5340 936 5395 hanc
968 5356 1065 5411 ego
1092 5343 1241 5398 vobis
1269 5344 1619 5411 qurestionem
1647 5343 1923 5413 relinquo,

328 5433 428 5489 sed
472 5433 564 5488 illa
620 5431 916 5501 graviorem
959 5433 1169 5488 solvere
1207 5433 1461 5489 conabor.
1510 5435 1647 5503 Quid
1686 5436 1826 5490 enim
1860 5438 1928 5491 de

330 5537 531 5578 sorore
557 5521 817 5584 dicamus,
848 5522 1058 5591 quando
1088 5522 1201 5592 ipse
1228 5525 1387 5580 etiam
1431 5526 1558 5578 tanti
1586 5525 1767 5595 popUIi
1797 5526 1923 5591 dux,

333 5613 386 5667 id
419 5610 567 5681 quod
602 5626 703 5680 pro
729 5612 904 5679 seipso
934 5613 1151 5682 rogabat
1180 5614 1462 5684 impetrare
1492 5629 1597 5669 non
1619 5616 1805 5680 valuit,
1832 5616 1928 5670 sed

331 5712 461 5773 post
504 5712 579 5757 tot
626 5710 908 5775 tantosmte
956 5702 1165 5761 labores
1209 5715 1264 5762 et
1307 5720 1605 5773 aerumnas,
1650 5720 1927 5774 postquam

2033 724 2233 777 causa?
2276 722 2393 776 Non
2442 724 2585 778 utilis
2643 722 2757 777 ha‘c
2799 726 2965 793 gratia
3009 725 3234 791 fuisset,
3288 728 3394 780 imo
3442 729 3621 783 datum

2033 816 2255 868 multum
2283 814 2582 875 intulisset.
2618 814 3035 886 Judzeorumque
3076 818 3273 871 multos
3311 819 3623 888 supplanta-

2033 907 2218 959 visset.
2246 905 2299 959 Si
2330 906 2473 959 enim
2512 921 2577 960 ex
2602 905 2837 978 .‘Egypto
2880 917 3082 961 tantum
3107 923 3138 960 a
3160 908 3342 979 Moyse
3370 910 3574 963 liberati
3600 948 3617 975 ,

2025 995 2133 1049 Deo
2164 994 2408 1061 dimisso,
2432 996 2647 1067 Moysen
2676 998 3021 1063 requirebant
3050 999 3255 1069 ipsique
3286 1010 3452 1054 totum
3478 999 3613 1054 reie-

2025 1086 2215 1139 rebant
2247 1102 2260 1138 :
2290 1086 2333 1138 si
2366 1101 2427 1140 se
2471 1087 2727 1140 vidissent
2753 1086 2822 1141 ab
2860 1087 2950 1141 illo
2978 1088 3311 1143 introductos
3344 1090 3393 1142 in
3423 1101 3620 1144 terram

2022 1176 2391 1244 promissionis
2413 1216 2428 1239 ,
2461 1191 2567 1245 quo
2589 1192 2693 1231 non
2725 1178 3095 1246 prorupissent
3124 1178 3453 1247 impietatis?
3472 1178 3619 1233 ideo.

2019 1283 2121 1336 que
2165 1267 2464 1336 sepulcrum
2508 1268 2624 1336 ejus
2640 1268 2931 1324 ,occultum
2959 1270 3154 1325 mansit
3181 1269 3372 1340 (Deut.
3405 1272 3495 1325 54.
3526 1270 3621 1341 6).

2021 1358 2239 1414 Samuel
2268 1374 2397 1414 vero
2432 1358 2647 1414 Saftlem
2692 1359 2919 1415 liberare
2946 1362 3181 1430 nequivit
3209 1377 3238 1414 a
3276 1362 3455 1415 divina
3504 1363 3579 1415 ira
3605 1403 3621 1424 ,

2020 1451 2108 1517 qtti
2152 1458 2326 1503 tamen
2372 1448 2639 1503 lsraelitas
2691 1465 2834 1519 sepe
2876 1452 3108 1506 servavit
3148 1452 3232 1523 (1.
3262 1452 3389 1521 Reg.
3430 1453 3511 1507 l6.
3549 1454 3622 1523 l).

2020 1541 2278 1596 Jeremias
2307 1540 2521 1595 Indicos
2574 1555 2789 1596 servare
2827 1558 2934 1596 non
2993 1544 3200 1609 potuit,
3238 1544 3391 1596 altcri
3446 1556 3623 1597 tamen

2021 1631 2071 1684 in
2129 1629 2402 1700 prophetia
2454 1644 2548 1684 sua
2596 1632 2963 1699 patrocinatns
3018 1645 3121 1687 est.
3193 1633 3378 1687 Daniel
3430 1632 3625 1688 barba-

2019 1738 2111 1777 ros
2155 1722 2245 1792 qui
2292 1722 2670 1791 jugulabantur
2721 1723 2947 1791 eripuit,
3010 1738 3108 1777 nec
3160 1723 3377 1777 Judaeos
3433 1739 3499 1777 ne
3569 1722 3624 1777 in

2018 1813 2375 1880 captivitatem
2406 1810 2801 1866 abducerentur
2842 1826 3059 1867 servare
3100 1814 3271 1882 potuit
3298 1815 3315 1882 (
3344 1812 3474 1866 Dan.
3507 1813 3543 1865 2
3568 1814 3611 1882 ).

2020 1903 2076 1957 In
2108 1903 2410 1973 Evangeliis
2434 1918 2648 1972 quoque
2688 1918 2792 1955 non
2826 1903 2876 1956 in
2908 1903 3171 1967 diversis,
3205 1903 3299 1958 scd
3333 1904 3384 1956 itt
3426 1902 3624 1956 iisdem

2020 1997 2147 2067 ipsis
2176 2008 2461 2065 utrumque
2510 1996 2871 2063 conspicimus
2916 2012 2927 2048 :
2981 1996 3336 2062 eumdemque
3369 1994 3617 2048 videmus

2018 2089 2246 2143 salutem
2277 2087 2376 2141 sibi
2405 2100 2612 2154 parare,
2638 2096 2694 2139 et
2722 2096 2905 2155 postea
2932 2085 3158 2139 salutem
3187 2100 3339 2139 suam
3362 2084 3613 2153 prodere.

2019 2178 2151 2233 Nam
2189 2176 2278 2247 qui
2309 2177 2498 2231 decem
2534 2176 2699 2229 unllia
2734 2175 2928 2229 talenta
2956 2174 3222 2237 debebat,
3272 2173 3624 2243 supplicando

2020 2285 2079 2326 se
2103 2286 2165 2324 ex
2192 2270 2430 2338 periculo
2464 2268 2662 2339 eripuit
2691 2259 2981 2336 posteaque
3012 2265 3246 2336 idipsum
3276 2281 3382 2319 non
3412 2265 3620 2335 potuit;

2018 2360 2155 2415 alius
2183 2368 2367 2413 contra
2392 2400 2406 2421 ,
2439 2359 2527 2427 qui
2573 2358 2720 2426 prius
2762 2357 2996 2424 scipsum
3044 2355 3357 2424 prodiderat
3388 2396 3403 2417 ,
3439 2363 3621 2422 postea

2019 2450 2118 2504 sibi
2146 2450 2243 2515 ipsi
2271 2449 2556 2518 plurimum
2603 2447 2859 2517 prodesse
2902 2447 3095 2517 potuit.
3126 2446 3257 2514 Quis
3286 2446 3377 2499 ille
3399 2456 3481 2499 est
3506 2445 3529 2498 ’ἓ
3576 2444 3624 2499 Is

2018 2540 2109 2610 qui
2134 2549 2405 2610 paternam
2431 2539 2781 2593 substantiam
2823 2538 3169 2593 devoraverat
3194 2536 3344 2610 (Luc.
3379 2538 3466 2592 15.
3503 2536 3621 2605 50).

2020 2632 2203 2699 Itaque
2240 2632 2283 2685 si
2330 2646 2520 2701 segnes
2545 2640 2597 2685 et
2622 2629 2876 2686 socordes
2904 2630 3195 2697 fuerimus,
3244 2646 3313 2685 ne
3363 2645 3462 2700 per
3486 2629 3625 2685 alios

2020 2724 2235 2793 quidem
2265 2721 2465 2776 servari
2497 2721 2825 2790 poterimus;
2874 2722 2918 2774 si
2960 2729 3138 2776 autem
3166 2721 3448 2790 vigilemus
3469 2761 3485 2785 ,
3527 2734 3624 2788 per

2023 2812 2378 2881 nosmetipsos
2408 2810 2459 2864 id
2498 2811 2796 2864 valebimus
2822 2829 2835 2864 :
2868 2811 2976 2867 imo
3004 2811 3173 2881 magis
3218 2819 3432 2873 nostra,
3460 2824 3621 2879 quam

2020 2905 2247 2958 aliorum
2296 2915 2479 2969 opera.
2523 2900 2718 2953 Mavult
2766 2902 2963 2971 quippe
3010 2901 3151 2957 Deus
3195 2902 3419 2971 gratiam
3453 2899 3621 2964 nobis

2024 2994 2155 3063 ipsis
2174 2992 2334 3056 dare,
2366 3006 2525 3060 quam
2549 2990 2654 3044 alio
2680 3006 2776 3060 pro
2808 2992 2961 3045 nobis
2988 3004 3240 3060 precante
3259 3013 3270 3045 ;
3290 2997 3621 3045 utcnrautes

2041 3085 2216 3154 ipsius
2279 3086 2411 3140 iram
2443 3087 2652 3154 placare
2672 3126 2687 3150 ,
2717 3101 2839 3140 eum
2870 3083 3057 3139 liducia
3084 3098 3300 3151 agamus
3339 3093 3393 3139 et
3437 3081 3623 3152 resipi-

2037 3188 2267 3230 scamus.
2287 3174 2375 3228 Sic
2389 3173 2744 3229 Chanantcam
2763 3176 3045 3230 miseratus
3060 3184 3171 3239 est;
3190 3174 3269 3227 sic
3285 3174 3625 3228 meretricem

2036 3266 2209 3319 salute
2236 3265 2470 3325 donavit,
2495 3264 2573 3319 sic
2598 3264 2859 3319 latronem
2880 3306 2897 3331 ,
2928 3266 3073 3319 nullo
3100 3263 3489 3318 interveniente
3515 3277 3627 3317 me-

2037 3354 2243 3408 diatore
2269 3365 2324 3408 et
2355 3363 2599 3414 patrono.

2103 3532 2155 3587 5.
2183 3531 2491 3586 Sanctorum
2510 3529 2774 3584 invocatio.
2801 3526 3149 3599 Eleemosyna:
3168 3528 3386 3596 fructus.
3410 3557 3479 3569 --
3501 3524 3627 3581 llaec

2032 3632 2208 3677 autem
2235 3623 2356 3677 dico
2378 3663 2395 3687 ,
2424 3637 2529 3675 non
2562 3630 2620 3675 ut
2646 3622 2845 3676 sanctis
2875 3636 2979 3675 non
3011 3622 3371 3691 supplicemus
3390 3660 3406 3685 ,
3434 3618 3529 3675 sed
3558 3634 3629 3675 ne

2033 3717 2200 3769 simus
2228 3714 2577 3784 negligentes,
2604 3729 2734 3769 neve
2760 3716 2811 3767 in
2839 3713 3137 3768 socordiam
3162 3726 3517 3783 somnumque
3535 3710 3630 3767 de-

2033 3805 2205 3873 lapsi,
2235 3805 2353 3859 aliis
2399 3806 2633 3874 ipsisque
2671 3804 2799 3859 solis
2843 3820 2927 3858 res
2967 3814 3178 3857 nostras
3208 3804 3627 3858 committamus.

2032 3896 2163 3950 Nam
2192 3911 2312 3950 cum
2335 3896 2576 3957 dixisset,
2610 3894 2786 3950 Facite
2810 3896 2944 3949 vobis
2971 3897 3180 3960 amicos,
3208 3911 3313 3949 non
3348 3894 3432 3949 hic
3457 3895 3629 3963 stetit,

2033 3989 2127 4043 sed
2158 3988 2379 4054 addidit,
2411 3989 2490 4042 Ex
2516 3989 2688 4057 iniquo
2719 4004 2952 4041 mamona
2983 3986 3150 4055 (Luc.
3182 3988 3268 4040 16.
3304 3987 3379 4055 9)
3414 4004 3427 4039 :
3457 3995 3514 4041 ut
3543 4004 3630 4042 re-

2034 4090 2118 4133 cte
2145 4080 2339 4133 factum
2374 4095 2498 4133 vere
2523 4081 2591 4131 sit
2620 4090 2786 4131 tuum.
2822 4078 2961 4132 Nihil
2991 4079 3132 4131 enim
3159 4076 3300 4131 aliud
3333 4077 3437 4143 hic,
3467 4095 3629 4148 quam

2036 4169 2429 4237 eleetnosynam
2463 4168 2712 4221 indicavit
2745 4186 2757 4221 :
2792 4169 3039 4236 quodque
3067 4168 3463 4235 admirandum,
3498 4169 3629 4225 nihil

2036 4258 2170 4312 ultra
2199 4274 2229 4312 a
2256 4258 2407 4312 nobis
2437 4259 2619 4326 exigit,
2651 4261 2693 4311 si
2722 4259 2789 4310 ab
2817 4259 3091 4327 iniquitate
3118 4258 3489 4314 abscedamus'.
3517 4260 3632 4316 Hoc

2035 4349 2176 4403 enim
2215 4348 2325 4402 vult
2363 4348 2661 4417 signiﬁcare
2696 4364 2707 4399 :
2736 4346 2918 4416 Inique
2952 4346 3177 4417 adeptus
3203 4349 3305 4404 es?
3334 4349 3496 4404 Recte
3524 4351 3630 4404 imo

2036 4436 2228 4505 pende.
2274 4436 2470 4506 lujuste
2509 4436 2803 4504 collegisti?
2832 4435 2980 4490 Juste
3012 4438 3279 4508 disperge.
3313 4440 3472 4509 Atqui
3512 4456 3633 4509 qua:

2039 4525 2250 4580 tandem
2292 4525 2407 4579 hmo
2444 4526 2612 4578 virtus
2637 4533 2752 4590 cst,
2781 4525 2847 4578 de
2880 4526 3074 4580 talibus
3108 4527 3351 4582 donare?
3380 4531 3632 4585 Attamen

2038 4618 2199 4681 Deus,
2226 4617 2480 4685 benignus
2508 4632 2630 4670 cum
2655 4617 2745 4679 sit,
2768 4632 2833 4672 eo
2860 4633 3027 4685 usque
3056 4633 3175 4673 sese
3196 4618 3447 4674 demittit.
3477 4621 3531 4677 Si
3560 4622 3632 4677 ita

2038 4700 2310 4769 faciamus,
2339 4707 2475 4759 bona
2505 4706 2660 4760 nobis
2686 4709 2847 4761 multa
2880 4708 3172 4777 pollicetur.
3204 4712 3271 4763 At
3300 4722 3395 4767 nos
3420 4712 3488 4767 ad
3516 4722 3635 4767 tan-

2040 4810 2146 4853 tam
2178 4799 2476 4854 socordiam
2507 4799 2853 4865 devenimus,
2885 4810 2943 4855 ut
2984 4817 3051 4857 ne
3093 4802 3306 4872 quidem
3347 4820 3411 4859 ex
3451 4805 3636 4873 inique

2038 4892 2202 4961 partis
2232 4892 2554 4961 largiamur;
2586 4892 2679 4946 sed
2714 4894 3004 4948 innumeris
3033 4896 3170 4949 aucti
3207 4896 3442 4966 rapinis.
3474 4900 3517 4951 si
3549 4898 3633 4953 vel

2040 4982 2314 5035 minimam
2338 4991 2538 5050 partem
2561 4982 2885 5045 dederimus,
2912 4999 3010 5039 nos
3030 4994 3196 5040 totum
3219 4986 3515 5043 absolvisse
3536 5006 3637 5059 pu-

2039 5080 2232 5126 temus.
2265 5070 2381 5125 Non
2420 5072 2611 5125 audisti
2652 5071 2873 5127 Paulum
2905 5075 3201 5142 dicentem,
3234 5078 3334 5143 Qui
3371 5096 3521 5147 parce
3550 5097 3632 5133 se-

2040 5164 2215 5227 minat,
2249 5180 2399 5232 parce
2425 5173 2472 5217 et
2497 5172 2642 5217 metet
2670 5163 2743 5232 (2.
2778 5164 2895 5218 Cor.
2929 5165 2980 5219 9.
3012 5166 3103 5236 6)?
3132 5166 3238 5222 Cur
3267 5184 3395 5239 ergo
3426 5170 3637 5237 parcis?

2041 5273 2163 5310 num
2191 5266 2434 5325 sumptus
2458 5264 2540 5310 est
2567 5256 2736 5309 illud?
2758 5274 2883 5312 num
2910 5274 3142 5328 expensa
3164 5262 3185 5313 Ῥ
3211 5261 3323 5316 lmo
3344 5274 3635 5331 proventus

2040 5355 2093 5401 et
2120 5346 2425 5415 negotiatio.
2454 5346 2550 5407 Ubi
2578 5348 2719 5400 enim
2750 5362 2931 5401 semen
2958 5349 3169 5415 jacitur,
3200 5351 3268 5405 ibi
3299 5356 3486 5408 messis
3506 5370 3637 5409 con-

2041 5436 2280 5506 sequitur
2312 5454 2325 5489 :
2356 5435 2443 5490 ubi
2471 5451 2654 5491 semen
2676 5477 2691 5502 ,
2725 5438 2795 5491 ibi
2824 5448 2877 5493 et
2902 5440 3329 5509 multiplicatio‘.
3366 5444 3441 5497 Tu
3472 5461 3630 5510 vero,

2050 5716 2095 5764 li
2112 5655 2427 5780 animum!“
2449 5654 2722 5717 mqo‘iaﬁo’
2748 5654 2819 5705 ibi
2841 5660 2886 5705 εί
2910 5654 3223 5715 αδηηίίαηιίαν
3252 5657 3296 5705 id
3312 5659 3439 5719 Quod
3465 5659 3514 5707 iu
3534 5654 3639 5709 uul-

2068 5738 2085 5763 ‘.
2122 5746 2129 5764 ι
2191 5754 2200 5763 .
2220 5732 2272 5765 l‘t‘
2332 5756 2337 5762 .
2368 5732 2399 5765 ι.

2068 5732 2095 5763 ί)
2122 5732 2200 5765 MS.
2220 5732 2399 5765 1⁸0001⁵1.
