4082 6490
532 387 591 442 et
1222 385 1277 442 s.
1315 386 1595 442 JOANNIS
1632 375 2110 442 cnnvsoswiu
2148 378 2463 438 ARCiliEP.
2504 368 3045 431 CONSTAMINOP.
3665 364 3737 419 sa

526 501 573 557 si
598 508 796 554 terram
819 497 1046 553 haberes
1071 497 1321 567 pinguem
1346 507 1400 552 et
1421 498 1676 562 fertilem,
1701 512 1820 566 quae
1841 497 2072 566 plurima

524 599 712 659 posset
741 589 989 657 excipere
1018 590 1244 649 semina,
1279 588 1424 640 illam
1454 587 1681 649 coleres,
1713 601 1776 640 ac
1799 601 1920 654 quae
1940 600 2072 653 sup-

525 671 774 746 peterent
793 693 1088 747 spargeres.
1112 687 1168 731 ct
1186 678 1254 730 ab
1275 678 1394 731 aliis
1414 676 1754 731 commodato
1776 675 2070 743 acciperes,

527 767 1018 836 parcimoniamque
1059 783 1122 820 ea
1166 768 1219 821 in
1251 781 1308 820 re
1337 765 1723 820 detrimentum
1763 777 1884 818 esse
1913 774 2073 834 puta-

521 868 613 908 res
649 873 659 906 :
688 862 742 908 at
773 869 895 908 cum
927 856 1116 908 czelum
1146 857 1323 909 colere
1355 867 1493 922 opus
1520 863 1624 916 est,
1655 855 1788 908 nulli
1817 855 1958 909 aeris
1987 854 2075 906 in—

525 948 802 1014 temperiei
827 957 1144 1008 onnoxmm,
1169 958 1263 998 seu
1289 959 1410 998 cum
1440 944 1647 999 faenore
1674 944 1909 998 maximo
1930 945 2072 1013 jacta

525 1036 729 1088 semina
757 1035 1117 1096 redditurum,
1152 1033 1331 1103 segnis
1357 1048 1436 1097 es,
1466 1033 1687 1102 refugis,
1721 1047 1897 1102 neque
1924 1031 2071 1100 cogi-

524 1133 625 1187 tas,
672 1140 828 1192 parce
871 1134 1129 1195 agentem
1178 1126 1429 1193 perdere,
1479 1122 1681 1178 affatim
1732 1132 2070 1194 spargentem

523 1215 754 1268 multum
796 1214 1013 1268 lucrari.
1064 1214 1319 1282 Disperge
1369 1213 1570 1281 itaque,
1620 1227 1687 1266 ne
1727 1210 1954 1281 perdas;
2004 1227 2073 1266 ne

524 1305 717 1365 retine,
746 1312 804 1356 ut
831 1303 1098 1367 retineas;
1126 1303 1346 1372 projice,
1377 1311 1437 1354 ut
1459 1301 1766 1366 custodias;
1798 1301 2069 1369 impende,

524 1396 858 1457 uLJncreris.
886 1393 1039 1459 Quod
1065 1395 1110 1447 si
1139 1409 1357 1446 servare
1384 1391 1474 1446 illa
1499 1401 1766 1460 oporteat,
1796 1407 1863 1444 ne
1887 1407 2072 1445 serves

521 1502 579 1546 tu
615 1509 628 1543 :
665 1506 788 1544 nam
820 1487 1166 1559 iliaprorsus
1189 1471 1502 1552 perditurus
1529 1498 1625 1546 es;
1650 1482 1742 1536 sed
1773 1481 1884 1535 Deo
1919 1497 2072 1535 com-

521 1581 704 1634 mittas
736 1595 749 1631 :
785 1580 909 1633 inde
945 1589 1198 1646 namque.
1215 1588 1376 1627 nemo
1401 1572 1655 1640 abripiet.
1688 1571 1766 1625 Ne
1810 1583 1868 1626 tu
1903 1586 2072 1640 nego-

521 1670 702 1734 tieris;
739 1670 916 1722 nescis
942 1669 1141 1736 quippe
1169 1663 1368 1718 lucrari
1399 1679 1410 1714 :
1441 1661 1548 1722 sed,
1576 1661 1864 1718 maximam
1904 1660 2071 1726 totius

518 1769 726 1829 partem
759 1759 953 1812 fmnori
985 1759 1111 1811 dato
1147 1756 1196 1809 ei
1231 1755 1321 1823 qui
1353 1769 1570 1807 usuram
1608 1751 1704 1806 tibi
1743 1751 2069 1819 praebiturus

519 1858 622 1904 est.
641 1849 718 1903 ibi
748 1849 922 1903 lienus
946 1848 1169 1907 colloca.
1198 1843 1290 1898 ubi
1318 1847 1464 1908 nulla
1490 1843 1710 1905 invidia,
1733 1841 1879 1896 nulla
1904 1855 2067 1894 accu-

520 1938 676 2000 satio,
717 1937 876 1990 nullae
906 1936 1133 1995 insidiae,
1175 1936 1337 1987 timor
1375 1934 1576 1987 nullus.
1621 1932 1833 1986 Foenori
1863 1932 1987 1985 dato
2017 1931 2067 1985 ei

520 2024 615 2097 qni
643 2027 791 2081 nullo
822 2027 1045 2094 indiget,
1076 2036 1131 2079 et
1159 2033 1382 2094 propter
1410 2033 1460 2078 te
1494 2036 1674 2078 tamen
1707 2038 1845 2092 opus
1868 2022 2064 2086 habet;

518 2118 569 2169 ei
601 2116 695 2185 qui
725 2113 914 2169 omnes
937 2115 1056 2175 alit,
1096 2125 1151 2168 et
1176 2115 1367 2175 esurit,
1406 2128 1473 2167 ne
1506 2121 1561 2165 tu
1598 2113 1736 2166 fame
1762 2112 2064 2180 premaris;

517 2205 567 2259 ci
591 2204 682 2272 qui
713 2217 914 2272 pauper
938 2203 1165 2256 effectus
1190 2212 1292 2266 est,
1318 2211 1377 2255 ut
1399 2213 1457 2256 tu
1480 2200 1734 2265 ditescas.
1765 2200 1965 2255 Faenus
1990 2199 2064 2253 ibi

518 2295 770 2357 coiloces,
815 2289 955 2347 unde
992 2308 1101 2347 non
1133 2301 1385 2359 mortem,
1420 2292 1514 2346 sed
1558 2292 1726 2344 vitam
1757 2303 1855 2360 pro
1892 2302 2066 2344 morte

518 2388 574 2441 in
619 2387 852 2441 fructum
905 2386 1188 2455 percipies.
1243 2385 1368 2438 Haec
1418 2385 1622 2438 foenora
1676 2397 1922 2450 regnum,
1975 2383 2067 2434 illa

517 2475 818 2542 gehennam
871 2475 1129 2543 pariunt:
1161 2474 1276 2526 haec
1329 2474 1475 2526 enim
1526 2473 1593 2525 ad
1636 2471 1938 2534 avaritiam,
1978 2471 2067 2525 illa

518 2563 586 2618 ad
652 2563 1046 2632 philosophiam
1101 2564 1428 2632 pertinent:
1488 2563 1578 2615 illa
1633 2560 2012 2614 crudelitatem
2048 2599 2062 2622 ,

518 2653 633 2706 haec
697 2653 1083 2707 humanitatem
1154 2661 1406 2716 arguunt.
1460 2650 1630 2715 Quam
1696 2649 2065 2704 defensionem

517 2743 855 2806 habebimus,
901 2745 944 2796 si
996 2758 1120 2798 cum
1169 2741 1441 2811 possimus
1491 2739 1642 2808 plura
1690 2739 1957 2808 accipere,
2002 2753 2067 2793 ac

519 2840 635 2885 tuto
665 2832 828 2899 inque
869 2839 1108 2899 tempore
1151 2837 1478 2899 opportuno,
1506 2842 1630 2882 cum
1667 2827 1921 2880 libertate
1949 2844 2057 2882 ma-

517 2933 659 2988 gna,
714 2920 814 2973 tuti
869 2919 936 2973 ab
989 2919 1324 2987 opprobriis,
1386 2917 1702 2978 timoribus,
1766 2916 2064 2984 periculis;

517 3004 622 3060 hoc
649 3005 870 3060 dimisso
901 3006 1086 3071 lucro,
1129 3005 1219 3061 illa
1251 3007 1604 3074 insequamur
1646 3004 1852 3071 turpia,
1894 3005 2030 3078 levia
2053 3044 2067 3067 ,

516 3093 748 3158 fallacia,
791 3094 953 3160 ﬂuxa,
982 3111 1104 3165 qua:
1141 3110 1243 3150 nos
1278 3095 1334 3148 in
1366 3094 1640 3148 fornacem
1666 3093 1941 3162 ingentem
1977 3093 2070 3146 de-

512 3182 703 3254 jiciant
724 3184 747 3236 ?

585 3270 781 3329 Contra
813 3291 1049 3329 usuram.
1079 3305 1149 3316 —
1176 3275 1321 3330 Nihil
1359 3275 1526 3339 enim,
1562 3274 1695 3327 nihil
1743 3282 1889 3327 certe
1932 3287 2071 3341 prae-

2174 486 2314 547 senti
2339 505 2502 546 usura
2528 487 2764 556 turpius,
2784 485 2922 538 nihil
2942 480 3238 538 crudelius.
3258 477 3397 536 Nam
3420 473 3733 544 huiusmodi

2173 581 2470 635 fmnerator
2514 577 2571 631 in
2616 575 2847 628 aliorum
2898 572 3263 625 calamitatem
3307 565 3638 634 negotiatur,
3677 573 3734 616 et

2175 678 2500 740 proventum
2528 667 2628 722 sibi
2669 672 2822 734 parat
2847 675 2913 715 ex
2941 660 3172 713 aliorum
3209 656 3550 720 infelicitate,
3585 667 3733 707 mer-

2175 761 2471 830 cedemque
2519 755 2874 811 humanitatis
2915 751 3082 819 exigit
3116 767 3127 801 :
3161 765 3226 802 ac
3267 747 3436 800 veluti
3483 752 3733 799 metuens

2175 857 2242 903 he
2282 848 2668 903 immisericors
2709 849 2985 913 appareat,
3030 835 3388 906 benignitatis
3430 833 3612 901 specie
3653 831 3737 884 fo-

2173 956 2327 994 veam
2361 935 2766 1009 profundiorem
2799 932 2952 994 fodit,
2981 930 3220 995 dumque
3249 925 3357 979 fert
3385 939 3565 992 opem,
3596 937 3734 990 pau-

2174 1045 2359 1100 perem
2397 1027 2679 1098 Opprimit,
2719 1023 2850 1077 dum
2885 1036 3106 1076 manum
3152 1016 3403 1088 porrigit,
3434 1013 3639 1082 dejicit,
3671 1027 3736 1065 ac

2174 1120 2302 1174 dum
2335 1116 2489 1187 quasi
2527 1116 2581 1168 in
2614 1121 2831 1183 portum
2859 1111 3128 1187 recipere
3151 1107 3388 1167 videtur,
3420 1105 3477 1158 in
3506 1103 3734 1156 naufra-

2173 1181 2369 1277 gium;
2389 1205 2444 1257 in
2484 1181 2768 1272 scopulum
2797 1206 2852 1254 e’t
2880 1181 2935 1252 ih
2978 1212 3104 1252 saxa
3133 1193 3358 1249 latentia
3391 1192 3594 1260 dejicit.
3623 1189 3736 1245 Sed

2171 1297 2302 1366 quid
2331 1295 2569 1365 quaeris?
2602 1292 2856 1361 inquies;
2892 1305 2958 1342 an
2996 1297 3057 1341 ut
3095 1286 3377 1340 collectam
3419 1281 3733 1351 pecuniam.

2172 1388 2306 1442 mihi
2349 1386 2558 1449 utilem,
2601 1382 2754 1438 alteri
2787 1382 2841 1434 in
2885 1393 3040 1433 usum
3076 1377 3220 1439 dem,
3266 1389 3368 1428 nec
3397 1373 3560 1427 ullam
3603 1370 3734 1425 inde

2174 1477 2475 1532 mercedem
2510 1473 2833 1543 reposcam?
2866 1471 3021 1524 Absit
3049 1487 3062 1520 :
3100 1483 3208 1520 non
3251 1467 3326 1518 ita
3354 1465 3550 1532 loquor
3577 1479 3592 1527 ;
3623 1462 3735 1515 imo

2173 1569 2333 1637 cupio
2373 1577 2426 1620 te
2464 1565 2596 1618 hinc
2634 1562 2941 1616 mercedem
2983 1558 3251 1626 accipere,
3291 1569 3400 1608 non
3439 1554 3603 1607 vilem
3638 1561 3737 1606 aut

2173 1658 2442 1726 exiguam,
2478 1655 2574 1709 sed
2607 1653 2777 1706 multo
2803 1650 3062 1718 majorem
3094 1663 3107 1699 :
3141 1660 3241 1715 pro
3270 1659 3405 1699 auro
3443 1652 3496 1697 te
3537 1644 3733 1697 calum

2176 1749 2231 1802 in
2265 1761 2487 1802 usuram
2514 1745 2761 1813 accipere
2791 1741 2936 1794 volo.
2964 1739 3074 1794 Cur
3102 1752 3232 1806 ergo
3264 1745 3316 1789 te
3355 1734 3410 1788 in
3437 1741 3736 1802 pauperta-

2177 1848 2283 1892 tem
2315 1835 2532 1905 redigis,
2579 1834 2709 1886 dum
2739 1833 2793 1884 in
2830 1840 2973 1884 terra
3006 1825 3286 1883 volutaris.
3324 1831 3379 1878 et
3430 1838 3594 1891 parva
3631 1835 3733 1888 pro

2175 1927 2383 1997 magnis
2423 1923 2629 1993 exigis?
2673 1920 2811 1974 illud
2861 1919 3007 1973 enim
3058 1927 3144 1971 est
3184 1914 3316 1984 quid
3367 1914 3478 1966 sint
3523 1911 3734 1964 divitiae

2176 2019 2406 2073 nescire.
2436 2015 2571 2069 Cum
2611 2014 2754 2066 Deus
2780 2025 2880 2078 pro
2917 2008 3128 2076 exiguis
3159 2007 3266 2059 illis
3310 2003 3560 2072 pecuniis
3587 2001 3733 2054 bona

2176 2107 2272 2159 tibi
2301 2103 2532 2158 caelestia
2547 2098 2834 2170 promittit,
2863 2107 2919 2150 tu
2944 2111 3072 2148 vero
3095 2093 3253 2152 dicis.
3273 2091 3356 2145 Ne
3379 2091 3513 2144 mihi
3537 2089 3731 2143 caelum

2173 2195 2408 2257 dederis,
2449 2191 2545 2247 sed
2570 2205 2670 2260 pro
2699 2190 2827 2243 caelo
2849 2201 3041 2240 aurum
3071 2182 3202 2237 illud
3238 2183 3540 2251 periturum
3569 2197 3582 2230 :
3619 2179 3727 2230 hoc

2171 2295 2254 2339 est
2279 2263 2415 2339 velle
2445 2284 2501 2337 in
2529 2279 2787 2350 pauperie
2817 2291 3056 2330 manere.
3098 2275 3175 2326 ita
3209 2273 3299 2340 qui
3326 2286 3482 2324 veras
3509 2269 3734 2322 divitias

2174 2374 2528 2441 concupiscit,
2573 2372 2619 2425 is
2649 2368 2921 2423 manentia
2961 2379 3060 2434 pro
3095 2361 3375 2431 perituris,
3410 2359 3732 2411 inexhausta

2176 2478 2276 2532 pro
2319 2459 2496 2522 ﬂuxis,
2541 2458 2709 2519 multa
2757 2471 2854 2523 pro
2891 2453 3098 2522 paucis,
3147 2447 3583 2516 incorruptibilia
3630 2461 3734 2514 pro

2174 2541 2618 2619 corruptibilihus
2663 2547 2825 2614 eliget
2855 2562 2867 2596 :
2892 2553 2948 2596 et
2991 2544 3071 2596 sic
3100 2542 3186 2593 illa
3217 2541 3380 2594 etiam
3409 2547 3730 2606 sequentur.

2173 2644 2305 2697 Nam
2329 2643 2420 2710 qui
2445 2648 2644 2693 terram
2674 2644 2798 2690 ante
2827 2636 3015 2690 calum
3038 2632 3250 2702 quierit,
3278 2631 3345 2683 ab
3385 2630 3475 2682 illa
3507 2643 3735 2698 prorsus

2172 2729 2387 2804 excidet
2415 2745 2428 2780 :
2465 2726 2559 2796 qui
2602 2733 2782 2778 autem
2810 2722 3002 2775 caelum
3039 2730 3192 2773 terrae
3221 2715 3539 2785 praetulerit,
3574 2724 3728 2768 utro-

2173 2836 2277 2889 que
2307 2833 2472 2888 supra
2497 2815 2717 2871 modum
2743 2814 2974 2867 fruetur.
3011 2808 3164 2875 Quod
3209 2817 3267 2860 ut
3306 2820 3732 2873 consequamur,

2174 2913 2459 2981 praesentia
2479 2909 2662 2963 omnia
2684 2911 3118 2965 contemnentes,
3145 2901 3327 2953 futura
3356 2900 3496 2952 bona
3520 2897 3729 2966 deliga-

2175 3017 2316 3055 mus.
2346 3001 2422 3054 lta
2450 3000 2596 3053 enim
2629 3005 2685 3052 et
2717 2997 2802 3050 his
2831 3005 2889 3049 et
2914 2994 3020 3048 illis
3050 2993 3313 3059 fruemur,
3344 2990 3512 3059 gratia
3547 2997 3603 3040 et
3637 2987 3742 3041 be-

2174 3089 2438 3158 nignitate
2461 3087 2677 3141 Domini
2708 3083 2880 3138 nostri
2907 3083 3034 3137 Iesu
3059 3079 3260 3134 Christi
3299 3095 3312 3128 :
3347 3077 3432 3130 cui
3475 3074 3648 3146 gloria
3678 3085 3741 3130 et

2177 3178 2466 3234 imoerium
2492 3176 2547 3231 in
2572 3175 2768 3230 saecula
2797 3172 3136 3227 saeculorum.
3166 3171 3360 3223 Amen.

525 3609 3730 3636 ww

1885 3901 2232 3962 HOMILIA
2273 3899 2377 3960 VI.

518 4199 642 4255 CAP.
677 4201 742 4255 11.
775 4217 826 4253 v.
859 4201 909 4252 l.
955 4197 1086 4252 Cum
1127 4204 1280 4247 natus
1331 4201 1457 4244 esset
1495 4190 1644 4243 Jesus
1690 4193 1744 4243 in
1778 4187 2070 4244 Bethlehem

588 4291 784 4345 Judww
808 4291 861 4340 in
884 4288 1058 4340 diebus
1078 4284 1293 4338 Herodis
1320 4283 1472 4350 regis,
1495 4296 1605 4332 ecce
1624 4282 1762 4348 magi
1795 4281 1857 4332 ab
1879 4282 2071 4332 oriente

587 4389 837 4436 venerunt
880 4377 1283 4446 Jerosolymam,
1311 4374 1363 4426 2.
1406 4372 1629 4425 dicentes
1662 4389 1679 4424 :
1723 4371 1816 4426 Ubi
1856 4382 1939 4424 est
1984 4373 2071 4440 qui

591 4482 744 4526 natus
775 4480 850 4523 est
881 4485 972 4522 rea:
999 4468 1304 4522 Judworum
1336 4465 1359 4517 ?
1407 4463 1636 4517 Vidimus
1683 4464 1820 4515 enim
1862 4462 2072 4516 stellam

589 4561 701 4629 ejus
727 4560 781 4611 in
816 4558 1032 4619 oriente,
1059 4562 1107 4607 et
1136 4556 1366 4607 venimus
1401 4554 1626 4606 adorare
1654 4567 1788 4604 eum.

593 4732 920 4802 Refelluntnr
942 4733 979 4784 ii
1011 4731 1099 4800 qui
1137 4747 1198 4783 ea:
1226 4729 1383 4784 stella
1433 4745 1709 4792 magorum
1751 4730 2071 4782 occasionem

524 4827 848 4896 arripiebant
909 4822 1250 4891 astrologiam
1303 4819 1588 4874 asserendi.
1616 4849 1682 4857 -—
1709 4819 1874 4872 Multa
1914 4819 2072 4872 nobis

524 4933 661 4986 opus
685 4925 767 4970 est
797 4915 1092 4984 vigilantia,
1120 4913 1304 4966 multis
1334 4911 1605 4980 precibus,
1652 4920 1713 4961 ut
1745 4919 2067 4978 praesentem

525 5005 702 5060 locum
758 5004 1026 5073 explicare
1071 5003 1360 5072 possimus,
1412 5016 1476 5054 ac
1531 5001 1672 5055 scire
1713 4999 1806 5069 qui
1853 5001 1962 5056 sint
2013 4999 2069 5052 hi

525 5093 686 5163 magi,
719 5092 883 5152 unde,
913 5090 1206 5160 quomodo,
1239 5099 1295 5143 et
1329 5105 1438 5159 quo
1468 5086 1743 5143 suadente
1767 5090 2015 5143 venerint
2051 5106 2066 5154 ;

525 5188 583 5236 et
608 5194 852 5250 quaenam
882 5177 972 5232 illa
1009 5178 1162 5233 stella
1186 5178 1371 5232 fuerit.
1403 5176 1516 5230 imo
1560 5176 1724 5230 etiam
1750 5217 1764 5238 ,
1795 5177 1838 5230 si
1865 5176 2029 5229 vultis
2052 5215 2067 5241 ,

526 5283 591 5323 ea
621 5269 853 5337 primum
906 5269 961 5321 in
1013 5268 1250 5320 medium
1296 5266 1666 5327 adducamus,
1716 5280 1836 5332 quae
1877 5266 2069 5320 dicunt

526 5357 771 5410 veritatis
810 5354 1038 5409 inimici.
1072 5354 1285 5407 Etenim
1309 5368 1478 5420 usque
1505 5353 1641 5406 adeo
1669 5352 1915 5406 diabolus
1943 5353 2064 5406 illos

531 5447 750 5510 amavit,
783 5455 841 5499 ut
866 5447 989 5500 inde
1020 5446 1140 5498 illos
1168 5460 1314 5498 arma
1356 5452 1542 5496 contra
1586 5443 1870 5496 veritatem
1909 5443 2070 5496 mini-

529 5548 701 5591 strare
738 5537 1044 5591 tentaverit.
1098 5536 1235 5597 Quid
1290 5536 1453 5597 igitur
1499 5535 1727 5588 dicunt?
1781 5535 1936 5600 Ecce,
1986 5535 2069 5588 in-

2170 4187 2384 4255 quiunt,
2413 4188 2631 4243 Christo
2675 4202 2806 4246 nato
2844 4193 2999 4246 stella
3053 4193 3343 4261 apparuit,
3396 4193 3544 4262 quod
3597 4207 3739 4250 sane

2169 4277 2382 4344 signum
2436 4289 2518 4331 est
2559 4283 2905 4350 astrologiam
2949 4297 3129 4335 veram
3179 4298 3299 4335 esse
3348 4281 3727 4352 disciplinam.

2167 4367 2447 4432 Quomodo
2491 4383 2620 4438 ergo
2658 4372 2702 4424 si
2750 4372 2842 4424 illo
2892 4373 3000 4425 ritu
3059 4381 3114 4426 et
3162 4374 3324 4427 modo
3387 4384 3552 4427 natus
3595 4385 3731 4439 est,

2169 4455 2511 4524 astrologiam
2549 4459 2728 4519 solvit.
2771 4459 2941 4513 fatum
2975 4461 3215 4524 sustulit,
3268 4461 3576 4515 daemonum
3625 4479 3728 4518 ora

2168 4544 2462 4608 obturavit,
2502 4561 2745 4600 errorem
2779 4551 3007 4616 expulit,
3035 4558 3089 4602 et
3111 4565 3304 4603 omnes
3332 4551 3716 4618 hujuscemodi

2170 4635 2467 4704 praestigias
2517 4637 2851 4690 eliminavit?
2895 4636 3182 4702 Quomodo
3226 4639 3394 4691 etiam
3433 4641 3574 4708 magi
3608 4655 3709 4709 per

2169 4723 2476 4792 hujusmodi
2510 4725 2718 4778 stellam
2747 4727 2999 4780 ediscunt
3032 4728 3211 4796 ipsum
3249 4742 3368 4781 esse
3408 4743 3590 4796 regem
3620 4730 3722 4784 Ju-

2168 4815 2454 4869 daeorum?
2504 4834 2627 4870 cum
2683 4830 2831 4873 certe
2883 4835 2990 4872 non
3052 4818 3368 4888 huiusmodi
3420 4821 3571 4889 regni
3625 4837 3727 4876 rex

2167 4919 2329 4970 esset,
2363 4916 2420 4959 ut
2453 4907 2567 4976 ipse
2610 4910 2781 4963 Pilato
2814 4910 3028 4977 dicebat
3061 4927 3074 4961 :
3106 4909 3342 4979 Regnum
3388 4926 3560 4962 meum
3618 4927 3730 4966 non

2169 5006 2242 5049 est
2271 4997 2332 5050 de
2359 5000 2454 5050 hoc
2479 5001 2668 5051 mundo
2697 4999 2874 5069 (Joan.
2912 4999 2997 5053 18.
3021 4999 3132 5066 '56).
3178 4999 3324 5053 Nihil
3375 5000 3577 5069 quippe
3614 5001 3728 5058 talo

2170 5089 2490 5142 monstravit
2542 5106 2554 5141 :
2615 5105 2724 5143 non
2771 5089 3034 5155 hastatos,
3077 5105 3185 5144 non
3241 5091 3518 5160 clypcatos
3549 5132 3564 5154 ,
3609 5107 3728 5147 non

2168 5193 2358 5246 equos,
2389 5193 2497 5232 non
2533 5180 2805 5234 mulorum
2837 5181 3048 5250 jugum,
3099 5195 3278 5250 neque
3308 5179 3589 5249 quidpiam
3643 5183 3729 5236 si-

2169 5268 2294 5322 mile
2341 5269 2547 5322 circum
2598 5285 2653 5323 se
2704 5269 2936 5333 habuit;
2988 5269 3082 5323 sed
3126 5270 3290 5322 vilem
3338 5279 3392 5322 et
3425 5285 3728 5338 pauperem

2177 5357 2335 5412 vitam
2383 5359 2609 5427 agebat,
2662 5358 2951 5412 duodecim
3014 5368 3221 5412 tantum
3286 5358 3474 5422 viros,
3515 5374 3728 5429 eosque

2173 5445 2633 5523 despicatissimos
2688 5445 3124 5500 circumducens.
3191 5445 3296 5498 Sed
3359 5446 3594 5509 etiamsi?
3641 5447 3731 5518 ip-

2175 5549 2293 5587 sum
2355 5535 2561 5589 scirent
2632 5551 2752 5591 esse
2825 5552 3006 5605 regem
3040 5575 3054 5599 ,
3113 5550 3211 5588 cur
3275 5535 3494 5591 tandem
3566 5536 3730 5592 illum
