4082 6548
245 502 300 554 63

245 605 443 656 adeunt?
465 601 640 669 Neque
662 599 800 652 enim
828 597 952 649 illud
981 606 1357 648 astronomiam
1386 604 1610 662 spectat,
1643 602 1697 645 ut
1723 609 1787 645 ex

246 693 388 746 stellis
411 697 786 760 cognoscantur
815 686 846 739 ii
877 685 964 755 qui
1006 693 1332 747 nascuntur;
1363 683 1456 736 sed
1484 691 1540 735 ut
1564 697 1625 734 ex
1659 681 1786 733 hora

243 796 327 848 qua
357 787 658 842 nascuntur,
694 774 1112 845 prmnunticntur
1136 787 1200 828 ea
1227 786 1344 840 quas
1385 770 1512 839 ipsis
1537 779 1789 824 eventura

243 880 365 934 sunt,
389 869 456 922 uti
483 867 692 936 quidem
722 875 957 919 narrant.
985 865 1047 918 Ili
1082 877 1208 918 vero
1228 875 1399 931 neque
1423 861 1648 930 parieuti
1674 876 1788 915 ma-

243 962 296 1014 tri
323 960 562 1022 aderant,
592 972 762 1025 neque
802 965 1008 1024 tempus
1039 963 1464 1026 noverant,quo
1491 961 1646 1006 natus
1671 961 1750 1006 est
1775 992 1787 1012 ,

244 1066 392 1119 neque
418 1050 532 1103 inde
557 1049 706 1102 initio
730 1048 908 1114 ducto,
937 1040 1001 1102 ei
1028 1046 1300 1101 stellarum
1323 1055 1469 1100 motu
1491 1060 1608 1115 quze
1629 1060 1788 1098 even-

242 1150 336 1192 tura
356 1149 498 1192 erant
522 1139 882 1206 prmdixerunt
905 1155 918 1190 :
943 1136 1035 1192 sed
1066 1151 1097 1192 e
1123 1135 1410 1197 contrario,
1434 1149 1556 1189 eum
1581 1135 1788 1188 stellam

239 1228 383 1282 multo
417 1238 533 1282 ante
569 1239 805 1298 tempore
839 1228 892 1281 iu
933 1228 1149 1296 regione
1183 1241 1277 1280 sua
1311 1225 1595 1294 fulgentem
1623 1225 1787 1277 vidis-

235 1332 370 1389 sent,
397 1332 566 1378 natum
608 1324 773 1379 visuri
811 1325 1070 1380 accedunt
1101 1344 1114 1379 :
1147 1325 1291 1394 quod
1332 1339 1462 1379 sane
1499 1323 1792 1392 majoribus

233 1415 490 1468 obnoxium
517 1414 912 1470 difficultatibus
939 1425 1042 1478 est,
1072 1430 1233 1484 quam
1259 1413 1312 1469 id
1341 1415 1481 1484 quod
1519 1412 1789 1484 prtecedit.

232 1503 459 1567 Quaenam
500 1503 617 1557 illos
663 1504 800 1556 ratio
845 1504 1058 1557 movit?
1101 1518 1206 1572 qua
1244 1517 1340 1572 spe
1379 1503 1492 1555 fulti
1535 1518 1599 1557 ex
1644 1511 1789 1556 tanto

233 1604 468 1648 terrarum
513 1595 684 1663 spatio
733 1595 1010 1649 adoratum
1051 1609 1235 1664 regem
1275 1593 1536 1648 veniunt?
1574 1592 1707 1647 Nam
1746 1592 1792 1646 si

231 1683 424 1751 quidem
453 1699 542 1738 rex
572 1684 806 1753 ipsorum
836 1684 1048 1738 futurus
1077 1692 1231 1748 erat,
1264 1699 1332 1737 ne
1361 1684 1439 1737 sic
1465 1682 1624 1736 etiam
1656 1695 1789 1734 con—

233 1783 486 1840 gruentem
514 1774 748 1829 habuere
777 1775 1058 1828 rationem.
1085 1773 1296 1829 Etenim
1325 1773 1370 1826 si
1398 1772 1450 1826 in
1482 1773 1641 1841 regiis
1665 1770 1794 1825 aedi-

231 1867 318 1920 bus
354 1875 500 1921 natus
544 1867 772 1934 fuisset,
816 1882 941 1936 rege
983 1875 1136 1937 patre
1178 1877 1483 1936 praesente,
1522 1865 1642 1936 jure
1675 1865 1794 1932 quis

229 1955 426 2020 diceret,
460 1956 604 2024 ipsius
644 1966 699 2010 ut
730 1958 862 2025 patri
922 1958 1195 2026 placerent
1232 1966 1412 2011 natum
1444 1970 1669 2024 puerum
1699 1952 1796 2006 ad-

235 2047 470 2111 oravisse,
505 2056 558 2100 ut
581 2047 682 2101 hoc
701 2047 974 2116 praemisso
1002 2048 1168 2110 cultu,
1198 2047 1339 2116 regis
1378 2045 1800 2100 benevolentiam

230 2135 317 2189 sibi
337 2137 698 2192 conciliarent.
719 2138 850 2191 Cum
873 2152 1000 2191 vero
1022 2138 1222 2191 scirent
1243 2139 1417 2206 ipsum
1441 2151 1621 2204 regem
1644 2149 1796 2189 suum

233 2239 328 2277 non
353 2240 468 2279 esse
506 2228 736 2280 futurum
759 2268 773 2290 ,
802 2226 896 2279 sed
927 2225 1116 2279 aliena:
1145 2226 1319 2295 gentis
1340 2265 1356 2290 ,
1388 2240 1418 2278 a
1457 2225 1673 2294 regione
1701 2236 1796 2276 sua

232 2312 373 2382 longe
403 2325 640 2380 remotae,
675 2316 955 2384 ipsumque
976 2317 1041 2369 ad
1063 2316 1161 2368 viri
1183 2324 1393 2368 aetatem
1420 2315 1654 2368 nondum
1680 2328 1802 2381 per-

232 2404 440 2468 venisse,
474 2421 569 2460 cur
598 2416 797 2460 tantam
841 2406 1321 2474 peregrinationem
1358 2405 1674 2473 suscipiunt,
1705 2417 1801 2457 cur

230 2497 354 2546 dona
381 2494 629 2561 afferunt,
662 2496 874 2564 quando
905 2498 1133 2549 maxime
1159 2510 1280 2549 cum
1314 2494 1552 2563 periculo
1583 2492 1697 2546 hate
1727 2493 1802 2544 fa-

228 2586 354 2638 cturi
392 2589 577 2640 erant?
619 2587 890 2656 Siquidem
935 2589 1035 2641 hoc
1071 2586 1252 2641 audito
1291 2584 1528 2640 Herodes
1560 2583 1802 2638 turbatus

228 2687 336 2739 est,
366 2678 604 2731 turbatus
646 2679 772 2732 item
813 2679 1040 2747 populus
1082 2688 1221 2732 totus
1246 2719 1261 2743 ,
1293 2691 1412 2730 cum
1457 2676 1570 2729 hinc
1600 2691 1664 2728 ex
1702 2675 1804 2727 illis

229 2765 439 2820 audiret.
462 2768 548 2829 At,
581 2768 806 2836 inquies,
834 2769 947 2820 lta~c
973 2767 1045 2820 illi
1074 2782 1178 2820 non
1203 2767 1574 2836 prtesciebant.
1607 2765 1801 2818 Verum

228 2853 276 2907 id
298 2869 410 2908 cum
439 2859 643 2910 ratione
671 2864 885 2926 pugnat.
912 2856 1039 2910 Nam
1065 2858 1164 2910 etsi
1185 2856 1469 2909 admodum
1493 2855 1804 2921 insipientes

229 2943 475 3008 fuissent,
519 2949 768 3017 ignorare
810 2963 914 3001 non
960 2956 1236 3015 poterant,
1275 2962 1335 3001 se
1375 2947 1426 3010 in
1469 2946 1653 2998 urbem
1694 2943 1805 3012 regi

229 3033 478 3089 subditam
505 3037 802 3101 venientes,
831 3036 1061 3102 taliaque
1087 3037 1413 3098 nuntiantes,
1445 3034 1713 3101 aliumque
1739 3031 1806 3084 ab

230 3137 290 3176 eo
307 3125 391 3192 qui
419 3136 524 3178 tum
552 3125 808 3195 regnabat
829 3141 1005 3194 regem
1034 3138 1153 3178 esse
1179 3133 1560 3188 monstrantes,
1583 3136 1805 3184 sexcen-

233 3211 294 3264 tis
320 3227 432 3267 scse
461 3216 652 3268 mortis
692 3214 941 3283 periculis
979 3214 1228 3283 objieere.
1261 3213 1371 3267 Cur
1402 3220 1580 3266 autem
1620 3212 1809 3280 pannis

233 3301 510 3356 involutum
539 3304 874 3358 adorarunt?
902 3303 1031 3356 Nam
1062 3303 1104 3355 si
1138 3304 1221 3355 vir
1247 3303 1437 3355 saltem
1469 3301 1673 3363 fuisset,
1705 3298 1810 3352 dici

234 3395 476 3457 potuisset
509 3396 633 3448 illos
655 3434 671 3458 ,
702 3395 841 3461 quod
872 3409 1026 3462 Opem
1067 3394 1184 3461 ejus
1223 3400 1633 3460 exspectarent,
1666 3406 1724 3443 se
1755 3387 1808 3442 in

232 3491 460 3549 apertum
508 3483 804 3552 periculum
845 3482 1138 3550 conjeCIsse
1181 3499 1195 3533 :
1233 3481 1373 3549 quod
1415 3491 1590 3534 tamen
1638 3479 1812 3548 ipsum

233 3582 476 3628 extremae
534 3577 835 3634 dementire
895 3576 1111 3640 fuisset,
1170 3576 1428 3640 Persam,
1477 3574 1813 3639 barbarum,

232 3661 319 3726 qui
355 3664 491 3718 nihil
527 3682 826 3723 commune
858 3667 1090 3721 haberet
1118 3681 1243 3720 cum
1282 3663 1598 3720 Judteorum
1628 3670 1812 3732 gente,

231 3766 260 3803 a
290 3755 508 3823 propria
552 3765 705 3810 terra
738 3757 1027 3813 discedere
1076 3758 1238 3822 velle,
1293 3771 1358 3810 ac
1404 3754 1682 3826 patriam,
1722 3768 1816 3808 co-

227 3853 413 3931 gnatos
444 3856 501 3900 et
546 3848 776 3904 domum
819 3849 1172 3917 relinquere,
1222 3862 1392 3915 seque
1435 3846 1596 3901 alteri
1646 3860 1817 3915 regno

228 3933 518 4006 subjicere.

297 4144 350 4199 2.
405 4148 560 4213 Quod
611 4149 658 4201 si
712 4148 812 4202 hoc
858 4149 1079 4203 stultum
1124 4149 1345 4212 fuisset,
1393 4148 1534 4216 quod
1583 4150 1828 4217 sequitur

236 4233 387 4304 longe
426 4237 671 4303 stultius.
717 4238 981 4306 Quidnam
1021 4239 1152 4294 illud
1203 4239 1329 4291 est?
1368 4238 1519 4303 Quod
1548 4250 1652 4292 tam
1686 4241 1825 4307 longi

234 4326 457 4390 spatium
507 4329 721 4383 itineris
761 4330 998 4394 emensi,
1048 4316 1326 4398 postquam
1353 4329 1738 4394 adoraverant,
1774 4341 1829 4383 et

231 4424 432 4471 tantum
475 4419 624 4487 apud
675 4433 861 4473 omnes
906 4421 1186 4473 tumultum
1227 4421 1618 4487 excitaverant,
1647 4421 1826 4474 statim

230 4509 427 4563 reversi
475 4512 608 4566 sint.
663 4511 792 4576 Qure
839 4511 1049 4566 tandem
1093 4511 1340 4566 viderunt
1380 4513 1526 4581 regni
1567 4512 1830 4582 insignia?

229 4594 555 4666 Tugurium,
608 4617 883 4670 praesepe,
935 4604 1311 4670 puerulum'in
1360 4603 1673 4668 cunabulis,
1718 4619 1833 4657 ma-

230 4695 361 4741 trem
409 4705 733 4760 pauperem.
774 4691 996 4744 tluiuam
1027 4702 1250 4746 munera
1281 4692 1621 4757 obtulerunt,
1651 4702 1703 4747 et
1728 4708 1831 4761 qua

228 4777 294 4834 de
328 4796 494 4838 causa
515 4784 541 4837 ?
588 4785 675 4838 An
718 4798 778 4836 ea
825 4785 908 4836 lex
932 4823 948 4845 ,
986 4784 1032 4836 is
1069 4798 1186 4837 mos
1210 4794 1356 4848 erat,
1386 4793 1441 4837 ut
1465 4784 1710 4839 omnibus
1738 4800 1833 4852 per

234 4873 412 4927 orbem
456 4876 818 4932 nascentibus
856 4876 1072 4945 regibus
1114 4875 1166 4930 id
1192 4876 1432 4946 obsequii
1462 4877 1832 4942 tribueretur?

234 4976 297 5015 an
319 4977 539 5033 semper
555 4976 828 5020 terrarum
856 4966 1040 5020 orbem
1067 4967 1380 5033 circuibant,
1402 4975 1460 5020 ut
1480 4981 1615 5037 quos
1634 4967 1837 5020 scirent

233 5067 296 5104 ex
331 5053 526 5109 vilibus
567 5067 629 5110 et
671 5055 990 5125 pauperibus
1028 5072 1182 5126 reges
1208 5058 1442 5122 futuros,
1471 5067 1754 5127 antequam
1781 5058 1834 5110 in

237 5145 437 5213 regium
486 5147 690 5202 solium
732 5147 1116 5214 ascendereut,
1159 5149 1485 5203 adorarent?
1513 5148 1680 5203 Nemo
1707 5163 1837 5204 sane

232 5231 354 5288 illud
403 5235 633 5293 dixerit.
677 5234 788 5290 Cur
831 5233 1154 5306 ergo‘illum
1201 5238 1535 5292 adorarunt?
1575 5238 1630 5294 Si
1656 5254 1836 5293 rerum

234 5328 584 5389 praesentium
632 5339 826 5390 causa,
873 5327 998 5396 quid
1037 5344 1096 5383 se
1134 5345 1350 5399 sperare
1381 5339 1678 5400 poteranta
1709 5346 1837 5401 pue-

234 5413 351 5467 rulo
379 5428 437 5472 et
457 5419 630 5487 inope
653 5426 826 5472 matre
853 5428 1168 5486 accepturos
1186 5424 1215 5488 7!,
1232 5424 1278 5475 si
1306 5405 1604 5477 fu'turorum
1630 5424 1796 5492 gratia
1817 5466 1834 5480 .

236 5504 372 5558 unde
397 5509 541 5562 scire
564 5516 821 5577 poterant
851 5508 1129 5576 puerulum
1154 5513 1206 5566 in
1233 5512 1511 5567 cunabulis
1532 5512 1836 5576 adoratum,

231 5609 416 5648 eorum
443 5611 570 5667 quae
599 5607 712 5652 tum
743 5608 892 5667 gesta
919 5608 1047 5654 sunt
1069 5603 1470 5658 recordaturum
1500 5618 1620 5658 esse
1638 5603 1663 5658 τ
1684 5601 1838 5671 Quod

233 5685 276 5737 ti
324 5698 501 5743 mater
555 5691 706 5745 illum
762 5690 1099 5747 admonitura
1148 5704 1294 5757 erat,
1353 5697 1615 5765 supplicio
1662 5697 1840 5768 potius

234 5793 387 5846 quatit
430 5782 662 5850 pnnmio
683 5783 830 5854 digni
861 5800 1048 5851 erant,
1076 5787 1167 5855 qui
1194 5789 1243 5840 iu
1271 5797 1512 5855 apertum
1546 5773 1837 5857 perieulum

158 6536 188 6548 5-.-
219 6536 283 6548 ’τμ-

1372 486 1435 538 li‘
1473 480 1878 536 .ttA't't‘ttmun
1921 477 2146 527 llUIlllL.
2195 476 2274 524 Vl.

3407 459 3478 515 (ii.

1889 605 2040 662 illum
2083 600 2459 671 conjecissent.
2511 592 2715 648 Exinde
2758 590 2900 644 enim
2932 584 3167 640 llorodes
3195 581 3437 634 turbatus
3462 620 3476 640 ,

1891 697 2168 768 quaerebat
2189 670 2354 748 illum
2378 731 2391 753 ,
2424 685 2793 747 scrutabatur,
2825 691 2880 736 et
2900 676 3200 733 interficere
3222 670 3482 727 tentabat.

1894 763 2070 857 Atque
2098 786 2294 855 ubique
2321 793 2582 835 terrarum
2604 818 2618 842 ,
2648 776 2738 846 qui
2766 774 2996 841 aliquem
3024 771 3076 822 in
3111 763 3302 820 tenella
3330 771 3482 815 aetate

1897 852 2165 952 privatum
2186 852 2583 945 {regnaturum
2625 883 2746 923 esse
2782 867 2953 937 palam
2981 857 3322 932 praedixerit,
3356 852 3484 906 nihil

1897 948 2038 1024 aliud
2078 969 2218 1032 agit,
2259 981 2416 1034 quam
2446 961 2586 1030 quod
2614 960 2783 1027 ipsum
2815 955 2931 1009 neci
2962 952 3164 1012 tradat,
3192 948 3278 1000 vel
3304 956 3486 998 contra

1888 1071 2036 1125 illum
2080 1064 2214 1120 bella
2243 1060 2441 1115 excitet
2463 1057 2761 1110 innumera.
2787 1049 2978 1104 Viden’
3003 1056 3198 1116 quanta
3232 1045 3358 1098 hinc
3383 1044 3481 1098 ab-

1888 1160 2049 1216 surda
2081 1161 2365 1210 nascantur
2386 1191 2399 1214 ,
2428 1148 2473 1202 si
2499 1151 2789 1201 secundum
2814 1155 2993 1194 rerum
3022 1137 3374 1191 humanarum
3401 1149 3489 1188 se-

1891 1252 2059 1310 riem,
2119 1236 2494 1313 vulgaremque
2533 1249 2736 1290 rnorem
2782 1246 2869 1286 res
2916 1227 3263 1298 exploretur?
3305 1225 3490 1295 Neque

1893 1351 2073 1394 tamen
2119 1335 2234 1389 hzec
2265 1341 2468 1386 tantum
2492 1370 2507 1391 ,
2537 1327 2630 1382 sed
2659 1326 2821 1379 etiam
2851 1321 3018 1376 multo
3050 1320 3198 1388 plura
3224 1318 3326 1372 dici
3362 1331 3490 1385 po.»

1895 1440 2018 1487 sent
2040 1473 2054 1496 ,
2080 1444 2199 1498 qua:
2231 1425 2461 1493 majores
2492 1421 2557 1474 iis
2575 1460 2589 1483 ,
2614 1431 2746 1487 quas
2768 1428 2930 1483 supra
2955 1411 3215 1472 diximus,
3244 1418 3492 1478 parerent

1897 1522 2239 1594 quaestiones.

1963 1712 2127 1768 Stella
2146 1751 2161 1776 ,
2192 1724 2303 1780 quae
2324 1706 2597 1776 apparuit,
2628 1720 2728 1757 non
2755 1719 2782 1754 ε
2809 1715 3018 1754 numero
3047 1709 3346 1751 (ceterarum
3369 1697 3490 1750 stel-

1892 1805 2060 1860 larum
2103 1812 2230 1859 erat.
2266 1831 2336 1840 -
2374 1798 2479 1854 Sed
2512 1813 2577 1852 ne
2602 1794 2943 1850 difficultates
2962 1790 3364 1847 difficultatibus
3389 1807 3491 1843 ne-

1891 1908 2135 1963 ctentes,
2186 1895 2239 1950 in
2284 1893 2565 1962 caliginem
2606 1888 3093 1955 obscuritatemque
3134 1898 3230 1938 vos
3268 1883 3491 1950 dejicia-

1893 2006 2013 2046 mus
2037 2007 2051 2054 ;
2097 2002 2195 2059 age
2233 1985 2449 2041 demum
2478 1982 2545 2036 ad
2573 1981 2920 2050 quresitorum
2945 1977 3263 2031 solutionem
3293 1989 3493 2043 prope-

1895 2097 2076 2138 remus
2092 2123 2106 2145 ,
2134 2088 2188 2135 et
2209 2095 2236 2132 a
2268 2077 2419 2132 stella
2443 2074 2701 2129 ducamus
2727 2070 2954 2124 initium.
2977 2068 3033 2122 Si
3059 2067 3201 2122 enim
3223 2065 3495 2118 discamus

1896 2191 2016 2246 quae
2059 2173 2143 2228 vel
2188 2169 2363 2240 qualis
2411 2169 2499 2223 illa
2545 2166 2654 2231 sit,
2698 2180 2765 2218 an
2795 2179 2860 2218 ex
2893 2175 3116 2216 numero
3143 2160 3398 2222 aliarum,
3427 2171 3493 2208 an

1899 2269 2110 2322 diversa
2151 2263 2219 2318 ab
2266 2262 2406 2323 illis,
2454 2273 2520 2311 an
2573 2265 2763 2311 natura
2812 2266 2942 2316 sua,
2985 2266 3052 2303 an
3081 2250 3261 2319 Specie
3292 2256 3496 2300 tantum

1900 2359 2052 2414 stella
2073 2397 2088 2419 ,
2143 2364 2266 2409 tunc
2299 2353 2452 2407 facile
2477 2358 2670 2405 caetera
2701 2346 2880 2400 omnia
2908 2345 3161 2398 sciemus.
3191 2339 3344 2396 Unde
3371 2355 3500 2408 ergo

1905 2453 2018 2504 haec
2057 2443 2490 2514 comperiamus?
2535 2440 2613 2494 Ex
2659 2440 2771 2505 ipsa
2810 2435 3105 2504 Scriptura.
3156 2431 3308 2498 Quod
3355 2431 3498 2485 enim

1903 2542 2020 2594 haec
2068 2537 2223 2592 stella
2269 2549 2373 2589 non
2420 2548 2487 2587 ex
2539 2544 2764 2584 numero
2801 2527 3060 2590 aliarum,
3102 2525 3213 2578 imo
3253 2537 3320 2577 ne
3345 2521 3500 2576 sto-lla

1907 2632 2119 2701 quidem
2143 2637 2286 2682 esset
2309 2666 2321 2688 ,
2349 2635 2406 2678 ut
2435 2623 2561 2676 mihi
2589 2620 2801 2689 quidem
2824 2619 3069 2683 videtur,
3098 2615 3192 2670 sed
3222 2613 3502 2667 invisibilis

1907 2721 2150 2792 quaedam
2175 2721 2368 2781 virtus,
2395 2730 2514 2786 quae
2540 2713 2708 2768 stella:
2737 2711 2971 2780 speciem
3004 2707 3299 2777 prazferret,
3329 2704 3505 2775 primo

1909 2815 1974 2867 ab
2021 2812 2137 2879 ejus
2181 2811 2370 2863 itinere
2416 2806 2674 2875 arguitur.
2720 2802 2872 2855 Nulla
2918 2800 3102 2864 enim,
3149 2797 3292 2852 nulla
3324 2795 3509 2863 utique

1910 2903 2064 2958 stella
2111 2909 2193 2954 est
2239 2913 2356 2966 quzn
2401 2896 2490 2949 tali
2534 2902 2720 2964 pergat
2744 2893 2825 2943 via
2858 2908 2871 2942 :
2907 2904 3028 2942 nam
3059 2897 3114 2942 et
3143 2887 3312 2940 solem
3339 2895 3392 2937 et
3421 2885 3506 2938 ln-

1913 2970 2033 3048 nam
2058 3033 2070 3051 ,
2122 3002 2176 3043 et
2216 2988 2347 3041 alias
2393 2997 2579 3040 omnes
2618 2981 2800 3035 stellas
2837 2980 2905 3034 ab
2936 2978 3144 3032 oriente
3172 2975 3414 3029 videmus
3441 2973 3510 3025 ad

1912 3083 2244 3139 occidentem
2290 3091 2516 3148 pergere
2563 3094 2576 3128 :
2610 3074 2724 3126 haec
2752 3085 2879 3126 vero
2907 3069 3060 3124 stella
3090 3084 3118 3120 a
3147 3064 3513 3135 septentrione

1915 3176 1980 3229 ad
2021 3172 2295 3226 meridiem
2347 3168 2614 3221 ferebatur
2662 3183 2674 3217 :
2725 3162 3017 3216 [’alazstinze
3044 3160 3238 3228 quippe
3263 3158 3350 3210 hic
3377 3157 3514 3211 situs

1916 3275 1997 3318 est
2027 3265 2069 3317 si
2103 3259 2370 3323 Persidem
2401 3266 2631 3324 Spectes.
2660 3251 2942 3314 Secundo,
2977 3250 3105 3303 illud
3136 3249 3296 3304 etiam
3319 3263 3349 3300 a
3375 3255 3516 3300 tem-

1921 3369 2048 3423 pore
2089 3351 2304 3421 probari
2337 3345 2746 3416 potest..Neque
2769 3344 2912 3396 enim
2939 3336 3098 3395 noctu
3130 3347 3386 3409 apparet,
3419 3336 3516 3391 sed

1922 3449 1972 3498 in
2004 3441 2226 3496 meridie
2246 3481 2261 3501 ,
2290 3440 2503 3492 lucente
2544 3438 2659 3490 sole
2683 3450 2698 3498 ;
2741 3449 2900 3502 quam
2928 3432 3033 3485 vim
3061 3445 3160 3484 nec
3182 3430 3338 3484 stella
3363 3470 3378 3494 ,
3409 3429 3517 3480 imo

1923 3551 1990 3590 ne
2032 3535 2155 3587 luna
2198 3529 2414 3600 quidem
2465 3528 2577 3595 ipsa
2622 3525 2820 3587 habet,
2865 3538 2985 3593 quae
3014 3522 3138 3576 licet
3163 3520 3341 3574 omnia
3370 3529 3516 3574 astra

1924 3633 2162 3691 superet,
2195 3631 2316 3674 orto
2346 3620 2474 3674 solis
2498 3617 2702 3685 fulgore
2731 3614 2911 3669 statim
2940 3612 3238 3667 occultatur
3259 3627 3356 3666 nec
3385 3626 3512 3665 con-

1921 3720 2160 3790 spicitur.
2207 3716 2333 3771 llaec
2358 3731 2486 3772 vero
2511 3715 2662 3770 stella
2692 3712 2995 3784 splendoris
3019 3710 3101 3765 sui
3133 3711 3181 3765 vi
3206 3710 3367 3764 etiam
3395 3707 3526 3761 solis

1922 3812 2098 3864 radios
2121 3807 2408 3876 splendore
2428 3806 2750 3876 superabat,
2776 3803 3113 3873 majoresque
3137 3800 3414 3856 emittebat
3434 3813 3525 3850 ra-

1924 3902 2062 3956 dios.
2096 3898 2282 3954 Tertio
2308 3939 2320 3962 ,
2349 3897 2603 3966 probatur
2623 3937 2636 3954 .
2659 3894 2801 3964 quod
2823 3910 2886 3950 ea
2917 3892 3078 3947 modo
3104 3892 3276 3946 lucem
3305 3889 3520 3944 emitte-

1924 4001 2038 4053 ret,
2086 3990 2246 4045 modo
2292 3999 2550 4042 cessaret.
2577 3986 2711 4042 Nam
2736 3986 3070 4041 venientibus
3101 3984 3154 4038 in
3183 3981 3522 4037 Palaestinam

1923 4083 2059 4136 iuvit
2103 4100 2115 4134 :
2165 4089 2449 4150 postquam
2495 4089 2674 4134 autem
2720 4077 3106 4148 Jerosolymam
3152 4074 3523 4134 advenerant,

1923 4187 2042 4227 sese
2081 4173 2367 4226 occultavit
2391 4170 2504 4240 (a);
2533 4170 2727 4225 deinde
2755 4168 2965 4225 Herode
2992 4169 3211 4232 relicto,
3243 4177 3523 4235 postquam

1927 4265 2074 4317 illum
2104 4263 2172 4317 de
2197 4277 2356 4316 causa
2387 4262 2592 4316 itineris
2615 4262 2898 4316 certiorem
2927 4262 3184 4325 fecerant,
3214 4261 3314 4314 iter
3339 4273 3523 4313 susce—

1928 4355 2094 4419 pturis
2114 4353 2358 4421 apparuit
2383 4370 2398 4406 :
2427 4353 2569 4422 quod
2595 4362 2741 4407 certe
2769 4367 2874 4406 non
2906 4354 3074 4407 stella:
3103 4353 3268 4405 motui
3297 4365 3522 4420 compe-

1927 4445 2026 4506 tit,
2079 4442 2173 4496 sed
2227 4443 2407 4496 virtuti
2455 4443 2804 4511 intelligentia
2854 4442 3112 4510 pratditte.
3165 4442 3350 4511 Neque
3375 4442 3522 4496 enim

1928 4535 2197 4604 proprium
2239 4534 2338 4587 sibi
2381 4548 2599 4587 cursum
2643 4533 2900 4600 habebat,
2944 4534 3036 4587 sed
3076 4533 3164 4587 ubi
3196 4533 3525 4603 pergendum

1924 4636 2034 4679 erat
2058 4665 2072 4690 ,
2101 4625 2184 4678 illa
2215 4625 2505 4694 pergebat;
2535 4625 2620 4679 ubi
2648 4625 2931 4691 standum,
2966 4628 3173 4692 stabat,
3232 4627 3527 4684 secundum

1925 4717 2376 4785 opportunitatem
2425 4718 2603 4771 omnia
2672 4717 3029 4786 diSpensans;
3088 4720 3228 4775 sicut
3276 4721 3525 4774 columna

1927 4810 2013 4862 illa
2053 4807 2212 4862 nubis
2255 4823 2372 4875 que
2426 4806 2628 4862 Iudaeis
2673 4810 3040 4869 monstrabat,
3090 4811 3302 4878 quando
3349 4822 3528 4865 castra

1928 4915 2162 4962 movere,
2196 4900 2408 4968 quando
2432 4900 2620 4955 sistere
2644 4912 2915 4970 oporteret
2945 4900 3137 4971 (Exod.
3154 4905 3240 4957 15.
3264 4902 3423 4956 Num.
3446 4904 3523 4972 9}.

1926 4991 2126 5059 Quarto
2149 5032 2166 5056 ,
2212 4991 2281 5044 ab
2319 4991 2434 5059 ipso
2461 4990 2672 5044 incendi
2700 4990 2860 5045 modo
2887 4991 2938 5046 id
2966 4993 3109 5048 clare
3133 4995 3379 5050 discitur.
3410 4995 3527 5050 Non

1927 5082 2071 5134 enim
2115 5080 2167 5135 in
2211 5081 2323 5135 aito
2365 5081 2498 5134 caelo
2535 5083 2821 5134 constituta
2847 5122 2863 5146 ,
2906 5098 3079 5152 neque
3106 5086 3248 5138 enim
3280 5097 3529 5154 poterant

1928 5171 2023 5226 illo
2060 5173 2220 5227 modo
2259 5173 2412 5241 dirigi
2435 5214 2450 5238 ,
2494 5174 2588 5226 sed
2619 5172 2826 5226 inferne
2867 5172 3098 5229 demissa
3119 5217 3133 5241 ,
3165 5178 3340 5233 locum
3372 5194 3530 5234 mon-

1997 5483 2070 5547 (α)
2105 5481 2234 5547 Quod
2258 5480 2476 5547 pic‘dicii
2498 5478 2885 5547 Chrysostomus,
2907 5478 3278 5547 stellammagis
3299 5497 3458 5547 usque
3482 5490 3530 5537 in

1935 5539 2232 5592 Paiaistinam
2257 5542 2460 5604 luxisse,
2488 5548 2540 5590 et
2561 5539 2670 5588 cum
2688 5539 3034 5602 Jerosolymatn
3058 5539 3396 5604 advenissent,
3414 5562 3532 5598 sese

1935 5604 2232 5668 occultasse,
2261 5616 2356 5668 non
2382 5603 2572 5650 videtur
2595 5615 2861 5668 consonare
2885 5615 2994 5650 cum
3020 5605 3282 5668 evangelio
3306 5603 3530 5668 Matth.2,

1937 5668 1983 5723 tl,
2011 5667 2086 5721 10,
2104 5663 2188 5726 ubi
2209 5663 2388 5724 legitur
2414 5679 2424 5712 :
2453 5669 2642 5726 hjtccce
2658 5663 2816 5719 stella,
2837 5676 2990 5726 quam
3005 5663 3231 5715 viderant
3252 5668 3301 5715 in
3325 5663 3526 5726 oriente,

1938 5724 2243 5795 antecedebat
2261 5723 2400 5795 eos...
2432 5723 2655 5795 Vidcntes
2687 5723 2858 5774 autem
2884 5724 3072 5776 stellam
3104 5727 3257 5790 gavisi
3280 5737 3391 5779 sunt
3413 5744 3514 5791 gau

1940 5787 2029 5838 dio
2043 5798 2213 5850 magno
2235 5785 2394 5846 valde,
2431 5793 2527 5833 etc.
3104 5783 3127 5790 '
3413 5783 3422 5791 '
