  <div class='ocr_page' id='page_1' title='image "/cluster/home/n/w/nwhite01/storage/ocr_20150623/57/uva.x004697226/079.png"; bbox 0 0 4082 6504; ppageno 0'>
   <div class='ocr_carea' id='block_1_1' title="bbox 559 403 2135 479">
    <p class='ocr_par' dir='ltr' id='par_1_1' title="bbox 559 403 2118 479">
     <span class='ocr_line' id='line_1_1' title="bbox 559 403 2118 479; baseline -0.004 -3"><span class='ocrx_word' id='word_1_1' title='bbox 559 420 628 476; x_wconf 82' lang='lat'><strong>65</strong></span> <span class='ocrx_word' id='word_1_2' title='bbox 1252 423 1309 479; x_wconf 89' lang='lat' dir='ltr'><strong>s.</strong></span> <span class='ocrx_word' id='word_1_3' title='bbox 1347 419 1620 479; x_wconf 74' lang='lat' dir='ltr'><strong>JOANNIS</strong></span> <span class='ocrx_word' id='word_1_4' title='bbox 1653 403 2118 476; x_wconf 78' lang='lat' dir='ltr'><strong>cunvsos’roni</strong></span> 
     </span>
    </p>
   </div>
   <div class='ocr_carea' id='block_1_2' title="bbox 2236 403 3031 479">
    <p class='ocr_par' dir='ltr' id='par_1_2' title="bbox 2236 403 3031 470">
     <span class='ocr_line' id='line_1_2' title="bbox 2236 403 3031 470; baseline -0.011 0"><span class='ocrx_word' id='word_1_5' title='bbox 2236 411 2466 470; x_wconf 73' lang='lat' dir='ltr'><strong>lClIIEP.</strong></span> <span class='ocrx_word' id='word_1_6' title='bbox 2506 403 3031 468; x_wconf 67' lang='lat' dir='ltr'><strong>CONSTANTINOP.</strong></span> 
     </span>
    </p>
   </div>
   <div class='ocr_carea' id='block_1_3' title="bbox 563 525 2128 601">
    <p class='ocr_par' dir='ltr' id='par_1_3' title="bbox 563 525 2128 601">
     <span class='ocr_line' id='line_1_3' title="bbox 563 525 2128 601; baseline -0.013 -4"><span class='ocrx_word' id='word_1_7' title='bbox 563 540 783 598; x_wconf 88' lang='lat' dir='ltr'><strong>strabat.</strong></span> <span class='ocrx_word' id='word_1_8' title='bbox 832 536 1008 593; x_wconf 83' lang='lat' dir='ltr'><strong>Nostis</strong></span> <span class='ocrx_word' id='word_1_9' title='bbox 1053 533 1192 591; x_wconf 90' lang='lat' dir='ltr'><strong>enim</strong></span> <span class='ocrx_word' id='word_1_10' title='bbox 1238 547 1342 588; x_wconf 92' lang='lat' dir='ltr'><strong>non</strong></span> <span class='ocrx_word' id='word_1_11' title='bbox 1390 543 1548 601; x_wconf 84' lang='lat' dir='ltr'><strong>posse</strong></span> <span class='ocrx_word' id='word_1_12' title='bbox 1593 528 1801 584; x_wconf 86' lang='lat' dir='ltr'><strong>stellam</strong></span> <span class='ocrx_word' id='word_1_13' title='bbox 1847 526 2022 581; x_wconf 89' lang='lat' dir='ltr'><strong>locum</strong></span> <span class='ocrx_word' id='word_1_14' title='bbox 2057 525 2128 578; x_wconf 85' lang='lat' dir='ltr'><strong>ita</strong></span> 
     </span>
    </p>
   </div>
   <div class='ocr_carea' id='block_1_4' title="bbox 558 617 2130 702">
    <p class='ocr_par' dir='ltr' id='par_1_4' title="bbox 558 617 2130 702">
     <span class='ocr_line' id='line_1_4' title="bbox 558 617 2130 702; baseline -0.01 -16"><span class='ocrx_word' id='word_1_15' title='bbox 558 645 778 702; x_wconf 84' lang='lat' dir='ltr'><strong>parvum</strong></span> <span class='ocrx_word' id='word_1_16' title='bbox 823 637 1156 692; x_wconf 77' lang='lat' dir='ltr'><strong>monstrare,</strong></span> <span class='ocrx_word' id='word_1_17' title='bbox 1204 625 1293 694; x_wconf 87' lang='lat' dir='ltr'><strong>qui</strong></span> <span class='ocrx_word' id='word_1_18' title='bbox 1337 622 1608 693; x_wconf 77' lang='lat' dir='ltr'><strong>tugurium“</strong></span> <span class='ocrx_word' id='word_1_19' title='bbox 1640 619 1971 683; x_wconf 72' lang='lat' dir='ltr'><strong>contineret;</strong></span> <span class='ocrx_word' id='word_1_20' title='bbox 2021 617 2130 671; x_wconf 91' lang='lat' dir='ltr'><strong>imo</strong></span> 
     </span>
    </p>
   </div>
   <div class='ocr_carea' id='block_1_5' title="bbox 556 707 2127 789">
    <p class='ocr_par' dir='ltr' id='par_1_5' title="bbox 556 707 2127 789">
     <span class='ocr_line' id='line_1_5' title="bbox 556 707 2127 789; baseline -0.01 -13"><span class='ocrx_word' id='word_1_21' title='bbox 556 721 731 776; x_wconf 63' lang='lat' dir='ltr'><strong>locum</strong></span> <span class='ocrx_word' id='word_1_22' title='bbox 767 719 856 789; x_wconf 88' lang='lat' dir='ltr'><strong>qui</strong></span> <span class='ocrx_word' id='word_1_23' title='bbox 885 731 1078 786; x_wconf 90' lang='lat' dir='ltr'><strong>corpus</strong></span> <span class='ocrx_word' id='word_1_24' title='bbox 1102 714 1341 770; x_wconf 86' lang='lat' dir='ltr'><strong>inl‘antuli</strong></span> <span class='ocrx_word' id='word_1_25' title='bbox 1368 727 1558 782; x_wconf 83' lang='lat' dir='ltr'><strong>capere</strong></span> <span class='ocrx_word' id='word_1_26' title='bbox 1586 718 1764 780; x_wconf 90' lang='lat' dir='ltr'><strong>posset</strong></span> <span class='ocrx_word' id='word_1_27' title='bbox 1789 724 1805 763; x_wconf 88' lang='lat'><strong>:</strong></span> <span class='ocrx_word' id='word_1_28' title='bbox 1836 707 1956 778; x_wconf 81' lang='lat' dir='ltr'><strong>quia</strong></span> <span class='ocrx_word' id='word_1_29' title='bbox 1984 707 2127 761; x_wconf 89' lang='lat' dir='ltr'><strong>enim</strong></span> 
     </span>
    </p>
   </div>
   <div class='ocr_carea' id='block_1_6' title="bbox 554 799 2126 871">
    <p class='ocr_par' dir='ltr' id='par_1_6' title="bbox 554 799 2126 871">
     <span class='ocr_line' id='line_1_6' title="bbox 554 799 2126 871; baseline -0.011 -4"><span class='ocrx_word' id='word_1_30' title='bbox 554 813 813 868; x_wconf 80' lang='lat' dir='ltr'><strong>immensa</strong></span> <span class='ocrx_word' id='word_1_31' title='bbox 858 818 972 864; x_wconf 87' lang='lat' dir='ltr'><strong>erat</strong></span> <span class='ocrx_word' id='word_1_32' title='bbox 1011 806 1272 870; x_wconf 89' lang='lat' dir='ltr'><strong>altitudo,</strong></span> <span class='ocrx_word' id='word_1_33' title='bbox 1322 820 1424 858; x_wconf 92' lang='lat' dir='ltr'><strong>non</strong></span> <span class='ocrx_word' id='word_1_34' title='bbox 1473 811 1677 871; x_wconf 87' lang='lat' dir='ltr'><strong>poterat</strong></span> <span class='ocrx_word' id='word_1_35' title='bbox 1718 799 1871 855; x_wconf 90' lang='lat' dir='ltr'><strong>stella</strong></span> <span class='ocrx_word' id='word_1_36' title='bbox 1900 807 2006 852; x_wconf 85' lang='lat' dir='ltr'><strong>tam</strong></span> <span class='ocrx_word' id='word_1_37' title='bbox 2028 813 2126 850; x_wconf 88' lang='lat' dir='ltr'><strong>an-</strong></span> 
     </span>
    </p>
   </div>
   <div class='ocr_carea' id='block_1_7' title="bbox 555 888 2126 972">
    <p class='ocr_par' dir='ltr' id='par_1_7' title="bbox 555 888 2126 972">
     <span class='ocr_line' id='line_1_7' title="bbox 555 888 2126 972; baseline -0.009 -17"><span class='ocrx_word' id='word_1_38' title='bbox 555 915 766 972; x_wconf 77' lang='lat' dir='ltr'><strong>gustum</strong></span> <span class='ocrx_word' id='word_1_39' title='bbox 823 900 998 954; x_wconf 88' lang='lat' dir='ltr'><strong>locum</strong></span> <span class='ocrx_word' id='word_1_40' title='bbox 1053 897 1285 952; x_wconf 88' lang='lat' dir='ltr'><strong>indicare</strong></span> <span class='ocrx_word' id='word_1_41' title='bbox 1333 892 1630 947; x_wconf 87' lang='lat' dir='ltr'><strong>volentibus</strong></span> <span class='ocrx_word' id='word_1_42' title='bbox 1685 889 1934 944; x_wconf 74' lang='lat' dir='ltr'><strong>invisere.</strong></span> <span class='ocrx_word' id='word_1_43' title='bbox 1995 888 2126 942; x_wconf 90' lang='lat' dir='ltr'><strong>Illud</strong></span> 
     </span>
    </p>
   </div>
   <div class='ocr_carea' id='block_1_8' title="bbox 561 979 2131 1058">
    <p class='ocr_par' dir='ltr' id='par_1_8' title="bbox 561 979 2131 1058">
     <span class='ocr_line' id='line_1_8' title="bbox 561 979 2131 1058; baseline -0.006 -16"><span class='ocrx_word' id='word_1_44' title='bbox 561 1008 686 1046; x_wconf 83' lang='lat' dir='ltr'><strong>vero</strong></span> <span class='ocrx_word' id='word_1_45' title='bbox 710 1007 773 1045; x_wconf 79' lang='lat' dir='ltr'><strong>ex</strong></span> <span class='ocrx_word' id='word_1_46' title='bbox 807 991 916 1058; x_wconf 87' lang='lat' dir='ltr'><strong>ipsa</strong></span> <span class='ocrx_word' id='word_1_47' title='bbox 949 991 1068 1043; x_wconf 92' lang='lat' dir='ltr'><strong>luna</strong></span> <span class='ocrx_word' id='word_1_48' title='bbox 1097 983 1495 1053; x_wconf 80' lang='lat' dir='ltr'><strong>deprehendere</strong></span> <span class='ocrx_word' id='word_1_49' title='bbox 1519 993 1600 1036; x_wconf 89' lang='lat' dir='ltr'><strong>est</strong></span> <span class='ocrx_word' id='word_1_50' title='bbox 1625 1000 1636 1035; x_wconf 88' lang='lat'>:</span> <span class='ocrx_word' id='word_1_51' title='bbox 1661 996 1778 1050; x_wconf 66' lang='lat' dir='ltr'><strong>quae</strong></span> <span class='ocrx_word' id='word_1_52' title='bbox 1804 995 1924 1035; x_wconf 88' lang='lat' dir='ltr'><strong>cum</strong></span> <span class='ocrx_word' id='word_1_53' title='bbox 1949 979 2131 1033; x_wconf 90' lang='lat' dir='ltr'><strong>stellas</strong></span> 
     </span>
    </p>
   </div>
   <div class='ocr_carea' id='block_1_9' title="bbox 554 1069 2128 1145">
    <p class='ocr_par' dir='ltr' id='par_1_9' title="bbox 554 1069 2128 1145">
     <span class='ocr_line' id='line_1_9' title="bbox 554 1069 2128 1145; baseline -0.01 -10"><span class='ocrx_word' id='word_1_54' title='bbox 554 1095 742 1135; x_wconf 88' lang='lat' dir='ltr'><strong>omnes</strong></span> <span class='ocrx_word' id='word_1_55' title='bbox 768 1090 967 1133; x_wconf 90' lang='lat' dir='ltr'><strong>tantum</strong></span> <span class='ocrx_word' id='word_1_56' title='bbox 995 1084 1229 1145; x_wconf 87' lang='lat' dir='ltr'><strong>superet,</strong></span> <span class='ocrx_word' id='word_1_57' title='bbox 1259 1072 1520 1130; x_wconf 77' lang='lat' dir='ltr'><strong>universis</strong></span> <span class='ocrx_word' id='word_1_58' title='bbox 1551 1073 1732 1126; x_wconf 86' lang='lat' dir='ltr'><strong>orbem</strong></span> <span class='ocrx_word' id='word_1_59' title='bbox 1757 1069 2128 1132; x_wconf 81' lang='lat' dir='ltr'><strong>incolentibus,</strong></span> 
     </span>
    </p>
   </div>
   <div class='ocr_carea' id='block_1_10' title="bbox 557 1157 2131 1229">
    <p class='ocr_par' dir='ltr' id='par_1_10' title="bbox 557 1157 2131 1229">
     <span class='ocr_line' id='line_1_10' title="bbox 557 1157 2131 1229; baseline -0.006 -6"><span class='ocrx_word' id='word_1_60' title='bbox 557 1179 612 1223; x_wconf 91' lang='lat' dir='ltr'><strong>et</strong></span> <span class='ocrx_word' id='word_1_61' title='bbox 649 1171 699 1223; x_wconf 92' lang='lat' dir='ltr'><strong>iu</strong></span> <span class='ocrx_word' id='word_1_62' title='bbox 731 1177 870 1222; x_wconf 86' lang='lat' dir='ltr'><strong>tanta</strong></span> <span class='ocrx_word' id='word_1_63' title='bbox 901 1177 1054 1220; x_wconf 68' lang='lat' dir='ltr'><strong>terra:</strong></span> <span class='ocrx_word' id='word_1_64' title='bbox 1081 1157 1357 1219; x_wconf 89' lang='lat' dir='ltr'><strong>latitudine</strong></span> <span class='ocrx_word' id='word_1_65' title='bbox 1380 1163 1580 1216; x_wconf 88' lang='lat' dir='ltr'><strong>diii&#39;usis</strong></span> <span class='ocrx_word' id='word_1_66' title='bbox 1600 1201 1619 1229; x_wconf 92' lang='lat'><strong>,</strong></span> <span class='ocrx_word' id='word_1_67' title='bbox 1648 1160 1817 1214; x_wconf 88' lang='lat' dir='ltr'><strong>vicina</strong></span> <span class='ocrx_word' id='word_1_68' title='bbox 1840 1174 1959 1214; x_wconf 90' lang='lat' dir='ltr'><strong>esse</strong></span> <span class='ocrx_word' id='word_1_69' title='bbox 1990 1161 2131 1214; x_wconf 85' lang='lat' dir='ltr'><strong>vide-</strong></span> 
     </span>
    </p>
   </div>
   <div class='ocr_carea' id='block_1_11' title="bbox 561 1252 2129 1324">
    <p class='ocr_par' dir='ltr' id='par_1_11' title="bbox 561 1252 2129 1324">
     <span class='ocr_line' id='line_1_11' title="bbox 561 1252 2129 1324; baseline -0.006 -12"><span class='ocrx_word' id='word_1_70' title='bbox 561 1271 663 1313; x_wconf 90' lang='lat' dir='ltr'><strong>tur.</strong></span> <span class='ocrx_word' id='word_1_71' title='bbox 716 1257 990 1324; x_wconf 83' lang='lat' dir='ltr'><strong>Quomodo</strong></span> <span class='ocrx_word' id='word_1_72' title='bbox 1030 1256 1228 1324; x_wconf 80' lang='lat' dir='ltr'><strong>igitur,</strong></span> <span class='ocrx_word' id='word_1_73' title='bbox 1273 1267 1487 1324; x_wconf 65' lang='lat' dir='ltr'><strong>qumso,</strong></span> <span class='ocrx_word' id='word_1_74' title='bbox 1531 1252 1702 1305; x_wconf 90' lang='lat' dir='ltr'><strong>locum</strong></span> <span class='ocrx_word' id='word_1_75' title='bbox 1748 1252 1820 1304; x_wconf 86' lang='lat' dir='ltr'><strong>ita</strong></span> <span class='ocrx_word' id='word_1_76' title='bbox 1850 1260 2129 1319; x_wconf 85' lang='lat' dir='ltr'><strong>angustum</strong></span> 
     </span>
    </p>
   </div>
   <div class='ocr_carea' id='block_1_12' title="bbox 559 1340 2129 1418">
    <p class='ocr_par' dir='ltr' id='par_1_12' title="bbox 559 1340 2129 1418">
     <span class='ocr_line' id='line_1_12' title="bbox 559 1340 2129 1418; baseline -0.006 -15"><span class='ocrx_word' id='word_1_77' title='bbox 559 1350 813 1418; x_wconf 68' lang='lat' dir='ltr'><strong>praesepis</strong></span> <span class='ocrx_word' id='word_1_78' title='bbox 843 1357 895 1403; x_wconf 92' lang='lat' dir='ltr'><strong>et</strong></span> <span class='ocrx_word' id='word_1_79' title='bbox 923 1347 1114 1416; x_wconf 82' lang='lat' dir='ltr'><strong>tugunii</strong></span> <span class='ocrx_word' id='word_1_80' title='bbox 1147 1346 1298 1401; x_wconf 85' lang='lat' dir='ltr'><strong>stella</strong></span> <span class='ocrx_word' id='word_1_81' title='bbox 1328 1343 1648 1398; x_wconf 85' lang='lat' dir='ltr'><strong>ostendisset</strong></span> <span class='ocrx_word' id='word_1_82' title='bbox 1675 1357 1689 1406; x_wconf 90' lang='lat'><strong>;</strong></span> <span class='ocrx_word' id='word_1_83' title='bbox 1718 1341 1819 1396; x_wconf 92' lang='lat' dir='ltr'><strong>nisi</strong></span> <span class='ocrx_word' id='word_1_84' title='bbox 1841 1342 2018 1395; x_wconf 90' lang='lat' dir='ltr'><strong>relicta</strong></span> <span class='ocrx_word' id='word_1_85' title='bbox 2044 1340 2129 1393; x_wconf 89' lang='lat' dir='ltr'><strong>illa</strong></span> 
     </span>
    </p>
   </div>
   <div class='ocr_carea' id='block_1_13' title="bbox 559 1435 2126 1498">
    <p class='ocr_par' dir='ltr' id='par_1_13' title="bbox 559 1435 2126 1498">
     <span class='ocr_line' id='line_1_13' title="bbox 559 1435 2126 1498; baseline -0.009 -2"><span class='ocrx_word' id='word_1_86' title='bbox 559 1442 874 1498; x_wconf 74' lang='lat' dir='ltr'><strong>celsitudine</strong></span> <span class='ocrx_word' id='word_1_87' title='bbox 911 1440 981 1493; x_wconf 83' lang='lat' dir='ltr'><strong>ad</strong></span> <span class='ocrx_word' id='word_1_88' title='bbox 1009 1438 1253 1492; x_wconf 81' lang='lat' dir='ltr'><strong>interiora</strong></span> <span class='ocrx_word' id='word_1_89' title='bbox 1283 1435 1640 1489; x_wconf 82' lang='lat' dir='ltr'><strong>descendisset</strong></span> <span class='ocrx_word' id='word_1_90' title='bbox 1664 1473 1678 1497; x_wconf 94' lang='lat'><strong>,</strong></span> <span class='ocrx_word' id='word_1_91' title='bbox 1707 1441 1760 1486; x_wconf 93' lang='lat' dir='ltr'><strong>et</strong></span> <span class='ocrx_word' id='word_1_92' title='bbox 1783 1445 1942 1498; x_wconf 81' lang='lat' dir='ltr'><strong>supra</strong></span> <span class='ocrx_word' id='word_1_93' title='bbox 1967 1439 2126 1496; x_wconf 87' lang='lat' dir='ltr'><strong>caput</strong></span> 
     </span>
    </p>
   </div>
   <div class='ocr_carea' id='block_1_14' title="bbox 559 1512 2130 1600">
    <p class='ocr_par' dir='ltr' id='par_1_14' title="bbox 559 1512 2130 1600">
     <span class='ocr_line' id='line_1_14' title="bbox 559 1512 2130 1600; baseline -0.008 -14"><span class='ocrx_word' id='word_1_94' title='bbox 559 1534 730 1600; x_wconf 92' lang='lat' dir='ltr'><strong>ipsum</strong></span> <span class='ocrx_word' id='word_1_95' title='bbox 772 1531 916 1600; x_wconf 85' lang='lat' dir='ltr'><strong>pueri</strong></span> <span class='ocrx_word' id='word_1_96' title='bbox 962 1527 1235 1583; x_wconf 81' lang='lat' dir='ltr'><strong>stetisset?</strong></span> <span class='ocrx_word' id='word_1_97' title='bbox 1273 1512 1424 1592; x_wconf 74' lang='lat' dir='ltr'><strong>Quod</strong></span> <span class='ocrx_word' id='word_1_98' title='bbox 1448 1524 1786 1579; x_wconf 87' lang='lat' dir='ltr'><strong>subindicans</strong></span> <span class='ocrx_word' id='word_1_99' title='bbox 1809 1521 2130 1589; x_wconf 80' lang='lat' dir='ltr'><strong>evangelista</strong></span> 
     </span>
    </p>
   </div>
   <div class='ocr_carea' id='block_1_15' title="bbox 558 1614 2126 1681">
    <p class='ocr_par' dir='ltr' id='par_1_15' title="bbox 558 1614 2126 1681">
     <span class='ocr_line' id='line_1_15' title="bbox 558 1614 2126 1681; baseline -0.008 -5"><span class='ocrx_word' id='word_1_100' title='bbox 558 1617 805 1677; x_wconf 84' lang='lat' dir='ltr'><strong>dicebat:</strong></span> <span class='ocrx_word' id='word_1_101' title='bbox 839 1622 890 1676; x_wconf 85' lang='lat'><strong>9.</strong></span> <span class='ocrx_word' id='word_1_102' title='bbox 922 1619 1051 1681; x_wconf 84' lang='lat' dir='ltr'><strong>Ecce</strong></span> <span class='ocrx_word' id='word_1_103' title='bbox 1072 1620 1215 1674; x_wconf 89' lang='lat' dir='ltr'><strong>stella</strong></span> <span class='ocrx_word' id='word_1_104' title='bbox 1233 1617 1545 1670; x_wconf 83' lang='lat' dir='ltr'><strong>antecedebat</strong></span> <span class='ocrx_word' id='word_1_105' title='bbox 1573 1632 1656 1668; x_wconf 88' lang='lat' dir='ltr'><strong>eos</strong></span> <span class='ocrx_word' id='word_1_106' title='bbox 1674 1653 1688 1677; x_wconf 96' lang='lat'><strong>,</strong></span> <span class='ocrx_word' id='word_1_107' title='bbox 1720 1630 1872 1681; x_wconf 85' lang='lat' dir='ltr'><strong>usque</strong></span> <span class='ocrx_word' id='word_1_108' title='bbox 1896 1614 2014 1666; x_wconf 81' lang='lat' dir='ltr'><strong>dum</strong></span> <span class='ocrx_word' id='word_1_109' title='bbox 2039 1627 2126 1665; x_wconf 77' lang='lat' dir='ltr'><strong>ve-</strong></span> 
     </span>
    </p>
   </div>
   <div class='ocr_carea' id='block_1_16' title="bbox 560 1705 2132 1780">
    <p class='ocr_par' dir='ltr' id='par_1_16' title="bbox 560 1705 2132 1780">
     <span class='ocr_line' id='line_1_16' title="bbox 560 1705 2132 1780; baseline -0.004 -17"><span class='ocrx_word' id='word_1_110' title='bbox 560 1713 701 1766; x_wconf 80' lang='lat' dir='ltr'><strong>niens</strong></span> <span class='ocrx_word' id='word_1_111' title='bbox 729 1721 878 1765; x_wconf 83' lang='lat' dir='ltr'><strong>staret</strong></span> <span class='ocrx_word' id='word_1_112' title='bbox 905 1725 1061 1780; x_wconf 82' lang='lat' dir='ltr'><strong>supra</strong></span> <span class='ocrx_word' id='word_1_113' title='bbox 1082 1710 1160 1761; x_wconf 82' lang='lat' dir='ltr'><strong>ubi</strong></span> <span class='ocrx_word' id='word_1_114' title='bbox 1183 1719 1288 1760; x_wconf 84' lang='lat' dir='ltr'><strong>erat</strong></span> <span class='ocrx_word' id='word_1_115' title='bbox 1311 1723 1453 1776; x_wconf 86' lang='lat' dir='ltr'><strong>puer.</strong></span> <span class='ocrx_word' id='word_1_116' title='bbox 1484 1705 1670 1759; x_wconf 85' lang='lat' dir='ltr'><strong>Viden’</strong></span> <span class='ocrx_word' id='word_1_117' title='bbox 1697 1713 1824 1774; x_wconf 87' lang='lat' dir='ltr'><strong>quot</strong></span> <span class='ocrx_word' id='word_1_118' title='bbox 1844 1718 2132 1772; x_wconf 81' lang='lat' dir='ltr'><strong>argumen—</strong></span> 
     </span>
    </p>
   </div>
   <div class='ocr_carea' id='block_1_17' title="bbox 563 1793 2133 1872">
    <p class='ocr_par' dir='ltr' id='par_1_17' title="bbox 563 1793 2133 1872">
     <span class='ocr_line' id='line_1_17' title="bbox 563 1793 2133 1872; baseline -0.006 -16"><span class='ocrx_word' id='word_1_119' title='bbox 563 1803 628 1857; x_wconf 88' lang='lat' dir='ltr'><strong>tis</strong></span> <span class='ocrx_word' id='word_1_120' title='bbox 670 1802 920 1872; x_wconf 80' lang='lat' dir='ltr'><strong>probatur</strong></span> <span class='ocrx_word' id='word_1_121' title='bbox 948 1802 1084 1854; x_wconf 85' lang='lat' dir='ltr'><strong>hanc</strong></span> <span class='ocrx_word' id='word_1_122' title='bbox 1111 1800 1314 1853; x_wconf 85' lang='lat' dir='ltr'><strong>stellam</strong></span> <span class='ocrx_word' id='word_1_123' title='bbox 1339 1813 1443 1851; x_wconf 92' lang='lat' dir='ltr'><strong>non</strong></span> <span class='ocrx_word' id='word_1_124' title='bbox 1473 1797 1634 1851; x_wconf 78' lang='lat' dir='ltr'><strong>fuisse</strong></span> <span class='ocrx_word' id='word_1_125' title='bbox 1662 1811 1726 1850; x_wconf 80' lang='lat' dir='ltr'><strong>ex</strong></span> <span class='ocrx_word' id='word_1_126' title='bbox 1751 1809 1973 1849; x_wconf 90' lang='lat' dir='ltr'><strong>numero</strong></span> <span class='ocrx_word' id='word_1_127' title='bbox 1999 1793 2133 1847; x_wconf 86' lang='lat' dir='ltr'><strong>alia-</strong></span> 
     </span>
    </p>
   </div>
   <div class='ocr_carea' id='block_1_18' title="bbox 563 1882 2134 1961">
    <p class='ocr_par' dir='ltr' id='par_1_18' title="bbox 563 1882 2134 1961">
     <span class='ocr_line' id='line_1_18' title="bbox 563 1882 2134 1961; baseline -0.006 -16"><span class='ocrx_word' id='word_1_128' title='bbox 563 1910 677 1946; x_wconf 87' lang='lat' dir='ltr'><strong>rum</strong></span> <span class='ocrx_word' id='word_1_129' title='bbox 720 1912 731 1942; x_wconf 91' lang='lat'><strong>:</strong></span> <span class='ocrx_word' id='word_1_130' title='bbox 775 1906 944 1961; x_wconf 89' lang='lat' dir='ltr'><strong>neque</strong></span> <span class='ocrx_word' id='word_1_131' title='bbox 968 1894 1257 1944; x_wconf 69' lang='lat' dir='ltr'><strong>secundum</strong></span> <span class='ocrx_word' id='word_1_132' title='bbox 1285 1887 1476 1943; x_wconf 88' lang='lat' dir='ltr'><strong>seriem</strong></span> <span class='ocrx_word' id='word_1_133' title='bbox 1504 1895 1736 1940; x_wconf 64' lang='lat' dir='ltr'><strong>externae</strong></span> <span class='ocrx_word' id='word_1_134' title='bbox 1759 1882 1900 1938; x_wconf 89' lang='lat' dir='ltr'><strong>illius</strong></span> <span class='ocrx_word' id='word_1_135' title='bbox 1921 1883 2134 1954; x_wconf 78' lang='lat' dir='ltr'><strong>genesis</strong></span> 
     </span>
    </p>
   </div>
   <div class='ocr_carea' id='block_1_19' title="bbox 562 1982 907 2052">
    <p class='ocr_par' dir='ltr' id='par_1_19' title="bbox 562 1982 907 2052">
     <span class='ocr_line' id='line_1_19' title="bbox 562 1982 907 2052; baseline 0 -18"><span class='ocrx_word' id='word_1_136' title='bbox 562 1983 865 2052; x_wconf 82' lang='lat' dir='ltr'><strong>apparuisse</strong></span> <span class='ocrx_word' id='word_1_137' title='bbox 883 1982 907 2034; x_wconf 65' lang='grc' dir='ltr'><strong>ἶ)</strong></span> 
     </span>
    </p>
   </div>
   <div class='ocr_carea' id='block_1_20' title="bbox 624 2113 2126 2192">
    <p class='ocr_par' dir='ltr' id='par_1_20' title="bbox 624 2113 2126 2192">
     <span class='ocr_line' id='line_1_20' title="bbox 624 2113 2126 2192; baseline -0.011 -12"><span class='ocrx_word' id='word_1_138' title='bbox 624 2128 676 2180; x_wconf 81' lang='grc'><strong>5.</strong></span> <span class='ocrx_word' id='word_1_139' title='bbox 706 2126 864 2180; x_wconf 81' lang='lat' dir='ltr'><strong>Stella</strong></span> <span class='ocrx_word' id='word_1_140' title='bbox 886 2140 974 2178; x_wconf 82' lang='lat' dir='ltr'><strong>cur</strong></span> <span class='ocrx_word' id='word_1_141' title='bbox 994 2123 1247 2192; x_wconf 76' lang='lat' dir='ltr'><strong>apparuit.</strong></span> <span class='ocrx_word' id='word_1_142' title='bbox 1265 2150 1335 2161; x_wconf 92' lang='lat'><strong>—</strong></span> <span class='ocrx_word' id='word_1_143' title='bbox 1354 2120 1461 2173; x_wconf 89' lang='lat' dir='ltr'><strong>Cur</strong></span> <span class='ocrx_word' id='word_1_144' title='bbox 1485 2133 1612 2188; x_wconf 88' lang='lat' dir='ltr'><strong>ergo</strong></span> <span class='ocrx_word' id='word_1_145' title='bbox 1633 2115 1916 2186; x_wconf 78' lang='lat' dir='ltr'><strong>apparuit?</strong></span> <span class='ocrx_word' id='word_1_146' title='bbox 1943 2113 2010 2169; x_wconf 88' lang='lat' dir='ltr'><strong>Ut</strong></span> <span class='ocrx_word' id='word_1_147' title='bbox 2033 2113 2126 2167; x_wconf 64' lang='lat' dir='ltr'><strong>Juo</strong></span> 
     </span>
    </p>
   </div>
   <div class='ocr_carea' id='block_1_21' title="bbox 553 2200 2127 2282">
    <p class='ocr_par' dir='ltr' id='par_1_21' title="bbox 553 2200 2127 2282">
     <span class='ocr_line' id='line_1_21' title="bbox 553 2200 2127 2282; baseline -0.012 -12"><span class='ocrx_word' id='word_1_148' title='bbox 553 2219 790 2270; x_wconf 63' lang='lat' dir='ltr'><strong>datorum</strong></span> <span class='ocrx_word' id='word_1_149' title='bbox 838 2214 1192 2282; x_wconf 89' lang='lat' dir='ltr'><strong>stupiditatem</strong></span> <span class='ocrx_word' id='word_1_150' title='bbox 1235 2211 1522 2262; x_wconf 87' lang='lat' dir='ltr'><strong>incesseret</strong></span> <span class='ocrx_word' id='word_1_151' title='bbox 1547 2248 1559 2270; x_wconf 87' lang='lat'><strong>,</strong></span> <span class='ocrx_word' id='word_1_152' title='bbox 1586 2205 1742 2272; x_wconf 86' lang='lat' dir='ltr'><strong>atque</strong></span> <span class='ocrx_word' id='word_1_153' title='bbox 1769 2204 1987 2272; x_wconf 74' lang='lat' dir='ltr'><strong>ingratis</strong></span> <span class='ocrx_word' id='word_1_154' title='bbox 2015 2200 2127 2253; x_wconf 86' lang='lat' dir='ltr'><strong>adi-</strong></span> 
     </span>
    </p>
   </div>
   <div class='ocr_carea' id='block_1_22' title="bbox 555 2289 2127 2358">
    <p class='ocr_par' dir='ltr' id='par_1_22' title="bbox 555 2289 2127 2358">
     <span class='ocr_line' id='line_1_22' title="bbox 555 2289 2127 2358; baseline -0.011 1"><span class='ocrx_word' id='word_1_155' title='bbox 555 2315 726 2358; x_wconf 85' lang='lat' dir='ltr'><strong>meret</strong></span> <span class='ocrx_word' id='word_1_156' title='bbox 770 2318 980 2356; x_wconf 84' lang='lat' dir='ltr'><strong>onuiem</strong></span> <span class='ocrx_word' id='word_1_157' title='bbox 1023 2297 1345 2354; x_wconf 80' lang='lat' dir='ltr'><strong>defensionis</strong></span> <span class='ocrx_word' id='word_1_158' title='bbox 1390 2309 1592 2348; x_wconf 86' lang='lat' dir='ltr'><strong>ansam.</strong></span> <span class='ocrx_word' id='word_1_159' title='bbox 1636 2293 1766 2358; x_wconf 88' lang='lat' dir='ltr'><strong>Quia</strong></span> <span class='ocrx_word' id='word_1_160' title='bbox 1802 2291 1942 2344; x_wconf 89' lang='lat' dir='ltr'><strong>enim</strong></span> <span class='ocrx_word' id='word_1_161' title='bbox 1969 2289 2127 2358; x_wconf 18' lang='lat' dir='ltr'><strong>[adve-</strong></span> 
     </span>
    </p>
   </div>
   <div class='ocr_carea' id='block_1_23' title="bbox 562 2378 2130 2454">
    <p class='ocr_par' dir='ltr' id='par_1_23' title="bbox 562 2378 2130 2454">
     <span class='ocr_line' id='line_1_23' title="bbox 562 2378 2130 2454; baseline -0.01 -5"><span class='ocrx_word' id='word_1_162' title='bbox 562 2397 716 2450; x_wconf 91' lang='lat' dir='ltr'><strong>niens</strong></span> <span class='ocrx_word' id='word_1_163' title='bbox 744 2395 830 2448; x_wconf 91' lang='lat' dir='ltr'><strong>ille</strong></span> <span class='ocrx_word' id='word_1_164' title='bbox 860 2403 1006 2447; x_wconf 87' lang='lat' dir='ltr'><strong>vetus</strong></span> <span class='ocrx_word' id='word_1_165' title='bbox 1037 2391 1333 2446; x_wconf 88' lang='lat' dir='ltr'><strong>institutum</strong></span> <span class='ocrx_word' id='word_1_166' title='bbox 1363 2388 1725 2454; x_wconf 86' lang='lat' dir='ltr'><strong>abrogaturus,</strong></span> <span class='ocrx_word' id='word_1_167' title='bbox 1753 2383 2038 2450; x_wconf 92' lang='lat' dir='ltr'><strong>orbemque</strong></span> <span class='ocrx_word' id='word_1_168' title='bbox 2063 2378 2130 2434; x_wconf 86' lang='lat' dir='ltr'><strong>ad</strong></span> 
     </span>
    </p>
   </div>
   <div class='ocr_carea' id='block_1_24' title="bbox 562 2471 2134 2551">
    <p class='ocr_par' dir='ltr' id='par_1_24' title="bbox 562 2471 2134 2551">
     <span class='ocr_line' id='line_1_24' title="bbox 562 2471 2134 2551; baseline -0.01 -9"><span class='ocrx_word' id='word_1_169' title='bbox 562 2504 725 2542; x_wconf 81' lang='lat' dir='ltr'><strong>unum</strong></span> <span class='ocrx_word' id='word_1_170' title='bbox 769 2486 1120 2551; x_wconf 87' lang='lat' dir='ltr'><strong>eumdemque</strong></span> <span class='ocrx_word' id='word_1_171' title='bbox 1166 2483 1366 2536; x_wconf 85' lang='lat' dir='ltr'><strong>cultum</strong></span> <span class='ocrx_word' id='word_1_172' title='bbox 1412 2477 1771 2539; x_wconf 88' lang='lat' dir='ltr'><strong>deducturus,</strong></span> <span class='ocrx_word' id='word_1_173' title='bbox 1816 2475 2032 2542; x_wconf 88' lang='lat' dir='ltr'><strong>ipseque</strong></span> <span class='ocrx_word' id='word_1_174' title='bbox 2081 2471 2134 2526; x_wconf 87' lang='lat' dir='ltr'><strong>in</strong></span> 
     </span>
    </p>
   </div>
   <div class='ocr_carea' id='block_1_25' title="bbox 568 2565 2137 2646">
    <p class='ocr_par' dir='ltr' id='par_1_25' title="bbox 568 2565 2137 2646">
     <span class='ocr_line' id='line_1_25' title="bbox 568 2565 2137 2646; baseline -0.015 -9"><span class='ocrx_word' id='word_1_175' title='bbox 568 2586 697 2637; x_wconf 87' lang='lat' dir='ltr'><strong>mari</strong></span> <span class='ocrx_word' id='word_1_176' title='bbox 740 2595 789 2635; x_wconf 91' lang='lat' dir='ltr'><strong>et</strong></span> <span class='ocrx_word' id='word_1_177' title='bbox 831 2591 966 2634; x_wconf 90' lang='lat' dir='ltr'><strong>terra</strong></span> <span class='ocrx_word' id='word_1_178' title='bbox 991 2579 1185 2646; x_wconf 87' lang='lat' dir='ltr'><strong>ubique</strong></span> <span class='ocrx_word' id='word_1_179' title='bbox 1204 2573 1503 2628; x_wconf 84' lang='lat' dir='ltr'><strong>adorandus</strong></span> <span class='ocrx_word' id='word_1_180' title='bbox 1533 2576 1675 2629; x_wconf 83' lang='lat' dir='ltr'><strong>erat,</strong></span> <span class='ocrx_word' id='word_1_181' title='bbox 1708 2568 1774 2618; x_wconf 91' lang='lat' dir='ltr'><strong>ab</strong></span> <span class='ocrx_word' id='word_1_182' title='bbox 1804 2566 1932 2634; x_wconf 87' lang='lat' dir='ltr'><strong>ipsis</strong></span> <span class='ocrx_word' id='word_1_183' title='bbox 1961 2565 2137 2616; x_wconf 85' lang='lat' dir='ltr'><strong>statim</strong></span> 
     </span>
    </p>
   </div>
   <div class='ocr_carea' id='block_1_26' title="bbox 567 2652 2137 2737">
    <p class='ocr_par' dir='ltr' id='par_1_26' title="bbox 567 2652 2137 2737">
     <span class='ocr_line' id='line_1_26' title="bbox 567 2652 2137 2737; baseline -0.015 -10"><span class='ocrx_word' id='word_1_184' title='bbox 567 2676 730 2728; x_wconf 83' lang='lat' dir='ltr'><strong>initiis</strong></span> <span class='ocrx_word' id='word_1_185' title='bbox 769 2671 963 2724; x_wconf 88' lang='lat' dir='ltr'><strong>ostium</strong></span> <span class='ocrx_word' id='word_1_186' title='bbox 988 2667 1227 2737; x_wconf 80' lang='lat' dir='ltr'><strong>gentibus</strong></span> <span class='ocrx_word' id='word_1_187' title='bbox 1250 2661 1455 2730; x_wconf 85' lang='lat' dir='ltr'><strong>aperit,</strong></span> <span class='ocrx_word' id='word_1_188' title='bbox 1488 2666 1543 2710; x_wconf 91' lang='lat' dir='ltr'><strong>ut</strong></span> <span class='ocrx_word' id='word_1_189' title='bbox 1573 2657 1863 2708; x_wconf 89' lang='lat' dir='ltr'><strong>alienorum</strong></span> <span class='ocrx_word' id='word_1_190' title='bbox 1893 2652 2137 2720; x_wconf 64' lang='lat' dir='ltr'><strong>exeinpfo</strong></span> 
     </span>
    </p>
   </div>
   <div class='ocr_carea' id='block_1_27' title="bbox 567 2740 2134 2832">
    <p class='ocr_par' dir='ltr' id='par_1_27' title="bbox 567 2740 2134 2832">
     <span class='ocr_line' id='line_1_27' title="bbox 567 2740 2134 2832; baseline -0.017 -13"><span class='ocrx_word' id='word_1_191' title='bbox 567 2779 692 2819; x_wconf 85' lang='lat' dir='ltr'><strong>suos</strong></span> <span class='ocrx_word' id='word_1_192' title='bbox 713 2765 869 2817; x_wconf 90' lang='lat' dir='ltr'><strong>etiam</strong></span> <span class='ocrx_word' id='word_1_193' title='bbox 912 2758 1162 2813; x_wconf 89' lang='lat' dir='ltr'><strong>erudiret.</strong></span> <span class='ocrx_word' id='word_1_194' title='bbox 1193 2751 1336 2832; x_wconf 40' lang='lat' dir='ltr'><strong>‘Quia</strong></span> <span class='ocrx_word' id='word_1_195' title='bbox 1380 2748 1520 2802; x_wconf 90' lang='lat' dir='ltr'><strong>enim</strong></span> <span class='ocrx_word' id='word_1_196' title='bbox 1559 2760 1678 2800; x_wconf 90' lang='lat' dir='ltr'><strong>cum</strong></span> <span class='ocrx_word' id='word_1_197' title='bbox 1715 2743 1999 2813; x_wconf 83' lang='lat' dir='ltr'><strong>prophetas</strong></span> <span class='ocrx_word' id='word_1_198' title='bbox 2026 2740 2134 2794; x_wconf 80' lang='lat' dir='ltr'><strong>fre-</strong></span> 
     </span>
    </p>
   </div>
   <div class='ocr_carea' id='block_1_28' title="bbox 571 2833 2133 2922">
    <p class='ocr_par' dir='ltr' id='par_1_28' title="bbox 571 2833 2133 2922">
     <span class='ocr_line' id='line_1_28' title="bbox 571 2833 2133 2922; baseline -0.017 -14"><span class='ocrx_word' id='word_1_199' title='bbox 571 2862 794 2922; x_wconf 87' lang='lat' dir='ltr'><strong>quenter</strong></span> <span class='ocrx_word' id='word_1_200' title='bbox 830 2849 1072 2902; x_wconf 87' lang='lat' dir='ltr'><strong>audirent</strong></span> <span class='ocrx_word' id='word_1_201' title='bbox 1113 2845 1180 2897; x_wconf 90' lang='lat' dir='ltr'><strong>de</strong></span> <span class='ocrx_word' id='word_1_202' title='bbox 1219 2835 1384 2907; x_wconf 86' lang='lat' dir='ltr'><strong>ipsius</strong></span> <span class='ocrx_word' id='word_1_203' title='bbox 1409 2837 1633 2891; x_wconf 81' lang='lat' dir='ltr'><strong>adventu</strong></span> <span class='ocrx_word' id='word_1_204' title='bbox 1664 2849 1800 2901; x_wconf 75' lang='lat' dir='ltr'><strong>saepe</strong></span> <span class='ocrx_word' id='word_1_205' title='bbox 1825 2833 2133 2900; x_wconf 87' lang='lat' dir='ltr'><strong>loquentes,</strong></span> 
     </span>
    </p>
   </div>
   <div class='ocr_carea' id='block_1_29' title="bbox 565 2918 2138 2996">
    <p class='ocr_par' dir='ltr' id='par_1_29' title="bbox 565 2918 2138 2996">
     <span class='ocr_line' id='line_1_29' title="bbox 565 2918 2138 2996; baseline -0.015 0"><span class='ocrx_word' id='word_1_206' title='bbox 565 2918 670 2996; x_wconf 79' lang='lat' dir='ltr'><strong>non</strong></span> <span class='ocrx_word' id='word_1_207' title='bbox 716 2939 997 2993; x_wconf 84' lang='lat' dir='ltr'><strong>admodum</strong></span> <span class='ocrx_word' id='word_1_208' title='bbox 1043 2931 1416 2990; x_wconf 87' lang='lat' dir='ltr'><strong>attendebant,</strong></span> <span class='ocrx_word' id='word_1_209' title='bbox 1463 2924 1637 2979; x_wconf 84' lang='lat' dir='ltr'><strong>eII&#39;ecit</strong></span> <span class='ocrx_word' id='word_1_210' title='bbox 1692 2931 1749 2975; x_wconf 92' lang='lat' dir='ltr'><strong>ut</strong></span> <span class='ocrx_word' id='word_1_211' title='bbox 1819 2920 2029 2974; x_wconf 87' lang='lat' dir='ltr'><strong>barbari</strong></span> <span class='ocrx_word' id='word_1_212' title='bbox 2071 2918 2138 2972; x_wconf 86' lang='lat' dir='ltr'><strong>de</strong></span> 
     </span>
    </p>
   </div>
   <div class='ocr_carea' id='block_1_30' title="bbox 569 3009 2138 3097">
    <p class='ocr_par' dir='ltr' id='par_1_30' title="bbox 569 3009 2138 3097">
     <span class='ocr_line' id='line_1_30' title="bbox 569 3009 2138 3097; baseline -0.018 -11"><span class='ocrx_word' id='word_1_213' title='bbox 569 3043 707 3086; x_wconf 88' lang='lat' dir='ltr'><strong>terra</strong></span> <span class='ocrx_word' id='word_1_214' title='bbox 754 3028 1039 3097; x_wconf 86' lang='lat' dir='ltr'><strong>longinqua</strong></span> <span class='ocrx_word' id='word_1_215' title='bbox 1078 3021 1319 3074; x_wconf 83' lang='lat' dir='ltr'><strong>venirent</strong></span> <span class='ocrx_word' id='word_1_216' title='bbox 1345 3058 1358 3081; x_wconf 93' lang='lat'><strong>,</strong></span> <span class='ocrx_word' id='word_1_217' title='bbox 1386 3016 1474 3086; x_wconf 88' lang='lat' dir='ltr'><strong>qui</strong></span> <span class='ocrx_word' id='word_1_218' title='bbox 1504 3028 1678 3082; x_wconf 84' lang='lat' dir='ltr'><strong>regem</strong></span> <span class='ocrx_word' id='word_1_219' title='bbox 1708 3009 1843 3078; x_wconf 89' lang='lat' dir='ltr'><strong>apud</strong></span> <span class='ocrx_word' id='word_1_220' title='bbox 1874 3011 2014 3076; x_wconf 71' lang='lat' dir='ltr'><strong>ipsos</strong></span> <span class='ocrx_word' id='word_1_221' title='bbox 2042 3023 2138 3059; x_wconf 88' lang='lat' dir='ltr'><strong>na-</strong></span> 
     </span>
    </p>
   </div>
   <div class='ocr_carea' id='block_1_31' title="bbox 567 3098 2138 3187">
    <p class='ocr_par' dir='ltr' id='par_1_31' title="bbox 567 3098 2138 3187">
     <span class='ocr_line' id='line_1_31' title="bbox 567 3098 2138 3187; baseline -0.018 -11"><span class='ocrx_word' id='word_1_222' title='bbox 567 3134 676 3175; x_wconf 91' lang='lat' dir='ltr'><strong>tum</strong></span> <span class='ocrx_word' id='word_1_223' title='bbox 720 3119 1046 3187; x_wconf 85' lang='lat' dir='ltr'><strong>inquirerent</strong></span> <span class='ocrx_word' id='word_1_224' title='bbox 1071 3130 1084 3176; x_wconf 87' lang='lat'><strong>;</strong></span> <span class='ocrx_word' id='word_1_225' title='bbox 1117 3122 1169 3164; x_wconf 88' lang='lat' dir='ltr'><strong>et</strong></span> <span class='ocrx_word' id='word_1_226' title='bbox 1201 3109 1407 3162; x_wconf 86' lang='lat' dir='ltr'><strong>Persica</strong></span> <span class='ocrx_word' id='word_1_227' title='bbox 1435 3120 1563 3158; x_wconf 87' lang='lat' dir='ltr'><strong>voce</strong></span> <span class='ocrx_word' id='word_1_228' title='bbox 1594 3104 1812 3169; x_wconf 81' lang='lat' dir='ltr'><strong>primum</strong></span> <span class='ocrx_word' id='word_1_229' title='bbox 1842 3115 1902 3154; x_wconf 87' lang='lat' dir='ltr'><strong>ea</strong></span> <span class='ocrx_word' id='word_1_230' title='bbox 1933 3098 2138 3151; x_wconf 88' lang='lat' dir='ltr'><strong>edisce-</strong></span> 
     </span>
    </p>
   </div>
   <div class='ocr_carea' id='block_1_32' title="bbox 568 3190 2139 3276">
    <p class='ocr_par' dir='ltr' id='par_1_32' title="bbox 568 3190 2139 3276">
     <span class='ocr_line' id='line_1_32' title="bbox 568 3190 2139 3276; baseline -0.016 -11"><span class='ocrx_word' id='word_1_231' title='bbox 568 3219 728 3276; x_wconf 87' lang='lat' dir='ltr'><strong>rent,</strong></span> <span class='ocrx_word' id='word_1_232' title='bbox 759 3223 875 3276; x_wconf 77' lang='lat' dir='ltr'><strong>qua:</strong></span> <span class='ocrx_word' id='word_1_233' title='bbox 901 3222 931 3258; x_wconf 92' lang='lat' dir='ltr'><strong>a</strong></span> <span class='ocrx_word' id='word_1_234' title='bbox 955 3191 1224 3272; x_wconf 79' lang='lat' dir='ltr'><strong>prOpbetis</strong></span> <span class='ocrx_word' id='word_1_235' title='bbox 1255 3199 1458 3250; x_wconf 85' lang='lat' dir='ltr'><strong>discere</strong></span> <span class='ocrx_word' id='word_1_236' title='bbox 1487 3197 1761 3247; x_wconf 87' lang='lat' dir='ltr'><strong>noluerant</strong></span> <span class='ocrx_word' id='word_1_237' title='bbox 1793 3209 1805 3241; x_wconf 87' lang='lat'><em>:</em></span> <span class='ocrx_word' id='word_1_238' title='bbox 1835 3190 1951 3242; x_wconf 90' lang='lat' dir='ltr'><strong>utsi</strong></span> <span class='ocrx_word' id='word_1_239' title='bbox 1973 3190 2139 3256; x_wconf 86' lang='lat' dir='ltr'><strong>probe</strong></span> 
     </span>
    </p>
   </div>
   <div class='ocr_carea' id='block_1_33' title="bbox 567 3277 2137 3372">
    <p class='ocr_par' dir='ltr' id='par_1_33' title="bbox 567 3277 2137 3372">
     <span class='ocr_line' id='line_1_33' title="bbox 567 3277 2137 3372; baseline -0.02 -14"><span class='ocrx_word' id='word_1_240' title='bbox 567 3319 626 3358; x_wconf 83' lang='lat' dir='ltr'><strong>se</strong></span> <span class='ocrx_word' id='word_1_241' title='bbox 651 3306 929 3372; x_wconf 84' lang='lat' dir='ltr'><strong>gererent,</strong></span> <span class='ocrx_word' id='word_1_242' title='bbox 963 3295 1242 3349; x_wconf 80' lang='lat' dir='ltr'><strong>maximam</strong></span> <span class='ocrx_word' id='word_1_243' title='bbox 1270 3287 1563 3355; x_wconf 86' lang='lat' dir='ltr'><strong>arriperent</strong></span> <span class='ocrx_word' id='word_1_244' title='bbox 1586 3282 1648 3335; x_wconf 88' lang='lat' dir='ltr'><strong>ad</strong></span> <span class='ocrx_word' id='word_1_245' title='bbox 1670 3277 2137 3347; x_wconf 84' lang='lat' dir='ltr'><strong>obteinperandqu</strong></span> 
     </span>
    </p>
   </div>
   <div class='ocr_carea' id='block_1_34' title="bbox 568 3373 2136 3451">
    <p class='ocr_par' dir='ltr' id='par_1_34' title="bbox 568 3373 2136 3451">
     <span class='ocr_line' id='line_1_34' title="bbox 568 3373 2136 3451; baseline -0.02 -5"><span class='ocrx_word' id='word_1_246' title='bbox 568 3406 750 3446; x_wconf 83' lang='lat' dir='ltr'><strong>ansam</strong></span> <span class='ocrx_word' id='word_1_247' title='bbox 776 3407 790 3451; x_wconf 85' lang='lat'><strong>;</strong></span> <span class='ocrx_word' id='word_1_248' title='bbox 820 3389 901 3440; x_wconf 90' lang='lat' dir='ltr'><strong>sin</strong></span> <span class='ocrx_word' id='word_1_249' title='bbox 928 3399 1053 3439; x_wconf 88' lang='lat' dir='ltr'><strong>vero</strong></span> <span class='ocrx_word' id='word_1_250' title='bbox 1075 3379 1490 3435; x_wconf 88' lang='lat' dir='ltr'><strong>contenderent,</strong></span> <span class='ocrx_word' id='word_1_251' title='bbox 1515 3373 1655 3425; x_wconf 92' lang='lat' dir='ltr'><strong>omni</strong></span> <span class='ocrx_word' id='word_1_252' title='bbox 1678 3383 1894 3438; x_wconf 87' lang='lat' dir='ltr'><strong>prorsus</strong></span> <span class='ocrx_word' id='word_1_253' title='bbox 1917 3380 2136 3419; x_wconf 79' lang='lat' dir='ltr'><strong>excusa-</strong></span> 
     </span>
    </p>
   </div>
   <div class='ocr_carea' id='block_1_35' title="bbox 573 3456 2141 3537">
    <p class='ocr_par' dir='ltr' id='par_1_35' title="bbox 573 3456 2141 3537">
     <span class='ocr_line' id='line_1_35' title="bbox 573 3456 2141 3537; baseline -0.018 -1"><span class='ocrx_word' id='word_1_254' title='bbox 573 3485 715 3537; x_wconf 89' lang='lat' dir='ltr'><strong>tione</strong></span> <span class='ocrx_word' id='word_1_255' title='bbox 753 3480 900 3532; x_wconf 88' lang='lat' dir='ltr'><strong>vacui</strong></span> <span class='ocrx_word' id='word_1_256' title='bbox 944 3484 1143 3530; x_wconf 89' lang='lat' dir='ltr'><strong>essent.</strong></span> <span class='ocrx_word' id='word_1_257' title='bbox 1187 3468 1322 3536; x_wconf 85' lang='lat' dir='ltr'><strong>Quid</strong></span> <span class='ocrx_word' id='word_1_258' title='bbox 1351 3468 1490 3520; x_wconf 87' lang='lat' dir='ltr'><strong>enim</strong></span> <span class='ocrx_word' id='word_1_259' title='bbox 1521 3463 1697 3516; x_wconf 85' lang='lat' dir='ltr'><strong>dicere</strong></span> <span class='ocrx_word' id='word_1_260' title='bbox 1724 3460 1924 3529; x_wconf 87' lang='lat' dir='ltr'><strong>possint</strong></span> <span class='ocrx_word' id='word_1_261' title='bbox 1957 3458 2025 3519; x_wconf 90' lang='lat' dir='ltr'><strong>ii,</strong></span> <span class='ocrx_word' id='word_1_262' title='bbox 2055 3456 2141 3523; x_wconf 90' lang='lat' dir='ltr'><strong>qui</strong></span> 
     </span>
    </p>
   </div>
   <div class='ocr_carea' id='block_1_36' title="bbox 569 3553 2138 3632">
    <p class='ocr_par' dir='ltr' id='par_1_36' title="bbox 569 3553 2138 3632">
     <span class='ocr_line' id='line_1_36' title="bbox 569 3553 2138 3632; baseline -0.02 -6"><span class='ocrx_word' id='word_1_263' title='bbox 569 3573 832 3626; x_wconf 87' lang='lat' dir='ltr'><strong>Christum</strong></span> <span class='ocrx_word' id='word_1_264' title='bbox 848 3583 876 3619; x_wconf 88' lang='lat' dir='ltr'><strong>a</strong></span> <span class='ocrx_word' id='word_1_265' title='bbox 897 3576 967 3619; x_wconf 94' lang='lat' dir='ltr'><strong>tot</strong></span> <span class='ocrx_word' id='word_1_266' title='bbox 989 3561 1253 3632; x_wconf 84' lang='lat' dir='ltr'><strong>prOphetis</strong></span> <span class='ocrx_word' id='word_1_267' title='bbox 1273 3556 1633 3611; x_wconf 80' lang='lat' dir='ltr'><strong>annuntiatuin</strong></span> <span class='ocrx_word' id='word_1_268' title='bbox 1656 3567 1758 3604; x_wconf 90' lang='lat' dir='ltr'><strong>non</strong></span> <span class='ocrx_word' id='word_1_269' title='bbox 1777 3553 2138 3614; x_wconf 87' lang='lat' dir='ltr'><strong>susceperunt,</strong></span> 
     </span>
    </p>
   </div>
   <div class='ocr_carea' id='block_1_37' title="bbox 571 3637 2138 3724">
    <p class='ocr_par' dir='ltr' id='par_1_37' title="bbox 571 3637 2138 3724">
     <span class='ocr_line' id='line_1_37' title="bbox 571 3637 2138 3724; baseline -0.02 -7"><span class='ocrx_word' id='word_1_270' title='bbox 571 3679 689 3717; x_wconf 88' lang='lat' dir='ltr'><strong>cum</strong></span> <span class='ocrx_word' id='word_1_271' title='bbox 720 3659 940 3713; x_wconf 86' lang='lat' dir='ltr'><strong>viderint</strong></span> <span class='ocrx_word' id='word_1_272' title='bbox 975 3667 1153 3724; x_wconf 84' lang='lat' dir='ltr'><strong>magos</strong></span> <span class='ocrx_word' id='word_1_273' title='bbox 1173 3667 1235 3704; x_wconf 81' lang='lat' dir='ltr'><strong>ex</strong></span> <span class='ocrx_word' id='word_1_274' title='bbox 1265 3649 1416 3702; x_wconf 90' lang='lat' dir='ltr'><strong>unius</strong></span> <span class='ocrx_word' id='word_1_275' title='bbox 1443 3646 1609 3699; x_wconf 70' lang='lat' dir='ltr'><strong>sti-lla:</strong></span> <span class='ocrx_word' id='word_1_276' title='bbox 1635 3645 1747 3694; x_wconf 89' lang='lat' dir='ltr'><strong>visu</strong></span> <span class='ocrx_word' id='word_1_277' title='bbox 1778 3643 1945 3707; x_wconf 89' lang='lat' dir='ltr'><strong>ipsum</strong></span> <span class='ocrx_word' id='word_1_278' title='bbox 1970 3637 2138 3690; x_wconf 80' lang='lat' dir='ltr'><strong>susci-</strong></span> 
     </span>
    </p>
   </div>
   <div class='ocr_carea' id='block_1_38' title="bbox 573 3729 2143 3819">
    <p class='ocr_par' dir='ltr' id='par_1_38' title="bbox 573 3729 2143 3819">
     <span class='ocr_line' id='line_1_38' title="bbox 573 3729 2143 3819; baseline -0.018 -13"><span class='ocrx_word' id='word_1_279' title='bbox 573 3754 773 3819; x_wconf 86' lang='lat' dir='ltr'><strong>pientes</strong></span> <span class='ocrx_word' id='word_1_280' title='bbox 801 3756 853 3800; x_wconf 91' lang='lat' dir='ltr'><strong>et</strong></span> <span class='ocrx_word' id='word_1_281' title='bbox 892 3740 1217 3797; x_wconf 86' lang='lat' dir='ltr'><strong>adorantes?</strong></span> <span class='ocrx_word' id='word_1_282' title='bbox 1245 3738 1394 3803; x_wconf 91' lang='lat' dir='ltr'><strong>Quod</strong></span> <span class='ocrx_word' id='word_1_283' title='bbox 1428 3736 1581 3802; x_wconf 78' lang='lat' dir='ltr'><strong>igitur</strong></span> <span class='ocrx_word' id='word_1_284' title='bbox 1611 3734 1748 3785; x_wconf 87' lang='lat' dir='ltr'><strong>circa</strong></span> <span class='ocrx_word' id='word_1_285' title='bbox 1779 3730 2036 3782; x_wconf 78' lang='lat' dir='ltr'><strong>Ninivitas</strong></span> <span class='ocrx_word' id='word_1_286' title='bbox 2064 3729 2143 3779; x_wconf 81' lang='lat' dir='ltr'><strong>le-</strong></span> 
     </span>
    </p>
   </div>
   <div class='ocr_carea' id='block_1_39' title="bbox 570 3821 2144 3894">
    <p class='ocr_par' dir='ltr' id='par_1_39' title="bbox 570 3821 2144 3894">
     <span class='ocr_line' id='line_1_39' title="bbox 570 3821 2144 3894; baseline -0.016 0"><span class='ocrx_word' id='word_1_287' title='bbox 570 3849 716 3894; x_wconf 88' lang='lat' dir='ltr'><strong>cerat</strong></span> <span class='ocrx_word' id='word_1_288' title='bbox 751 3839 937 3891; x_wconf 87' lang='lat' dir='ltr'><strong>.lonam</strong></span> <span class='ocrx_word' id='word_1_289' title='bbox 968 3833 1182 3887; x_wconf 87' lang='lat' dir='ltr'><strong>mittens</strong></span> <span class='ocrx_word' id='word_1_290' title='bbox 1206 3868 1221 3890; x_wconf 89' lang='lat'><strong>,</strong></span> <span class='ocrx_word' id='word_1_291' title='bbox 1253 3837 1304 3880; x_wconf 93' lang='lat' dir='ltr'><strong>et</strong></span> <span class='ocrx_word' id='word_1_292' title='bbox 1331 3825 1470 3894; x_wconf 88' lang='lat' dir='ltr'><strong>quod</strong></span> <span class='ocrx_word' id='word_1_293' title='bbox 1498 3824 1636 3874; x_wconf 89' lang='lat' dir='ltr'><strong>circa</strong></span> <span class='ocrx_word' id='word_1_294' title='bbox 1675 3821 2058 3872; x_wconf 84' lang='lat' dir='ltr'><strong>Samaritanam</strong></span> <span class='ocrx_word' id='word_1_295' title='bbox 2091 3826 2144 3869; x_wconf 89' lang='lat' dir='ltr'><strong>et</strong></span> 
     </span>
    </p>
   </div>
   <div class='ocr_carea' id='block_1_40' title="bbox 571 3907 2144 3988">
    <p class='ocr_par' dir='ltr' id='par_1_40' title="bbox 571 3907 2144 3988">
     <span class='ocr_line' id='line_1_40' title="bbox 571 3907 2144 3988; baseline -0.015 -6"><span class='ocrx_word' id='word_1_296' title='bbox 571 3931 923 3982; x_wconf 76' lang='lat' dir='ltr'><strong>Chananzeam</strong></span> <span class='ocrx_word' id='word_1_297' title='bbox 946 3964 959 3986; x_wconf 91' lang='lat'><strong>,</strong></span> <span class='ocrx_word' id='word_1_298' title='bbox 990 3923 1215 3988; x_wconf 79' lang='lat' dir='ltr'><strong>idipsum</strong></span> <span class='ocrx_word' id='word_1_299' title='bbox 1248 3917 1404 3969; x_wconf 85' lang='lat' dir='ltr'><strong>etiam</strong></span> <span class='ocrx_word' id='word_1_300' title='bbox 1430 3929 1532 3980; x_wconf 86' lang='lat' dir='ltr'><strong>per.</strong></span> <span class='ocrx_word' id='word_1_301' title='bbox 1549 3926 1730 3979; x_wconf 88' lang='lat' dir='ltr'><strong>magos</strong></span> <span class='ocrx_word' id='word_1_302' title='bbox 1753 3908 1896 3962; x_wconf 81' lang='lat' dir='ltr'><strong>fecit.</strong></span> <span class='ocrx_word' id='word_1_303' title='bbox 1923 3907 2144 3973; x_wconf 85' lang='lat' dir='ltr'><strong>Ideoque</strong></span> 
     </span>
    </p>
   </div>
   <div class='ocr_carea' id='block_1_41' title="bbox 573 3999 2142 4074">
    <p class='ocr_par' dir='ltr' id='par_1_41' title="bbox 573 3999 2142 4074">
     <span class='ocr_line' id='line_1_41' title="bbox 573 3999 2142 4074; baseline -0.018 0"><span class='ocrx_word' id='word_1_304' title='bbox 573 4020 776 4074; x_wconf 79' lang='lat' dir='ltr'><strong>dicebat</strong></span> <span class='ocrx_word' id='word_1_305' title='bbox 843 4034 858 4067; x_wconf 84' lang='lat'><strong>:</strong></span> <span class='ocrx_word' id='word_1_306' title='bbox 909 4013 1010 4066; x_wconf 76' lang='lat' dir='ltr'><strong>Viri</strong></span> <span class='ocrx_word' id='word_1_307' title='bbox 1067 4009 1306 4062; x_wconf 77' lang='lat' dir='ltr'><strong>Ninivin</strong></span> <span class='ocrx_word' id='word_1_308' title='bbox 1359 4013 1579 4072; x_wconf 77' lang='lat' dir='ltr'><strong>surgent,</strong></span> <span class='ocrx_word' id='word_1_309' title='bbox 1618 4013 1663 4054; x_wconf 84' lang='lat' dir='ltr'><strong>et</strong></span> <span class='ocrx_word' id='word_1_310' title='bbox 1713 3999 2142 4058; x_wconf 67' lang='lat' dir='ltr'><strong>condemnabam;</strong></span> 
     </span>
    </p>
   </div>
   <div class='ocr_carea' id='block_1_42' title="bbox 571 4091 2141 4176">
    <p class='ocr_par' dir='ltr' id='par_1_42' title="bbox 571 4091 2141 4176">
     <span class='ocr_line' id='line_1_42' title="bbox 571 4091 2141 4176; baseline -0.015 -14"><span class='ocrx_word' id='word_1_311' title='bbox 571 4121 621 4162; x_wconf 87' lang='lat' dir='ltr'><strong>et</strong></span> <span class='ocrx_word' id='word_1_312' title='bbox 641 4148 656 4171; x_wconf 94' lang='lat'><strong>,</strong></span> <span class='ocrx_word' id='word_1_313' title='bbox 685 4108 874 4176; x_wconf 78' lang='lat' dir='ltr'><strong>Regina</strong></span> <span class='ocrx_word' id='word_1_314' title='bbox 903 4104 1055 4154; x_wconf 80' lang='lat' dir='ltr'><strong>austri</strong></span> <span class='ocrx_word' id='word_1_315' title='bbox 1087 4108 1279 4168; x_wconf 82' lang='lat' dir='ltr'><strong>surget,</strong></span> <span class='ocrx_word' id='word_1_316' title='bbox 1325 4106 1367 4148; x_wconf 89' lang='lat' dir='ltr'><strong>ct</strong></span> <span class='ocrx_word' id='word_1_317' title='bbox 1390 4091 1735 4147; x_wconf 80' lang='lat' dir='ltr'><strong>condemnabit</strong></span> <span class='ocrx_word' id='word_1_318' title='bbox 1780 4091 2141 4156; x_wconf 76' lang='lat' dir='ltr'><strong>generationem</strong></span> 
     </span>
    </p>
   </div>
   <div class='ocr_carea' id='block_1_43' title="bbox 573 4180 2141 4264">
    <p class='ocr_par' dir='ltr' id='par_1_43' title="bbox 573 4180 2141 4264">
     <span class='ocr_line' id='line_1_43' title="bbox 573 4180 2141 4264; baseline -0.014 -13"><span class='ocrx_word' id='word_1_319' title='bbox 573 4201 700 4251; x_wconf 85' lang='lat' dir='ltr'><strong>lianc</strong></span> <span class='ocrx_word' id='word_1_320' title='bbox 743 4198 763 4264; x_wconf 68' lang='grc' dir='ltr'>ί</span> <span class='ocrx_word' id='word_1_321' title='bbox 794 4194 976 4247; x_wconf 79' lang='lat' dir='ltr'><strong>Matth.</strong></span> <span class='ocrx_word' id='word_1_322' title='bbox 1007 4190 1091 4244; x_wconf 71' lang='lat'><strong>1‘2.</strong></span> <span class='ocrx_word' id='word_1_323' title='bbox 1124 4190 1209 4241; x_wconf 73' lang='grc' dir='ltr'><strong>Η.</strong></span> <span class='ocrx_word' id='word_1_324' title='bbox 1243 4186 1311 4238; x_wconf 69' lang='grc'><strong>42</strong></span> <span class='ocrx_word' id='word_1_325' title='bbox 1339 4188 1354 4248; x_wconf 83' lang='grc'>)</span> <span class='ocrx_word' id='word_1_326' title='bbox 1386 4203 1395 4235; x_wconf 92' lang='lat'>:</span> <span class='ocrx_word' id='word_1_327' title='bbox 1425 4186 1674 4249; x_wconf 79' lang='lat' dir='ltr'><strong>quoniam</strong></span> <span class='ocrx_word' id='word_1_328' title='bbox 1725 4180 1798 4230; x_wconf 85' lang='lat' dir='ltr'><strong>illi</strong></span> <span class='ocrx_word' id='word_1_329' title='bbox 1854 4180 2141 4230; x_wconf 84' lang='lat' dir='ltr'><strong>minoribus</strong></span> 
     </span>
    </p>
   </div>
   <div class='ocr_carea' id='block_1_44' title="bbox 573 4267 2140 4343">
    <p class='ocr_par' dir='ltr' id='par_1_44' title="bbox 573 4267 2140 4343">
     <span class='ocr_line' id='line_1_44' title="bbox 573 4267 2140 4343; baseline -0.017 -1"><span class='ocrx_word' id='word_1_330' title='bbox 573 4287 946 4343; x_wconf 80' lang='lat' dir='ltr'><strong>crediderunt,</strong></span> <span class='ocrx_word' id='word_1_331' title='bbox 987 4280 1039 4331; x_wconf 82' lang='lat' dir='ltr'><strong>lii</strong></span> <span class='ocrx_word' id='word_1_332' title='bbox 1082 4292 1208 4329; x_wconf 87' lang='lat' dir='ltr'><strong>vero</strong></span> <span class='ocrx_word' id='word_1_333' title='bbox 1234 4288 1402 4340; x_wconf 78' lang='lat' dir='ltr'><strong>neque</strong></span> <span class='ocrx_word' id='word_1_334' title='bbox 1434 4270 1736 4337; x_wconf 84' lang='lat' dir='ltr'><strong>majoribus.</strong></span> <span class='ocrx_word' id='word_1_335' title='bbox 1770 4270 1834 4319; x_wconf 85' lang='lat' dir='ltr'><strong>At</strong></span> <span class='ocrx_word' id='word_1_336' title='bbox 1864 4283 1954 4319; x_wconf 82' lang='lat' dir='ltr'><strong>cur</strong></span> <span class='ocrx_word' id='word_1_337' title='bbox 1985 4267 2103 4318; x_wconf 85' lang='lat' dir='ltr'><strong>illos</strong></span> <span class='ocrx_word' id='word_1_338' title='bbox 2123 4307 2140 4330; x_wconf 92' lang='lat'><strong>,</strong></span> 
     </span>
    </p>
   </div>
   <div class='ocr_carea' id='block_1_45' title="bbox 573 4357 2141 4444">
    <p class='ocr_par' dir='ltr' id='par_1_45' title="bbox 573 4357 2141 4444">
     <span class='ocr_line' id='line_1_45' title="bbox 573 4357 2141 4444; baseline -0.014 -15"><span class='ocrx_word' id='word_1_339' title='bbox 573 4381 797 4444; x_wconf 80' lang='lat' dir='ltr'><strong>inquies,</strong></span> <span class='ocrx_word' id='word_1_340' title='bbox 828 4387 919 4438; x_wconf 88' lang='lat' dir='ltr'><strong>per</strong></span> <span class='ocrx_word' id='word_1_341' title='bbox 947 4368 1100 4421; x_wconf 83' lang='lat' dir='ltr'><strong>talem</strong></span> <span class='ocrx_word' id='word_1_342' title='bbox 1128 4366 1297 4417; x_wconf 84' lang='lat' dir='ltr'><strong>visum</strong></span> <span class='ocrx_word' id='word_1_343' title='bbox 1323 4360 1573 4413; x_wconf 76' lang='lat' dir='ltr'><strong>adduxit?</strong></span> <span class='ocrx_word' id='word_1_344' title='bbox 1605 4359 1668 4409; x_wconf 91' lang='lat' dir='ltr'><strong>At</strong></span> <span class='ocrx_word' id='word_1_345' title='bbox 1695 4357 1962 4423; x_wconf 85' lang='lat' dir='ltr'><strong>quomodo</strong></span> <span class='ocrx_word' id='word_1_346' title='bbox 1984 4369 2141 4421; x_wconf 81' lang='lat' dir='ltr'><strong>Opor-</strong></span> 
     </span>
    </p>
   </div>
   <div class='ocr_carea' id='block_1_46' title="bbox 573 4446 2138 4528">
    <p class='ocr_par' dir='ltr' id='par_1_46' title="bbox 573 4446 2138 4528">
     <span class='ocr_line' id='line_1_46' title="bbox 573 4446 2138 4528; baseline -0.013 -10"><span class='ocrx_word' id='word_1_347' title='bbox 573 4479 666 4520; x_wconf 85' lang='lat' dir='ltr'><strong>tint</strong></span> <span class='ocrx_word' id='word_1_348' title='bbox 686 4467 708 4514; x_wconf 67' lang='grc' dir='ltr'><strong>’ί</strong></span> <span class='ocrx_word' id='word_1_349' title='bbox 745 4479 810 4514; x_wconf 89' lang='lat' dir='ltr'><strong>an</strong></span> <span class='ocrx_word' id='word_1_350' title='bbox 848 4459 1129 4528; x_wconf 86' lang='lat' dir='ltr'><strong>prophetas</strong></span> <span class='ocrx_word' id='word_1_351' title='bbox 1166 4454 1373 4506; x_wconf 86' lang='lat' dir='ltr'><strong>mittere</strong></span> <span class='ocrx_word' id='word_1_352' title='bbox 1396 4451 1416 4499; x_wconf 69' lang='grc' dir='ltr'><strong>’ἒ</strong></span> <span class='ocrx_word' id='word_1_353' title='bbox 1446 4448 1548 4502; x_wconf 84' lang='lat' dir='ltr'><strong>Sed</strong></span> <span class='ocrx_word' id='word_1_354' title='bbox 1576 4449 1709 4514; x_wconf 78' lang='lat' dir='ltr'><strong>magi</strong></span> <span class='ocrx_word' id='word_1_355' title='bbox 1741 4446 2009 4514; x_wconf 72' lang='lat' dir='ltr'><strong>prophetis</strong></span> <span class='ocrx_word' id='word_1_356' title='bbox 2035 4461 2138 4498; x_wconf 84' lang='lat' dir='ltr'><strong>non</strong></span> 
     </span>
    </p>
   </div>
   <div class='ocr_carea' id='block_1_47' title="bbox 571 4534 2136 4609">
    <p class='ocr_par' dir='ltr' id='par_1_47' title="bbox 571 4534 2136 4609">
     <span class='ocr_line' id='line_1_47' title="bbox 571 4534 2136 4609; baseline -0.015 1"><span class='ocrx_word' id='word_1_357' title='bbox 571 4554 935 4609; x_wconf 75' lang='lat' dir='ltr'><strong>credidissent.</strong></span> <span class='ocrx_word' id='word_1_358' title='bbox 966 4549 1044 4600; x_wconf 80' lang='lat' dir='ltr'><strong>An</strong></span> <span class='ocrx_word' id='word_1_359' title='bbox 1068 4559 1249 4598; x_wconf 75' lang='lat' dir='ltr'><strong>vocem</strong></span> <span class='ocrx_word' id='word_1_360' title='bbox 1269 4555 1494 4608; x_wconf 68' lang='lat' dir='ltr'><strong>superne.</strong></span> <span class='ocrx_word' id='word_1_361' title='bbox 1519 4537 1751 4602; x_wconf 75' lang='lat' dir='ltr'><strong>proferre</strong></span> <span class='ocrx_word' id='word_1_362' title='bbox 1768 4536 1789 4586; x_wconf 70' lang='grc' dir='ltr'><strong>’ἶ</strong></span> <span class='ocrx_word' id='word_1_363' title='bbox 1821 4534 2008 4587; x_wconf 71' lang='lat' dir='ltr'><strong>Verum</strong></span> <span class='ocrx_word' id='word_1_364' title='bbox 2033 4549 2136 4586; x_wconf 88' lang='lat' dir='ltr'><strong>non</strong></span> 
     </span>
    </p>
   </div>
   <div class='ocr_carea' id='block_1_48' title="bbox 574 4627 2139 4704">
    <p class='ocr_par' dir='ltr' id='par_1_48' title="bbox 574 4627 2139 4704">
     <span class='ocr_line' id='line_1_48' title="bbox 574 4627 2139 4704; baseline -0.011 -8"><span class='ocrx_word' id='word_1_365' title='bbox 574 4643 937 4697; x_wconf 82' lang='lat' dir='ltr'><strong>atiendisscnt.</strong></span> <span class='ocrx_word' id='word_1_366' title='bbox 969 4640 1046 4690; x_wconf 82' lang='lat' dir='ltr'><strong>An</strong></span> <span class='ocrx_word' id='word_1_367' title='bbox 1079 4635 1317 4704; x_wconf 80' lang='lat' dir='ltr'><strong>angelum</strong></span> <span class='ocrx_word' id='word_1_368' title='bbox 1351 4630 1601 4685; x_wconf 81' lang='lat' dir='ltr'><strong>mittere?</strong></span> <span class='ocrx_word' id='word_1_369' title='bbox 1637 4627 1738 4680; x_wconf 85' lang='lat' dir='ltr'><strong>Sed</strong></span> <span class='ocrx_word' id='word_1_370' title='bbox 1771 4627 1908 4680; x_wconf 84' lang='lat' dir='ltr'><strong>hunc</strong></span> <span class='ocrx_word' id='word_1_371' title='bbox 1936 4640 2139 4694; x_wconf 79' lang='lat' dir='ltr'><strong>quoque</strong></span> 
     </span>
    </p>
   </div>
   <div class='ocr_carea' id='block_1_49' title="bbox 575 4719 2140 4802">
    <p class='ocr_par' dir='ltr' id='par_1_49' title="bbox 575 4719 2140 4802">
     <span class='ocr_line' id='line_1_49' title="bbox 575 4719 2140 4802; baseline -0.013 -11"><span class='ocrx_word' id='word_1_372' title='bbox 575 4738 791 4791; x_wconf 76' lang='lat' dir='ltr'><strong>forsitan</strong></span> <span class='ocrx_word' id='word_1_373' title='bbox 823 4727 1571 4802; x_wconf 70' lang='lat' dir='ltr'><strong>prmtcriisscnt._Quapr0pter</strong></span> <span class='ocrx_word' id='word_1_374' title='bbox 1596 4721 1697 4773; x_wconf 88' lang='lat' dir='ltr'><strong>illis</strong></span> <span class='ocrx_word' id='word_1_375' title='bbox 1720 4719 1959 4770; x_wconf 84' lang='lat' dir='ltr'><strong>munibus</strong></span> <span class='ocrx_word' id='word_1_376' title='bbox 1980 4721 2140 4792; x_wconf 84' lang='lat' dir='ltr'><strong>omis-</strong></span> 
     </span>
    </p>
   </div>
   <div class='ocr_carea' id='block_1_50' title="bbox 574 4797 2138 4885">
    <p class='ocr_par' dir='ltr' id='par_1_50' title="bbox 574 4797 2138 4885">
     <span class='ocr_line' id='line_1_50' title="bbox 574 4797 2138 4885; baseline -0.01 -6"><span class='ocrx_word' id='word_1_377' title='bbox 574 4829 645 4879; x_wconf 77' lang='lat' dir='ltr'><strong>sis</strong></span> <span class='ocrx_word' id='word_1_378' title='bbox 696 4827 861 4885; x_wconf 83' lang='lat' dir='ltr'><strong>Deus,</strong></span> <span class='ocrx_word' id='word_1_379' title='bbox 910 4834 1113 4872; x_wconf 70' lang='lat' dir='ltr'><strong>summa</strong></span> <span class='ocrx_word' id='word_1_380' title='bbox 1164 4797 1314 4870; x_wconf 68' lang='lat' dir='ltr'><strong>uicus</strong></span> <span class='ocrx_word' id='word_1_381' title='bbox 1356 4813 1713 4880; x_wconf 77' lang='lat' dir='ltr'><strong>indulgentia,</strong></span> <span class='ocrx_word' id='word_1_382' title='bbox 1761 4825 1852 4877; x_wconf 80' lang='lat' dir='ltr'><strong>per</strong></span> <span class='ocrx_word' id='word_1_383' title='bbox 1891 4821 2138 4863; x_wconf 83' lang='lat' dir='ltr'><strong>consueta</strong></span> 
     </span>
    </p>
   </div>
   <div class='ocr_carea' id='block_1_51' title="bbox 573 4899 2139 4976">
    <p class='ocr_par' dir='ltr' id='par_1_51' title="bbox 573 4899 2139 4976">
     <span class='ocr_line' id='line_1_51' title="bbox 573 4899 2139 4976; baseline -0.011 -8"><span class='ocrx_word' id='word_1_384' title='bbox 573 4925 724 4970; x_wconf 85' lang='lat' dir='ltr'><strong>vocat</strong></span> <span class='ocrx_word' id='word_1_385' title='bbox 766 4913 877 4966; x_wconf 89' lang='lat' dir='ltr'><strong>illos</strong></span> <span class='ocrx_word' id='word_1_386' title='bbox 898 4953 914 4976; x_wconf 95' lang='lat'><strong>,</strong></span> <span class='ocrx_word' id='word_1_387' title='bbox 955 4907 1287 4975; x_wconf 88' lang='lat' dir='ltr'><strong>ostenditque</strong></span> <span class='ocrx_word' id='word_1_388' title='bbox 1317 4905 1519 4957; x_wconf 87' lang='lat' dir='ltr'><strong>stellam</strong></span> <span class='ocrx_word' id='word_1_389' title='bbox 1551 4914 1789 4968; x_wconf 82' lang='lat' dir='ltr'><strong>magnam</strong></span> <span class='ocrx_word' id='word_1_390' title='bbox 1821 4899 1886 4951; x_wconf 84' lang='lat' dir='ltr'><strong>ab</strong></span> <span class='ocrx_word' id='word_1_391' title='bbox 1915 4901 2030 4951; x_wconf 84' lang='lat' dir='ltr'><strong>aliis</strong></span> <span class='ocrx_word' id='word_1_392' title='bbox 2062 4900 2139 4950; x_wconf 89' lang='lat' dir='ltr'><strong>di-</strong></span> 
     </span>
    </p>
   </div>
   <div class='ocr_carea' id='block_1_52' title="bbox 566 4986 2142 5068">
    <p class='ocr_par' dir='ltr' id='par_1_52' title="bbox 566 4986 2142 5068">
     <span class='ocr_line' id='line_1_52' title="bbox 566 4986 2142 5068; baseline -0.015 -9"><span class='ocrx_word' id='word_1_393' title='bbox 566 5020 811 5066; x_wconf 83' lang='lat' dir='ltr'><strong>versam,</strong></span> <span class='ocrx_word' id='word_1_394' title='bbox 857 5010 914 5052; x_wconf 92' lang='lat' dir='ltr'><strong>ut</strong></span> <span class='ocrx_word' id='word_1_395' title='bbox 956 5001 1096 5068; x_wconf 77' lang='lat' dir='ltr'><strong>ipsos</strong></span> <span class='ocrx_word' id='word_1_396' title='bbox 1125 5005 1177 5048; x_wconf 91' lang='lat' dir='ltr'><strong>et</strong></span> <span class='ocrx_word' id='word_1_397' title='bbox 1204 5009 1265 5047; x_wconf 81' lang='lat' dir='ltr'><strong>ex</strong></span> <span class='ocrx_word' id='word_1_398' title='bbox 1295 4990 1650 5059; x_wconf 77' lang='lat' dir='ltr'><strong>magnitudine</strong></span> <span class='ocrx_word' id='word_1_399' title='bbox 1676 5000 1730 5042; x_wconf 84' lang='lat' dir='ltr'><strong>et</strong></span> <span class='ocrx_word' id='word_1_400' title='bbox 1755 5002 1817 5040; x_wconf 86' lang='lat' dir='ltr'><strong>ex</strong></span> <span class='ocrx_word' id='word_1_401' title='bbox 1851 4986 2142 5055; x_wconf 79' lang='lat' dir='ltr'><strong>pulchritu-</strong></span> 
     </span>
    </p>
   </div>
   <div class='ocr_carea' id='block_1_53' title="bbox 570 5079 2141 5159">
    <p class='ocr_par' dir='ltr' id='par_1_53' title="bbox 570 5079 2141 5159">
     <span class='ocr_line' id='line_1_53' title="bbox 570 5079 2141 5159; baseline -0.012 -11"><span class='ocrx_word' id='word_1_402' title='bbox 570 5097 692 5148; x_wconf 87' lang='lat' dir='ltr'><strong>dine</strong></span> <span class='ocrx_word' id='word_1_403' title='bbox 737 5088 1023 5159; x_wconf 89' lang='lat' dir='ltr'><strong>spectaculi</strong></span> <span class='ocrx_word' id='word_1_404' title='bbox 1072 5084 1379 5152; x_wconf 85' lang='lat' dir='ltr'><strong>percelleer</strong></span> <span class='ocrx_word' id='word_1_405' title='bbox 1399 5123 1411 5143; x_wconf 89' lang='lat'><strong>,</strong></span> <span class='ocrx_word' id='word_1_406' title='bbox 1441 5095 1646 5132; x_wconf 84' lang='lat' dir='ltr'><strong>necnon</strong></span> <span class='ocrx_word' id='word_1_407' title='bbox 1677 5079 1835 5131; x_wconf 89' lang='lat' dir='ltr'><strong>etiam</strong></span> <span class='ocrx_word' id='word_1_408' title='bbox 1866 5093 1926 5129; x_wconf 81' lang='lat' dir='ltr'><strong>ex</strong></span> <span class='ocrx_word' id='word_1_409' title='bbox 1959 5092 2141 5130; x_wconf 88' lang='lat' dir='ltr'><strong>cursus</strong></span> 
     </span>
    </p>
   </div>
   <div class='ocr_carea' id='block_1_54' title="bbox 573 5165 2141 5236">
    <p class='ocr_par' dir='ltr' id='par_1_54' title="bbox 573 5165 2141 5236">
     <span class='ocr_line' id='line_1_54' title="bbox 573 5165 2141 5236; baseline -0.012 0"><span class='ocrx_word' id='word_1_410' title='bbox 573 5183 748 5236; x_wconf 79' lang='lat' dir='ltr'><strong>modo.</strong></span> <span class='ocrx_word' id='word_1_411' title='bbox 783 5180 904 5232; x_wconf 64' lang='lat' dir='ltr'><strong>llaec</strong></span> <span class='ocrx_word' id='word_1_412' title='bbox 943 5186 995 5229; x_wconf 92' lang='lat' dir='ltr'><strong>et</strong></span> <span class='ocrx_word' id='word_1_413' title='bbox 1043 5173 1232 5227; x_wconf 86' lang='lat' dir='ltr'><strong>Paulus</strong></span> <span class='ocrx_word' id='word_1_414' title='bbox 1275 5171 1536 5230; x_wconf 86' lang='lat' dir='ltr'><strong>imitatus,</strong></span> <span class='ocrx_word' id='word_1_415' title='bbox 1577 5182 1644 5220; x_wconf 83' lang='lat' dir='ltr'><strong>ex</strong></span> <span class='ocrx_word' id='word_1_416' title='bbox 1682 5181 1768 5218; x_wconf 89' lang='lat' dir='ltr'><strong>ara</strong></span> <span class='ocrx_word' id='word_1_417' title='bbox 1800 5181 1916 5218; x_wconf 90' lang='lat' dir='ltr'><strong>cum</strong></span> <span class='ocrx_word' id='word_1_418' title='bbox 1944 5165 2141 5234; x_wconf 60' lang='lat' dir='ltr'><strong>Graecis</strong></span> 
     </span>
    </p>
   </div>
   <div class='ocr_carea' id='block_1_55' title="bbox 570 5247 2140 5330">
    <p class='ocr_par' dir='ltr' id='par_1_55' title="bbox 570 5247 2140 5330">
     <span class='ocr_line' id='line_1_55' title="bbox 570 5247 2140 5330; baseline -0.016 0"><span class='ocrx_word' id='word_1_419' title='bbox 570 5272 864 5330; x_wconf 85' lang='lat' dir='ltr'><strong>disserendi</strong></span> <span class='ocrx_word' id='word_1_420' title='bbox 904 5266 1235 5323; x_wconf 88' lang='lat' dir='ltr'><strong>occasionem</strong></span> <span class='ocrx_word' id='word_1_421' title='bbox 1264 5263 1490 5329; x_wconf 81' lang='lat' dir='ltr'><strong>accipit,</strong></span> <span class='ocrx_word' id='word_1_422' title='bbox 1522 5271 1577 5314; x_wconf 85' lang='lat' dir='ltr'><strong>et</strong></span> <span class='ocrx_word' id='word_1_423' title='bbox 1603 5267 1870 5327; x_wconf 90' lang='lat' dir='ltr'><strong>poetarum</strong></span> <span class='ocrx_word' id='word_1_424' title='bbox 1903 5247 2140 5310; x_wconf 81' lang='lat' dir='ltr'><strong>testimo-</strong></span> 
     </span>
    </p>
   </div>
   <div class='ocr_carea' id='block_1_56' title="bbox 574 5347 2166 5419">
    <p class='ocr_par' dir='ltr' id='par_1_56' title="bbox 574 5347 2166 5419">
     <span class='ocr_line' id='line_1_56' title="bbox 574 5347 2166 5419; baseline -0.011 -1"><span class='ocrx_word' id='word_1_425' title='bbox 574 5367 657 5419; x_wconf 89' lang='lat' dir='ltr'><strong>nia</strong></span> <span class='ocrx_word' id='word_1_426' title='bbox 689 5367 738 5417; x_wconf 91' lang='lat' dir='ltr'><strong>in</strong></span> <span class='ocrx_word' id='word_1_427' title='bbox 767 5361 997 5415; x_wconf 91' lang='lat' dir='ltr'><strong>medium</strong></span> <span class='ocrx_word' id='word_1_428' title='bbox 1024 5355 1237 5410; x_wconf 86' lang='lat' dir='ltr'><strong>adducit</strong></span> <span class='ocrx_word' id='word_1_429' title='bbox 1265 5373 1279 5409; x_wconf 88' lang='lat'>:</span> <span class='ocrx_word' id='word_1_430' title='bbox 1308 5351 1513 5405; x_wconf 73' lang='lat' dir='ltr'><strong>.i&#39;u-lzeos</strong></span> <span class='ocrx_word' id='word_1_431' title='bbox 1539 5364 1668 5402; x_wconf 87' lang='lat' dir='ltr'><strong>vero</strong></span> <span class='ocrx_word' id='word_1_432' title='bbox 1689 5347 2138 5402; x_wconf 89' lang='lat' dir='ltr'><strong>circumcisionem</strong></span> <span class='ocrx_word' id='word_1_433' title='bbox 2161 5397 2166 5400; x_wconf 88' lang='lat'><strong>.</strong></span> 
     </span>
    </p>
   </div>
   <div class='ocr_carea' id='block_1_57' title="bbox 578 5438 2138 5518">
    <p class='ocr_par' dir='ltr' id='par_1_57' title="bbox 578 5438 2138 5518">
     <span class='ocr_line' id='line_1_57' title="bbox 578 5438 2138 5518; baseline -0.01 -10"><span class='ocrx_word' id='word_1_434' title='bbox 578 5467 877 5509; x_wconf 87' lang='lat' dir='ltr'><strong>memorans</strong></span> <span class='ocrx_word' id='word_1_435' title='bbox 922 5447 1238 5518; x_wconf 62' lang='lat' dir='ltr'><strong>alloqmtur,</strong></span> <span class='ocrx_word' id='word_1_436' title='bbox 1278 5453 1331 5499; x_wconf 89' lang='lat' dir='ltr'><strong>et</strong></span> <span class='ocrx_word' id='word_1_437' title='bbox 1368 5455 1458 5497; x_wconf 83' lang='lat' dir='ltr'><strong>eos</strong></span> <span class='ocrx_word' id='word_1_438' title='bbox 1485 5441 1571 5510; x_wconf 90' lang='lat' dir='ltr'><strong>qui</strong></span> <span class='ocrx_word' id='word_1_439' title='bbox 1601 5440 1698 5493; x_wconf 89' lang='lat' dir='ltr'><strong>sub</strong></span> <span class='ocrx_word' id='word_1_440' title='bbox 1727 5438 1841 5507; x_wconf 86' lang='lat' dir='ltr'><strong>lege</strong></span> <span class='ocrx_word' id='word_1_441' title='bbox 1864 5439 2099 5495; x_wconf 79' lang='lat' dir='ltr'><strong>viverent</strong></span> <span class='ocrx_word' id='word_1_442' title='bbox 2125 5479 2138 5496; x_wconf 89' lang='lat'><strong>.</strong></span> 
     </span>
    </p>
   </div>
   <div class='ocr_carea' id='block_1_58' title="bbox 634 5657 1196 5721">
    <p class='ocr_par' dir='ltr' id='par_1_58' title="bbox 634 5657 1196 5721">
     <span class='ocr_line' id='line_1_58' title="bbox 634 5657 1196 5721; baseline -0.007 -13"><span class='ocrx_word' id='word_1_443' title='bbox 634 5661 650 5690; x_wconf 84' lang='grc'>¹</span> <span class='ocrx_word' id='word_1_444' title='bbox 687 5659 862 5721; x_wconf 73' lang='lat' dir='ltr'><strong>Aliqui,</strong></span> <span class='ocrx_word' id='word_1_445' title='bbox 888 5672 970 5720; x_wconf 84' lang='lat' dir='ltr'><strong>per</strong></span> <span class='ocrx_word' id='word_1_446' title='bbox 994 5657 1196 5719; x_wconf 74' lang='lat' dir='ltr'><strong>angelos.</strong></span> 
     </span>
    </p>
   </div>
   <div class='ocr_carea' id='block_1_59' title="bbox 3720 389 3800 451">
    <p class='ocr_par' dir='ltr' id='par_1_59' title="bbox 3720 389 3800 451">
     <span class='ocr_line' id='line_1_59' title="bbox 3720 389 3800 451; baseline -0.025 1"><span class='ocrx_word' id='word_1_447' title='bbox 3720 389 3800 451; x_wconf 72' lang='lat'><strong>66</strong></span> 
     </span>
    </p>
   </div>
   <div class='ocr_carea' id='block_1_60' title="bbox 2221 497 3804 575">
    <p class='ocr_par' dir='ltr' id='par_1_60' title="bbox 2221 497 3804 575">
     <span class='ocr_line' id='line_1_60' title="bbox 2221 497 3804 575; baseline -0.016 -1"><span class='ocrx_word' id='word_1_448' title='bbox 2221 536 2251 574; x_wconf 89' lang='lat' dir='ltr'><strong>a</strong></span> <span class='ocrx_word' id='word_1_449' title='bbox 2299 515 2576 574; x_wconf 78' lang='lat' dir='ltr'><strong>sacriﬁciis</strong></span> <span class='ocrx_word' id='word_1_450' title='bbox 2609 528 2762 571; x_wconf 88' lang='lat' dir='ltr'><strong>orsus</strong></span> <span class='ocrx_word' id='word_1_451' title='bbox 2785 551 2802 575; x_wconf 92' lang='lat'><strong>,</strong></span> <span class='ocrx_word' id='word_1_452' title='bbox 2835 508 3076 565; x_wconf 87' lang='lat' dir='ltr'><strong>doctrina</strong></span> <span class='ocrx_word' id='word_1_453' title='bbox 3113 501 3316 560; x_wconf 85' lang='lat' dir='ltr'><strong>imbuit.</strong></span> <span class='ocrx_word' id='word_1_454' title='bbox 3347 498 3480 567; x_wconf 85' lang='lat' dir='ltr'><strong>Quia</strong></span> <span class='ocrx_word' id='word_1_455' title='bbox 3502 497 3643 553; x_wconf 89' lang='lat' dir='ltr'><strong>enim</strong></span> <span class='ocrx_word' id='word_1_456' title='bbox 3669 511 3804 552; x_wconf 85' lang='lat' dir='ltr'><strong>eon-</strong></span> 
     </span>
    </p>
   </div>
   <div class='ocr_carea' id='block_1_61' title="bbox 2223 590 3804 673">
    <p class='ocr_par' dir='ltr' id='par_1_61' title="bbox 2223 590 3804 673">
     <span class='ocr_line' id='line_1_61' title="bbox 2223 590 3804 673; baseline -0.017 -8"><span class='ocrx_word' id='word_1_457' title='bbox 2223 617 2430 665; x_wconf 85' lang='lat' dir='ltr'><strong>suetum</strong></span> <span class='ocrx_word' id='word_1_458' title='bbox 2474 606 2572 660; x_wconf 86' lang='lat' dir='ltr'><strong>sibi</strong></span> <span class='ocrx_word' id='word_1_459' title='bbox 2619 605 2843 673; x_wconf 88' lang='lat' dir='ltr'><strong>quisque</strong></span> <span class='ocrx_word' id='word_1_460' title='bbox 2888 614 3091 655; x_wconf 88' lang='lat' dir='ltr'><strong>morem</strong></span> <span class='ocrx_word' id='word_1_461' title='bbox 3143 596 3369 650; x_wconf 86' lang='lat' dir='ltr'><strong>libenter</strong></span> <span class='ocrx_word' id='word_1_462' title='bbox 3414 590 3694 659; x_wconf 82' lang='lat' dir='ltr'><strong>sequitur,</strong></span> <span class='ocrx_word' id='word_1_463' title='bbox 3741 595 3804 640; x_wconf 83' lang='lat' dir='ltr'><strong>et</strong></span> 
     </span>
    </p>
   </div>
   <div class='ocr_carea' id='block_1_62' title="bbox 2226 680 3804 756">
    <p class='ocr_par' dir='ltr' id='par_1_62' title="bbox 2226 680 3804 756">
     <span class='ocr_line' id='line_1_62' title="bbox 2226 680 3804 756; baseline -0.016 0"><span class='ocrx_word' id='word_1_464' title='bbox 2226 702 2366 756; x_wconf 87' lang='lat' dir='ltr'><strong>Deus</strong></span> <span class='ocrx_word' id='word_1_465' title='bbox 2401 706 2456 754; x_wconf 87' lang='lat' dir='ltr'><strong>et</strong></span> <span class='ocrx_word' id='word_1_466' title='bbox 2489 696 2586 750; x_wconf 89' lang='lat' dir='ltr'><strong>viri</strong></span> <span class='ocrx_word' id='word_1_467' title='bbox 2629 710 2658 749; x_wconf 90' lang='lat' dir='ltr'><strong>a</strong></span> <span class='ocrx_word' id='word_1_468' title='bbox 2702 694 2814 748; x_wconf 90' lang='lat' dir='ltr'><strong>Deo</strong></span> <span class='ocrx_word' id='word_1_469' title='bbox 2850 691 2917 745; x_wconf 87' lang='lat' dir='ltr'><strong>ad</strong></span> <span class='ocrx_word' id='word_1_470' title='bbox 2965 690 3111 744; x_wconf 89' lang='lat' dir='ltr'><strong>orbis</strong></span> <span class='ocrx_word' id='word_1_471' title='bbox 3151 687 3372 741; x_wconf 87' lang='lat' dir='ltr'><strong>salutem</strong></span> <span class='ocrx_word' id='word_1_472' title='bbox 3405 681 3586 743; x_wconf 88' lang='lat' dir='ltr'><strong>missi,</strong></span> <span class='ocrx_word' id='word_1_473' title='bbox 3611 680 3680 732; x_wconf 90' lang='lat' dir='ltr'><strong>ita</strong></span> <span class='ocrx_word' id='word_1_474' title='bbox 3710 692 3804 732; x_wconf 78' lang='lat' dir='ltr'><strong>res</strong></span> 
     </span>
    </p>
   </div>
   <div class='ocr_carea' id='block_1_63' title="bbox 2225 767 3807 852">
    <p class='ocr_par' dir='ltr' id='par_1_63' title="bbox 2225 767 3807 852">
     <span class='ocr_line' id='line_1_63' title="bbox 2225 767 3807 852; baseline -0.016 -8"><span class='ocrx_word' id='word_1_475' title='bbox 2225 795 2468 844; x_wconf 81' lang='lat' dir='ltr'><strong>tractant.</strong></span> <span class='ocrx_word' id='word_1_476' title='bbox 2513 783 2591 839; x_wconf 84' lang='lat' dir='ltr'><strong>Ne</strong></span> <span class='ocrx_word' id='word_1_477' title='bbox 2635 783 2815 852; x_wconf 87' lang='lat' dir='ltr'><strong>itaque</strong></span> <span class='ocrx_word' id='word_1_478' title='bbox 2853 778 3124 847; x_wconf 88' lang='lat' dir='ltr'><strong>indignum</strong></span> <span class='ocrx_word' id='word_1_479' title='bbox 3163 776 3275 829; x_wconf 89' lang='lat' dir='ltr'><strong>Deo</strong></span> <span class='ocrx_word' id='word_1_480' title='bbox 3312 783 3499 842; x_wconf 89' lang='lat' dir='ltr'><strong>putes,</strong></span> <span class='ocrx_word' id='word_1_481' title='bbox 3535 767 3674 838; x_wconf 89' lang='lat' dir='ltr'><strong>quod</strong></span> <span class='ocrx_word' id='word_1_482' title='bbox 3702 780 3807 836; x_wconf 87' lang='lat' dir='ltr'><strong>per</strong></span> 
     </span>
    </p>
   </div>
   <div class='ocr_carea' id='block_1_64' title="bbox 2223 859 3805 942">
    <p class='ocr_par' dir='ltr' id='par_1_64' title="bbox 2223 859 3805 942">
     <span class='ocr_line' id='line_1_64' title="bbox 2223 859 3805 942; baseline -0.016 -7"><span class='ocrx_word' id='word_1_483' title='bbox 2223 879 2429 934; x_wconf 86' lang='lat' dir='ltr'><strong>stellam</strong></span> <span class='ocrx_word' id='word_1_484' title='bbox 2471 874 2614 942; x_wconf 83' lang='lat' dir='ltr'><strong>ipsos</strong></span> <span class='ocrx_word' id='word_1_485' title='bbox 2658 869 2928 925; x_wconf 88' lang='lat' dir='ltr'><strong>vocaverit</strong></span> <span class='ocrx_word' id='word_1_486' title='bbox 2977 884 2989 918; x_wconf 78' lang='grc' dir='ltr'><strong>ε</strong></span> <span class='ocrx_word' id='word_1_487' title='bbox 3044 864 3124 919; x_wconf 87' lang='lat' dir='ltr'><strong>sic</strong></span> <span class='ocrx_word' id='word_1_488' title='bbox 3170 863 3310 916; x_wconf 88' lang='lat' dir='ltr'><strong>enim</strong></span> <span class='ocrx_word' id='word_1_489' title='bbox 3350 859 3566 916; x_wconf 72' lang='lat' dir='ltr'><strong>Iudaica</strong></span> <span class='ocrx_word' id='word_1_490' title='bbox 3590 870 3805 925; x_wconf 86' lang='lat' dir='ltr'><strong>quoque</strong></span> 
     </span>
    </p>
   </div>
   <div class='ocr_carea' id='block_1_65' title="bbox 2224 948 3802 1034">
    <p class='ocr_par' dir='ltr' id='par_1_65' title="bbox 2224 948 3802 1034">
     <span class='ocr_line' id='line_1_65' title="bbox 2224 948 3802 1034; baseline -0.015 -12"><span class='ocrx_word' id='word_1_491' title='bbox 2224 969 2402 1024; x_wconf 86' lang='lat' dir='ltr'><strong>omnia</strong></span> <span class='ocrx_word' id='word_1_492' title='bbox 2447 963 2770 1034; x_wconf 87' lang='lat' dir='ltr'><strong>improbabis</strong></span> <span class='ocrx_word' id='word_1_493' title='bbox 2788 1001 2805 1026; x_wconf 90' lang='lat'><strong>,</strong></span> <span class='ocrx_word' id='word_1_494' title='bbox 2831 955 3086 1014; x_wconf 79' lang='lat' dir='ltr'><strong>sacrificia</strong></span> <span class='ocrx_word' id='word_1_495' title='bbox 3111 967 3301 1020; x_wconf 87' lang='lat' dir='ltr'><strong>nempe</strong></span> <span class='ocrx_word' id='word_1_496' title='bbox 3320 992 3336 1017; x_wconf 93' lang='lat'><strong>,</strong></span> <span class='ocrx_word' id='word_1_497' title='bbox 3367 948 3761 1018; x_wconf 77' lang='lat' dir='ltr'><strong>puriﬁeationes</strong></span> <span class='ocrx_word' id='word_1_498' title='bbox 3783 985 3802 1010; x_wconf 95' lang='lat'><strong>,</strong></span> 
     </span>
    </p>
   </div>
   <div class='ocr_carea' id='block_1_66' title="bbox 2227 1035 3802 1120">
    <p class='ocr_par' dir='ltr' id='par_1_66' title="bbox 2227 1035 3802 1120">
     <span class='ocr_line' id='line_1_66' title="bbox 2227 1035 3802 1120; baseline -0.017 -7"><span class='ocrx_word' id='word_1_499' title='bbox 2227 1056 2532 1113; x_wconf 87' lang='lat' dir='ltr'><strong>neomenias</strong></span> <span class='ocrx_word' id='word_1_500' title='bbox 2553 1092 2571 1120; x_wconf 92' lang='lat'><strong>,</strong></span> <span class='ocrx_word' id='word_1_501' title='bbox 2598 1065 2777 1105; x_wconf 85' lang='lat' dir='ltr'><strong>arcam</strong></span> <span class='ocrx_word' id='word_1_502' title='bbox 2796 1090 2812 1114; x_wconf 91' lang='lat'><strong>,</strong></span> <span class='ocrx_word' id='word_1_503' title='bbox 2838 1041 3417 1118; x_wconf 24' lang='lat' dir='ltr'><strong>ipsumquevtemplum.</strong></span> <span class='ocrx_word' id='word_1_504' title='bbox 3447 1039 3572 1092; x_wconf 71' lang='lat' dir='ltr'><strong>Haec</strong></span> <span class='ocrx_word' id='word_1_505' title='bbox 3599 1035 3802 1105; x_wconf 81' lang='lat' dir='ltr'><strong>quippe</strong></span> 
     </span>
    </p>
   </div>
   <div class='ocr_carea' id='block_1_67' title="bbox 2225 1127 3808 1211">
    <p class='ocr_par' dir='ltr' id='par_1_67' title="bbox 2225 1127 3808 1211">
     <span class='ocr_line' id='line_1_67' title="bbox 2225 1127 3808 1211; baseline -0.015 -11"><span class='ocrx_word' id='word_1_506' title='bbox 2225 1147 2401 1202; x_wconf 89' lang='lat' dir='ltr'><strong>omnia</strong></span> <span class='ocrx_word' id='word_1_507' title='bbox 2443 1159 2512 1199; x_wconf 79' lang='lat' dir='ltr'><strong>ex</strong></span> <span class='ocrx_word' id='word_1_508' title='bbox 2545 1142 2778 1211; x_wconf 86' lang='lat' dir='ltr'><strong>gentium</strong></span> <span class='ocrx_word' id='word_1_509' title='bbox 2805 1135 3154 1192; x_wconf 86' lang='lat' dir='ltr'><strong>crassitudine</strong></span> <span class='ocrx_word' id='word_1_510' title='bbox 3183 1139 3360 1185; x_wconf 87' lang='lat' dir='ltr'><strong>ortum</strong></span> <span class='ocrx_word' id='word_1_511' title='bbox 3389 1128 3668 1182; x_wconf 82' lang='lat' dir='ltr'><strong>duxerunt.</strong></span> <span class='ocrx_word' id='word_1_512' title='bbox 3700 1127 3808 1178; x_wconf 77' lang='lat' dir='ltr'><strong>At-</strong></span> 
     </span>
    </p>
   </div>
   <div class='ocr_carea' id='block_1_68' title="bbox 2227 1219 3811 1292">
    <p class='ocr_par' dir='ltr' id='par_1_68' title="bbox 2227 1219 3811 1292">
     <span class='ocr_line' id='line_1_68' title="bbox 2227 1219 3811 1292; baseline -0.017 0"><span class='ocrx_word' id='word_1_513' title='bbox 2227 1246 2404 1292; x_wconf 90' lang='lat' dir='ltr'><strong>tamen</strong></span> <span class='ocrx_word' id='word_1_514' title='bbox 2447 1234 2588 1288; x_wconf 89' lang='lat' dir='ltr'><strong>Deus</strong></span> <span class='ocrx_word' id='word_1_515' title='bbox 2625 1231 2693 1292; x_wconf 90' lang='lat' dir='ltr'><strong>ad</strong></span> <span class='ocrx_word' id='word_1_516' title='bbox 2731 1227 3021 1283; x_wconf 89' lang='lat' dir='ltr'><strong>errantium</strong></span> <span class='ocrx_word' id='word_1_517' title='bbox 3060 1223 3283 1276; x_wconf 88' lang='lat' dir='ltr'><strong>salutem</strong></span> <span class='ocrx_word' id='word_1_518' title='bbox 3309 1219 3393 1272; x_wconf 90' lang='lat' dir='ltr'><strong>his</strong></span> <span class='ocrx_word' id='word_1_519' title='bbox 3419 1230 3478 1271; x_wconf 87' lang='lat' dir='ltr'><strong>se</strong></span> <span class='ocrx_word' id='word_1_520' title='bbox 3508 1227 3692 1284; x_wconf 90' lang='lat' dir='ltr'><strong>passus</strong></span> <span class='ocrx_word' id='word_1_521' title='bbox 3717 1221 3811 1267; x_wconf 79' lang='lat' dir='ltr'><strong>est</strong></span> 
     </span>
    </p>
   </div>
   <div class='ocr_carea' id='block_1_69' title="bbox 2228 1291 3807 1406">
    <p class='ocr_par' dir='ltr' id='par_1_69' title="bbox 2228 1291 3807 1406">
     <span class='ocr_line' id='line_1_69' title="bbox 2228 1291 3807 1406; baseline -0.018 -26"><span class='ocrx_word' id='word_1_522' title='bbox 2228 1326 2330 1406; x_wconf 76' lang='lat' dir='ltr'><strong>coli</strong></span> <span class='ocrx_word' id='word_1_523' title='bbox 2349 1364 2364 1390; x_wconf 96' lang='lat'><strong>,</strong></span> <span class='ocrx_word' id='word_1_524' title='bbox 2410 1322 2602 1392; x_wconf 91' lang='lat' dir='ltr'><strong>quibus</strong></span> <span class='ocrx_word' id='word_1_525' title='bbox 2635 1291 2918 1371; x_wconf 53' lang='lat' dir='ltr'><strong>&#39;deemonas</strong></span> <span class='ocrx_word' id='word_1_526' title='bbox 2942 1311 3168 1382; x_wconf 88' lang='lat' dir='ltr'><strong>gentiles</strong></span> <span class='ocrx_word' id='word_1_527' title='bbox 3198 1309 3269 1362; x_wconf 88' lang='lat' dir='ltr'><strong>illi</strong></span> <span class='ocrx_word' id='word_1_528' title='bbox 3297 1305 3573 1368; x_wconf 82' lang='lat' dir='ltr'><strong>colebant,</strong></span> <span class='ocrx_word' id='word_1_529' title='bbox 3601 1303 3691 1392; x_wconf 71' lang='lat' dir='ltr'><strong>illo</strong></span> <span class='ocrx_word' id='word_1_530' title='bbox 3718 1310 3807 1354; x_wconf 84' lang='lat' dir='ltr'><strong>ta-</strong></span> 
     </span>
    </p>
   </div>
   <div class='ocr_carea' id='block_1_70' title="bbox 2226 1394 3805 1476">
    <p class='ocr_par' dir='ltr' id='par_1_70' title="bbox 2226 1394 3805 1476">
     <span class='ocr_line' id='line_1_70' title="bbox 2226 1394 3805 1476; baseline -0.017 -6"><span class='ocrx_word' id='word_1_531' title='bbox 2226 1394 2348 1469; x_wconf 77' lang='lat' dir='ltr'><strong>inen</strong></span> <span class='ocrx_word' id='word_1_532' title='bbox 2387 1414 2530 1467; x_wconf 93' lang='lat' dir='ltr'><strong>cultu</strong></span> <span class='ocrx_word' id='word_1_533' title='bbox 2560 1411 2816 1476; x_wconf 86' lang='lat' dir='ltr'><strong>tantisper</strong></span> <span class='ocrx_word' id='word_1_534' title='bbox 2842 1411 3042 1459; x_wconf 87' lang='lat' dir='ltr'><strong>mutato</strong></span> <span class='ocrx_word' id='word_1_535' title='bbox 3061 1441 3076 1465; x_wconf 94' lang='lat'><strong>,</strong></span> <span class='ocrx_word' id='word_1_536' title='bbox 3108 1411 3164 1454; x_wconf 93' lang='lat' dir='ltr'><strong>ut</strong></span> <span class='ocrx_word' id='word_1_537' title='bbox 3191 1399 3311 1453; x_wconf 91' lang='lat' dir='ltr'><strong>illos</strong></span> <span class='ocrx_word' id='word_1_538' title='bbox 3340 1394 3589 1466; x_wconf 88' lang='lat' dir='ltr'><strong>paulatim</strong></span> <span class='ocrx_word' id='word_1_539' title='bbox 3612 1407 3638 1445; x_wconf 91' lang='lat' dir='ltr'><strong>a</strong></span> <span class='ocrx_word' id='word_1_540' title='bbox 3668 1405 3805 1445; x_wconf 54' lang='lat' dir='ltr'><strong>con.</strong></span> 
     </span>
    </p>
   </div>
   <div class='ocr_carea' id='block_1_71' title="bbox 2228 1481 3808 1560">
    <p class='ocr_par' dir='ltr' id='par_1_71' title="bbox 2228 1481 3808 1560">
     <span class='ocr_line' id='line_1_71' title="bbox 2228 1481 3808 1560; baseline -0.016 -2"><span class='ocrx_word' id='word_1_541' title='bbox 2228 1501 2504 1558; x_wconf 89' lang='lat' dir='ltr'><strong>suetudine</strong></span> <span class='ocrx_word' id='word_1_542' title='bbox 2529 1498 2820 1560; x_wconf 80' lang='lat' dir='ltr'><strong>abductos,,</strong></span> <span class='ocrx_word' id='word_1_543' title='bbox 2850 1493 2917 1546; x_wconf 89' lang='lat' dir='ltr'><strong>ad</strong></span> <span class='ocrx_word' id='word_1_544' title='bbox 2946 1491 3225 1546; x_wconf 77' lang='lat' dir='ltr'><strong>sublimem</strong></span> <span class='ocrx_word' id='word_1_545' title='bbox 3251 1489 3390 1540; x_wconf 84' lang='lat' dir='ltr'><strong>illam</strong></span> <span class='ocrx_word' id='word_1_546' title='bbox 3414 1481 3808 1553; x_wconf 85' lang='lat' dir='ltr'><strong>philosophiam</strong></span> 
     </span>
    </p>
   </div>
   <div class='ocr_carea' id='block_1_72' title="bbox 2228 1571 3812 1658">
    <p class='ocr_par' dir='ltr' id='par_1_72' title="bbox 2228 1571 3812 1658">
     <span class='ocr_line' id='line_1_72' title="bbox 2228 1571 3812 1658; baseline -0.018 -8"><span class='ocrx_word' id='word_1_547' title='bbox 2228 1595 2536 1650; x_wconf 89' lang='lat' dir='ltr'><strong>deduceret.</strong></span> <span class='ocrx_word' id='word_1_548' title='bbox 2570 1590 2624 1643; x_wconf 89' lang='lat' dir='ltr'><strong>Id</strong></span> <span class='ocrx_word' id='word_1_549' title='bbox 2647 1586 2786 1658; x_wconf 93' lang='lat' dir='ltr'><strong>quod</strong></span> <span class='ocrx_word' id='word_1_550' title='bbox 2813 1585 2970 1639; x_wconf 91' lang='lat' dir='ltr'><strong>etiam</strong></span> <span class='ocrx_word' id='word_1_551' title='bbox 2993 1583 3134 1636; x_wconf 89' lang='lat' dir='ltr'><strong>circa</strong></span> <span class='ocrx_word' id='word_1_552' title='bbox 3156 1591 3338 1646; x_wconf 83' lang='lat' dir='ltr'><strong>magos</strong></span> <span class='ocrx_word' id='word_1_553' title='bbox 3359 1574 3534 1630; x_wconf 72' lang='lat' dir='ltr'><strong>eﬂecit</strong></span> <span class='ocrx_word' id='word_1_554' title='bbox 3551 1613 3566 1638; x_wconf 89' lang='lat'><strong>,</strong></span> <span class='ocrx_word' id='word_1_555' title='bbox 3593 1587 3712 1626; x_wconf 89' lang='lat' dir='ltr'><strong>cum</strong></span> <span class='ocrx_word' id='word_1_556' title='bbox 3739 1571 3812 1624; x_wconf 88' lang='lat' dir='ltr'><strong>il-</strong></span> 
     </span>
    </p>
   </div>
   <div class='ocr_carea' id='block_1_73' title="bbox 2229 1662 3812 1751">
    <p class='ocr_par' dir='ltr' id='par_1_73' title="bbox 2229 1662 3812 1751">
     <span class='ocr_line' id='line_1_73' title="bbox 2229 1662 3812 1751; baseline -0.017 -12"><span class='ocrx_word' id='word_1_557' title='bbox 2229 1685 2309 1739; x_wconf 91' lang='lat' dir='ltr'><strong>los</strong></span> <span class='ocrx_word' id='word_1_558' title='bbox 2347 1697 2443 1751; x_wconf 89' lang='lat' dir='ltr'><strong>per</strong></span> <span class='ocrx_word' id='word_1_559' title='bbox 2484 1680 2652 1735; x_wconf 69' lang='lat' dir='ltr'><strong>stellae</strong></span> <span class='ocrx_word' id='word_1_560' title='bbox 2691 1677 2862 1730; x_wconf 90' lang='lat' dir='ltr'><strong>visum</strong></span> <span class='ocrx_word' id='word_1_561' title='bbox 2889 1673 3130 1733; x_wconf 88' lang='lat' dir='ltr'><strong>vocavit,</strong></span> <span class='ocrx_word' id='word_1_562' title='bbox 3163 1677 3222 1722; x_wconf 92' lang='lat' dir='ltr'><strong>ut</strong></span> <span class='ocrx_word' id='word_1_563' title='bbox 3248 1665 3438 1721; x_wconf 89' lang='lat' dir='ltr'><strong>deinde</strong></span> <span class='ocrx_word' id='word_1_564' title='bbox 3465 1662 3812 1716; x_wconf 84' lang='lat' dir='ltr'><strong>sublimiores</strong></span> 
     </span>
    </p>
   </div>
   <div class='ocr_carea' id='block_1_74' title="bbox 2230 1750 3815 1835">
    <p class='ocr_par' dir='ltr' id='par_1_74' title="bbox 2230 1750 3815 1835">
     <span class='ocr_line' id='line_1_74' title="bbox 2230 1750 3815 1835; baseline -0.019 -6"><span class='ocrx_word' id='word_1_565' title='bbox 2230 1750 2494 1829; x_wconf 88' lang='lat' dir='ltr'><strong>redderet.</strong></span> <span class='ocrx_word' id='word_1_566' title='bbox 2526 1769 2810 1835; x_wconf 84' lang='lat' dir='ltr'><strong>Postquam</strong></span> <span class='ocrx_word' id='word_1_567' title='bbox 2835 1764 2996 1832; x_wconf 87' lang='lat' dir='ltr'><strong>igitur</strong></span> <span class='ocrx_word' id='word_1_568' title='bbox 3017 1760 3136 1813; x_wconf 89' lang='lat' dir='ltr'><strong>illos</strong></span> <span class='ocrx_word' id='word_1_569' title='bbox 3161 1757 3225 1811; x_wconf 92' lang='lat' dir='ltr'><strong>ad</strong></span> <span class='ocrx_word' id='word_1_570' title='bbox 3256 1768 3492 1825; x_wconf 67' lang='lat' dir='ltr'><strong>prccsepe</strong></span> <span class='ocrx_word' id='word_1_571' title='bbox 3517 1750 3664 1820; x_wconf 88' lang='lat' dir='ltr'><strong>quasi</strong></span> <span class='ocrx_word' id='word_1_572' title='bbox 3689 1764 3815 1802; x_wconf 83' lang='lat' dir='ltr'><strong>ma-</strong></span> 
     </span>
    </p>
   </div>
   <div class='ocr_carea' id='block_1_75' title="bbox 2232 1843 3814 1920">
    <p class='ocr_par' dir='ltr' id='par_1_75' title="bbox 2232 1843 3814 1920">
     <span class='ocr_line' id='line_1_75' title="bbox 2232 1843 3814 1920; baseline -0.018 -5"><span class='ocrx_word' id='word_1_573' title='bbox 2232 1878 2304 1916; x_wconf 88' lang='lat' dir='ltr'><strong>nu</strong></span> <span class='ocrx_word' id='word_1_574' title='bbox 2348 1859 2672 1919; x_wconf 82' lang='lat' dir='ltr'><strong>deduxerat,</strong></span> <span class='ocrx_word' id='word_1_575' title='bbox 2713 1869 2817 1906; x_wconf 92' lang='lat' dir='ltr'><strong>non</strong></span> <span class='ocrx_word' id='word_1_576' title='bbox 2857 1866 2952 1920; x_wconf 89' lang='lat' dir='ltr'><strong>per</strong></span> <span class='ocrx_word' id='word_1_577' title='bbox 2971 1847 3178 1902; x_wconf 89' lang='lat' dir='ltr'><strong>stellam</strong></span> <span class='ocrx_word' id='word_1_578' title='bbox 3202 1844 3394 1899; x_wconf 89' lang='lat' dir='ltr'><strong>deinde</strong></span> <span class='ocrx_word' id='word_1_579' title='bbox 3415 1883 3431 1905; x_wconf 95' lang='lat'><strong>,</strong></span> <span class='ocrx_word' id='word_1_580' title='bbox 3461 1843 3554 1895; x_wconf 88' lang='lat' dir='ltr'><strong>sed</strong></span> <span class='ocrx_word' id='word_1_581' title='bbox 3585 1853 3677 1907; x_wconf 89' lang='lat' dir='ltr'><strong>per</strong></span> <span class='ocrx_word' id='word_1_582' title='bbox 3706 1853 3814 1890; x_wconf 80' lang='lat' dir='ltr'><strong>an-</strong></span> 
     </span>
    </p>
   </div>
   <div class='ocr_carea' id='block_1_76' title="bbox 2232 1926 3814 2019">
    <p class='ocr_par' dir='ltr' id='par_1_76' title="bbox 2232 1926 3814 2019">
     <span class='ocr_line' id='line_1_76' title="bbox 2232 1926 3814 2019; baseline -0.016 -17"><span class='ocrx_word' id='word_1_583' title='bbox 2232 1950 2410 2019; x_wconf 89' lang='lat' dir='ltr'><strong>gelum</strong></span> <span class='ocrx_word' id='word_1_584' title='bbox 2439 1948 2454 1977; x_wconf 74' lang='grc' dir='ltr'>ι</span> <span class='ocrx_word' id='word_1_585' title='bbox 2495 1945 2639 2013; x_wconf 87' lang='lat' dir='ltr'><strong>ipsos</strong></span> <span class='ocrx_word' id='word_1_586' title='bbox 2673 1941 2964 2007; x_wconf 89' lang='lat' dir='ltr'><strong>alloquitur</strong></span> <span class='ocrx_word' id='word_1_587' title='bbox 3009 1953 3022 1988; x_wconf 86' lang='lat'><strong>:</strong></span> <span class='ocrx_word' id='word_1_588' title='bbox 3069 1934 3146 1988; x_wconf 89' lang='lat' dir='ltr'><strong>sic</strong></span> <span class='ocrx_word' id='word_1_589' title='bbox 3175 1933 3244 1986; x_wconf 91' lang='lat' dir='ltr'><strong>illi</strong></span> <span class='ocrx_word' id='word_1_590' title='bbox 3271 1929 3526 2000; x_wconf 88' lang='lat' dir='ltr'><strong>gradatim</strong></span> <span class='ocrx_word' id='word_1_591' title='bbox 3557 1926 3814 1980; x_wconf 84' lang='lat' dir='ltr'><strong>meliores</strong></span> 
     </span>
    </p>
   </div>
   <div class='ocr_carea' id='block_1_77' title="bbox 2231 2013 3811 2097">
    <p class='ocr_par' dir='ltr' id='par_1_77' title="bbox 2231 2013 3811 2097">
     <span class='ocr_line' id='line_1_77' title="bbox 2231 2013 3811 2097; baseline -0.017 -4"><span class='ocrx_word' id='word_1_592' title='bbox 2231 2013 2405 2093; x_wconf 69' lang='lat' dir='ltr'><strong>effecti</strong></span> <span class='ocrx_word' id='word_1_593' title='bbox 2434 2041 2574 2088; x_wconf 89' lang='lat' dir='ltr'><strong>sunt.</strong></span> <span class='ocrx_word' id='word_1_594' title='bbox 2606 2031 2716 2086; x_wconf 84' lang='lat' dir='ltr'><strong>Hoc</strong></span> <span class='ocrx_word' id='word_1_595' title='bbox 2749 2030 2918 2097; x_wconf 90' lang='lat' dir='ltr'><strong>ipsum</strong></span> <span class='ocrx_word' id='word_1_596' title='bbox 2949 2025 3071 2078; x_wconf 79' lang='lat' dir='ltr'><strong>fecit</strong></span> <span class='ocrx_word' id='word_1_597' title='bbox 3095 2025 3231 2076; x_wconf 88' lang='lat' dir='ltr'><strong>circa</strong></span> <span class='ocrx_word' id='word_1_598' title='bbox 3260 2018 3590 2075; x_wconf 85' lang='lat' dir='ltr'><strong>Ascalonitas</strong></span> <span class='ocrx_word' id='word_1_599' title='bbox 3614 2023 3667 2070; x_wconf 90' lang='lat' dir='ltr'><strong>et</strong></span> <span class='ocrx_word' id='word_1_600' title='bbox 3694 2013 3811 2070; x_wconf 84' lang='lat' dir='ltr'><strong>Ga-</strong></span> 
     </span>
    </p>
   </div>
   <div class='ocr_carea' id='block_1_78' title="bbox 2233 2105 3812 2187">
    <p class='ocr_par' dir='ltr' id='par_1_78' title="bbox 2233 2105 3812 2187">
     <span class='ocr_line' id='line_1_78' title="bbox 2233 2105 3812 2187; baseline -0.015 -6"><span class='ocrx_word' id='word_1_601' title='bbox 2233 2140 2391 2181; x_wconf 68' lang='lat' dir='ltr'><strong>meos.</strong></span> <span class='ocrx_word' id='word_1_602' title='bbox 2430 2123 2560 2176; x_wconf 76' lang='lat' dir='ltr'><strong>Nam</strong></span> <span class='ocrx_word' id='word_1_603' title='bbox 2600 2128 2876 2187; x_wconf 84' lang='lat' dir='ltr'><strong>postquam</strong></span> <span class='ocrx_word' id='word_1_604' title='bbox 2907 2115 3139 2184; x_wconf 83' lang='lat' dir='ltr'><strong>quinque</strong></span> <span class='ocrx_word' id='word_1_605' title='bbox 3167 2112 3267 2164; x_wconf 70' lang='lat' dir='ltr'><strong>illae</strong></span> <span class='ocrx_word' id='word_1_606' title='bbox 3289 2108 3527 2162; x_wconf 88' lang='lat' dir='ltr'><strong>civitates</strong></span> <span class='ocrx_word' id='word_1_607' title='bbox 3546 2146 3561 2168; x_wconf 93' lang='lat'><strong>,</strong></span> <span class='ocrx_word' id='word_1_608' title='bbox 3587 2119 3708 2159; x_wconf 88' lang='lat' dir='ltr'><strong>arca</strong></span> <span class='ocrx_word' id='word_1_609' title='bbox 3733 2105 3812 2158; x_wconf 88' lang='lat' dir='ltr'><strong>ad</strong></span> 
     </span>
    </p>
   </div>
   <div class='ocr_carea' id='block_1_79' title="bbox 2233 2193 3811 2273">
    <p class='ocr_par' dir='ltr' id='par_1_79' title="bbox 2233 2193 3811 2273">
     <span class='ocr_line' id='line_1_79' title="bbox 2233 2193 3811 2273; baseline -0.014 -5"><span class='ocrx_word' id='word_1_610' title='bbox 2233 2231 2290 2270; x_wconf 90' lang='lat' dir='ltr'><strong>se</strong></span> <span class='ocrx_word' id='word_1_611' title='bbox 2329 2211 2571 2266; x_wconf 90' lang='lat' dir='ltr'><strong>veniente</strong></span> <span class='ocrx_word' id='word_1_612' title='bbox 2593 2248 2608 2272; x_wconf 85' lang='lat'><strong>,</strong></span> <span class='ocrx_word' id='word_1_613' title='bbox 2637 2207 2777 2261; x_wconf 89' lang='lat' dir='ltr'><strong>letali</strong></span> <span class='ocrx_word' id='word_1_614' title='bbox 2811 2205 2958 2273; x_wconf 84' lang='lat' dir='ltr'><strong>plaga</strong></span> <span class='ocrx_word' id='word_1_615' title='bbox 2981 2213 3244 2270; x_wconf 68' lang='lat' dir='ltr'><strong>percussa:</strong></span> <span class='ocrx_word' id='word_1_616' title='bbox 3268 2205 3426 2260; x_wconf 89' lang='lat' dir='ltr'><strong>sunt,</strong></span> <span class='ocrx_word' id='word_1_617' title='bbox 3453 2210 3575 2248; x_wconf 90' lang='lat' dir='ltr'><strong>eum</strong></span> <span class='ocrx_word' id='word_1_618' title='bbox 3601 2193 3811 2246; x_wconf 85' lang='lat' dir='ltr'><strong>nullum</strong></span> 
     </span>
    </p>
   </div>
   <div class='ocr_carea' id='block_1_80' title="bbox 2232 2285 3826 2375">
    <p class='ocr_par' dir='ltr' id='par_1_80' title="bbox 2232 2285 3826 2375">
     <span class='ocr_line' id='line_1_80' title="bbox 2232 2285 3826 2375; baseline -0.02 -14"><span class='ocrx_word' id='word_1_619' title='bbox 2232 2302 2599 2375; x_wconf 80' lang='lat' dir='ltr'><strong>ingruentibus</strong></span> <span class='ocrx_word' id='word_1_620' title='bbox 2626 2298 2782 2354; x_wconf 89' lang='lat' dir='ltr'><strong>malis</strong></span> <span class='ocrx_word' id='word_1_621' title='bbox 2808 2296 3096 2351; x_wconf 89' lang='lat' dir='ltr'><strong>remedium</strong></span> <span class='ocrx_word' id='word_1_622' title='bbox 3121 2290 3455 2348; x_wconf 87' lang='lat' dir='ltr'><strong>invenirent,</strong></span> <span class='ocrx_word' id='word_1_623' title='bbox 3486 2285 3686 2338; x_wconf 88' lang='lat' dir='ltr'><strong>vocatis</strong></span> <span class='ocrx_word' id='word_1_624' title='bbox 3717 2296 3826 2331; x_wconf 83' lang='lat' dir='ltr'><strong>va-</strong></span> 
     </span>
    </p>
   </div>
   <div class='ocr_carea' id='block_1_81' title="bbox 2235 2369 3827 2459">
    <p class='ocr_par' dir='ltr' id='par_1_81' title="bbox 2235 2369 3827 2459">
     <span class='ocr_line' id='line_1_81' title="bbox 2235 2369 3827 2459; baseline -0.017 -11"><span class='ocrx_word' id='word_1_625' title='bbox 2235 2369 2376 2448; x_wconf 72' lang='lat' dir='ltr'><strong>tibus</strong></span> <span class='ocrx_word' id='word_1_626' title='bbox 2430 2401 2483 2446; x_wconf 84' lang='lat' dir='ltr'><strong>et</strong></span> <span class='ocrx_word' id='word_1_627' title='bbox 2519 2395 2839 2459; x_wconf 83' lang='lat' dir='ltr'><strong>congregato</strong></span> <span class='ocrx_word' id='word_1_628' title='bbox 2877 2392 3020 2439; x_wconf 65' lang='lat' dir='ltr'><strong>cuitu</strong></span> <span class='ocrx_word' id='word_1_629' title='bbox 3045 2379 3311 2450; x_wconf 78' lang='lat' dir='ltr'><strong>quomodo</strong></span> <span class='ocrx_word' id='word_1_630' title='bbox 3336 2375 3593 2429; x_wconf 88' lang='lat' dir='ltr'><strong>divinitus</strong></span> <span class='ocrx_word' id='word_1_631' title='bbox 3615 2369 3827 2424; x_wconf 89' lang='lat' dir='ltr'><strong>immis-</strong></span> 
     </span>
    </p>
   </div>
   <div class='ocr_carea' id='block_1_82' title="bbox 2239 2462 3828 2540">
    <p class='ocr_par' dir='ltr' id='par_1_82' title="bbox 2239 2462 3828 2540">
     <span class='ocr_line' id='line_1_82' title="bbox 2239 2462 3828 2540; baseline -0.015 0"><span class='ocrx_word' id='word_1_632' title='bbox 2239 2501 2355 2540; x_wconf 86' lang='lat' dir='ltr'><strong>sum</strong></span> <span class='ocrx_word' id='word_1_633' title='bbox 2383 2484 2579 2537; x_wconf 87' lang='lat' dir='ltr'><strong>malum</strong></span> <span class='ocrx_word' id='word_1_634' title='bbox 2601 2487 2910 2534; x_wconf 88' lang='lat' dir='ltr'><strong>amoverent</strong></span> <span class='ocrx_word' id='word_1_635' title='bbox 2928 2473 3295 2529; x_wconf 84' lang='lat' dir='ltr'><strong>consultabant</strong></span> <span class='ocrx_word' id='word_1_636' title='bbox 3323 2470 3398 2535; x_wconf 84' lang='lat' dir='ltr'><strong>(I.</strong></span> <span class='ocrx_word' id='word_1_637' title='bbox 3422 2463 3546 2536; x_wconf 57' lang='lat' dir='ltr'><strong>Red.</strong></span> <span class='ocrx_word' id='word_1_638' title='bbox 3572 2464 3650 2535; x_wconf 79' lang='lat'><strong>5).</strong></span> <span class='ocrx_word' id='word_1_639' title='bbox 3683 2462 3828 2516; x_wconf 87' lang='lat' dir='ltr'><strong>liinc</strong></span> 
     </span>
    </p>
   </div>
   <div class='ocr_carea' id='block_1_83' title="bbox 2235 2554 3829 2632">
    <p class='ocr_par' dir='ltr' id='par_1_83' title="bbox 2235 2554 3829 2632">
     <span class='ocr_line' id='line_1_83' title="bbox 2235 2554 3829 2632; baseline -0.013 -6"><span class='ocrx_word' id='word_1_640' title='bbox 2235 2575 2442 2628; x_wconf 86' lang='lat' dir='ltr'><strong>vatibus</strong></span> <span class='ocrx_word' id='word_1_641' title='bbox 2482 2571 2816 2632; x_wconf 90' lang='lat' dir='ltr'><strong>dicentibus,</strong></span> <span class='ocrx_word' id='word_1_642' title='bbox 2867 2578 3052 2619; x_wconf 90' lang='lat' dir='ltr'><strong>vaccas</strong></span> <span class='ocrx_word' id='word_1_643' title='bbox 3097 2561 3378 2615; x_wconf 87' lang='lat' dir='ltr'><strong>indomitas</strong></span> <span class='ocrx_word' id='word_1_644' title='bbox 3426 2568 3478 2610; x_wconf 91' lang='lat' dir='ltr'><strong>et</strong></span> <span class='ocrx_word' id='word_1_645' title='bbox 3505 2554 3829 2624; x_wconf 74' lang='lat' dir='ltr'><strong>primiparas</strong></span> 
     </span>
    </p>
   </div>
   <div class='ocr_carea' id='block_1_84' title="bbox 2233 2643 3823 2730">
    <p class='ocr_par' dir='ltr' id='par_1_84' title="bbox 2233 2643 3823 2730">
     <span class='ocr_line' id='line_1_84' title="bbox 2233 2643 3823 2730; baseline -0.015 -14"><span class='ocrx_word' id='word_1_646' title='bbox 2233 2677 2370 2715; x_wconf 71' lang='lat' dir='ltr'><strong>arere</strong></span> <span class='ocrx_word' id='word_1_647' title='bbox 2393 2661 2539 2730; x_wconf 84' lang='lat' dir='ltr'><strong>jungi</strong></span> <span class='ocrx_word' id='word_1_648' title='bbox 2568 2666 2818 2726; x_wconf 79' lang='lat' dir='ltr'><strong>Oportere</strong></span> <span class='ocrx_word' id='word_1_649' title='bbox 2844 2695 2858 2719; x_wconf 90' lang='lat'><strong>,</strong></span> <span class='ocrx_word' id='word_1_650' title='bbox 2892 2663 2949 2706; x_wconf 92' lang='lat' dir='ltr'><strong>ut</strong></span> <span class='ocrx_word' id='word_1_651' title='bbox 2972 2652 3116 2705; x_wconf 91' lang='lat' dir='ltr'><strong>nullo</strong></span> <span class='ocrx_word' id='word_1_652' title='bbox 3143 2650 3275 2702; x_wconf 89' lang='lat' dir='ltr'><strong>duce</strong></span> <span class='ocrx_word' id='word_1_653' title='bbox 3306 2660 3412 2715; x_wconf 93' lang='lat' dir='ltr'><strong>quo</strong></span> <span class='ocrx_word' id='word_1_654' title='bbox 3435 2645 3633 2698; x_wconf 88' lang='lat' dir='ltr'><strong>vellent</strong></span> <span class='ocrx_word' id='word_1_655' title='bbox 3655 2643 3823 2705; x_wconf 88' lang='lat' dir='ltr'><strong>irent;</strong></span> 
     </span>
    </p>
   </div>
   <div class='ocr_carea' id='block_1_85' title="bbox 2236 2740 3828 2820">
    <p class='ocr_par' dir='ltr' id='par_1_85' title="bbox 2236 2740 3828 2820">
     <span class='ocr_line' id='line_1_85' title="bbox 2236 2740 3828 2820; baseline -0.013 -16"><span class='ocrx_word' id='word_1_656' title='bbox 2236 2751 2464 2820; x_wconf 88' lang='lat' dir='ltr'><strong>hincque</strong></span> <span class='ocrx_word' id='word_1_657' title='bbox 2501 2748 2837 2817; x_wconf 84' lang='lat' dir='ltr'><strong>exploratum</strong></span> <span class='ocrx_word' id='word_1_658' title='bbox 2887 2744 3000 2798; x_wconf 77' lang='lat' dir='ltr'><strong>fore</strong></span> <span class='ocrx_word' id='word_1_659' title='bbox 3028 2756 3092 2794; x_wconf 87' lang='lat' dir='ltr'><strong>an</strong></span> <span class='ocrx_word' id='word_1_660' title='bbox 3120 2740 3373 2794; x_wconf 88' lang='lat' dir='ltr'><strong>divinitus</strong></span> <span class='ocrx_word' id='word_1_661' title='bbox 3393 2776 3408 2800; x_wconf 94' lang='lat'><strong>,</strong></span> <span class='ocrx_word' id='word_1_662' title='bbox 3436 2750 3503 2788; x_wconf 86' lang='lat' dir='ltr'><strong>an</strong></span> <span class='ocrx_word' id='word_1_663' title='bbox 3532 2749 3655 2789; x_wconf 89' lang='lat' dir='ltr'><strong>casu</strong></span> <span class='ocrx_word' id='word_1_664' title='bbox 3681 2747 3828 2802; x_wconf 79' lang='lat' dir='ltr'><strong>quo-</strong></span> 
     </span>
    </p>
   </div>
   <div class='ocr_carea' id='block_1_86' title="bbox 2238 2825 3830 2911">
    <p class='ocr_par' dir='ltr' id='par_1_86' title="bbox 2238 2825 3830 2911">
     <span class='ocr_line' id='line_1_86' title="bbox 2238 2825 3830 2911; baseline -0.011 -16"><span class='ocrx_word' id='word_1_665' title='bbox 2238 2842 2378 2911; x_wconf 90' lang='lat' dir='ltr'><strong>piam</strong></span> <span class='ocrx_word' id='word_1_666' title='bbox 2425 2840 2694 2893; x_wconf 88' lang='lat' dir='ltr'><strong>immissus</strong></span> <span class='ocrx_word' id='word_1_667' title='bbox 2723 2835 2944 2890; x_wconf 88' lang='lat' dir='ltr'><strong>morbus</strong></span> <span class='ocrx_word' id='word_1_668' title='bbox 2971 2842 3112 2887; x_wconf 87' lang='lat' dir='ltr'><strong>esset</strong></span> <span class='ocrx_word' id='word_1_669' title='bbox 3142 2830 3301 2900; x_wconf 87' lang='lat' dir='ltr'><strong>(Ibid.</strong></span> <span class='ocrx_word' id='word_1_670' title='bbox 3333 2827 3390 2897; x_wconf 86' lang='lat'><strong>6)</strong></span> <span class='ocrx_word' id='word_1_671' title='bbox 3419 2844 3434 2890; x_wconf 89' lang='lat'><strong>;</strong></span> <span class='ocrx_word' id='word_1_672' title='bbox 3463 2841 3584 2879; x_wconf 89' lang='lat' dir='ltr'><strong>nam</strong></span> <span class='ocrx_word' id='word_1_673' title='bbox 3615 2826 3680 2888; x_wconf 90' lang='lat' dir='ltr'><strong>si,</strong></span> <span class='ocrx_word' id='word_1_674' title='bbox 3707 2825 3830 2877; x_wconf 87' lang='lat' dir='ltr'><strong>aie-</strong></span> 
     </span>
    </p>
   </div>
   <div class='ocr_carea' id='block_1_87' title="bbox 2238 2914 3828 2998">
    <p class='ocr_par' dir='ltr' id='par_1_87' title="bbox 2238 2914 3828 2998">
     <span class='ocr_line' id='line_1_87' title="bbox 2238 2914 3828 2998; baseline -0.01 -15"><span class='ocrx_word' id='word_1_675' title='bbox 2238 2932 2364 2984; x_wconf 90' lang='lat' dir='ltr'><strong>bant</strong></span> <span class='ocrx_word' id='word_1_676' title='bbox 2389 2971 2402 2994; x_wconf 94' lang='lat'><strong>,</strong></span> <span class='ocrx_word' id='word_1_677' title='bbox 2430 2929 2618 2998; x_wconf 82' lang='lat' dir='ltr'><strong>jugum</strong></span> <span class='ocrx_word' id='word_1_678' title='bbox 2648 2943 2712 2980; x_wconf 78' lang='lat' dir='ltr'><strong>ex</strong></span> <span class='ocrx_word' id='word_1_679' title='bbox 2742 2924 3004 2993; x_wconf 89' lang='lat' dir='ltr'><strong>imperitia</strong></span> <span class='ocrx_word' id='word_1_680' title='bbox 3036 2924 3051 2952; x_wconf 75' lang='grc' dir='ltr'>ί</span> <span class='ocrx_word' id='word_1_681' title='bbox 3084 2926 3360 2974; x_wconf 83' lang='lat' dir='ltr'><strong>conterent</strong></span> <span class='ocrx_word' id='word_1_682' title='bbox 3381 2959 3396 2982; x_wconf 92' lang='lat'><strong>,</strong></span> <span class='ocrx_word' id='word_1_683' title='bbox 3425 2917 3505 2970; x_wconf 89' lang='lat' dir='ltr'><strong>vel</strong></span> <span class='ocrx_word' id='word_1_684' title='bbox 3534 2916 3576 2969; x_wconf 88' lang='lat' dir='ltr'><strong>si</strong></span> <span class='ocrx_word' id='word_1_685' title='bbox 3607 2914 3671 2969; x_wconf 90' lang='lat' dir='ltr'><strong>ad</strong></span> <span class='ocrx_word' id='word_1_686' title='bbox 3699 2929 3828 2968; x_wconf 87' lang='lat' dir='ltr'><strong>mu-</strong></span> 
     </span>
    </p>
   </div>
   <div class='ocr_carea' id='block_1_88' title="bbox 2237 3005 3829 3089">
    <p class='ocr_par' dir='ltr' id='par_1_88' title="bbox 2237 3005 3829 3089">
     <span class='ocr_line' id='line_1_88' title="bbox 2237 3005 3829 3089; baseline -0.008 -18"><span class='ocrx_word' id='word_1_687' title='bbox 2237 3020 2443 3089; x_wconf 84' lang='lat' dir='ltr'><strong>gientes</strong></span> <span class='ocrx_word' id='word_1_688' title='bbox 2487 3019 2681 3070; x_wconf 84' lang='lat' dir='ltr'><strong>vitulos</strong></span> <span class='ocrx_word' id='word_1_689' title='bbox 2720 3023 3028 3074; x_wconf 88' lang='lat' dir='ltr'><strong>vertantur,</strong></span> <span class='ocrx_word' id='word_1_690' title='bbox 3072 3011 3219 3078; x_wconf 79' lang='lat' dir='ltr'><strong>plaga</strong></span> <span class='ocrx_word' id='word_1_691' title='bbox 3266 3022 3390 3060; x_wconf 92' lang='lat' dir='ltr'><strong>casu</strong></span> <span class='ocrx_word' id='word_1_692' title='bbox 3417 3005 3705 3067; x_wconf 87' lang='lat' dir='ltr'><strong>acciderit;</strong></span> <span class='ocrx_word' id='word_1_693' title='bbox 3738 3006 3829 3060; x_wconf 88' lang='lat' dir='ltr'><strong>sin</strong></span> 
     </span>
    </p>
   </div>
   <div class='ocr_carea' id='block_1_89' title="bbox 2243 3091 3815 3175">
    <p class='ocr_par' dir='ltr' id='par_1_89' title="bbox 2243 3091 3815 3175">
     <span class='ocr_line' id='line_1_89' title="bbox 2243 3091 3815 3175; baseline -0.011 -14"><span class='ocrx_word' id='word_1_694' title='bbox 2243 3116 2386 3161; x_wconf 82' lang='lat' dir='ltr'><strong>recta</strong></span> <span class='ocrx_word' id='word_1_695' title='bbox 2402 3113 2645 3175; x_wconf 78' lang='lat' dir='ltr'><strong>pergant,</strong></span> <span class='ocrx_word' id='word_1_696' title='bbox 2666 3116 2840 3170; x_wconf 88' lang='lat' dir='ltr'><strong>neque</strong></span> <span class='ocrx_word' id='word_1_697' title='bbox 2857 3101 2971 3154; x_wconf 88' lang='lat' dir='ltr'><strong>sive</strong></span> <span class='ocrx_word' id='word_1_698' title='bbox 2993 3105 3212 3167; x_wconf 90' lang='lat' dir='ltr'><strong>propter</strong></span> <span class='ocrx_word' id='word_1_699' title='bbox 3227 3095 3520 3148; x_wconf 90' lang='lat' dir='ltr'><strong>vitulorum</strong></span> <span class='ocrx_word' id='word_1_700' title='bbox 3539 3091 3815 3161; x_wconf 88' lang='lat' dir='ltr'><strong>mugitum</strong></span> 
     </span>
    </p>
   </div>
   <div class='ocr_carea' id='block_1_90' title="bbox 2244 3181 3827 3262">
    <p class='ocr_par' dir='ltr' id='par_1_90' title="bbox 2244 3181 3827 3262">
     <span class='ocr_line' id='line_1_90' title="bbox 2244 3181 3827 3262; baseline -0.009 -14"><span class='ocrx_word' id='word_1_701' title='bbox 2244 3197 2356 3248; x_wconf 88' lang='lat' dir='ltr'><strong>sive</strong></span> <span class='ocrx_word' id='word_1_702' title='bbox 2391 3203 2612 3262; x_wconf 90' lang='lat' dir='ltr'><strong>propter</strong></span> <span class='ocrx_word' id='word_1_703' title='bbox 2650 3193 2750 3244; x_wconf 82' lang='lat' dir='ltr'><strong>viae</strong></span> <span class='ocrx_word' id='word_1_704' title='bbox 2788 3188 3145 3257; x_wconf 85' lang='lat' dir='ltr'><strong>ignorantiam</strong></span> <span class='ocrx_word' id='word_1_705' title='bbox 3165 3186 3440 3245; x_wconf 88' lang='lat' dir='ltr'><strong>aberrent,</strong></span> <span class='ocrx_word' id='word_1_706' title='bbox 3462 3181 3827 3248; x_wconf 87' lang='lat' dir='ltr'><strong>conspicuum</strong></span> 
     </span>
    </p>
   </div>
   <div class='ocr_carea' id='block_1_91' title="bbox 2244 3271 3824 3350">
    <p class='ocr_par' dir='ltr' id='par_1_91' title="bbox 2244 3271 3824 3350">
     <span class='ocr_line' id='line_1_91' title="bbox 2244 3271 3824 3350; baseline -0.008 -13"><span class='ocrx_word' id='word_1_707' title='bbox 2244 3285 2344 3337; x_wconf 90' lang='lat' dir='ltr'><strong>erit</strong></span> <span class='ocrx_word' id='word_1_708' title='bbox 2361 3283 2532 3350; x_wconf 88' lang='lat' dir='ltr'><strong>ipsam</strong></span> <span class='ocrx_word' id='word_1_709' title='bbox 2547 3281 2637 3335; x_wconf 87' lang='lat' dir='ltr'><strong>Dei</strong></span> <span class='ocrx_word' id='word_1_710' title='bbox 2657 3275 2875 3334; x_wconf 81' lang='lat' dir='ltr'><strong>manuni</strong></span> <span class='ocrx_word' id='word_1_711' title='bbox 2897 3278 2993 3330; x_wconf 84' lang='lat' dir='ltr'><strong>bas</strong></span> <span class='ocrx_word' id='word_1_712' title='bbox 3008 3277 3170 3329; x_wconf 89' lang='lat' dir='ltr'><strong>urbes</strong></span> <span class='ocrx_word' id='word_1_713' title='bbox 3190 3271 3545 3347; x_wconf 78' lang='lat' dir='ltr'><strong>percussisse:</strong></span> <span class='ocrx_word' id='word_1_714' title='bbox 3563 3271 3689 3339; x_wconf 83' lang='lat' dir='ltr'><strong>quia</strong></span> <span class='ocrx_word' id='word_1_715' title='bbox 3711 3272 3824 3340; x_wconf 77' lang='lat' dir='ltr'><strong>igi-</strong></span> 
     </span>
    </p>
   </div>
   <div class='ocr_carea' id='block_1_92' title="bbox 2248 3361 3824 3437">
    <p class='ocr_par' dir='ltr' id='par_1_92' title="bbox 2248 3361 3824 3437">
     <span class='ocr_line' id='line_1_92' title="bbox 2248 3361 3824 3437; baseline -0.006 -12"><span class='ocrx_word' id='word_1_716' title='bbox 2248 3384 2337 3426; x_wconf 87' lang='lat' dir='ltr'><strong>tur</strong></span> <span class='ocrx_word' id='word_1_717' title='bbox 2352 3381 2534 3426; x_wconf 90' lang='lat' dir='ltr'><strong>vatum</strong></span> <span class='ocrx_word' id='word_1_718' title='bbox 2557 3373 2715 3424; x_wconf 86' lang='lat' dir='ltr'><strong>dictis</strong></span> <span class='ocrx_word' id='word_1_719' title='bbox 2735 3376 3028 3437; x_wconf 88' lang='lat' dir='ltr'><strong>paruerunt</strong></span> <span class='ocrx_word' id='word_1_720' title='bbox 3053 3367 3261 3419; x_wconf 88' lang='lat' dir='ltr'><strong>illarum</strong></span> <span class='ocrx_word' id='word_1_721' title='bbox 3283 3364 3564 3417; x_wconf 77' lang='lat' dir='ltr'><strong>civitatum</strong></span> <span class='ocrx_word' id='word_1_722' title='bbox 3597 3361 3824 3422; x_wconf 61' lang='lat' dir='ltr'><strong>incola.</strong></span> 
     </span>
    </p>
   </div>
   <div class='ocr_carea' id='block_1_93' title="bbox 2245 3456 3833 3531">
    <p class='ocr_par' dir='ltr' id='par_1_93' title="bbox 2245 3456 3833 3531">
     <span class='ocr_line' id='line_1_93' title="bbox 2245 3456 3833 3531; baseline -0.011 -11"><span class='ocrx_word' id='word_1_723' title='bbox 2245 3470 2383 3520; x_wconf 88' lang='lat' dir='ltr'><strong>Deus</strong></span> <span class='ocrx_word' id='word_1_724' title='bbox 2419 3466 2576 3519; x_wconf 90' lang='lat' dir='ltr'><strong>ctiam</strong></span> <span class='ocrx_word' id='word_1_725' title='bbox 2596 3505 2613 3531; x_wconf 96' lang='lat'><strong>,</strong></span> <span class='ocrx_word' id='word_1_726' title='bbox 2643 3462 2964 3531; x_wconf 87' lang='lat' dir='ltr'><strong>indulgentia</strong></span> <span class='ocrx_word' id='word_1_727' title='bbox 2995 3473 3120 3512; x_wconf 89' lang='lat' dir='ltr'><strong>usus</strong></span> <span class='ocrx_word' id='word_1_728' title='bbox 3141 3499 3155 3522; x_wconf 92' lang='lat'><strong>,</strong></span> <span class='ocrx_word' id='word_1_729' title='bbox 3188 3467 3366 3510; x_wconf 81' lang='lat' dir='ltr'><strong>vatum</strong></span> <span class='ocrx_word' id='word_1_730' title='bbox 3393 3456 3704 3510; x_wconf 87' lang='lat' dir='ltr'><strong>sententiam</strong></span> <span class='ocrx_word' id='word_1_731' title='bbox 3731 3470 3833 3509; x_wconf 76' lang='lat' dir='ltr'><strong>sc-</strong></span> 
     </span>
    </p>
   </div>
   <div class='ocr_carea' id='block_1_94' title="bbox 2239 3547 3836 3628">
    <p class='ocr_par' dir='ltr' id='par_1_94' title="bbox 2239 3547 3836 3628">
     <span class='ocr_line' id='line_1_94' title="bbox 2239 3547 3836 3628; baseline -0.009 -18"><span class='ocrx_word' id='word_1_732' title='bbox 2239 3567 2435 3628; x_wconf 90' lang='lat' dir='ltr'><strong>quatus</strong></span> <span class='ocrx_word' id='word_1_733' title='bbox 2473 3563 2584 3617; x_wconf 83' lang='lat' dir='ltr'><strong>est,</strong></span> <span class='ocrx_word' id='word_1_734' title='bbox 2621 3568 2716 3608; x_wconf 90' lang='lat' dir='ltr'><strong>nec</strong></span> <span class='ocrx_word' id='word_1_735' title='bbox 2749 3553 3023 3619; x_wconf 85' lang='lat' dir='ltr'><strong>majestate</strong></span> <span class='ocrx_word' id='word_1_736' title='bbox 3053 3563 3146 3602; x_wconf 90' lang='lat' dir='ltr'><strong>sua</strong></span> <span class='ocrx_word' id='word_1_737' title='bbox 3171 3547 3438 3615; x_wconf 87' lang='lat' dir='ltr'><strong>indignum</strong></span> <span class='ocrx_word' id='word_1_738' title='bbox 3467 3548 3698 3613; x_wconf 86' lang='lat' dir='ltr'><strong>putavit,</strong></span> <span class='ocrx_word' id='word_1_739' title='bbox 3733 3559 3836 3596; x_wconf 85' lang='lat' dir='ltr'><strong>va-</strong></span> 
     </span>
    </p>
   </div>
   <div class='ocr_carea' id='block_1_95' title="bbox 2241 3622 3838 3718">
    <p class='ocr_par' dir='ltr' id='par_1_95' title="bbox 2241 3622 3838 3718">
     <span class='ocr_line' id='line_1_95' title="bbox 2241 3622 3838 3718; baseline -0.009 -15"><span class='ocrx_word' id='word_1_740' title='bbox 2241 3622 2350 3702; x_wconf 82' lang='lat' dir='ltr'><strong>tum</strong></span> <span class='ocrx_word' id='word_1_741' title='bbox 2397 3647 2790 3718; x_wconf 71' lang='lat' dir='ltr'><strong>praedictionem</strong></span> <span class='ocrx_word' id='word_1_742' title='bbox 2829 3642 2893 3694; x_wconf 91' lang='lat' dir='ltr'><strong>ad</strong></span> <span class='ocrx_word' id='word_1_743' title='bbox 2921 3635 3052 3709; x_wconf 82' lang='lat' dir='ltr'><strong>opiis</strong></span> <span class='ocrx_word' id='word_1_744' title='bbox 3076 3638 3341 3692; x_wconf 89' lang='lat' dir='ltr'><strong>deducere</strong></span> <span class='ocrx_word' id='word_1_745' title='bbox 3366 3677 3382 3702; x_wconf 90' lang='lat'><strong>,</strong></span> <span class='ocrx_word' id='word_1_746' title='bbox 3407 3644 3461 3690; x_wconf 91' lang='lat' dir='ltr'><strong>et</strong></span> <span class='ocrx_word' id='word_1_747' title='bbox 3483 3622 3645 3690; x_wconf 77' lang='lat' dir='ltr'><strong>ﬁdem</strong></span> <span class='ocrx_word' id='word_1_748' title='bbox 3670 3633 3838 3688; x_wconf 84' lang='lat' dir='ltr'><strong>dictis</strong></span> 
     </span>
    </p>
   </div>
   <div class='ocr_carea' id='block_1_96' title="bbox 2243 3723 3828 3797">
    <p class='ocr_par' dir='ltr' id='par_1_96' title="bbox 2243 3723 3828 3797">
     <span class='ocr_line' id='line_1_96' title="bbox 2243 3723 3828 3797; baseline -0.009 -5"><span class='ocrx_word' id='word_1_749' title='bbox 2243 3753 2426 3792; x_wconf 87' lang='lat' dir='ltr'><strong>eorum</strong></span> <span class='ocrx_word' id='word_1_750' title='bbox 2473 3735 2777 3790; x_wconf 88' lang='lat' dir='ltr'><strong>conciliare.</strong></span> <span class='ocrx_word' id='word_1_751' title='bbox 2825 3732 2901 3784; x_wconf 84' lang='lat' dir='ltr'><strong>Eo</strong></span> <span class='ocrx_word' id='word_1_752' title='bbox 2946 3730 3115 3797; x_wconf 79' lang='lat' dir='ltr'><strong>major</strong></span> <span class='ocrx_word' id='word_1_753' title='bbox 3144 3731 3286 3782; x_wconf 91' lang='lat' dir='ltr'><strong>enim</strong></span> <span class='ocrx_word' id='word_1_754' title='bbox 3316 3740 3402 3780; x_wconf 85' lang='lat' dir='ltr'><strong>res</strong></span> <span class='ocrx_word' id='word_1_755' title='bbox 3426 3733 3571 3795; x_wconf 88' lang='lat' dir='ltr'><strong>gesta</strong></span> <span class='ocrx_word' id='word_1_756' title='bbox 3599 3723 3828 3778; x_wconf 88' lang='lat' dir='ltr'><strong>videba-</strong></span> 
     </span>
    </p>
   </div>
   <div class='ocr_carea' id='block_1_97' title="bbox 2242 3815 3828 3893">
    <p class='ocr_par' dir='ltr' id='par_1_97' title="bbox 2242 3815 3828 3893">
     <span class='ocr_line' id='line_1_97' title="bbox 2242 3815 3828 3893; baseline -0.009 -11"><span class='ocrx_word' id='word_1_757' title='bbox 2242 3837 2348 3893; x_wconf 90' lang='lat' dir='ltr'><strong>tur,</strong></span> <span class='ocrx_word' id='word_1_758' title='bbox 2393 3826 2436 3880; x_wconf 91' lang='lat' dir='ltr'><strong>si</strong></span> <span class='ocrx_word' id='word_1_759' title='bbox 2478 3825 2570 3878; x_wconf 90' lang='lat' dir='ltr'><strong>Dei</strong></span> <span class='ocrx_word' id='word_1_760' title='bbox 2601 3823 2888 3891; x_wconf 87' lang='lat' dir='ltr'><strong>potentiam</strong></span> <span class='ocrx_word' id='word_1_761' title='bbox 2926 3822 3021 3888; x_wconf 89' lang='lat' dir='ltr'><strong>ipsi</strong></span> <span class='ocrx_word' id='word_1_762' title='bbox 3050 3820 3207 3873; x_wconf 89' lang='lat' dir='ltr'><strong>ctiam</strong></span> <span class='ocrx_word' id='word_1_763' title='bbox 3237 3818 3434 3871; x_wconf 90' lang='lat' dir='ltr'><strong>inimici</strong></span> <span class='ocrx_word' id='word_1_764' title='bbox 3467 3815 3828 3870; x_wconf 79' lang='lat' dir='ltr'><strong>testiﬁcaren-</strong></span> 
     </span>
    </p>
   </div>
   <div class='ocr_carea' id='block_1_98' title="bbox 2243 3905 3824 3978">
    <p class='ocr_par' dir='ltr' id='par_1_98' title="bbox 2243 3905 3824 3978">
     <span class='ocr_line' id='line_1_98' title="bbox 2243 3905 3824 3978; baseline -0.006 -9"><span class='ocrx_word' id='word_1_765' title='bbox 2243 3926 2356 3978; x_wconf 90' lang='lat' dir='ltr'><strong>tur,</strong></span> <span class='ocrx_word' id='word_1_766' title='bbox 2405 3923 2459 3968; x_wconf 93' lang='lat' dir='ltr'><strong>et</strong></span> <span class='ocrx_word' id='word_1_767' title='bbox 2506 3914 2550 3969; x_wconf 91' lang='lat' dir='ltr'><strong>si</strong></span> <span class='ocrx_word' id='word_1_768' title='bbox 2598 3927 2781 3966; x_wconf 86' lang='lat' dir='ltr'><strong>eorum</strong></span> <span class='ocrx_word' id='word_1_769' title='bbox 2829 3911 3074 3963; x_wconf 86' lang='lat' dir='ltr'><strong>doctores</strong></span> <span class='ocrx_word' id='word_1_770' title='bbox 3104 3908 3170 3962; x_wconf 92' lang='lat' dir='ltr'><strong>de</strong></span> <span class='ocrx_word' id='word_1_771' title='bbox 3197 3908 3284 3961; x_wconf 92' lang='lat' dir='ltr'><strong>illa</strong></span> <span class='ocrx_word' id='word_1_772' title='bbox 3311 3907 3568 3960; x_wconf 85' lang='lat' dir='ltr'><strong>calculum</strong></span> <span class='ocrx_word' id='word_1_773' title='bbox 3599 3905 3824 3960; x_wconf 78' lang='lat' dir='ltr'><strong>terrent.</strong></span> 
     </span>
    </p>
   </div>
   <div class='ocr_carea' id='block_1_99' title="bbox 2240 3993 3828 4073">
    <p class='ocr_par' dir='ltr' id='par_1_99' title="bbox 2240 3993 3828 4073">
     <span class='ocr_line' id='line_1_99' title="bbox 2240 3993 3828 4073; baseline -0.008 -13"><span class='ocrx_word' id='word_1_774' title='bbox 2240 4006 2399 4060; x_wconf 80' lang='lat' dir='ltr'><strong>Multa</strong></span> <span class='ocrx_word' id='word_1_775' title='bbox 2419 4018 2627 4073; x_wconf 86' lang='lat' dir='ltr'><strong>quoque</strong></span> <span class='ocrx_word' id='word_1_776' title='bbox 2656 4001 2851 4054; x_wconf 84' lang='lat' dir='ltr'><strong>similia</strong></span> <span class='ocrx_word' id='word_1_777' title='bbox 2882 4000 3046 4053; x_wconf 92' lang='lat' dir='ltr'><strong>Deum</strong></span> <span class='ocrx_word' id='word_1_778' title='bbox 3068 3997 3462 4065; x_wconf 87' lang='lat' dir='ltr'><strong>dispensantem</strong></span> <span class='ocrx_word' id='word_1_779' title='bbox 3485 3993 3828 4048; x_wconf 60' lang='lat' dir='ltr'><strong>animadver.</strong></span> 
     </span>
    </p>
   </div>
   <div class='ocr_carea' id='block_1_100' title="bbox 2241 4087 3828 4159">
    <p class='ocr_par' dir='ltr' id='par_1_100' title="bbox 2241 4087 3828 4159">
     <span class='ocr_line' id='line_1_100' title="bbox 2241 4087 3828 4159; baseline -0.007 -11"><span class='ocrx_word' id='word_1_780' title='bbox 2241 4096 2417 4148; x_wconf 70' lang='lat' dir='ltr'><strong>timus.</strong></span> <span class='ocrx_word' id='word_1_781' title='bbox 2439 4093 2566 4147; x_wconf 82' lang='lat' dir='ltr'><strong>Nam</strong></span> <span class='ocrx_word' id='word_1_782' title='bbox 2590 4109 2648 4145; x_wconf 88' lang='lat' dir='ltr'><strong>ea</strong></span> <span class='ocrx_word' id='word_1_783' title='bbox 2671 4093 2827 4144; x_wconf 90' lang='lat' dir='ltr'><strong>etiam</strong></span> <span class='ocrx_word' id='word_1_784' title='bbox 2851 4105 2966 4159; x_wconf 72' lang='lat' dir='ltr'><strong>qum</strong></span> <span class='ocrx_word' id='word_1_785' title='bbox 2987 4089 3051 4142; x_wconf 88' lang='lat' dir='ltr'><strong>ad</strong></span> <span class='ocrx_word' id='word_1_786' title='bbox 3075 4087 3437 4157; x_wconf 77' lang='lat' dir='ltr'><strong>pytlionissam</strong></span> <span class='ocrx_word' id='word_1_787' title='bbox 3464 4093 3702 4154; x_wconf 89' lang='lat' dir='ltr'><strong>spectant</strong></span> <span class='ocrx_word' id='word_1_788' title='bbox 3726 4099 3828 4138; x_wconf 67' lang='lat' dir='ltr'><strong>w-</strong></span> 
     </span>
    </p>
   </div>
   <div class='ocr_carea' id='block_1_101' title="bbox 2243 4176 3828 4250">
    <p class='ocr_par' dir='ltr' id='par_1_101' title="bbox 2243 4176 3828 4250">
     <span class='ocr_line' id='line_1_101' title="bbox 2243 4176 3828 4250; baseline -0.005 -14"><span class='ocrx_word' id='word_1_789' title='bbox 2243 4185 2364 4236; x_wconf 88' lang='lat' dir='ltr'><strong>dcm</strong></span> <span class='ocrx_word' id='word_1_790' title='bbox 2403 4183 2703 4250; x_wconf 88' lang='lat' dir='ltr'><strong>dispensata</strong></span> <span class='ocrx_word' id='word_1_791' title='bbox 2746 4189 2870 4234; x_wconf 92' lang='lat' dir='ltr'><strong>sunt</strong></span> <span class='ocrx_word' id='word_1_792' title='bbox 2915 4180 3072 4233; x_wconf 87' lang='lat' dir='ltr'><strong>modo</strong></span> <span class='ocrx_word' id='word_1_793' title='bbox 3099 4196 3112 4230; x_wconf 89' lang='lat'>:</span> <span class='ocrx_word' id='word_1_794' title='bbox 3144 4187 3200 4230; x_wconf 91' lang='lat' dir='ltr'><strong>ut</strong></span> <span class='ocrx_word' id='word_1_795' title='bbox 3228 4193 3324 4230; x_wconf 86' lang='lat' dir='ltr'><strong>vos</strong></span> <span class='ocrx_word' id='word_1_796' title='bbox 3353 4176 3604 4243; x_wconf 90' lang='lat' dir='ltr'><strong>deinceps</strong></span> <span class='ocrx_word' id='word_1_797' title='bbox 3627 4189 3828 4229; x_wconf 77' lang='lat' dir='ltr'><strong>secun-</strong></span> 
     </span>
    </p>
   </div>
   <div class='ocr_carea' id='block_1_102' title="bbox 2246 4266 3828 4341">
    <p class='ocr_par' dir='ltr' id='par_1_102' title="bbox 2246 4266 3828 4341">
     <span class='ocr_line' id='line_1_102' title="bbox 2246 4266 3828 4341; baseline -0.004 -14"><span class='ocrx_word' id='word_1_798' title='bbox 2246 4273 2371 4327; x_wconf 92' lang='lat' dir='ltr'><strong>dum</strong></span> <span class='ocrx_word' id='word_1_799' title='bbox 2409 4273 2517 4340; x_wconf 85' lang='lat' dir='ltr'><strong>jam</strong></span> <span class='ocrx_word' id='word_1_800' title='bbox 2557 4271 2692 4326; x_wconf 83' lang='lat' dir='ltr'><strong>dicta</strong></span> <span class='ocrx_word' id='word_1_801' title='bbox 2745 4273 2984 4341; x_wconf 86' lang='lat' dir='ltr'><strong>poteritis</strong></span> <span class='ocrx_word' id='word_1_802' title='bbox 3023 4270 3287 4337; x_wconf 76' lang='lat' dir='ltr'><strong>explicare</strong></span> <span class='ocrx_word' id='word_1_803' title='bbox 3339 4267 3496 4328; x_wconf 85' lang='lat' dir='ltr'><strong>(Ibid.</strong></span> <span class='ocrx_word' id='word_1_804' title='bbox 3527 4267 3640 4334; x_wconf 74' lang='lat'><strong>28).</strong></span> <span class='ocrx_word' id='word_1_805' title='bbox 3692 4266 3828 4321; x_wconf 75' lang='lat' dir='ltr'><strong>Ilaec</strong></span> 
     </span>
    </p>
   </div>
   <div class='ocr_carea' id='block_1_103' title="bbox 2245 4356 3825 4424">
    <p class='ocr_par' dir='ltr' id='par_1_103' title="bbox 2245 4356 3825 4424">
     <span class='ocr_line' id='line_1_103' title="bbox 2245 4356 3825 4424; baseline -0.005 -8"><span class='ocrx_word' id='word_1_806' title='bbox 2245 4362 2315 4416; x_wconf 83' lang='lat' dir='ltr'><strong>de</strong></span> <span class='ocrx_word' id='word_1_807' title='bbox 2350 4362 2502 4416; x_wconf 90' lang='lat' dir='ltr'><strong>stella</strong></span> <span class='ocrx_word' id='word_1_808' title='bbox 2545 4377 2571 4414; x_wconf 89' lang='lat' dir='ltr'><strong>a</strong></span> <span class='ocrx_word' id='word_1_809' title='bbox 2614 4363 2765 4414; x_wconf 80' lang='lat' dir='ltr'><strong>nobis</strong></span> <span class='ocrx_word' id='word_1_810' title='bbox 2804 4361 2940 4413; x_wconf 88' lang='lat' dir='ltr'><strong>dicta</strong></span> <span class='ocrx_word' id='word_1_811' title='bbox 2989 4370 3107 4412; x_wconf 90' lang='lat' dir='ltr'><strong>sunt</strong></span> <span class='ocrx_word' id='word_1_812' title='bbox 3135 4375 3147 4419; x_wconf 86' lang='lat'><strong>;</strong></span> <span class='ocrx_word' id='word_1_813' title='bbox 3179 4358 3268 4410; x_wconf 86' lang='lat' dir='ltr'><strong>scd</strong></span> <span class='ocrx_word' id='word_1_814' title='bbox 3300 4358 3450 4424; x_wconf 88' lang='lat' dir='ltr'><strong>plura</strong></span> <span class='ocrx_word' id='word_1_815' title='bbox 3483 4373 3510 4409; x_wconf 88' lang='lat' dir='ltr'><strong>a</strong></span> <span class='ocrx_word' id='word_1_816' title='bbox 3540 4356 3686 4408; x_wconf 88' lang='lat' dir='ltr'><strong>vobis</strong></span> <span class='ocrx_word' id='word_1_817' title='bbox 3711 4356 3825 4408; x_wconf 80' lang='lat' dir='ltr'><strong>dici</strong></span> 
     </span>
    </p>
   </div>
   <div class='ocr_carea' id='block_1_104' title="bbox 2243 4447 3829 4530">
    <p class='ocr_par' dir='ltr' id='par_1_104' title="bbox 2243 4447 3829 4530">
     <span class='ocr_line' id='line_1_104' title="bbox 2243 4447 3829 4530; baseline -0.008 -16"><span class='ocrx_word' id='word_1_818' title='bbox 2243 4461 2447 4530; x_wconf 89' lang='lat' dir='ltr'><strong>possint</strong></span> <span class='ocrx_word' id='word_1_819' title='bbox 2471 4479 2483 4514; x_wconf 92' lang='lat'><strong>:</strong></span> <span class='ocrx_word' id='word_1_820' title='bbox 2507 4475 2625 4513; x_wconf 90' lang='lat' dir='ltr'><strong>nam</strong></span> <span class='ocrx_word' id='word_1_821' title='bbox 2649 4458 2728 4511; x_wconf 91' lang='lat' dir='ltr'><strong>Da</strong></span> <span class='ocrx_word' id='word_1_822' title='bbox 2758 4455 2970 4524; x_wconf 83' lang='lat' dir='ltr'><strong>sapienti</strong></span> <span class='ocrx_word' id='word_1_823' title='bbox 2994 4454 3301 4508; x_wconf 82' lang='lat' dir='ltr'><strong>occasionem</strong></span> <span class='ocrx_word' id='word_1_824' title='bbox 3325 4491 3339 4515; x_wconf 92' lang='lat'><strong>,</strong></span> <span class='ocrx_word' id='word_1_825' title='bbox 3367 4461 3412 4502; x_wconf 89' lang='lat' dir='ltr'><strong>et</strong></span> <span class='ocrx_word' id='word_1_826' title='bbox 3439 4447 3709 4517; x_wconf 77' lang='lat' dir='ltr'><strong>sapientior</strong></span> <span class='ocrx_word' id='word_1_827' title='bbox 3727 4449 3829 4501; x_wconf 74' lang='lat' dir='ltr'><strong>erit</strong></span> 
     </span>
    </p>
   </div>
   <div class='ocr_carea' id='block_1_105' title="bbox 2243 4550 2605 4619">
    <p class='ocr_par' dir='ltr' id='par_1_105' title="bbox 2243 4550 2605 4619">
     <span class='ocr_line' id='line_1_105' title="bbox 2243 4550 2605 4619; baseline -0.006 -14"><span class='ocrx_word' id='word_1_828' title='bbox 2243 4551 2422 4619; x_wconf 80' lang='lat' dir='ltr'><strong>(Prov.</strong></span> <span class='ocrx_word' id='word_1_829' title='bbox 2454 4550 2505 4605; x_wconf 85' lang='lat'><strong>9.</strong></span> <span class='ocrx_word' id='word_1_830' title='bbox 2532 4550 2605 4618; x_wconf 87' lang='lat'><strong>9).</strong></span> 
     </span>
    </p>
   </div>
   <div class='ocr_carea' id='block_1_106' title="bbox 2317 4697 3829 4782">
    <p class='ocr_par' dir='ltr' id='par_1_106' title="bbox 2317 4697 3829 4782">
     <span class='ocr_line' id='line_1_106' title="bbox 2317 4697 3829 4782; baseline -0.017 -10"><span class='ocrx_word' id='word_1_831' title='bbox 2317 4721 2365 4772; x_wconf 69' lang='grc' dir='ltr'><strong>Δ.</strong></span> <span class='ocrx_word' id='word_1_832' title='bbox 2391 4717 2554 4782; x_wconf 79' lang='lat' dir='ltr'><strong>Quare</strong></span> <span class='ocrx_word' id='word_1_833' title='bbox 2574 4714 2835 4780; x_wconf 76' lang='lat' dir='ltr'><strong>Scriptura</strong></span> <span class='ocrx_word' id='word_1_834' title='bbox 2860 4719 3047 4772; x_wconf 82' lang='lat' dir='ltr'><strong>tempus</strong></span> <span class='ocrx_word' id='word_1_835' title='bbox 3069 4715 3110 4755; x_wconf 83' lang='lat' dir='ltr'><strong>et</strong></span> <span class='ocrx_word' id='word_1_836' title='bbox 3131 4705 3294 4755; x_wconf 84' lang='lat' dir='ltr'><strong>locum</strong></span> <span class='ocrx_word' id='word_1_837' title='bbox 3313 4698 3606 4759; x_wconf 66' lang='lat' dir='ltr'><strong>nativitatis,</strong></span> <span class='ocrx_word' id='word_1_838' title='bbox 3634 4697 3829 4762; x_wconf 66' lang='lat' dir='ltr'><strong>princi-</strong></span> 
     </span>
    </p>
   </div>
   <div class='ocr_carea' id='block_1_107' title="bbox 2247 4785 3826 4880">
    <p class='ocr_par' dir='ltr' id='par_1_107' title="bbox 2247 4785 3826 4880">
     <span class='ocr_line' id='line_1_107' title="bbox 2247 4785 3826 4880; baseline -0.016 -17"><span class='ocrx_word' id='word_1_839' title='bbox 2247 4825 2451 4880; x_wconf 77' lang='lat' dir='ltr'><strong>pemque</strong></span> <span class='ocrx_word' id='word_1_840' title='bbox 2474 4818 2585 4864; x_wconf 78' lang='lat' dir='ltr'><strong>tunc</strong></span> <span class='ocrx_word' id='word_1_841' title='bbox 2612 4800 2841 4870; x_wconf 74' lang='lat' dir='ltr'><strong>temporis</strong></span> <span class='ocrx_word' id='word_1_842' title='bbox 2863 4805 3152 4865; x_wconf 82' lang='lat' dir='ltr'><strong>regnantem</strong></span> <span class='ocrx_word' id='word_1_843' title='bbox 3171 4803 3269 4842; x_wconf 75' lang='lat' dir='ltr'><strong>tam</strong></span> <span class='ocrx_word' id='word_1_844' title='bbox 3293 4798 3528 4841; x_wconf 87' lang='lat' dir='ltr'><strong>accurate</strong></span> <span class='ocrx_word' id='word_1_845' title='bbox 3552 4785 3826 4838; x_wconf 75' lang='lat' dir='ltr'><strong>describat.</strong></span> 
     </span>
    </p>
   </div>
   <div class='ocr_carea' id='block_1_108' title="bbox 2245 4880 3831 4954">
    <p class='ocr_par' dir='ltr' id='par_1_108' title="bbox 2245 4880 3831 4954">
     <span class='ocr_line' id='line_1_108' title="bbox 2245 4880 3831 4954; baseline -0.018 0"><span class='ocrx_word' id='word_1_846' title='bbox 2245 4901 2480 4954; x_wconf 83' lang='lat' dir='ltr'><strong>Liberum</strong></span> <span class='ocrx_word' id='word_1_847' title='bbox 2521 4895 2797 4947; x_wconf 76' lang='lat' dir='ltr'><strong>arbitrium.</strong></span> <span class='ocrx_word' id='word_1_848' title='bbox 2856 4885 3174 4952; x_wconf 71' lang='lat' dir='ltr'><strong>Jerusolyma</strong></span> <span class='ocrx_word' id='word_1_849' title='bbox 3207 4897 3293 4933; x_wconf 88' lang='lat' dir='ltr'><strong>cur</strong></span> <span class='ocrx_word' id='word_1_850' title='bbox 3331 4881 3526 4931; x_wconf 84' lang='lat' dir='ltr'><strong>turbata</strong></span> <span class='ocrx_word' id='word_1_851' title='bbox 3561 4885 3668 4938; x_wconf 81' lang='lat' dir='ltr'><strong>est,</strong></span> <span class='ocrx_word' id='word_1_852' title='bbox 3707 4880 3831 4927; x_wconf 68' lang='lat' dir='ltr'><strong>cuius</strong></span> 
     </span>
    </p>
   </div>
   <div class='ocr_carea' id='block_1_109' title="bbox 2247 4969 3825 5044">
    <p class='ocr_par' dir='ltr' id='par_1_109' title="bbox 2247 4969 3825 5044">
     <span class='ocr_line' id='line_1_109' title="bbox 2247 4969 3825 5044; baseline -0.019 1"><span class='ocrx_word' id='word_1_853' title='bbox 2247 4990 2438 5044; x_wconf 82' lang='lat' dir='ltr'><strong>audivit</strong></span> <span class='ocrx_word' id='word_1_854' title='bbox 2464 4987 2713 5040; x_wconf 79' lang='lat' dir='ltr'><strong>Christum</strong></span> <span class='ocrx_word' id='word_1_855' title='bbox 2741 4992 2933 5034; x_wconf 80' lang='lat' dir='ltr'><strong>natum.</strong></span> <span class='ocrx_word' id='word_1_856' title='bbox 2960 5004 3024 5014; x_wconf 85' lang='lat'><strong>—-—</strong></span> <span class='ocrx_word' id='word_1_857' title='bbox 3046 4974 3159 5027; x_wconf 85' lang='lat' dir='ltr'><strong>.lam</strong></span> <span class='ocrx_word' id='word_1_858' title='bbox 3191 4973 3254 5024; x_wconf 89' lang='lat' dir='ltr'><strong>ad</strong></span> <span class='ocrx_word' id='word_1_859' title='bbox 3287 4969 3602 5038; x_wconf 86' lang='lat' dir='ltr'><strong>principium</strong></span> <span class='ocrx_word' id='word_1_860' title='bbox 3633 4981 3825 5018; x_wconf 84' lang='lat' dir='ltr'><strong>eorum</strong></span> 
     </span>
    </p>
   </div>
   <div class='ocr_carea' id='block_1_110' title="bbox 2249 5055 3833 5151">
    <p class='ocr_par' dir='ltr' id='par_1_110' title="bbox 2249 5055 3833 5151">
     <span class='ocr_line' id='line_1_110' title="bbox 2249 5055 3833 5151; baseline -0.019 -16"><span class='ocrx_word' id='word_1_861' title='bbox 2249 5097 2365 5151; x_wconf 61' lang='lat' dir='ltr'><strong>quae</strong></span> <span class='ocrx_word' id='word_1_862' title='bbox 2397 5080 2529 5132; x_wconf 86' lang='lat' dir='ltr'><strong>lecta</strong></span> <span class='ocrx_word' id='word_1_863' title='bbox 2572 5085 2691 5128; x_wconf 84' lang='lat' dir='ltr'><strong>sunt</strong></span> <span class='ocrx_word' id='word_1_864' title='bbox 2720 5067 3051 5128; x_wconf 76' lang='lat' dir='ltr'><strong>redeundum</strong></span> <span class='ocrx_word' id='word_1_865' title='bbox 3077 5073 3178 5117; x_wconf 90' lang='lat' dir='ltr'><strong>est.</strong></span> <span class='ocrx_word' id='word_1_866' title='bbox 3210 5061 3486 5126; x_wconf 88' lang='lat' dir='ltr'><strong>Quodnam</strong></span> <span class='ocrx_word' id='word_1_867' title='bbox 3519 5066 3600 5111; x_wconf 89' lang='lat' dir='ltr'><strong>est</strong></span> <span class='ocrx_word' id='word_1_868' title='bbox 3629 5055 3833 5125; x_wconf 82' lang='lat' dir='ltr'><strong>princi-</strong></span> 
     </span>
    </p>
   </div>
   <div class='ocr_carea' id='block_1_111' title="bbox 2250 5148 3834 5242">
    <p class='ocr_par' dir='ltr' id='par_1_111' title="bbox 2250 5148 3834 5242">
     <span class='ocr_line' id='line_1_111' title="bbox 2250 5148 3834 5242; baseline -0.017 -18"><span class='ocrx_word' id='word_1_869' title='bbox 2250 5148 2431 5242; x_wconf 75' lang='lat' dir='ltr'><strong>pium?</strong></span> <span class='ocrx_word' id='word_1_870' title='bbox 2460 5168 2580 5221; x_wconf 75' lang='lat' dir='ltr'><strong>Cum</strong></span> <span class='ocrx_word' id='word_1_871' title='bbox 2624 5177 2768 5217; x_wconf 84' lang='lat' dir='ltr'><strong>natus</strong></span> <span class='ocrx_word' id='word_1_872' title='bbox 2793 5172 2918 5215; x_wconf 80' lang='lat' dir='ltr'><strong>esset</strong></span> <span class='ocrx_word' id='word_1_873' title='bbox 2946 5157 3095 5210; x_wconf 66' lang='lat' dir='ltr'><strong>Iesus</strong></span> <span class='ocrx_word' id='word_1_874' title='bbox 3119 5155 3168 5207; x_wconf 79' lang='lat' dir='ltr'><strong>in</strong></span> <span class='ocrx_word' id='word_1_875' title='bbox 3195 5152 3484 5205; x_wconf 78' lang='lat' dir='ltr'><strong>Betltleltem</strong></span> <span class='ocrx_word' id='word_1_876' title='bbox 3510 5148 3708 5200; x_wconf 63' lang='lat' dir='ltr'><strong>Judwa</strong></span> <span class='ocrx_word' id='word_1_877' title='bbox 3726 5186 3742 5210; x_wconf 88' lang='lat'><strong>,</strong></span> <span class='ocrx_word' id='word_1_878' title='bbox 3777 5150 3834 5200; x_wconf 68' lang='lat' dir='ltr'><strong>in</strong></span> 
     </span>
    </p>
   </div>
   <div class='ocr_carea' id='block_1_112' title="bbox 2252 5239 3836 5325">
    <p class='ocr_par' dir='ltr' id='par_1_112' title="bbox 2252 5239 3836 5325">
     <span class='ocr_line' id='line_1_112' title="bbox 2252 5239 3836 5325; baseline -0.016 -8"><span class='ocrx_word' id='word_1_879' title='bbox 2252 5239 2424 5325; x_wconf 60' lang='lat' dir='ltr'><strong>diebus</strong></span> <span class='ocrx_word' id='word_1_880' title='bbox 2452 5259 2666 5312; x_wconf 82' lang='lat' dir='ltr'><strong>Herodis</strong></span> <span class='ocrx_word' id='word_1_881' title='bbox 2696 5257 2824 5324; x_wconf 84' lang='lat' dir='ltr'><strong>regis</strong></span> <span class='ocrx_word' id='word_1_882' title='bbox 2841 5294 2854 5316; x_wconf 94' lang='lat'><strong>,</strong></span> <span class='ocrx_word' id='word_1_883' title='bbox 2893 5268 3005 5305; x_wconf 88' lang='lat' dir='ltr'><strong>ecce</strong></span> <span class='ocrx_word' id='word_1_884' title='bbox 3026 5247 3162 5317; x_wconf 83' lang='lat' dir='ltr'><strong>magi</strong></span> <span class='ocrx_word' id='word_1_885' title='bbox 3182 5246 3241 5298; x_wconf 89' lang='lat' dir='ltr'><strong>ab</strong></span> <span class='ocrx_word' id='word_1_886' title='bbox 3264 5245 3453 5296; x_wconf 84' lang='lat' dir='ltr'><strong>oriente</strong></span> <span class='ocrx_word' id='word_1_887' title='bbox 3478 5249 3716 5295; x_wconf 79' lang='lat' dir='ltr'><strong>venerunt</strong></span> <span class='ocrx_word' id='word_1_888' title='bbox 3738 5239 3836 5292; x_wconf 80' lang='lat' dir='ltr'><strong>Je-</strong></span> 
     </span>
    </p>
   </div>
   <div class='ocr_carea' id='block_1_113' title="bbox 2253 5329 3839 5422">
    <p class='ocr_par' dir='ltr' id='par_1_113' title="bbox 2253 5329 3839 5422">
     <span class='ocr_line' id='line_1_113' title="bbox 2253 5329 3839 5422; baseline -0.019 -14"><span class='ocrx_word' id='word_1_889' title='bbox 2253 5353 2577 5422; x_wconf 79' lang='lat' dir='ltr'><strong>rosolymam.</strong></span> <span class='ocrx_word' id='word_1_890' title='bbox 2596 5347 2728 5415; x_wconf 80' lang='lat' dir='ltr'><strong>Magi</strong></span> <span class='ocrx_word' id='word_1_891' title='bbox 2757 5343 2964 5398; x_wconf 87' lang='lat' dir='ltr'><strong>stellam</strong></span> <span class='ocrx_word' id='word_1_892' title='bbox 2986 5338 3172 5393; x_wconf 90' lang='lat' dir='ltr'><strong>ducem</strong></span> <span class='ocrx_word' id='word_1_893' title='bbox 3201 5333 3409 5404; x_wconf 90' lang='lat' dir='ltr'><strong>sequuti</strong></span> <span class='ocrx_word' id='word_1_894' title='bbox 3431 5340 3589 5396; x_wconf 90' lang='lat' dir='ltr'><strong>sunt;</strong></span> <span class='ocrx_word' id='word_1_895' title='bbox 3622 5329 3676 5384; x_wconf 86' lang='lat' dir='ltr'><strong>hi</strong></span> <span class='ocrx_word' id='word_1_896' title='bbox 3701 5344 3839 5385; x_wconf 78' lang='lat' dir='ltr'><strong>vero</strong></span> 
     </span>
    </p>
   </div>
   <div class='ocr_carea' id='block_1_114' title="bbox 2325 5588 3846 5664">
    <p class='ocr_par' dir='ltr' id='par_1_114' title="bbox 2325 5588 3846 5664">
     <span class='ocr_line' id='line_1_114' title="bbox 2325 5588 3846 5664; baseline -0.014 -3"><span class='ocrx_word' id='word_1_897' title='bbox 2325 5615 2344 5644; x_wconf 73' lang='grc'><strong>⁸</strong></span> <span class='ocrx_word' id='word_1_898' title='bbox 2382 5613 2436 5660; x_wconf 85' lang='lat' dir='ltr'><strong>In</strong></span> <span class='ocrx_word' id='word_1_899' title='bbox 2459 5618 2637 5664; x_wconf 68' lang='lat' dir='ltr'><strong>Crmco,</strong></span> <span class='ocrx_word' id='word_1_900' title='bbox 2661 5619 2727 5656; x_wconf 51' lang='lat' dir='ltr'><strong>tua</strong></span> <span class='ocrx_word' id='word_1_901' title='bbox 2750 5621 2812 5663; x_wconf 79' lang='grc' dir='ltr'><strong>τῆς</strong></span> <span class='ocrx_word' id='word_1_902' title='bbox 2835 5614 3010 5663; x_wconf 65' lang='grc' dir='ltr'><strong>ἀωρίαις.</strong></span> <span class='ocrx_word' id='word_1_903' title='bbox 3030 5599 3245 5664; x_wconf 70' lang='lat' dir='ltr'><strong>Attianus</strong></span> <span class='ocrx_word' id='word_1_904' title='bbox 3263 5602 3322 5642; x_wconf 87' lang='lat' dir='ltr'><strong>an</strong></span> <span class='ocrx_word' id='word_1_905' title='bbox 3345 5598 3438 5660; x_wconf 39' lang='lat' dir='ltr'><strong>ista.</strong></span> <span class='ocrx_word' id='word_1_906' title='bbox 3455 5588 3667 5640; x_wconf 84' lang='lat' dir='ltr'><strong>lectione</strong></span> <span class='ocrx_word' id='word_1_907' title='bbox 3690 5590 3846 5640; x_wconf 69' lang='lat' dir='ltr'><strong>aber-</strong></span> 
     </span>
    </p>
   </div>
   <div class='ocr_carea' id='block_1_115' title="bbox 2260 5657 3511 5732">
    <p class='ocr_par' dir='ltr' id='par_1_115' title="bbox 2260 5657 3511 5732">
     <span class='ocr_line' id='line_1_115' title="bbox 2260 5657 3511 5732; baseline -0.018 -9"><span class='ocrx_word' id='word_1_908' title='bbox 2260 5682 2351 5732; x_wconf 90' lang='lat' dir='ltr'><strong>rat,</strong></span> <span class='ocrx_word' id='word_1_909' title='bbox 2375 5657 2839 5731; x_wconf 20' lang='lat' dir='ltr'><strong>iiiiinterpretatioiie</strong></span> <span class='ocrx_word' id='word_1_910' title='bbox 2858 5657 3064 5725; x_wconf 80' lang='lat' dir='ltr'><strong>ponens,</strong></span> <span class='ocrx_word' id='word_1_911' title='bbox 3077 5657 3288 5720; x_wconf 73' lang='lat' dir='ltr'><strong>superba</strong></span> <span class='ocrx_word' id='word_1_912' title='bbox 3311 5657 3511 5704; x_wconf 68' lang='lat' dir='ltr'><strong>cervice.</strong></span> 
     </span>
    </p>
   </div>
  </div>
