  <div class='ocr_page' id='page_1' title='image "/cluster/home/n/w/nwhite01/storage/ocr_20150623/57/uva.x004697226/080.png"; bbox 0 0 4082 6500; ppageno 0'>
   <div class='ocr_carea' id='block_1_1' title="bbox 233 575 1802 648">
    <p class='ocr_par' dir='ltr' id='par_1_1' title="bbox 233 575 1802 648">
     <span class='ocr_line' id='line_1_1' title="bbox 233 575 1802 648; baseline 0.005 -19"><span class='ocrx_word' id='word_1_1' title='bbox 233 577 363 629; x_wconf 81' lang='grc' dir='ltr'>κατά</span> <span class='ocrx_word' id='word_1_2' title='bbox 394 575 496 646; x_wconf 81' lang='grc' dir='ltr'>τὴν</span> <span class='ocrx_word' id='word_1_3' title='bbox 523 576 847 648; x_wconf 69' lang='grc' dir='ltr'>οἰκουμένην</span> <span class='ocrx_word' id='word_1_4' title='bbox 875 577 1121 642; x_wconf 89' lang='grc' dir='ltr'>οἰκοῦσι,</span> <span class='ocrx_word' id='word_1_5' title='bbox 1154 578 1248 632; x_wconf 79' lang='grc' dir='ltr'>καὶ</span> <span class='ocrx_word' id='word_1_6' title='bbox 1279 580 1361 642; x_wconf 85' lang='grc' dir='ltr'>εἰς</span> <span class='ocrx_word' id='word_1_7' title='bbox 1383 579 1636 634; x_wconf 88' lang='grc' dir='ltr'>τοσοῦτον</span> <span class='ocrx_word' id='word_1_8' title='bbox 1667 580 1802 637; x_wconf 87' lang='grc' dir='ltr'>πλά-</span> 
     </span>
    </p>
   </div>
   <div class='ocr_carea' id='block_1_2' title="bbox 231 657 1823 735">
    <p class='ocr_par' dir='ltr' id='par_1_2' title="bbox 231 657 1823 735">
     <span class='ocr_line' id='line_1_2' title="bbox 231 657 1823 735; baseline 0.005 -18"><span class='ocrx_word' id='word_1_9' title='bbox 231 679 316 725; x_wconf 78' lang='grc' dir='ltr'>τος</span> <span class='ocrx_word' id='word_1_10' title='bbox 355 662 458 735; x_wconf 77' lang='grc' dir='ltr'>γῆς</span> <span class='ocrx_word' id='word_1_11' title='bbox 494 665 878 734; x_wconf 72' lang='grc' dir='ltr'>ἐκκεχυμένως</span> <span class='ocrx_word' id='word_1_12' title='bbox 904 667 969 729; x_wconf 80' lang='grc'>⁸’,</span> <span class='ocrx_word' id='word_1_13' title='bbox 1022 657 1224 720; x_wconf 70' lang='grc' dir='ltr'>ἅπασιν</span> <span class='ocrx_word' id='word_1_14' title='bbox 1264 669 1431 735; x_wconf 81' lang='grc' dir='ltr'>ἐγγὺς</span> <span class='ocrx_word' id='word_1_15' title='bbox 1463 665 1601 722; x_wconf 83' lang='grc' dir='ltr'>εἶναι</span> <span class='ocrx_word' id='word_1_16' title='bbox 1631 669 1823 727; x_wconf 74' lang='grc' dir='ltr'>δοκεῖ.“</span> 
     </span>
    </p>
   </div>
   <div class='ocr_carea' id='block_1_3' title="bbox 237 752 1801 831">
    <p class='ocr_par' dir='ltr' id='par_1_3' title="bbox 237 752 1801 831">
     <span class='ocr_line' id='line_1_3' title="bbox 237 752 1801 831; baseline 0.005 -23"><span class='ocrx_word' id='word_1_17' title='bbox 237 755 358 819; x_wconf 83' lang='grc' dir='ltr'>Πῶς</span> <span class='ocrx_word' id='word_1_18' title='bbox 381 752 476 810; x_wconf 84' lang='grc' dir='ltr'>οὖν</span> <span class='ocrx_word' id='word_1_19' title='bbox 502 759 531 809; x_wconf 99' lang='lat'>6</span> <span class='ocrx_word' id='word_1_20' title='bbox 550 756 746 826; x_wconf 77' lang='grc' dir='ltr'>ἀστὴρ,</span> <span class='ocrx_word' id='word_1_21' title='bbox 769 757 888 810; x_wconf 79' lang='grc' dir='ltr'>εἰπέ</span> <span class='ocrx_word' id='word_1_22' title='bbox 912 775 1024 829; x_wconf 91' lang='grc' dir='ltr'>μοι,</span> <span class='ocrx_word' id='word_1_23' title='bbox 1050 759 1211 812; x_wconf 87' lang='grc' dir='ltr'>τόπον</span> <span class='ocrx_word' id='word_1_24' title='bbox 1228 758 1370 812; x_wconf 75' lang='grc' dir='ltr'>οὕτω</span> <span class='ocrx_word' id='word_1_25' title='bbox 1389 759 1572 813; x_wconf 87' lang='grc' dir='ltr'>στενὸν</span> <span class='ocrx_word' id='word_1_26' title='bbox 1595 763 1801 831; x_wconf 78' lang='grc' dir='ltr'>φάτνης</span> 
     </span>
    </p>
   </div>
   <div class='ocr_carea' id='block_1_4' title="bbox 239 846 1801 921">
    <p class='ocr_par' dir='ltr' id='par_1_4' title="bbox 239 846 1801 921">
     <span class='ocr_line' id='line_1_4' title="bbox 239 846 1801 921; baseline 0.003 -21"><span class='ocrx_word' id='word_1_27' title='bbox 239 848 327 900; x_wconf 78' lang='grc' dir='ltr'>καὶ</span> <span class='ocrx_word' id='word_1_28' title='bbox 374 847 618 915; x_wconf 90' lang='grc' dir='ltr'>καλύϐης</span> <span class='ocrx_word' id='word_1_29' title='bbox 647 846 854 901; x_wconf 76' lang='grc' dir='ltr'>ἐδείκνυ</span> <span class='ocrx_word' id='word_1_30' title='bbox 879 887 895 911; x_wconf 95' lang='grc'>,</span> <span class='ocrx_word' id='word_1_31' title='bbox 929 851 978 902; x_wconf 86' lang='grc' dir='ltr'>εἰ</span> <span class='ocrx_word' id='word_1_32' title='bbox 1009 849 1083 919; x_wconf 82' lang='grc' dir='ltr'>μὴ</span> <span class='ocrx_word' id='word_1_33' title='bbox 1113 849 1174 902; x_wconf 88' lang='grc' dir='ltr'>τὸ</span> <span class='ocrx_word' id='word_1_34' title='bbox 1201 849 1405 921; x_wconf 78' lang='grc' dir='ltr'>ὑψηλὸν</span> <span class='ocrx_word' id='word_1_35' title='bbox 1443 852 1620 904; x_wconf 86' lang='grc' dir='ltr'>ἐκεῖνο</span> <span class='ocrx_word' id='word_1_36' title='bbox 1643 853 1801 921; x_wconf 80' lang='grc' dir='ltr'>ἀφεὶς</span> 
     </span>
    </p>
   </div>
   <div class='ocr_carea' id='block_1_5' title="bbox 235 935 1798 1013">
    <p class='ocr_par' dir='ltr' id='par_1_5' title="bbox 235 935 1798 1013">
     <span class='ocr_line' id='line_1_5' title="bbox 235 935 1798 1013; baseline 0.004 -23"><span class='ocrx_word' id='word_1_37' title='bbox 235 938 380 990; x_wconf 87' lang='grc' dir='ltr'>κάτω</span> <span class='ocrx_word' id='word_1_38' title='bbox 413 935 644 1005; x_wconf 86' lang='grc' dir='ltr'>κατέϐη,</span> <span class='ocrx_word' id='word_1_39' title='bbox 674 937 766 990; x_wconf 77' lang='grc' dir='ltr'>καὶ</span> <span class='ocrx_word' id='word_1_40' title='bbox 796 938 936 1006; x_wconf 79' lang='grc' dir='ltr'>ὑπὲρ</span> <span class='ocrx_word' id='word_1_41' title='bbox 971 938 1142 1009; x_wconf 82' lang='grc' dir='ltr'>αὐτῆς</span> <span class='ocrx_word' id='word_1_42' title='bbox 1167 940 1298 1011; x_wconf 76' lang='grc' dir='ltr'>ἔστη</span> <span class='ocrx_word' id='word_1_43' title='bbox 1316 940 1417 1010; x_wconf 84' lang='grc' dir='ltr'>τῆς</span> <span class='ocrx_word' id='word_1_44' title='bbox 1442 942 1683 1013; x_wconf 84' lang='grc' dir='ltr'>κεφαλῆς</span> <span class='ocrx_word' id='word_1_45' title='bbox 1705 942 1798 996; x_wconf 91' lang='grc' dir='ltr'>τοῦ</span> 
     </span>
    </p>
   </div>
   <div class='ocr_carea' id='block_1_6' title="bbox 231 1022 1802 1102">
    <p class='ocr_par' dir='ltr' id='par_1_6' title="bbox 231 1022 1802 1102">
     <span class='ocr_line' id='line_1_6' title="bbox 231 1022 1802 1102; baseline 0.006 -27"><span class='ocrx_word' id='word_1_46' title='bbox 231 1023 472 1090; x_wconf 83' lang='grc' dir='ltr'>παιδίου;</span> <span class='ocrx_word' id='word_1_47' title='bbox 510 1025 684 1095; x_wconf 83' lang='grc' dir='ltr'>Ὅπερ</span> <span class='ocrx_word' id='word_1_48' title='bbox 710 1022 802 1079; x_wconf 81' lang='grc' dir='ltr'>οὖν</span> <span class='ocrx_word' id='word_1_49' title='bbox 841 1029 935 1079; x_wconf 76' lang='grc' dir='ltr'>καὶ</span> <span class='ocrx_word' id='word_1_50' title='bbox 961 1027 990 1078; x_wconf 90' lang='lat'>6</span> <span class='ocrx_word' id='word_1_51' title='bbox 1015 1027 1402 1101; x_wconf 75' lang='grc' dir='ltr'>εύαγγελιστὴς</span> <span class='ocrx_word' id='word_1_52' title='bbox 1435 1031 1802 1102; x_wconf 72' lang='grc' dir='ltr'>αἰνιττόμενος</span> 
     </span>
    </p>
   </div>
   <div class='ocr_carea' id='block_1_7' title="bbox 230 1113 1801 1189">
    <p class='ocr_par' dir='ltr' id='par_1_7' title="bbox 230 1113 1801 1189">
     <span class='ocr_line' id='line_1_7' title="bbox 230 1113 1801 1189; baseline 0.008 -24"><span class='ocrx_word' id='word_1_53' title='bbox 230 1113 409 1182; x_wconf 75' lang='grc' dir='ltr'>Ξλεγεν</span> <span class='ocrx_word' id='word_1_54' title='bbox 430 1131 444 1146; x_wconf 78' lang='grc'><em>’</em></span> <span class='ocrx_word' id='word_1_55' title='bbox 490 1113 645 1170; x_wconf 78' lang='grc' dir='ltr'>Ἰδοὺ</span> <span class='ocrx_word' id='word_1_56' title='bbox 680 1120 714 1170; x_wconf 76' lang='grc' dir='ltr'><strong><em>ὀ</em></strong></span> <span class='ocrx_word' id='word_1_57' title='bbox 744 1117 940 1184; x_wconf 81' lang='grc' dir='ltr'>ἀστὴρ</span> <span class='ocrx_word' id='word_1_58' title='bbox 975 1116 1241 1189; x_wconf 82' lang='grc' dir='ltr'>προῆγεν</span> <span class='ocrx_word' id='word_1_59' title='bbox 1269 1121 1492 1187; x_wconf 82' lang='grc' dir='ltr'>αὐτοὺς</span> <span class='ocrx_word' id='word_1_60' title='bbox 1511 1161 1528 1186; x_wconf 96' lang='grc'>,</span> <span class='ocrx_word' id='word_1_61' title='bbox 1567 1122 1678 1188; x_wconf 75' lang='grc' dir='ltr'>ἓως</span> <span class='ocrx_word' id='word_1_62' title='bbox 1702 1124 1801 1177; x_wconf 69' lang='grc' dir='ltr'>ἐλ-</span> 
     </span>
    </p>
   </div>
   <div class='ocr_carea' id='block_1_8' title="bbox 230 1201 1800 1281">
    <p class='ocr_par' dir='ltr' id='par_1_8' title="bbox 230 1201 1800 1281">
     <span class='ocr_line' id='line_1_8' title="bbox 230 1201 1800 1281; baseline 0.005 -25"><span class='ocrx_word' id='word_1_63' title='bbox 230 1201 344 1256; x_wconf 85' lang='grc' dir='ltr'>θὼν</span> <span class='ocrx_word' id='word_1_64' title='bbox 378 1205 531 1273; x_wconf 67' lang='grc' dir='ltr'>ἔστη</span> <span class='ocrx_word' id='word_1_65' title='bbox 563 1205 762 1259; x_wconf 78' lang='grc' dir='ltr'>ἐπάνω</span> <span class='ocrx_word' id='word_1_66' title='bbox 792 1202 864 1264; x_wconf 81' lang='grc' dir='ltr'>οὗ</span> <span class='ocrx_word' id='word_1_67' title='bbox 899 1202 977 1275; x_wconf 82' lang='grc' dir='ltr'>ἦν</span> <span class='ocrx_word' id='word_1_68' title='bbox 998 1208 1064 1260; x_wconf 83' lang='grc' dir='ltr'>τὸ</span> <span class='ocrx_word' id='word_1_69' title='bbox 1092 1208 1354 1263; x_wconf 78' lang='grc' dir='ltr'>παιδίον.</span> <span class='ocrx_word' id='word_1_70' title='bbox 1371 1209 1538 1281; x_wconf 69' lang='grc' dir='ltr'>Ὀρᾷς</span> <span class='ocrx_word' id='word_1_71' title='bbox 1569 1212 1636 1264; x_wconf 85' lang='grc' dir='ltr'>δι’</span> <span class='ocrx_word' id='word_1_72' title='bbox 1661 1213 1800 1266; x_wconf 82' lang='grc' dir='ltr'>ὅσων</span> 
     </span>
    </p>
   </div>
   <div class='ocr_carea' id='block_1_9' title="bbox 225 1292 1800 1373">
    <p class='ocr_par' dir='ltr' id='par_1_9' title="bbox 225 1292 1800 1373">
     <span class='ocr_line' id='line_1_9' title="bbox 225 1292 1800 1373; baseline 0.008 -30"><span class='ocrx_word' id='word_1_73' title='bbox 225 1292 499 1348; x_wconf 78' lang='grc' dir='ltr'>δείκνυται</span> <span class='ocrx_word' id='word_1_74' title='bbox 525 1297 583 1349; x_wconf 86' lang='grc' dir='ltr'>οὐ</span> <span class='ocrx_word' id='word_1_75' title='bbox 613 1296 718 1350; x_wconf 88' lang='grc' dir='ltr'>τῶν</span> <span class='ocrx_word' id='word_1_76' title='bbox 759 1297 967 1349; x_wconf 83' lang='grc' dir='ltr'>πολλῶν</span> <span class='ocrx_word' id='word_1_77' title='bbox 1001 1293 1081 1360; x_wconf 79' lang='grc' dir='ltr'>εἷς</span> <span class='ocrx_word' id='word_1_78' title='bbox 1111 1297 1187 1352; x_wconf 79' lang='grc' dir='ltr'>ὢν</span> <span class='ocrx_word' id='word_1_79' title='bbox 1217 1292 1374 1364; x_wconf 75' lang='grc' dir='ltr'>οὗτος</span> <span class='ocrx_word' id='word_1_80' title='bbox 1389 1299 1433 1354; x_wconf 81' lang='grc' dir='ltr'>’ό</span> <span class='ocrx_word' id='word_1_81' title='bbox 1467 1301 1658 1373; x_wconf 78' lang='grc' dir='ltr'>ἀστὴρ,</span> <span class='ocrx_word' id='word_1_82' title='bbox 1681 1303 1800 1355; x_wconf 84' lang='grc' dir='ltr'>οὐδέ</span> 
     </span>
    </p>
   </div>
   <div class='ocr_carea' id='block_1_10' title="bbox 227 1385 1799 1462">
    <p class='ocr_par' dir='ltr' id='par_1_10' title="bbox 227 1385 1799 1462">
     <span class='ocr_line' id='line_1_10' title="bbox 227 1385 1799 1462; baseline 0.008 -26"><span class='ocrx_word' id='word_1_83' title='bbox 227 1385 364 1438; x_wconf 79' lang='grc' dir='ltr'>κατὰ</span> <span class='ocrx_word' id='word_1_84' title='bbox 409 1387 514 1456; x_wconf 81' lang='grc' dir='ltr'>τὴν</span> <span class='ocrx_word' id='word_1_85' title='bbox 546 1388 866 1443; x_wconf 79' lang='grc' dir='ltr'>ἀκολουθίαν</span> <span class='ocrx_word' id='word_1_86' title='bbox 898 1390 995 1461; x_wconf 86' lang='grc' dir='ltr'>τῆς</span> <span class='ocrx_word' id='word_1_87' title='bbox 1050 1389 1156 1457; x_wconf 76' lang='grc' dir='ltr'>ἐξω</span> <span class='ocrx_word' id='word_1_88' title='bbox 1267 1392 1535 1462; x_wconf 87' lang='grc' dir='ltr'>γενέσεως</span> <span class='ocrx_word' id='word_1_89' title='bbox 1585 1395 1799 1460; x_wconf 84' lang='grc' dir='ltr'>δεικνὺς</span> 
     </span>
    </p>
   </div>
   <div class='ocr_carea' id='block_1_11' title="bbox 227 1469 600 1546">
    <p class='ocr_par' dir='ltr' id='par_1_11' title="bbox 227 1469 600 1546">
     <span class='ocr_line' id='line_1_11' title="bbox 227 1469 600 1546; baseline 0.011 -19"><span class='ocrx_word' id='word_1_90' title='bbox 227 1469 341 1546; x_wconf 84' lang='grc'>[89]</span> <span class='ocrx_word' id='word_1_91' title='bbox 372 1476 566 1531; x_wconf 89' lang='grc' dir='ltr'>ἐαυτόν</span> <span class='ocrx_word' id='word_1_92' title='bbox 585 1493 600 1541; x_wconf 90' lang='lat'><strong>;</strong></span> 
     </span>
    </p>
   </div>
   <div class='ocr_carea' id='block_1_12' title="bbox 292 1562 1798 1644">
    <p class='ocr_par' dir='ltr' id='par_1_12' title="bbox 292 1562 1798 1644">
     <span class='ocr_line' id='line_1_12' title="bbox 292 1562 1798 1644; baseline 0.006 -25"><span class='ocrx_word' id='word_1_93' title='bbox 292 1563 364 1633; x_wconf 89' lang='grc' dir='ltr'>γ’.</span> <span class='ocrx_word' id='word_1_94' title='bbox 395 1567 510 1620; x_wconf 74' lang='grc' dir='ltr'>Καὶ</span> <span class='ocrx_word' id='word_1_95' title='bbox 537 1567 681 1633; x_wconf 90' lang='grc' dir='ltr'>τίνος</span> <span class='ocrx_word' id='word_1_96' title='bbox 707 1562 893 1622; x_wconf 80' lang='grc' dir='ltr'>ἐνεκεν</span> <span class='ocrx_word' id='word_1_97' title='bbox 921 1572 1131 1642; x_wconf 73' lang='grc' dir='ltr'>ἐφάνης</span> <span class='ocrx_word' id='word_1_98' title='bbox 1162 1572 1324 1626; x_wconf 80' lang='grc' dir='ltr'>Ὥστε</span> <span class='ocrx_word' id='word_1_99' title='bbox 1352 1573 1671 1627; x_wconf 73' lang='grc' dir='ltr'>καθικέσθαι</span> <span class='ocrx_word' id='word_1_100' title='bbox 1697 1573 1798 1644; x_wconf 85' lang='grc' dir='ltr'>τῆς</span> 
     </span>
    </p>
   </div>
   <div class='ocr_carea' id='block_1_13' title="bbox 237 1655 1798 1734">
    <p class='ocr_par' dir='ltr' id='par_1_13' title="bbox 237 1655 1798 1734">
     <span class='ocr_line' id='line_1_13' title="bbox 237 1655 1798 1734; baseline 0.005 -26"><span class='ocrx_word' id='word_1_101' title='bbox 237 1655 508 1711; x_wconf 76' lang='grc' dir='ltr'>Ἰουδαίων</span> <span class='ocrx_word' id='word_1_102' title='bbox 541 1659 914 1730; x_wconf 84' lang='grc' dir='ltr'>ἀναισθησίας,</span> <span class='ocrx_word' id='word_1_103' title='bbox 947 1663 1246 1734; x_wconf 26' lang='grc' dir='ltr'>καὶιπᾶσαν</span> <span class='ocrx_word' id='word_1_104' title='bbox 1266 1664 1448 1728; x_wconf 85' lang='grc' dir='ltr'>αὐτοῖς</span> <span class='ocrx_word' id='word_1_105' title='bbox 1480 1663 1798 1717; x_wconf 80' lang='grc' dir='ltr'>ἀποκλεῖσαι</span> 
     </span>
    </p>
   </div>
   <div class='ocr_carea' id='block_1_14' title="bbox 225 1737 1798 1816">
    <p class='ocr_par' dir='ltr' id='par_1_14' title="bbox 225 1737 1798 1816">
     <span class='ocr_line' id='line_1_14' title="bbox 225 1737 1798 1816; baseline 0.006 -28"><span class='ocrx_word' id='word_1_106' title='bbox 225 1737 782 1814; x_wconf 74' lang='grc' dir='ltr'>ἀπολογίαςάφορμὴν</span> <span class='ocrx_word' id='word_1_107' title='bbox 797 1748 841 1778; x_wconf 86' lang='grc'><em>³³</em></span> <span class='ocrx_word' id='word_1_108' title='bbox 873 1743 1298 1812; x_wconf 85' lang='grc' dir='ltr'>ἀγνωμονοῦσιν.</span> <span class='ocrx_word' id='word_1_109' title='bbox 1335 1744 1548 1814; x_wconf 77' lang='grc' dir='ltr'>Ἐπειδὴ</span> <span class='ocrx_word' id='word_1_110' title='bbox 1610 1745 1720 1816; x_wconf 85' lang='grc' dir='ltr'>γάρ</span> <span class='ocrx_word' id='word_1_111' title='bbox 1768 1746 1798 1797; x_wconf 88' lang='lat'>6</span> 
     </span>
    </p>
   </div>
   <div class='ocr_carea' id='block_1_15' title="bbox 227 1830 1799 1906">
    <p class='ocr_par' dir='ltr' id='par_1_15' title="bbox 227 1830 1799 1906">
     <span class='ocr_line' id='line_1_15' title="bbox 227 1830 1799 1906; baseline 0.006 -26"><span class='ocrx_word' id='word_1_112' title='bbox 227 1830 686 1900; x_wconf 84' lang='grc' dir='ltr'>παραγενόμενος.</span> <span class='ocrx_word' id='word_1_113' title='bbox 727 1832 824 1901; x_wconf 81' lang='grc' dir='ltr'>τὴν</span> <span class='ocrx_word' id='word_1_114' title='bbox 865 1832 964 1902; x_wconf 87' lang='grc' dir='ltr'>μέν</span> <span class='ocrx_word' id='word_1_115' title='bbox 1009 1834 1242 1888; x_wconf 83' lang='grc' dir='ltr'>παλαιάν</span> <span class='ocrx_word' id='word_1_116' title='bbox 1279 1835 1575 1889; x_wconf 84' lang='grc' dir='ltr'>ἀναπαύειν</span> <span class='ocrx_word' id='word_1_117' title='bbox 1608 1835 1799 1906; x_wconf 76' lang='grc' dir='ltr'>ἔμελλε</span> 
     </span>
    </p>
   </div>
   <div class='ocr_carea' id='block_1_16' title="bbox 228 1919 1802 1998">
    <p class='ocr_par' dir='ltr' id='par_1_16' title="bbox 228 1919 1802 1998">
     <span class='ocr_line' id='line_1_16' title="bbox 228 1919 1802 1998; baseline 0.008 -29"><span class='ocrx_word' id='word_1_118' title='bbox 228 1919 520 1984; x_wconf 79' lang='grc' dir='ltr'>πολιτείαν,</span> <span class='ocrx_word' id='word_1_119' title='bbox 550 1921 650 1991; x_wconf 80' lang='grc' dir='ltr'>τὴν</span> <span class='ocrx_word' id='word_1_120' title='bbox 670 1921 726 1974; x_wconf 89' lang='grc' dir='ltr'>δε</span> <span class='ocrx_word' id='word_1_121' title='bbox 751 1924 1073 1994; x_wconf 75' lang='grc' dir='ltr'>οἰκουμένην</span> <span class='ocrx_word' id='word_1_122' title='bbox 1101 1926 1183 1987; x_wconf 90' lang='grc' dir='ltr'>εἰς</span> <span class='ocrx_word' id='word_1_123' title='bbox 1211 1924 1309 1995; x_wconf 80' lang='grc' dir='ltr'>τὴν</span> <span class='ocrx_word' id='word_1_124' title='bbox 1341 1925 1506 1980; x_wconf 80' lang='grc' dir='ltr'>αὑτοῦ</span> <span class='ocrx_word' id='word_1_125' title='bbox 1557 1926 1802 1998; x_wconf 85' lang='grc' dir='ltr'>προσκύ-</span> 
     </span>
    </p>
   </div>
   <div class='ocr_carea' id='block_1_17' title="bbox 225 2022 1796 2095">
    <p class='ocr_par' dir='ltr' id='par_1_17' title="bbox 225 2022 1796 2095">
     <span class='ocr_line' id='line_1_17' title="bbox 225 2022 1796 2095; baseline -0.001 -22"><span class='ocrx_word' id='word_1_126' title='bbox 225 2037 374 2090; x_wconf 79' lang='grc' dir='ltr'>νησιν</span> <span class='ocrx_word' id='word_1_127' title='bbox 403 2022 610 2089; x_wconf 83' lang='grc' dir='ltr'>καλεῖν,</span> <span class='ocrx_word' id='word_1_128' title='bbox 636 2023 730 2076; x_wconf 75' lang='grc' dir='ltr'>καὶ</span> <span class='ocrx_word' id='word_1_129' title='bbox 758 2025 816 2077; x_wconf 89' lang='grc' dir='ltr'>ἐν</span> <span class='ocrx_word' id='word_1_130' title='bbox 844 2027 914 2095; x_wconf 80' lang='grc' dir='ltr'>γῇ</span> <span class='ocrx_word' id='word_1_131' title='bbox 955 2025 1048 2078; x_wconf 74' lang='grc' dir='ltr'>καὶ</span> <span class='ocrx_word' id='word_1_132' title='bbox 1088 2026 1146 2077; x_wconf 90' lang='grc' dir='ltr'>ἐν</span> <span class='ocrx_word' id='word_1_133' title='bbox 1187 2023 1423 2094; x_wconf 80' lang='grc' dir='ltr'>θαλάττῃ</span> <span class='ocrx_word' id='word_1_134' title='bbox 1474 2022 1796 2092; x_wconf 84' lang='grc' dir='ltr'>προσκυνεῖ-</span> 
     </span>
    </p>
   </div>
   <div class='ocr_carea' id='block_1_18' title="bbox 226 2110 1799 2183">
    <p class='ocr_par' dir='ltr' id='par_1_18' title="bbox 226 2110 1799 2183">
     <span class='ocr_line' id='line_1_18' title="bbox 226 2110 1799 2183; baseline 0.001 -22"><span class='ocrx_word' id='word_1_135' title='bbox 226 2110 346 2162; x_wconf 81' lang='grc' dir='ltr'>σθαι</span> <span class='ocrx_word' id='word_1_136' title='bbox 384 2113 556 2182; x_wconf 79' lang='grc' dir='ltr'>πάσῃ,</span> <span class='ocrx_word' id='word_1_137' title='bbox 581 2114 644 2165; x_wconf 84' lang='grc' dir='ltr'>ἐκ</span> <span class='ocrx_word' id='word_1_138' title='bbox 670 2116 969 2183; x_wconf 86' lang='grc' dir='ltr'>προοιμίων</span> <span class='ocrx_word' id='word_1_139' title='bbox 995 2114 1196 2178; x_wconf 79' lang='grc' dir='ltr'>εὐθέως</span> <span class='ocrx_word' id='word_1_140' title='bbox 1225 2116 1335 2177; x_wconf 85' lang='grc' dir='ltr'>τοῖς</span> <span class='ocrx_word' id='word_1_141' title='bbox 1361 2114 1567 2166; x_wconf 81' lang='grc' dir='ltr'>ἔθνεσιν</span> <span class='ocrx_word' id='word_1_142' title='bbox 1594 2111 1799 2180; x_wconf 88' lang='grc' dir='ltr'>ἀνοίγει</span> 
     </span>
    </p>
   </div>
   <div class='ocr_carea' id='block_1_19' title="bbox 226 2199 1798 2274">
    <p class='ocr_par' dir='ltr' id='par_1_19' title="bbox 226 2199 1798 2274">
     <span class='ocr_line' id='line_1_19' title="bbox 226 2199 1798 2274; baseline 0.003 -22"><span class='ocrx_word' id='word_1_143' title='bbox 226 2199 318 2270; x_wconf 76' lang='grc' dir='ltr'>τὴν</span> <span class='ocrx_word' id='word_1_144' title='bbox 347 2201 539 2271; x_wconf 82' lang='grc' dir='ltr'>θύραν,</span> <span class='ocrx_word' id='word_1_145' title='bbox 559 2201 650 2255; x_wconf 91' lang='grc' dir='ltr'>διά</span> <span class='ocrx_word' id='word_1_146' title='bbox 684 2203 792 2256; x_wconf 91' lang='grc' dir='ltr'>τῶν</span> <span class='ocrx_word' id='word_1_147' title='bbox 821 2204 1113 2274; x_wconf 86' lang='grc' dir='ltr'>ἀλλοτρίων</span> <span class='ocrx_word' id='word_1_148' title='bbox 1144 2205 1272 2267; x_wconf 82' lang='grc' dir='ltr'>τοὺς</span> <span class='ocrx_word' id='word_1_149' title='bbox 1312 2204 1544 2267; x_wconf 79' lang='grc' dir='ltr'>οἰκείους</span> <span class='ocrx_word' id='word_1_150' title='bbox 1573 2202 1798 2256; x_wconf 77' lang='grc' dir='ltr'>παιδεῦ-</span> 
     </span>
    </p>
   </div>
   <div class='ocr_carea' id='block_1_20' title="bbox 226 2290 1799 2363">
    <p class='ocr_par' dir='ltr' id='par_1_20' title="bbox 226 2290 1799 2363">
     <span class='ocr_line' id='line_1_20' title="bbox 226 2290 1799 2363; baseline 0.003 -23"><span class='ocrx_word' id='word_1_151' title='bbox 226 2305 314 2340; x_wconf 90' lang='grc' dir='ltr'>σαι</span> <span class='ocrx_word' id='word_1_152' title='bbox 358 2290 550 2346; x_wconf 83' lang='grc' dir='ltr'>θέλων.</span> <span class='ocrx_word' id='word_1_153' title='bbox 600 2292 816 2363; x_wconf 83' lang='grc' dir='ltr'>Ἐπειδὴ</span> <span class='ocrx_word' id='word_1_154' title='bbox 876 2295 986 2362; x_wconf 82' lang='grc' dir='ltr'>γὰρ</span> <span class='ocrx_word' id='word_1_155' title='bbox 1034 2294 1142 2346; x_wconf 89' lang='grc' dir='ltr'>τῶν</span> <span class='ocrx_word' id='word_1_156' title='bbox 1199 2293 1496 2363; x_wconf 84' lang='grc' dir='ltr'>προφητῶν</span> <span class='ocrx_word' id='word_1_157' title='bbox 1559 2291 1799 2362; x_wconf 88' lang='grc' dir='ltr'>συνεχῶς</span> 
     </span>
    </p>
   </div>
   <div class='ocr_carea' id='block_1_21' title="bbox 223 2379 1796 2452">
    <p class='ocr_par' dir='ltr' id='par_1_21' title="bbox 223 2379 1796 2452">
     <span class='ocr_line' id='line_1_21' title="bbox 223 2379 1796 2452; baseline 0 -20"><span class='ocrx_word' id='word_1_158' title='bbox 223 2379 510 2443; x_wconf 82' lang='grc' dir='ltr'>ἀκούοντες</span> <span class='ocrx_word' id='word_1_159' title='bbox 550 2381 816 2446; x_wconf 87' lang='grc' dir='ltr'>λεγόντων</span> <span class='ocrx_word' id='word_1_160' title='bbox 871 2382 1000 2452; x_wconf 75' lang='grc' dir='ltr'>περὶ</span> <span class='ocrx_word' id='word_1_161' title='bbox 1039 2382 1138 2451; x_wconf 89' lang='grc' dir='ltr'>τῆς</span> <span class='ocrx_word' id='word_1_162' title='bbox 1182 2381 1345 2434; x_wconf 84' lang='grc' dir='ltr'>αὑτοῦ</span> <span class='ocrx_word' id='word_1_163' title='bbox 1388 2381 1796 2450; x_wconf 82' lang='grc' dir='ltr'>παρουσίας.οὒ</span> 
     </span>
    </p>
   </div>
   <div class='ocr_carea' id='block_1_22' title="bbox 225 2470 1797 2543">
    <p class='ocr_par' dir='ltr' id='par_1_22' title="bbox 225 2470 1797 2543">
     <span class='ocr_line' id='line_1_22' title="bbox 225 2470 1797 2543; baseline 0.003 -23"><span class='ocrx_word' id='word_1_164' title='bbox 225 2470 425 2539; x_wconf 76' lang='grc' dir='ltr'>σφόδρα</span> <span class='ocrx_word' id='word_1_165' title='bbox 454 2473 763 2540; x_wconf 80' lang='grc' dir='ltr'>προσεῖχον,</span> <span class='ocrx_word' id='word_1_166' title='bbox 781 2471 1003 2542; x_wconf 88' lang='grc' dir='ltr'>ἐποίησε</span> <span class='ocrx_word' id='word_1_167' title='bbox 1028 2473 1122 2526; x_wconf 57' lang='grc' dir='ltr'>καὶ¹</span> <span class='ocrx_word' id='word_1_168' title='bbox 1154 2472 1461 2543; x_wconf 87' lang='grc' dir='ltr'>βαρϐάρους</span> <span class='ocrx_word' id='word_1_169' title='bbox 1491 2472 1662 2525; x_wconf 87' lang='grc' dir='ltr'>ἐλθεῖν</span> <span class='ocrx_word' id='word_1_170' title='bbox 1689 2472 1797 2525; x_wconf 87' lang='grc' dir='ltr'>ἀπὸ</span> 
     </span>
    </p>
   </div>
   <div class='ocr_carea' id='block_1_23' title="bbox 224 2560 1790 2634">
    <p class='ocr_par' dir='ltr' id='par_1_23' title="bbox 224 2560 1790 2634">
     <span class='ocr_line' id='line_1_23' title="bbox 224 2560 1790 2634; baseline 0.001 -21"><span class='ocrx_word' id='word_1_171' title='bbox 224 2560 322 2628; x_wconf 82' lang='grc' dir='ltr'>τῆς</span> <span class='ocrx_word' id='word_1_172' title='bbox 357 2563 595 2630; x_wconf 76' lang='grc' dir='ltr'>μακρᾶς,</span> <span class='ocrx_word' id='word_1_173' title='bbox 628 2562 720 2614; x_wconf 87' lang='grc' dir='ltr'>τὸν</span> <span class='ocrx_word' id='word_1_174' title='bbox 750 2565 879 2632; x_wconf 79' lang='grc' dir='ltr'>παρ’</span> <span class='ocrx_word' id='word_1_175' title='bbox 905 2563 1088 2626; x_wconf 81' lang='grc' dir='ltr'>αὐτοῖς</span> <span class='ocrx_word' id='word_1_176' title='bbox 1127 2563 1351 2632; x_wconf 77' lang='grc' dir='ltr'>βασιλέα</span> <span class='ocrx_word' id='word_1_177' title='bbox 1381 2563 1790 2634; x_wconf 76' lang='grc' dir='ltr'>ἐπιζητοῦντας,</span> 
     </span>
    </p>
   </div>
   <div class='ocr_carea' id='block_1_24' title="bbox 219 2649 1795 2721">
    <p class='ocr_par' dir='ltr' id='par_1_24' title="bbox 219 2649 1795 2721">
     <span class='ocr_line' id='line_1_24' title="bbox 219 2649 1795 2721; baseline 0.004 -22"><span class='ocrx_word' id='word_1_178' title='bbox 219 2649 314 2699; x_wconf 75' lang='grc' dir='ltr'>καὶ</span> <span class='ocrx_word' id='word_1_179' title='bbox 362 2649 514 2719; x_wconf 85' lang='grc' dir='ltr'>παρά</span> <span class='ocrx_word' id='word_1_180' title='bbox 558 2649 831 2719; x_wconf 81' lang='grc' dir='ltr'>Περσικῆς</span> <span class='ocrx_word' id='word_1_181' title='bbox 875 2649 1098 2719; x_wconf 85' lang='grc' dir='ltr'>πρώτης</span> <span class='ocrx_word' id='word_1_182' title='bbox 1135 2652 1318 2721; x_wconf 82' lang='grc' dir='ltr'>φωνῆς</span> <span class='ocrx_word' id='word_1_183' title='bbox 1350 2652 1729 2720; x_wconf 81' lang='grc' dir='ltr'>μανθάνουσιν,</span> <span class='ocrx_word' id='word_1_184' title='bbox 1757 2653 1795 2708; x_wconf 73' lang='grc' dir='ltr'>ἃ.</span> 
     </span>
    </p>
   </div>
   <div class='ocr_carea' id='block_1_25' title="bbox 225 2735 1794 2810">
    <p class='ocr_par' dir='ltr' id='par_1_25' title="bbox 225 2735 1794 2810">
     <span class='ocr_line' id='line_1_25' title="bbox 225 2735 1794 2810; baseline 0.006 -24"><span class='ocrx_word' id='word_1_185' title='bbox 225 2735 370 2804; x_wconf 89' lang='grc' dir='ltr'>παρά</span> <span class='ocrx_word' id='word_1_186' title='bbox 406 2737 517 2788; x_wconf 88' lang='grc' dir='ltr'>τῶν</span> <span class='ocrx_word' id='word_1_187' title='bbox 542 2740 836 2807; x_wconf 80' lang='grc' dir='ltr'>προφητῶν</span> <span class='ocrx_word' id='word_1_188' title='bbox 880 2741 1070 2807; x_wconf 87' lang='grc' dir='ltr'>μαθεῖν</span> <span class='ocrx_word' id='word_1_189' title='bbox 1097 2742 1198 2793; x_wconf 80' lang='grc' dir='ltr'>οὐκ</span> <span class='ocrx_word' id='word_1_190' title='bbox 1233 2742 1522 2810; x_wconf 83' lang='grc' dir='ltr'>ἠνέσχοντο</span> <span class='ocrx_word' id='word_1_191' title='bbox 1544 2759 1558 2772; x_wconf 75' lang='grc' dir='ltr'><strong><em>ο</em></strong></span> <span class='ocrx_word' id='word_1_192' title='bbox 1591 2745 1695 2805; x_wconf 85' lang='grc' dir='ltr'>ἵνα,</span> <span class='ocrx_word' id='word_1_193' title='bbox 1728 2743 1794 2797; x_wconf 83' lang='grc' dir='ltr'>ἀν</span> 
     </span>
    </p>
   </div>
   <div class='ocr_carea' id='block_1_26' title="bbox 224 2822 1792 2896">
    <p class='ocr_par' dir='ltr' id='par_1_26' title="bbox 224 2822 1792 2896">
     <span class='ocr_line' id='line_1_26' title="bbox 224 2822 1792 2896; baseline 0.006 -23"><span class='ocrx_word' id='word_1_194' title='bbox 224 2822 318 2891; x_wconf 80' lang='grc' dir='ltr'>μὲν</span> <span class='ocrx_word' id='word_1_195' title='bbox 376 2824 778 2893; x_wconf 82' lang='grc' dir='ltr'>εὐγνωμονῶσι,</span> <span class='ocrx_word' id='word_1_196' title='bbox 847 2827 1108 2896; x_wconf 82' lang='grc' dir='ltr'>μεγίστην</span> <span class='ocrx_word' id='word_1_197' title='bbox 1163 2827 1325 2896; x_wconf 78' lang='grc' dir='ltr'>ἔχωσι</span> <span class='ocrx_word' id='word_1_198' title='bbox 1375 2828 1466 2880; x_wconf 88' lang='grc' dir='ltr'>τοῦ</span> <span class='ocrx_word' id='word_1_199' title='bbox 1512 2831 1792 2884; x_wconf 82' lang='grc' dir='ltr'>πείθεσθαι</span> 
     </span>
    </p>
   </div>
   <div class='ocr_carea' id='block_1_27' title="bbox 221 2907 1796 2984">
    <p class='ocr_par' dir='ltr' id='par_1_27' title="bbox 221 2907 1796 2984">
     <span class='ocr_line' id='line_1_27' title="bbox 221 2907 1796 2984; baseline 0.004 -24"><span class='ocrx_word' id='word_1_200' title='bbox 221 2911 489 2979; x_wconf 79' lang='grc' dir='ltr'>πρόφασιν</span> <span class='ocrx_word' id='word_1_201' title='bbox 508 2928 522 2941; x_wconf 74' lang='grc' dir='ltr'>ο</span> <span class='ocrx_word' id='word_1_202' title='bbox 545 2911 638 2963; x_wconf 83' lang='grc' dir='ltr'>ἐὰν</span> <span class='ocrx_word' id='word_1_203' title='bbox 661 2912 717 2964; x_wconf 84' lang='grc' dir='ltr'>δὲ</span> <span class='ocrx_word' id='word_1_204' title='bbox 739 2912 1103 2980; x_wconf 84' lang='grc' dir='ltr'>φιλονεικῶσι,</span> <span class='ocrx_word' id='word_1_205' title='bbox 1132 2915 1311 2983; x_wconf 87' lang='grc' dir='ltr'>πάσης</span> <span class='ocrx_word' id='word_1_206' title='bbox 1335 2907 1467 2967; x_wconf 79' lang='grc' dir='ltr'>ὦσιν</span> <span class='ocrx_word' id='word_1_207' title='bbox 1496 2915 1796 2984; x_wconf 86' lang='grc' dir='ltr'>ἀπεστερη-</span> 
     </span>
    </p>
   </div>
   <div class='ocr_carea' id='block_1_28' title="bbox 223 2993 1789 3074">
    <p class='ocr_par' dir='ltr' id='par_1_28' title="bbox 223 2993 1789 3074">
     <span class='ocr_line' id='line_1_28' title="bbox 223 2993 1789 3074; baseline 0.002 -23"><span class='ocrx_word' id='word_1_208' title='bbox 223 2998 369 3066; x_wconf 80' lang='grc' dir='ltr'>μένοι</span> <span class='ocrx_word' id='word_1_209' title='bbox 390 2999 578 3053; x_wconf 84' lang='grc' dir='ltr'>λοιπὸν</span> <span class='ocrx_word' id='word_1_210' title='bbox 604 3001 916 3071; x_wconf 83' lang='grc' dir='ltr'>ἀπολογίας.</span> <span class='ocrx_word' id='word_1_211' title='bbox 946 3002 1011 3055; x_wconf 90' lang='grc' dir='ltr'>Τί</span> <span class='ocrx_word' id='word_1_212' title='bbox 1049 3004 1158 3072; x_wconf 81' lang='grc' dir='ltr'>γάρ</span> <span class='ocrx_word' id='word_1_213' title='bbox 1188 3003 1255 3056; x_wconf 82' lang='grc' dir='ltr'>ἂν</span> <span class='ocrx_word' id='word_1_214' title='bbox 1283 3004 1454 3073; x_wconf 81' lang='grc' dir='ltr'>έχοιεν</span> <span class='ocrx_word' id='word_1_215' title='bbox 1486 2993 1680 3066; x_wconf 86' lang='grc' dir='ltr'>εἰπεῖν,</span> <span class='ocrx_word' id='word_1_216' title='bbox 1715 3005 1789 3074; x_wconf 82' lang='grc' dir='ltr'>μὴ</span> 
     </span>
    </p>
   </div>
   <div class='ocr_carea' id='block_1_29' title="bbox 219 3086 1792 3164">
    <p class='ocr_par' dir='ltr' id='par_1_29' title="bbox 219 3086 1792 3164">
     <span class='ocr_line' id='line_1_29' title="bbox 219 3086 1792 3164; baseline 0.006 -25"><span class='ocrx_word' id='word_1_217' title='bbox 219 3086 501 3159; x_wconf 74' lang='grc' dir='ltr'>δεξάμενοι</span> <span class='ocrx_word' id='word_1_218' title='bbox 530 3091 620 3143; x_wconf 87' lang='grc' dir='ltr'>τὸν</span> <span class='ocrx_word' id='word_1_219' title='bbox 646 3092 879 3161; x_wconf 90' lang='grc' dir='ltr'>Χριστὸν</span> <span class='ocrx_word' id='word_1_220' title='bbox 916 3092 1052 3161; x_wconf 81' lang='grc' dir='ltr'>μετὰ</span> <span class='ocrx_word' id='word_1_221' title='bbox 1079 3093 1206 3157; x_wconf 77' lang='grc' dir='ltr'>τοὺς</span> <span class='ocrx_word' id='word_1_222' title='bbox 1246 3093 1531 3156; x_wconf 82' lang='grc' dir='ltr'>τοσούτους</span> <span class='ocrx_word' id='word_1_223' title='bbox 1580 3095 1792 3164; x_wconf 84' lang='grc' dir='ltr'>προφή-</span> 
     </span>
    </p>
   </div>
   <div class='ocr_carea' id='block_1_30' title="bbox 219 3181 1790 3254">
    <p class='ocr_par' dir='ltr' id='par_1_30' title="bbox 219 3181 1790 3254">
     <span class='ocr_line' id='line_1_30' title="bbox 219 3181 1790 3254; baseline 0.005 -26"><span class='ocrx_word' id='word_1_224' title='bbox 219 3193 330 3241; x_wconf 85' lang='grc' dir='ltr'>τας,</span> <span class='ocrx_word' id='word_1_225' title='bbox 369 3181 501 3233; x_wconf 85' lang='grc' dir='ltr'>ὅταν</span> <span class='ocrx_word' id='word_1_226' title='bbox 526 3181 674 3234; x_wconf 82' lang='grc' dir='ltr'>ῑδωσι</span> <span class='ocrx_word' id='word_1_227' title='bbox 701 3183 903 3251; x_wconf 82' lang='grc' dir='ltr'>μάγους</span> <span class='ocrx_word' id='word_1_228' title='bbox 934 3183 1043 3235; x_wconf 89' lang='grc' dir='ltr'>ἀπὸ</span> <span class='ocrx_word' id='word_1_229' title='bbox 1083 3183 1258 3252; x_wconf 75' lang='grc' dir='ltr'>ὅψεως</span> <span class='ocrx_word' id='word_1_230' title='bbox 1295 3185 1410 3245; x_wconf 88' lang='grc' dir='ltr'>ἐνὸς</span> <span class='ocrx_word' id='word_1_231' title='bbox 1436 3185 1634 3254; x_wconf 77' lang='grc' dir='ltr'>ἄστρου</span> <span class='ocrx_word' id='word_1_232' title='bbox 1666 3184 1790 3236; x_wconf 91' lang='grc' dir='ltr'>τοῦ-</span> 
     </span>
    </p>
   </div>
   <div class='ocr_carea' id='block_1_31' title="bbox 217 3267 1786 3340">
    <p class='ocr_par' dir='ltr' id='par_1_31' title="bbox 217 3267 1786 3340">
     <span class='ocr_line' id='line_1_31' title="bbox 217 3267 1786 3340; baseline 0.004 -23"><span class='ocrx_word' id='word_1_233' title='bbox 217 3281 322 3318; x_wconf 67' lang='grc' dir='ltr'>τον</span> <span class='ocrx_word' id='word_1_234' title='bbox 349 3267 694 3338; x_wconf 81' lang='grc' dir='ltr'>δεξαμένους,</span> <span class='ocrx_word' id='word_1_235' title='bbox 728 3271 820 3322; x_wconf 77' lang='grc' dir='ltr'>καὶ</span> <span class='ocrx_word' id='word_1_236' title='bbox 866 3272 1349 3340; x_wconf 86' lang='grc' dir='ltr'>προσκυνήσαντας</span> <span class='ocrx_word' id='word_1_237' title='bbox 1380 3272 1471 3323; x_wconf 89' lang='grc' dir='ltr'>τὸν</span> <span class='ocrx_word' id='word_1_238' title='bbox 1512 3271 1786 3338; x_wconf 88' lang='grc' dir='ltr'>φανέντα;</span> 
     </span>
    </p>
   </div>
   <div class='ocr_carea' id='block_1_32' title="bbox 220 3355 1788 3430">
    <p class='ocr_par' dir='ltr' id='par_1_32' title="bbox 220 3355 1788 3430">
     <span class='ocr_line' id='line_1_32' title="bbox 220 3355 1788 3430; baseline 0.004 -21"><span class='ocrx_word' id='word_1_239' title='bbox 220 3355 388 3428; x_wconf 82' lang='grc' dir='ltr'>Ὅπερ</span> <span class='ocrx_word' id='word_1_240' title='bbox 417 3356 512 3413; x_wconf 82' lang='grc' dir='ltr'>οῦν</span> <span class='ocrx_word' id='word_1_241' title='bbox 545 3361 637 3412; x_wconf 82' lang='grc' dir='ltr'>ἐπὶ</span> <span class='ocrx_word' id='word_1_242' title='bbox 681 3360 790 3412; x_wconf 85' lang='grc' dir='ltr'>τῶν</span> <span class='ocrx_word' id='word_1_243' title='bbox 839 3360 1136 3412; x_wconf 78' lang='grc' dir='ltr'>Νινευῖτῶν</span> <span class='ocrx_word' id='word_1_244' title='bbox 1187 3361 1429 3429; x_wconf 89' lang='grc' dir='ltr'>ἐποίησε,</span> <span class='ocrx_word' id='word_1_245' title='bbox 1456 3363 1675 3430; x_wconf 82' lang='grc' dir='ltr'>πέμψας</span> <span class='ocrx_word' id='word_1_246' title='bbox 1697 3362 1788 3415; x_wconf 90' lang='grc' dir='ltr'>τὸν</span> 
     </span>
    </p>
   </div>
   <div class='ocr_carea' id='block_1_33' title="bbox 229 3446 1788 3522">
    <p class='ocr_par' dir='ltr' id='par_1_33' title="bbox 229 3446 1788 3522">
     <span class='ocr_line' id='line_1_33' title="bbox 229 3446 1788 3522; baseline 0.004 -24"><span class='ocrx_word' id='word_1_247' title='bbox 229 3446 426 3513; x_wconf 78' lang='grc' dir='ltr'>Ἵωνᾶν,</span> <span class='ocrx_word' id='word_1_248' title='bbox 467 3450 562 3502; x_wconf 76' lang='grc' dir='ltr'>καὶ</span> <span class='ocrx_word' id='word_1_249' title='bbox 592 3450 727 3519; x_wconf 81' lang='grc' dir='ltr'>ὅπερ</span> <span class='ocrx_word' id='word_1_250' title='bbox 756 3450 848 3502; x_wconf 76' lang='grc' dir='ltr'>ἐπὶ</span> <span class='ocrx_word' id='word_1_251' title='bbox 876 3451 973 3520; x_wconf 80' lang='grc' dir='ltr'>τῆς</span> <span class='ocrx_word' id='word_1_252' title='bbox 1005 3449 1391 3520; x_wconf 83' lang='grc' dir='ltr'>Σαμαρείτιδος</span> <span class='ocrx_word' id='word_1_253' title='bbox 1423 3449 1639 3522; x_wconf 79' lang='grc' dir='ltr'>καὶτῆς</span> <span class='ocrx_word' id='word_1_254' title='bbox 1673 3452 1788 3504; x_wconf 86' lang='grc' dir='ltr'>Χα-</span> 
     </span>
    </p>
   </div>
   <div class='ocr_carea' id='block_1_34' title="bbox 217 3537 1788 3610">
    <p class='ocr_par' dir='ltr' id='par_1_34' title="bbox 217 3537 1788 3610">
     <span class='ocr_line' id='line_1_34' title="bbox 217 3537 1788 3610; baseline 0.004 -22"><span class='ocrx_word' id='word_1_255' title='bbox 217 3537 457 3601; x_wconf 85' lang='grc' dir='ltr'>ναναίας,</span> <span class='ocrx_word' id='word_1_256' title='bbox 491 3539 650 3591; x_wconf 88' lang='grc' dir='ltr'>τοῦτο</span> <span class='ocrx_word' id='word_1_257' title='bbox 683 3541 779 3593; x_wconf 71' lang='grc' dir='ltr'>καὶ</span> <span class='ocrx_word' id='word_1_258' title='bbox 827 3541 920 3592; x_wconf 77' lang='grc' dir='ltr'>ἐπὶ</span> <span class='ocrx_word' id='word_1_259' title='bbox 960 3540 1092 3593; x_wconf 81' lang='grc' dir='ltr'>τῶν·</span> <span class='ocrx_word' id='word_1_260' title='bbox 1118 3541 1326 3610; x_wconf 87' lang='grc' dir='ltr'>μάγων.</span> <span class='ocrx_word' id='word_1_261' title='bbox 1373 3541 1469 3594; x_wconf 87' lang='grc' dir='ltr'>Διά</span> <span class='ocrx_word' id='word_1_262' title='bbox 1511 3541 1669 3594; x_wconf 86' lang='grc' dir='ltr'>τοῦτο</span> <span class='ocrx_word' id='word_1_263' title='bbox 1695 3542 1788 3595; x_wconf 80' lang='grc' dir='ltr'>καὶ</span> 
     </span>
    </p>
   </div>
   <div class='ocr_carea' id='block_1_35' title="bbox 215 3618 1787 3696">
    <p class='ocr_par' dir='ltr' id='par_1_35' title="bbox 215 3618 1787 3696">
     <span class='ocr_line' id='line_1_35' title="bbox 215 3618 1787 3696; baseline 0.004 -19"><span class='ocrx_word' id='word_1_264' title='bbox 215 3623 392 3693; x_wconf 60' lang='lat' dir='ltr'><strong>ex:er</strong></span> <span class='ocrx_word' id='word_1_265' title='bbox 412 3644 426 3659; x_wconf 73' lang='grc' dir='ltr'><strong>ο</strong></span> <span class='ocrx_word' id='word_1_266' title='bbox 494 3618 743 3696; x_wconf 66' lang='grc' dir='ltr'>’Δγ-’ὄρος</span> <span class='ocrx_word' id='word_1_267' title='bbox 799 3629 1097 3683; x_wconf 82' lang='grc' dir='ltr'>Νινευῗται</span> <span class='ocrx_word' id='word_1_268' title='bbox 1150 3629 1620 3696; x_wconf 77' lang='grc' dir='ltr'>ἀναστήσονται,</span> <span class='ocrx_word' id='word_1_269' title='bbox 1686 3633 1787 3686; x_wconf 76' lang='grc' dir='ltr'>καί</span> 
     </span>
    </p>
   </div>
   <div class='ocr_carea' id='block_1_36' title="bbox 214 3719 1786 3788">
    <p class='ocr_par' dir='ltr' id='par_1_36' title="bbox 214 3719 1786 3788">
     <span class='ocr_line' id='line_1_36' title="bbox 214 3719 1786 3788; baseline 0.004 -19"><span class='ocrx_word' id='word_1_270' title='bbox 214 3719 637 3788; x_wconf 77' lang='grc' dir='ltr'>κατακρινοῦσι</span> <span class='ocrx_word' id='word_1_271' title='bbox 657 3736 670 3750; x_wconf 91' lang='grc'><strong>·</strong></span> <span class='ocrx_word' id='word_1_272' title='bbox 701 3721 816 3781; x_wconf 77' lang='grc' dir='ltr'>καὶ,</span> <span class='ocrx_word' id='word_1_273' title='bbox 848 3721 1194 3774; x_wconf 75' lang='grc' dir='ltr'>Βασίλισσα</span> <span class='ocrx_word' id='word_1_274' title='bbox 1233 3723 1414 3775; x_wconf 78' lang='grc' dir='ltr'>νότου</span> <span class='ocrx_word' id='word_1_275' title='bbox 1446 3723 1786 3787; x_wconf 79' lang='grc' dir='ltr'>ἀναστήσε-</span> 
     </span>
    </p>
   </div>
   <div class='ocr_carea' id='block_1_37' title="bbox 217 3809 1788 3879">
    <p class='ocr_par' dir='ltr' id='par_1_37' title="bbox 217 3809 1788 3879">
     <span class='ocr_line' id='line_1_37' title="bbox 217 3809 1788 3879; baseline 0.004 -19"><span class='ocrx_word' id='word_1_276' title='bbox 217 3822 332 3869; x_wconf 83' lang='grc' dir='ltr'>ται,</span> <span class='ocrx_word' id='word_1_277' title='bbox 356 3810 454 3862; x_wconf 82' lang='grc' dir='ltr'>καί</span> <span class='ocrx_word' id='word_1_278' title='bbox 484 3809 832 3877; x_wconf 80' lang='grc' dir='ltr'>κατακρινεῖ</span> <span class='ocrx_word' id='word_1_279' title='bbox 852 3810 967 3879; x_wconf 83' lang='grc' dir='ltr'>τὴν</span> <span class='ocrx_word' id='word_1_280' title='bbox 994 3814 1210 3878; x_wconf 84' lang='grc' dir='ltr'>γενεὰν</span> <span class='ocrx_word' id='word_1_281' title='bbox 1240 3813 1466 3879; x_wconf 86' lang='grc' dir='ltr'>ταύτην</span> <span class='ocrx_word' id='word_1_282' title='bbox 1485 3828 1499 3842; x_wconf 79' lang='grc' dir='ltr'><strong>ο</strong></span> <span class='ocrx_word' id='word_1_283' title='bbox 1534 3814 1615 3866; x_wconf 83' lang='grc' dir='ltr'>ὅτι</span> <span class='ocrx_word' id='word_1_284' title='bbox 1641 3815 1788 3866; x_wconf 81' lang='grc' dir='ltr'>ἐκεῖ-</span> 
     </span>
    </p>
   </div>
   <div class='ocr_carea' id='block_1_38' title="bbox 213 3895 1784 3966">
    <p class='ocr_par' dir='ltr' id='par_1_38' title="bbox 213 3895 1784 3966">
     <span class='ocr_line' id='line_1_38' title="bbox 213 3895 1784 3966; baseline 0.004 -18"><span class='ocrx_word' id='word_1_285' title='bbox 213 3911 289 3948; x_wconf 83' lang='grc' dir='ltr'>νοι</span> <span class='ocrx_word' id='word_1_286' title='bbox 322 3895 423 3965; x_wconf 74' lang='grc' dir='ltr'>μὲν</span> <span class='ocrx_word' id='word_1_287' title='bbox 451 3899 565 3960; x_wconf 82' lang='grc' dir='ltr'>τοῖς</span> <span class='ocrx_word' id='word_1_288' title='bbox 597 3897 875 3952; x_wconf 76' lang='grc' dir='ltr'>ἐλάττοσιν</span> <span class='ocrx_word' id='word_1_289' title='bbox 906 3900 1254 3963; x_wconf 87' lang='grc' dir='ltr'>ἐπίστευσαν,</span> <span class='ocrx_word' id='word_1_290' title='bbox 1275 3897 1416 3954; x_wconf 80' lang='grc' dir='ltr'>οῦτοι</span> <span class='ocrx_word' id='word_1_291' title='bbox 1443 3901 1500 3954; x_wconf 78' lang='grc' dir='ltr'>δὲ</span> <span class='ocrx_word' id='word_1_292' title='bbox 1520 3902 1639 3954; x_wconf 82' lang='grc' dir='ltr'>οὐδὲ</span> <span class='ocrx_word' id='word_1_293' title='bbox 1671 3905 1784 3966; x_wconf 81' lang='grc' dir='ltr'>τοῖς</span> 
     </span>
    </p>
   </div>
   <div class='ocr_carea' id='block_1_39' title="bbox 213 3985 1782 4061">
    <p class='ocr_par' dir='ltr' id='par_1_39' title="bbox 213 3985 1782 4061">
     <span class='ocr_line' id='line_1_39' title="bbox 213 3985 1782 4061; baseline 0.005 -23"><span class='ocrx_word' id='word_1_294' title='bbox 213 3985 440 4055; x_wconf 79' lang='grc' dir='ltr'>μείζοσι.</span> <span class='ocrx_word' id='word_1_295' title='bbox 473 3989 584 4040; x_wconf 74' lang='grc' dir='ltr'>Καὶ</span> <span class='ocrx_word' id='word_1_296' title='bbox 605 3987 748 4051; x_wconf 83' lang='grc' dir='ltr'>τίνος</span> <span class='ocrx_word' id='word_1_297' title='bbox 768 3988 952 4042; x_wconf 80' lang='grc' dir='ltr'>ἐνεκεν</span> <span class='ocrx_word' id='word_1_298' title='bbox 973 3989 1061 4042; x_wconf 85' lang='grc' dir='ltr'>διά</span> <span class='ocrx_word' id='word_1_299' title='bbox 1088 3991 1344 4061; x_wconf 89' lang='grc' dir='ltr'>τοιαύτης</span> <span class='ocrx_word' id='word_1_300' title='bbox 1374 3993 1570 4054; x_wconf 81' lang='grc' dir='ltr'>αὐτοὺς</span> <span class='ocrx_word' id='word_1_301' title='bbox 1599 3992 1782 4045; x_wconf 77' lang='grc' dir='ltr'>εἵλκυ-</span> 
     </span>
    </p>
   </div>
   <div class='ocr_carea' id='block_1_40' title="bbox 211 4075 1779 4152">
    <p class='ocr_par' dir='ltr' id='par_1_40' title="bbox 211 4075 1779 4152">
     <span class='ocr_line' id='line_1_40' title="bbox 211 4075 1779 4152; baseline 0.005 -25"><span class='ocrx_word' id='word_1_302' title='bbox 211 4089 300 4128; x_wconf 78' lang='grc' dir='ltr'>σεν</span> <span class='ocrx_word' id='word_1_303' title='bbox 346 4075 566 4145; x_wconf 70' lang='grc' dir='ltr'>δψεωςς</span> <span class='ocrx_word' id='word_1_304' title='bbox 615 4079 800 4149; x_wconf 79' lang='grc' dir='ltr'>φησιν.</span> <span class='ocrx_word' id='word_1_305' title='bbox 862 4079 1023 4132; x_wconf 55' lang='lat' dir='ltr'>una:</span> <span class='ocrx_word' id='word_1_306' title='bbox 1058 4080 1177 4143; x_wconf 83' lang='grc' dir='ltr'>πῶς</span> <span class='ocrx_word' id='word_1_307' title='bbox 1227 4082 1431 4152; x_wconf 83' lang='grc' dir='ltr'>ἐχρῆν;</span> <span class='ocrx_word' id='word_1_308' title='bbox 1486 4083 1779 4152; x_wconf 81' lang='grc' dir='ltr'>Προφήτας</span> 
     </span>
    </p>
   </div>
   <div class='ocr_carea' id='block_1_41' title="bbox 207 4163 1778 4242">
    <p class='ocr_par' dir='ltr' id='par_1_41' title="bbox 207 4163 1778 4242">
     <span class='ocr_line' id='line_1_41' title="bbox 207 4163 1778 4242; baseline 0.008 -27"><span class='ocrx_word' id='word_1_309' title='bbox 207 4163 417 4235; x_wconf 81' lang='grc' dir='ltr'>πέμψαι</span> <span class='ocrx_word' id='word_1_310' title='bbox 439 4183 456 4233; x_wconf 89' lang='lat'><strong>;</strong></span> <span class='ocrx_word' id='word_1_311' title='bbox 505 4166 645 4219; x_wconf 82' lang='grc' dir='ltr'>Ἀλλ’</span> <span class='ocrx_word' id='word_1_312' title='bbox 673 4167 772 4220; x_wconf 81' lang='grc' dir='ltr'>οὐκ</span> <span class='ocrx_word' id='word_1_313' title='bbox 799 4167 865 4222; x_wconf 80' lang='grc' dir='ltr'>ἂν</span> <span class='ocrx_word' id='word_1_314' title='bbox 891 4170 940 4221; x_wconf 88' lang='grc' dir='ltr'>οἰ</span> <span class='ocrx_word' id='word_1_315' title='bbox 967 4169 1130 4238; x_wconf 86' lang='grc' dir='ltr'>μάγοι</span> <span class='ocrx_word' id='word_1_316' title='bbox 1158 4171 1449 4240; x_wconf 82' lang='grc' dir='ltr'>προφητῶν</span> <span class='ocrx_word' id='word_1_317' title='bbox 1470 4173 1778 4242; x_wconf 77' lang='grc' dir='ltr'>ἠνέσχοντο.</span> 
     </span>
    </p>
   </div>
   <div class='ocr_carea' id='block_1_42' title="bbox 219 4253 1778 4334">
    <p class='ocr_par' dir='ltr' id='par_1_42' title="bbox 219 4253 1778 4334">
     <span class='ocr_line' id='line_1_42' title="bbox 219 4253 1778 4334; baseline 0.005 -26"><span class='ocrx_word' id='word_1_318' title='bbox 219 4253 376 4310; x_wconf 85' lang='grc' dir='ltr'>’Δλλά</span> <span class='ocrx_word' id='word_1_319' title='bbox 404 4258 592 4328; x_wconf 81' lang='grc' dir='ltr'>φωνὴν</span> <span class='ocrx_word' id='word_1_320' title='bbox 641 4258 848 4313; x_wconf 84' lang='grc' dir='ltr'>ἀνωθεν</span> <span class='ocrx_word' id='word_1_321' title='bbox 877 4260 1128 4330; x_wconf 76' lang='grc' dir='ltr'>ἀφεῖναι“;</span> <span class='ocrx_word' id='word_1_322' title='bbox 1165 4261 1316 4314; x_wconf 70' lang='grc' dir='ltr'>Ἀλλ’</span> <span class='ocrx_word' id='word_1_323' title='bbox 1348 4262 1449 4316; x_wconf 80' lang='grc' dir='ltr'>οὐκ</span> <span class='ocrx_word' id='word_1_324' title='bbox 1493 4263 1558 4316; x_wconf 78' lang='grc' dir='ltr'>ἂν</span> <span class='ocrx_word' id='word_1_325' title='bbox 1605 4279 1778 4334; x_wconf 85' lang='grc' dir='ltr'>προσ-</span> 
     </span>
    </p>
   </div>
   <div class='ocr_carea' id='block_1_43' title="bbox 199 4356 1774 4426">
    <p class='ocr_par' dir='ltr' id='par_1_43' title="bbox 199 4356 1774 4426">
     <span class='ocr_line' id='line_1_43' title="bbox 199 4356 1774 4426; baseline 0.005 -19"><span class='ocrx_word' id='word_1_326' title='bbox 199 4357 372 4426; x_wconf 87' lang='grc' dir='ltr'>έσχον.</span> <span class='ocrx_word' id='word_1_327' title='bbox 414 4356 556 4409; x_wconf 84' lang='grc' dir='ltr'>Ἀλλ’</span> <span class='ocrx_word' id='word_1_328' title='bbox 591 4356 820 4424; x_wconf 73' lang='grc' dir='ltr'>ἄγγελον</span> <span class='ocrx_word' id='word_1_329' title='bbox 858 4358 1201 4425; x_wconf 83' lang='grc' dir='ltr'>ἀποστεῐλαι;</span> <span class='ocrx_word' id='word_1_330' title='bbox 1241 4360 1403 4413; x_wconf 80' lang='grc' dir='ltr'>Ἀλλά</span> <span class='ocrx_word' id='word_1_331' title='bbox 1447 4363 1541 4415; x_wconf 79' lang='grc' dir='ltr'>καὶ</span> <span class='ocrx_word' id='word_1_332' title='bbox 1587 4363 1774 4415; x_wconf 88' lang='grc' dir='ltr'>τοῦτον</span> 
     </span>
    </p>
   </div>
   <div class='ocr_carea' id='block_1_44' title="bbox 197 4444 1774 4523">
    <p class='ocr_par' dir='ltr' id='par_1_44' title="bbox 197 4444 1774 4523">
     <span class='ocr_line' id='line_1_44' title="bbox 197 4444 1774 4523; baseline 0.008 -27"><span class='ocrx_word' id='word_1_333' title='bbox 197 4444 258 4497; x_wconf 74' lang='grc' dir='ltr'>ἂν</span> <span class='ocrx_word' id='word_1_334' title='bbox 289 4446 665 4518; x_wconf 81' lang='grc' dir='ltr'>παρέδραμον.</span> <span class='ocrx_word' id='word_1_335' title='bbox 707 4447 807 4499; x_wconf 79' lang='grc' dir='ltr'>Διὰ</span> <span class='ocrx_word' id='word_1_336' title='bbox 847 4446 910 4518; x_wconf 77' lang='grc' dir='ltr'>δὴ</span> <span class='ocrx_word' id='word_1_337' title='bbox 937 4447 1094 4500; x_wconf 87' lang='grc' dir='ltr'>τοῦτο</span> <span class='ocrx_word' id='word_1_338' title='bbox 1134 4451 1313 4503; x_wconf 89' lang='grc' dir='ltr'>πάντα</span> <span class='ocrx_word' id='word_1_339' title='bbox 1342 4453 1523 4505; x_wconf 87' lang='grc' dir='ltr'>ἐκεῖνα</span> <span class='ocrx_word' id='word_1_340' title='bbox 1553 4455 1711 4523; x_wconf 75' lang='grc' dir='ltr'>ἀφεὶς</span> <span class='ocrx_word' id='word_1_341' title='bbox 1746 4457 1774 4509; x_wconf 88' lang='lat'>6</span> 
     </span>
    </p>
   </div>
   <div class='ocr_carea' id='block_1_45' title="bbox 197 4532 1773 4613">
    <p class='ocr_par' dir='ltr' id='par_1_45' title="bbox 197 4532 1773 4613">
     <span class='ocr_line' id='line_1_45' title="bbox 197 4532 1773 4613; baseline 0.009 -29"><span class='ocrx_word' id='word_1_342' title='bbox 197 4532 345 4598; x_wconf 79' lang='grc' dir='ltr'>Θεὸς.</span> <span class='ocrx_word' id='word_1_343' title='bbox 369 4535 460 4588; x_wconf 84' lang='grc' dir='ltr'>διὰ</span> <span class='ocrx_word' id='word_1_344' title='bbox 491 4535 601 4587; x_wconf 90' lang='grc' dir='ltr'>τῶν</span> <span class='ocrx_word' id='word_1_345' title='bbox 624 4535 871 4604; x_wconf 86' lang='grc' dir='ltr'>συνήθων</span> <span class='ocrx_word' id='word_1_346' title='bbox 899 4536 1094 4601; x_wconf 80' lang='grc' dir='ltr'>αὐτοὺς</span> <span class='ocrx_word' id='word_1_347' title='bbox 1117 4539 1295 4605; x_wconf 84' lang='grc' dir='ltr'>καλεῖ,</span> <span class='ocrx_word' id='word_1_348' title='bbox 1332 4542 1539 4613; x_wconf 83' lang='grc' dir='ltr'>σφόδρα</span> <span class='ocrx_word' id='word_1_349' title='bbox 1569 4560 1773 4612; x_wconf 85' lang='grc' dir='ltr'>συγκα-</span> 
     </span>
    </p>
   </div>
   <div class='ocr_carea' id='block_1_46' title="bbox 195 4623 1771 4704">
    <p class='ocr_par' dir='ltr' id='par_1_46' title="bbox 195 4623 1771 4704">
     <span class='ocr_line' id='line_1_46' title="bbox 195 4623 1771 4704; baseline 0.01 -31"><span class='ocrx_word' id='word_1_350' title='bbox 195 4623 484 4691; x_wconf 85' lang='grc' dir='ltr'>ταϐαίνων,</span> <span class='ocrx_word' id='word_1_351' title='bbox 508 4624 605 4678; x_wconf 75' lang='grc' dir='ltr'>καὶ</span> <span class='ocrx_word' id='word_1_352' title='bbox 630 4624 746 4695; x_wconf 77' lang='grc'>[90]</span> <span class='ocrx_word' id='word_1_353' title='bbox 777 4624 1048 4679; x_wconf 85' lang='grc' dir='ltr'>δείκνυσιν</span> <span class='ocrx_word' id='word_1_354' title='bbox 1080 4629 1278 4698; x_wconf 80' lang='grc' dir='ltr'>ἄστρον</span> <span class='ocrx_word' id='word_1_355' title='bbox 1322 4631 1464 4699; x_wconf 88' lang='grc' dir='ltr'>μέγα</span> <span class='ocrx_word' id='word_1_356' title='bbox 1492 4635 1584 4686; x_wconf 72' lang='grc' dir='ltr'>καὶ</span> <span class='ocrx_word' id='word_1_357' title='bbox 1615 4635 1771 4704; x_wconf 81' lang='grc' dir='ltr'>ἐξηλ-</span> 
     </span>
    </p>
   </div>
   <div class='ocr_carea' id='block_1_47' title="bbox 197 4709 1769 4796">
    <p class='ocr_par' dir='ltr' id='par_1_47' title="bbox 197 4709 1769 4796">
     <span class='ocr_line' id='line_1_47' title="bbox 197 4709 1769 4796; baseline 0.009 -31"><span class='ocrx_word' id='word_1_358' title='bbox 197 4709 485 4784; x_wconf 83' lang='grc' dir='ltr'>λαγμένον,</span> <span class='ocrx_word' id='word_1_359' title='bbox 518 4715 660 4769; x_wconf 81' lang='grc' dir='ltr'>ὥστε</span> <span class='ocrx_word' id='word_1_360' title='bbox 689 4715 784 4769; x_wconf 79' lang='grc' dir='ltr'>καὶ</span> <span class='ocrx_word' id='word_1_361' title='bbox 830 4716 907 4786; x_wconf 84' lang='grc' dir='ltr'>τῷ</span> <span class='ocrx_word' id='word_1_362' title='bbox 939 4718 1158 4787; x_wconf 85' lang='grc' dir='ltr'>μεγέθει</span> <span class='ocrx_word' id='word_1_363' title='bbox 1194 4721 1288 4773; x_wconf 77' lang='grc' dir='ltr'>καὶ</span> <span class='ocrx_word' id='word_1_364' title='bbox 1323 4722 1402 4790; x_wconf 82' lang='grc' dir='ltr'>τῷ</span> <span class='ocrx_word' id='word_1_365' title='bbox 1441 4724 1629 4793; x_wconf 76' lang='grc' dir='ltr'>κάλλει</span> <span class='ocrx_word' id='word_1_366' title='bbox 1668 4727 1769 4796; x_wconf 90' lang='grc' dir='ltr'>τῆς</span> 
     </span>
    </p>
   </div>
   <div class='ocr_carea' id='block_1_48' title="bbox 196 4801 1764 4886">
    <p class='ocr_par' dir='ltr' id='par_1_48' title="bbox 196 4801 1764 4886">
     <span class='ocr_line' id='line_1_48' title="bbox 196 4801 1764 4886; baseline 0.008 -29"><span class='ocrx_word' id='word_1_367' title='bbox 196 4801 363 4871; x_wconf 73' lang='grc' dir='ltr'>ὅψεως</span> <span class='ocrx_word' id='word_1_368' title='bbox 386 4807 588 4870; x_wconf 81' lang='grc' dir='ltr'>αὐτοὺς</span> <span class='ocrx_word' id='word_1_369' title='bbox 618 4806 908 4877; x_wconf 82' lang='grc' dir='ltr'>ἐκπλῆξαι,</span> <span class='ocrx_word' id='word_1_370' title='bbox 940 4809 1034 4861; x_wconf 76' lang='grc' dir='ltr'>καὶ</span> <span class='ocrx_word' id='word_1_371' title='bbox 1061 4810 1139 4880; x_wconf 84' lang='grc' dir='ltr'>τῷ</span> <span class='ocrx_word' id='word_1_372' title='bbox 1161 4812 1348 4882; x_wconf 88' lang='grc' dir='ltr'>τρόπῳ</span> <span class='ocrx_word' id='word_1_373' title='bbox 1385 4813 1487 4883; x_wconf 86' lang='grc' dir='ltr'>τῆς</span> <span class='ocrx_word' id='word_1_374' title='bbox 1520 4817 1764 4886; x_wconf 86' lang='grc' dir='ltr'>πορείας.</span> 
     </span>
    </p>
   </div>
   <div class='ocr_carea' id='block_1_49' title="bbox 196 4893 1768 4976">
    <p class='ocr_par' dir='ltr' id='par_1_49' title="bbox 196 4893 1768 4976">
     <span class='ocr_line' id='line_1_49' title="bbox 196 4893 1768 4976; baseline 0.009 -30"><span class='ocrx_word' id='word_1_375' title='bbox 196 4893 375 4949; x_wconf 85' lang='grc' dir='ltr'>Ταῦτα</span> <span class='ocrx_word' id='word_1_376' title='bbox 415 4900 511 4951; x_wconf 72' lang='grc' dir='ltr'>καὶ</span> <span class='ocrx_word' id='word_1_377' title='bbox 556 4901 584 4951; x_wconf 90' lang='lat'>6</span> <span class='ocrx_word' id='word_1_378' title='bbox 635 4898 848 4962; x_wconf 81' lang='grc' dir='ltr'>Παῦλος</span> <span class='ocrx_word' id='word_1_379' title='bbox 898 4899 1232 4970; x_wconf 88' lang='grc' dir='ltr'>μιμούμενος</span> <span class='ocrx_word' id='word_1_380' title='bbox 1282 4903 1389 4956; x_wconf 87' lang='grc' dir='ltr'>ἀπὸ</span> <span class='ocrx_word' id='word_1_381' title='bbox 1430 4904 1614 4976; x_wconf 82' lang='grc' dir='ltr'>βωμοῦ</span> <span class='ocrx_word' id='word_1_382' title='bbox 1655 4911 1768 4971; x_wconf 89' lang='grc' dir='ltr'>τοίς</span> 
     </span>
    </p>
   </div>
   <div class='ocr_carea' id='block_1_50' title="bbox 198 4985 1768 5067">
    <p class='ocr_par' dir='ltr' id='par_1_50' title="bbox 198 4985 1768 5067">
     <span class='ocr_line' id='line_1_50' title="bbox 198 4985 1768 5067; baseline 0.008 -29"><span class='ocrx_word' id='word_1_383' title='bbox 198 4985 414 5059; x_wconf 83' lang='grc' dir='ltr'>Ἕλλησι</span> <span class='ocrx_word' id='word_1_384' title='bbox 443 4987 791 5056; x_wconf 85' lang='grc' dir='ltr'>διαλέγεται,</span> <span class='ocrx_word' id='word_1_385' title='bbox 836 4992 928 5043; x_wconf 78' lang='grc' dir='ltr'>καὶ</span> <span class='ocrx_word' id='word_1_386' title='bbox 960 4991 1197 5061; x_wconf 90' lang='grc' dir='ltr'>ποιητῶν</span> <span class='ocrx_word' id='word_1_387' title='bbox 1224 4993 1462 5063; x_wconf 84' lang='grc' dir='ltr'>παράγει</span> <span class='ocrx_word' id='word_1_388' title='bbox 1481 4997 1529 5027; x_wconf 69' lang='grc'>⁸⁸</span> <span class='ocrx_word' id='word_1_389' title='bbox 1562 5015 1768 5067; x_wconf 85' lang='grc' dir='ltr'>μαρτυ-</span> 
     </span>
    </p>
   </div>
   <div class='ocr_carea' id='block_1_51' title="bbox 197 5073 1768 5151">
    <p class='ocr_par' dir='ltr' id='par_1_51' title="bbox 197 5073 1768 5151">
     <span class='ocr_line' id='line_1_51' title="bbox 197 5073 1768 5151; baseline 0.01 -27"><span class='ocrx_word' id='word_1_390' title='bbox 197 5073 313 5141; x_wconf 86' lang='grc' dir='ltr'>ρίας</span> <span class='ocrx_word' id='word_1_391' title='bbox 341 5077 422 5138; x_wconf 85' lang='grc' dir='ltr'>εἰς</span> <span class='ocrx_word' id='word_1_392' title='bbox 458 5075 668 5144; x_wconf 82' lang='grc' dir='ltr'>μέσον·</span> <span class='ocrx_word' id='word_1_393' title='bbox 701 5078 795 5130; x_wconf 74' lang='grc' dir='ltr'>καὶ</span> <span class='ocrx_word' id='word_1_394' title='bbox 845 5078 982 5148; x_wconf 88' lang='grc' dir='ltr'>μετά</span> <span class='ocrx_word' id='word_1_395' title='bbox 1017 5080 1319 5150; x_wconf 82' lang='grc' dir='ltr'>περιτομῆς</span> <span class='ocrx_word' id='word_1_396' title='bbox 1355 5085 1466 5145; x_wconf 88' lang='grc' dir='ltr'>τοῖς</span> <span class='ocrx_word' id='word_1_397' title='bbox 1500 5085 1768 5151; x_wconf 86' lang='grc' dir='ltr'>Ἰουδαίοις</span> 
     </span>
    </p>
   </div>
   <div class='ocr_carea' id='block_1_52' title="bbox 194 5163 1766 5243">
    <p class='ocr_par' dir='ltr' id='par_1_52' title="bbox 194 5163 1766 5243">
     <span class='ocr_line' id='line_1_52' title="bbox 194 5163 1766 5243; baseline 0.009 -28"><span class='ocrx_word' id='word_1_398' title='bbox 194 5163 511 5237; x_wconf 77' lang='grc' dir='ltr'>δημηγορεῖ,</span> <span class='ocrx_word' id='word_1_399' title='bbox 541 5166 635 5218; x_wconf 78' lang='grc' dir='ltr'>καὶ</span> <span class='ocrx_word' id='word_1_400' title='bbox 658 5167 765 5219; x_wconf 84' lang='grc' dir='ltr'>ἀπὸ</span> <span class='ocrx_word' id='word_1_401' title='bbox 784 5167 983 5221; x_wconf 86' lang='grc' dir='ltr'>θυσιῶν</span> <span class='ocrx_word' id='word_1_402' title='bbox 1011 5169 1148 5240; x_wconf 91' lang='grc' dir='ltr'>πρὸς</span> <span class='ocrx_word' id='word_1_403' title='bbox 1167 5171 1291 5232; x_wconf 80' lang='grc' dir='ltr'>τοὺς</span> <span class='ocrx_word' id='word_1_404' title='bbox 1312 5172 1369 5223; x_wconf 84' lang='grc' dir='ltr'>ἐν</span> <span class='ocrx_word' id='word_1_405' title='bbox 1389 5173 1538 5243; x_wconf 84' lang='grc' dir='ltr'>νόμῳ</span> <span class='ocrx_word' id='word_1_406' title='bbox 1558 5173 1766 5239; x_wconf 83' lang='grc' dir='ltr'>ζῶντας</span> 
     </span>
    </p>
   </div>
   <div class='ocr_carea' id='block_1_53' title="bbox 195 5252 1766 5340">
    <p class='ocr_par' dir='ltr' id='par_1_53' title="bbox 195 5252 1766 5340">
     <span class='ocr_line' id='line_1_53' title="bbox 195 5252 1766 5340; baseline 0.009 -34"><span class='ocrx_word' id='word_1_407' title='bbox 195 5252 286 5322; x_wconf 77' lang='grc' dir='ltr'>τὴν</span> <span class='ocrx_word' id='word_1_408' title='bbox 330 5257 510 5327; x_wconf 82' lang='grc' dir='ltr'>ἀρχὴν</span> <span class='ocrx_word' id='word_1_409' title='bbox 562 5259 797 5324; x_wconf 74' lang='grc' dir='ltr'>ποιεῖται</span> <span class='ocrx_word' id='word_1_410' title='bbox 841 5258 940 5329; x_wconf 88' lang='grc' dir='ltr'>τῆς</span> <span class='ocrx_word' id='word_1_411' title='bbox 987 5261 1349 5324; x_wconf 87' lang='grc' dir='ltr'>διδασκαλίας.</span> <span class='ocrx_word' id='word_1_412' title='bbox 1395 5263 1609 5336; x_wconf 81' lang='grc' dir='ltr'>Ἐπειδὴ</span> <span class='ocrx_word' id='word_1_413' title='bbox 1657 5269 1766 5340; x_wconf 83' lang='grc' dir='ltr'>γὰρ</span> 
     </span>
    </p>
   </div>
   <div class='ocr_carea' id='block_1_54' title="bbox 195 5342 1764 5427">
    <p class='ocr_par' dir='ltr' id='par_1_54' title="bbox 195 5342 1764 5427">
     <span class='ocr_line' id='line_1_54' title="bbox 195 5342 1764 5427; baseline 0.009 -32"><span class='ocrx_word' id='word_1_414' title='bbox 195 5342 399 5416; x_wconf 71' lang='grc' dir='ltr'>ἑκάστῳ</span> <span class='ocrx_word' id='word_1_415' title='bbox 425 5349 496 5401; x_wconf 87' lang='grc' dir='ltr'>τά</span> <span class='ocrx_word' id='word_1_416' title='bbox 533 5347 734 5419; x_wconf 83' lang='grc' dir='ltr'>συνήθη</span> <span class='ocrx_word' id='word_1_417' title='bbox 773 5348 920 5417; x_wconf 85' lang='grc' dir='ltr'>φίλα,</span> <span class='ocrx_word' id='word_1_418' title='bbox 966 5351 1060 5404; x_wconf 62' lang='grc' dir='ltr'>καὶ⁸</span> <span class='ocrx_word' id='word_1_419' title='bbox 1090 5353 1118 5405; x_wconf 95' lang='lat'>6</span> <span class='ocrx_word' id='word_1_420' title='bbox 1149 5353 1280 5415; x_wconf 84' lang='grc' dir='ltr'>Θεὸς</span> <span class='ocrx_word' id='word_1_421' title='bbox 1307 5354 1400 5406; x_wconf 72' lang='grc' dir='ltr'>καὶ</span> <span class='ocrx_word' id='word_1_422' title='bbox 1427 5356 1476 5407; x_wconf 83' lang='grc' dir='ltr'>οἰ</span> <span class='ocrx_word' id='word_1_423' title='bbox 1507 5359 1634 5427; x_wconf 78' lang='grc' dir='ltr'>παρ’</span> <span class='ocrx_word' id='word_1_424' title='bbox 1665 5359 1764 5409; x_wconf 84' lang='grc' dir='ltr'>αύ-</span> 
     </span>
    </p>
   </div>
   <div class='ocr_carea' id='block_1_55' title="bbox 194 5430 1765 5516">
    <p class='ocr_par' dir='ltr' id='par_1_55' title="bbox 194 5430 1765 5516">
     <span class='ocr_line' id='line_1_55' title="bbox 194 5430 1765 5516; baseline 0.012 -35"><span class='ocrx_word' id='word_1_425' title='bbox 194 5430 283 5482; x_wconf 91' lang='grc' dir='ltr'>τοῦ</span> <span class='ocrx_word' id='word_1_426' title='bbox 326 5435 667 5503; x_wconf 80' lang='grc' dir='ltr'>πεμφθέντες</span> <span class='ocrx_word' id='word_1_427' title='bbox 707 5437 980 5508; x_wconf 74' lang='grc' dir='ltr'>ἄνθρωποι</span> <span class='ocrx_word' id='word_1_428' title='bbox 1022 5440 1158 5510; x_wconf 90' lang='grc' dir='ltr'>πρὸς</span> <span class='ocrx_word' id='word_1_429' title='bbox 1180 5441 1280 5512; x_wconf 78' lang='grc' dir='ltr'>τὴν</span> <span class='ocrx_word' id='word_1_430' title='bbox 1306 5441 1408 5512; x_wconf 86' lang='grc' dir='ltr'>τῆς</span> <span class='ocrx_word' id='word_1_431' title='bbox 1444 5446 1765 5516; x_wconf 84' lang='grc' dir='ltr'>οἰκουμένης</span> 
     </span>
    </p>
   </div>
   <div class='ocr_carea' id='block_1_56' title="bbox 196 5523 1761 5606">
    <p class='ocr_par' dir='ltr' id='par_1_56' title="bbox 196 5523 1761 5606">
     <span class='ocr_line' id='line_1_56' title="bbox 196 5523 1761 5606; baseline 0.011 -34"><span class='ocrx_word' id='word_1_432' title='bbox 196 5523 460 5591; x_wconf 85' lang='grc' dir='ltr'>σωτηρίαν</span> <span class='ocrx_word' id='word_1_433' title='bbox 507 5523 653 5579; x_wconf 78' lang='grc' dir='ltr'>οὕτω</span> <span class='ocrx_word' id='word_1_434' title='bbox 699 5527 768 5580; x_wconf 84' lang='grc' dir='ltr'>τά</span> <span class='ocrx_word' id='word_1_435' title='bbox 817 5527 1116 5598; x_wconf 87' lang='grc' dir='ltr'>πράγματα</span> <span class='ocrx_word' id='word_1_436' title='bbox 1170 5531 1626 5600; x_wconf 81' lang='grc' dir='ltr'>μεταχειρίζουσι.</span> <span class='ocrx_word' id='word_1_437' title='bbox 1668 5536 1761 5606; x_wconf 84' lang='grc' dir='ltr'>Μὴ</span> 
     </span>
    </p>
   </div>
   <div class='ocr_carea' id='block_1_57' title="bbox 197 5609 1764 5694">
    <p class='ocr_par' dir='ltr' id='par_1_57' title="bbox 197 5609 1764 5694">
     <span class='ocr_line' id='line_1_57' title="bbox 197 5609 1764 5694; baseline 0.013 -36"><span class='ocrx_word' id='word_1_438' title='bbox 197 5609 364 5665; x_wconf 86' lang='grc' dir='ltr'>τοίνυν</span> <span class='ocrx_word' id='word_1_439' title='bbox 385 5613 606 5692; x_wconf 69' lang='grc' dir='ltr'>ἀγάξιον</span> <span class='ocrx_word' id='word_1_440' title='bbox 633 5611 772 5670; x_wconf 78' lang='grc' dir='ltr'>εἶναι</span> <span class='ocrx_word' id='word_1_441' title='bbox 798 5619 1024 5689; x_wconf 77' lang='grc' dir='ltr'>νομίσῃς</span> <span class='ocrx_word' id='word_1_442' title='bbox 1053 5620 1236 5686; x_wconf 82' lang='grc' dir='ltr'>αὐτοῦ,</span> <span class='ocrx_word' id='word_1_443' title='bbox 1255 5622 1393 5674; x_wconf 76' lang='grc' dir='ltr'>τὸδι⁹</span> <span class='ocrx_word' id='word_1_444' title='bbox 1420 5624 1646 5694; x_wconf 87' lang='grc' dir='ltr'>ἀστέρος</span> <span class='ocrx_word' id='word_1_445' title='bbox 1665 5626 1764 5679; x_wconf 79' lang='grc' dir='ltr'>αὐ-</span> 
     </span>
    </p>
   </div>
   <div class='ocr_carea' id='block_1_58' title="bbox 197 5700 1763 5770">
    <p class='ocr_par' dir='ltr' id='par_1_58' title="bbox 197 5700 1763 5770">
     <span class='ocr_line' id='line_1_58' title="bbox 197 5700 1763 5770; baseline 0.01 -17"><span class='ocrx_word' id='word_1_446' title='bbox 197 5700 314 5764; x_wconf 63' lang='grc' dir='ltr'>τοὺς</span> <span class='ocrx_word' id='word_1_447' title='bbox 362 5704 624 5759; x_wconf 77' lang='grc' dir='ltr'>καλέσαι·</span> <span class='ocrx_word' id='word_1_448' title='bbox 675 5707 798 5760; x_wconf 64' lang='grc' dir='ltr'>ἐν·ιεί⁵</span> <span class='ocrx_word' id='word_1_449' title='bbox 842 5707 984 5761; x_wconf 76' lang='grc' dir='ltr'>οὕτω</span> <span class='ocrx_word' id='word_1_450' title='bbox 1035 5711 1128 5764; x_wconf 75' lang='grc' dir='ltr'>καὶ</span> <span class='ocrx_word' id='word_1_451' title='bbox 1173 5715 1241 5765; x_wconf 86' lang='grc' dir='ltr'>τά</span> <span class='ocrx_word' id='word_1_452' title='bbox 1291 5711 1555 5768; x_wconf 82' lang='grc' dir='ltr'>Ἰουδαϊκὰ</span> <span class='ocrx_word' id='word_1_453' title='bbox 1588 5716 1763 5770; x_wconf 87' lang='grc' dir='ltr'>πάντα</span> 
     </span>
    </p>
   </div>
   <div class='ocr_carea' id='block_1_59' title="bbox 268 5903 2025 5986">
    <p class='ocr_par' dir='ltr' id='par_1_59' title="bbox 268 5903 2025 5986">
     <span class='ocr_line' id='line_1_59' title="bbox 268 5903 2025 5986; baseline 0 -8"><span class='ocrx_word' id='word_1_454' title='bbox 268 5903 313 5937; x_wconf 73' lang='grc'><strong><em>⁸⁸</em></strong></span> <span class='ocrx_word' id='word_1_455' title='bbox 345 5908 725 5986; x_wconf 54' lang='grc' dir='ltr'>ἐκκεχυμένος</span> <span class='ocrx_word' id='word_1_456' title='bbox 761 5909 828 5986; x_wconf 63' lang='lat' dir='ltr'>D;</span> <span class='ocrx_word' id='word_1_457' title='bbox 863 5909 927 5986; x_wconf 64' lang='grc' dir='ltr'>β.</span> <span class='ocrx_word' id='word_1_458' title='bbox 960 5913 1303 5986; x_wconf 60' lang='grc' dir='ltr'>ἐκκεχυμένη</span> <span class='ocrx_word' id='word_1_459' title='bbox 1341 5914 1401 5971; x_wconf 87' lang='lat' dir='ltr'>F.</span> <span class='ocrx_word' id='word_1_460' title='bbox 1449 5918 1554 5973; x_wconf 83' lang='lat' dir='ltr'>An.</span> <span class='ocrx_word' id='word_1_461' title='bbox 1585 5920 1790 5974; x_wconf 75' lang='grc' dir='ltr'>ἅπασιν</span> <span class='ocrx_word' id='word_1_462' title='bbox 1815 5936 1928 5979; x_wconf 85' lang='lat' dir='ltr'>om.</span> <span class='ocrx_word' id='word_1_463' title='bbox 1963 5923 2025 5978; x_wconf 87' lang='grc' dir='ltr'>Β.</span> 
     </span>
    </p>
   </div>
   <div class='ocr_carea' id='block_1_60' title="bbox 201 5927 1247 6054">
    <p class='ocr_par' dir='ltr' id='par_1_60' title="bbox 201 5927 1247 6054">
     <span class='ocr_line' id='line_1_60' title="bbox 201 5927 1247 6054; baseline 0.002 -1"><span class='ocrx_word' id='word_1_464' title='bbox 201 5927 322 6053; x_wconf 56' lang='lat' dir='ltr'>ru};</span> <span class='ocrx_word' id='word_1_465' title='bbox 345 5927 828 6054; x_wconf 56' lang='grc' dir='ltr'>ἓῗῗὝέἓέἴέὶξέῖῑ</span> <span class='ocrx_word' id='word_1_466' title='bbox 853 5927 1247 6054; x_wconf 46' lang='lat' dir='ltr'>ficii???</span> 
     </span>
    </p>
   </div>
   <div class='ocr_carea' id='block_1_61' title="bbox 1369 456 2282 518">
    <p class='ocr_par' dir='ltr' id='par_1_61' title="bbox 1369 456 2282 518">
     <span class='ocr_line' id='line_1_61' title="bbox 1369 456 2282 518; baseline -0.009 0"><span class='ocrx_word' id='word_1_467' title='bbox 1369 461 1436 518; x_wconf 82' lang='grc' dir='ltr'>ΙΝ</span> <span class='ocrx_word' id='word_1_468' title='bbox 1474 457 1880 517; x_wconf 66' lang='grc' dir='ltr'>ΜᾹΤῚἪᾸΞΙΙΜ</span> <span class='ocrx_word' id='word_1_469' title='bbox 1920 457 2149 515; x_wconf 79' lang='lat' dir='ltr'>llOMIL.</span> <span class='ocrx_word' id='word_1_470' title='bbox 2192 456 2282 516; x_wconf 79' lang='lat' dir='ltr'>Vl.</span> 
     </span>
    </p>
   </div>
   <div class='ocr_carea' id='block_1_62' title="bbox 3437 449 3505 501">
    <p class='ocr_par' dir='ltr' id='par_1_62' title="bbox 3437 449 3505 501">
     <span class='ocr_line' id='line_1_62' title="bbox 3437 449 3505 501; baseline 0 -2"><span class='ocrx_word' id='word_1_471' title='bbox 3437 449 3505 501; x_wconf 69' lang='lat'>66</span> 
     </span>
    </p>
   </div>
   <div class='ocr_carea' id='block_1_63' title="bbox 1914 565 3492 639">
    <p class='ocr_par' dir='ltr' id='par_1_63' title="bbox 1914 565 3492 639">
     <span class='ocr_line' id='line_1_63' title="bbox 1914 565 3492 639; baseline -0.008 -10"><span class='ocrx_word' id='word_1_472' title='bbox 1914 575 2209 639; x_wconf 84' lang='grc' dir='ltr'>διαϐαλεῖς,</span> <span class='ocrx_word' id='word_1_473' title='bbox 2237 573 2331 627; x_wconf 76' lang='grc' dir='ltr'>καὶ</span> <span class='ocrx_word' id='word_1_474' title='bbox 2363 571 2461 636; x_wconf 80' lang='grc' dir='ltr'>τὰς</span> <span class='ocrx_word' id='word_1_475' title='bbox 2485 570 2676 633; x_wconf 87' lang='grc' dir='ltr'>θυσίας</span> <span class='ocrx_word' id='word_1_476' title='bbox 2694 609 2710 635; x_wconf 95' lang='grc'>,</span> <span class='ocrx_word' id='word_1_477' title='bbox 2749 568 2845 624; x_wconf 73' lang='grc' dir='ltr'>καὶ</span> <span class='ocrx_word' id='word_1_478' title='bbox 2876 569 3001 629; x_wconf 81' lang='grc' dir='ltr'>τοὺς</span> <span class='ocrx_word' id='word_1_479' title='bbox 3027 565 3368 638; x_wconf 78' lang='grc' dir='ltr'>καθαρμοὺς,</span> <span class='ocrx_word' id='word_1_480' title='bbox 3397 565 3492 618; x_wconf 63' lang='grc' dir='ltr'>καὶ</span> 
     </span>
    </p>
   </div>
   <div class='ocr_carea' id='block_1_64' title="bbox 1914 655 3491 738">
    <p class='ocr_par' dir='ltr' id='par_1_64' title="bbox 1914 655 3491 738">
     <span class='ocr_line' id='line_1_64' title="bbox 1914 655 3491 738; baseline -0.009 -19"><span class='ocrx_word' id='word_1_481' title='bbox 1914 668 2014 731; x_wconf 89' lang='grc' dir='ltr'>τάς</span> <span class='ocrx_word' id='word_1_482' title='bbox 2033 665 2344 736; x_wconf 88' lang='grc' dir='ltr'>νεομηνίας,</span> <span class='ocrx_word' id='word_1_483' title='bbox 2376 665 2471 718; x_wconf 75' lang='grc' dir='ltr'>καὶ</span> <span class='ocrx_word' id='word_1_484' title='bbox 2504 662 2602 731; x_wconf 80' lang='grc' dir='ltr'>τὴν</span> <span class='ocrx_word' id='word_1_485' title='bbox 2629 659 2861 712; x_wconf 88' lang='grc' dir='ltr'>κιϐωτὸν</span> <span class='ocrx_word' id='word_1_486' title='bbox 2882 698 2896 723; x_wconf 96' lang='grc'>,</span> <span class='ocrx_word' id='word_1_487' title='bbox 2924 658 3019 712; x_wconf 80' lang='grc' dir='ltr'>καὶ</span> <span class='ocrx_word' id='word_1_488' title='bbox 3040 658 3130 711; x_wconf 90' lang='grc' dir='ltr'>τὸν</span> <span class='ocrx_word' id='word_1_489' title='bbox 3152 657 3277 710; x_wconf 90' lang='grc' dir='ltr'>ναὸν</span> <span class='ocrx_word' id='word_1_490' title='bbox 3302 656 3357 738; x_wconf 74' lang='grc' dir='ltr'>δέ</span> <span class='ocrx_word' id='word_1_491' title='bbox 3389 655 3491 710; x_wconf 81' lang='grc' dir='ltr'>αὐ-</span> 
     </span>
    </p>
   </div>
   <div class='ocr_carea' id='block_1_65' title="bbox 1911 747 3490 828">
    <p class='ocr_par' dir='ltr' id='par_1_65' title="bbox 1911 747 3490 828">
     <span class='ocr_line' id='line_1_65' title="bbox 1911 747 3490 828; baseline -0.008 -17"><span class='ocrx_word' id='word_1_492' title='bbox 1911 759 2025 812; x_wconf 82' lang='grc' dir='ltr'>τόν.</span> <span class='ocrx_word' id='word_1_493' title='bbox 2056 759 2166 813; x_wconf 74' lang='grc' dir='ltr'>Καὶ</span> <span class='ocrx_word' id='word_1_494' title='bbox 2189 757 2298 828; x_wconf 79' lang='grc' dir='ltr'>γάρ</span> <span class='ocrx_word' id='word_1_495' title='bbox 2344 754 2404 820; x_wconf 81' lang='grc' dir='ltr'>ἐξ</span> <span class='ocrx_word' id='word_1_496' title='bbox 2441 752 2756 822; x_wconf 82' lang='grc' dir='ltr'>Ἑλληνικῆς</span> <span class='ocrx_word' id='word_1_497' title='bbox 2787 749 2961 803; x_wconf 87' lang='grc' dir='ltr'>ταῦτα</span> <span class='ocrx_word' id='word_1_498' title='bbox 2998 749 3308 818; x_wconf 85' lang='grc' dir='ltr'>παχύτητος</span> <span class='ocrx_word' id='word_1_499' title='bbox 3331 747 3490 801; x_wconf 80' lang='grc' dir='ltr'>ἔλαϐε</span> 
     </span>
    </p>
   </div>
   <div class='ocr_carea' id='block_1_66' title="bbox 1913 837 3490 921">
    <p class='ocr_par' dir='ltr' id='par_1_66' title="bbox 1913 837 3490 921">
     <span class='ocr_line' id='line_1_66' title="bbox 1913 837 3490 921; baseline -0.01 -18"><span class='ocrx_word' id='word_1_500' title='bbox 1913 850 2013 921; x_wconf 83' lang='grc' dir='ltr'>τὴν</span> <span class='ocrx_word' id='word_1_501' title='bbox 2045 849 2240 920; x_wconf 85' lang='grc' dir='ltr'>ἀρχήν.</span> <span class='ocrx_word' id='word_1_502' title='bbox 2260 847 2400 900; x_wconf 77' lang='grc' dir='ltr'>Ἀλλ’</span> <span class='ocrx_word' id='word_1_503' title='bbox 2422 846 2572 915; x_wconf 80' lang='grc' dir='ltr'>ὅμως</span> <span class='ocrx_word' id='word_1_504' title='bbox 2603 844 2631 895; x_wconf 83' lang='lat'>6</span> <span class='ocrx_word' id='word_1_505' title='bbox 2651 842 2781 905; x_wconf 87' lang='grc' dir='ltr'>Θεὸς</span> <span class='ocrx_word' id='word_1_506' title='bbox 2804 841 2892 894; x_wconf 87' lang='grc' dir='ltr'>διὰ</span> <span class='ocrx_word' id='word_1_507' title='bbox 2918 840 3016 911; x_wconf 80' lang='grc' dir='ltr'>τὴν</span> <span class='ocrx_word' id='word_1_508' title='bbox 3045 841 3153 891; x_wconf 89' lang='grc' dir='ltr'>τῶν</span> <span class='ocrx_word' id='word_1_509' title='bbox 3189 837 3490 908; x_wconf 87' lang='grc' dir='ltr'>πλανηθέν-</span> 
     </span>
    </p>
   </div>
   <div class='ocr_carea' id='block_1_67' title="bbox 1913 926 3490 1009">
    <p class='ocr_par' dir='ltr' id='par_1_67' title="bbox 1913 926 3490 1009">
     <span class='ocr_line' id='line_1_67' title="bbox 1913 926 3490 1009; baseline -0.008 -17"><span class='ocrx_word' id='word_1_510' title='bbox 1913 956 2021 992; x_wconf 87' lang='grc' dir='ltr'>των</span> <span class='ocrx_word' id='word_1_511' title='bbox 2047 938 2320 1009; x_wconf 86' lang='grc' dir='ltr'>σωτηρίαν</span> <span class='ocrx_word' id='word_1_512' title='bbox 2347 937 2604 1006; x_wconf 73' lang='grc' dir='ltr'>ὴνέσχετο</span> <span class='ocrx_word' id='word_1_513' title='bbox 2623 933 2711 987; x_wconf 90' lang='grc' dir='ltr'>διά</span> <span class='ocrx_word' id='word_1_514' title='bbox 2745 931 2948 986; x_wconf 88' lang='grc' dir='ltr'>τούτων</span> <span class='ocrx_word' id='word_1_515' title='bbox 2977 929 3399 1000; x_wconf 80' lang='grc' dir='ltr'>θεραπευθῆναι,</span> <span class='ocrx_word' id='word_1_516' title='bbox 3425 926 3490 980; x_wconf 78' lang='grc' dir='ltr'>δι’</span> 
     </span>
    </p>
   </div>
   <div class='ocr_carea' id='block_1_68' title="bbox 1911 1017 3491 1097">
    <p class='ocr_par' dir='ltr' id='par_1_68' title="bbox 1911 1017 3491 1097">
     <span class='ocr_line' id='line_1_68' title="bbox 1911 1017 3491 1097; baseline -0.008 -14"><span class='ocrx_word' id='word_1_517' title='bbox 1911 1022 1986 1083; x_wconf 82' lang='grc' dir='ltr'>ὧν</span> <span class='ocrx_word' id='word_1_518' title='bbox 2016 1030 2066 1082; x_wconf 86' lang='grc' dir='ltr'>οί</span> <span class='ocrx_word' id='word_1_519' title='bbox 2104 1027 2302 1092; x_wconf 74' lang='grc' dir='ltr'>ἔξωθεν</span> <span class='ocrx_word' id='word_1_520' title='bbox 2327 1026 2582 1097; x_wconf 88' lang='grc' dir='ltr'>δαίμονας</span> <span class='ocrx_word' id='word_1_521' title='bbox 2608 1023 2958 1093; x_wconf 87' lang='grc' dir='ltr'>ἐθεράπευον,</span> <span class='ocrx_word' id='word_1_522' title='bbox 2988 1019 3182 1090; x_wconf 89' lang='grc' dir='ltr'>μικρὸν</span> <span class='ocrx_word' id='word_1_523' title='bbox 3215 1017 3491 1089; x_wconf 80' lang='grc' dir='ltr'>παραλλά·</span> 
     </span>
    </p>
   </div>
   <div class='ocr_carea' id='block_1_69' title="bbox 1912 1108 3488 1184">
    <p class='ocr_par' dir='ltr' id='par_1_69' title="bbox 1912 1108 3488 1184">
     <span class='ocr_line' id='line_1_69' title="bbox 1912 1108 3488 1184; baseline -0.008 -12"><span class='ocrx_word' id='word_1_524' title='bbox 1912 1119 2009 1184; x_wconf 82' lang='grc' dir='ltr'>ξας</span> <span class='ocrx_word' id='word_1_525' title='bbox 2046 1119 2186 1172; x_wconf 82' lang='grc' dir='ltr'>αὑτά</span> <span class='ocrx_word' id='word_1_526' title='bbox 2210 1135 2223 1148; x_wconf 82' lang='lat'><strong>&#39;</strong></span> <span class='ocrx_word' id='word_1_527' title='bbox 2265 1119 2353 1172; x_wconf 72' lang='grc' dir='ltr'>ἵνα</span> <span class='ocrx_word' id='word_1_528' title='bbox 2398 1118 2593 1180; x_wconf 84' lang='grc' dir='ltr'>αὐτοὺς</span> <span class='ocrx_word' id='word_1_529' title='bbox 2625 1113 2765 1167; x_wconf 83' lang='grc' dir='ltr'>κατὰ</span> <span class='ocrx_word' id='word_1_530' title='bbox 2819 1109 3013 1182; x_wconf 86' lang='grc' dir='ltr'>μικρὸν</span> <span class='ocrx_word' id='word_1_531' title='bbox 3054 1110 3155 1180; x_wconf 85' lang='grc' dir='ltr'>τῆς</span> <span class='ocrx_word' id='word_1_532' title='bbox 3201 1108 3488 1177; x_wconf 85' lang='grc' dir='ltr'>συνηθείας</span> 
     </span>
    </p>
   </div>
   <div class='ocr_carea' id='block_1_70' title="bbox 1907 1197 3490 1275">
    <p class='ocr_par' dir='ltr' id='par_1_70' title="bbox 1907 1197 3490 1275">
     <span class='ocr_line' id='line_1_70' title="bbox 1907 1197 3490 1275; baseline -0.009 -12"><span class='ocrx_word' id='word_1_533' title='bbox 1907 1206 2365 1270; x_wconf 59' lang='grc' dir='ltr'>ἀποσπάσαςνέπὶ</span> <span class='ocrx_word' id='word_1_534' title='bbox 2392 1205 2490 1275; x_wconf 82' lang='grc' dir='ltr'>τὴν</span> <span class='ocrx_word' id='word_1_535' title='bbox 2527 1204 2735 1273; x_wconf 69' lang='grc' dir='ltr'>ὑψηλὴν</span> <span class='ocrx_word' id='word_1_536' title='bbox 2760 1203 2942 1273; x_wconf 79' lang='grc' dir='ltr'>ἀγάγῃ</span> <span class='ocrx_word' id='word_1_537' title='bbox 2967 1201 3012 1233; x_wconf 83' lang='grc'>⁸⁸</span> <span class='ocrx_word' id='word_1_538' title='bbox 3044 1199 3382 1269; x_wconf 79' lang='grc' dir='ltr'>φιλοσοφίαν.</span> <span class='ocrx_word' id='word_1_539' title='bbox 3425 1197 3490 1250; x_wconf 88' lang='grc' dir='ltr'><strong>Ὃ</strong></span> 
     </span>
    </p>
   </div>
   <div class='ocr_carea' id='block_1_71' title="bbox 1906 1288 3490 1368">
    <p class='ocr_par' dir='ltr' id='par_1_71' title="bbox 1906 1288 3490 1368">
     <span class='ocr_line' id='line_1_71' title="bbox 1906 1288 3490 1368; baseline -0.01 -15"><span class='ocrx_word' id='word_1_540' title='bbox 1906 1299 1972 1368; x_wconf 71' lang='grc' dir='ltr'>δὴ</span> <span class='ocrx_word' id='word_1_541' title='bbox 2003 1299 2097 1352; x_wconf 79' lang='grc' dir='ltr'>καὶ</span> <span class='ocrx_word' id='word_1_542' title='bbox 2127 1298 2222 1351; x_wconf 76' lang='grc' dir='ltr'>ἐπὶ</span> <span class='ocrx_word' id='word_1_543' title='bbox 2253 1297 2361 1350; x_wconf 90' lang='grc' dir='ltr'>τῶν</span> <span class='ocrx_word' id='word_1_544' title='bbox 2393 1296 2582 1366; x_wconf 87' lang='grc' dir='ltr'>μάγων</span> <span class='ocrx_word' id='word_1_545' title='bbox 2606 1293 2850 1362; x_wconf 77' lang='grc' dir='ltr'>ἐποίησε,</span> <span class='ocrx_word' id='word_1_546' title='bbox 2872 1291 2940 1344; x_wconf 84' lang='grc' dir='ltr'>δι’</span> <span class='ocrx_word' id='word_1_547' title='bbox 2963 1290 3139 1359; x_wconf 73' lang='grc' dir='ltr'>ὅψεως</span> <span class='ocrx_word' id='word_1_548' title='bbox 3162 1288 3361 1358; x_wconf 82' lang='grc' dir='ltr'>άστρου</span> <span class='ocrx_word' id='word_1_549' title='bbox 3393 1302 3490 1338; x_wconf 80' lang='grc' dir='ltr'>κα.</span> 
     </span>
    </p>
   </div>
   <div class='ocr_carea' id='block_1_72' title="bbox 1905 1376 3489 1455">
    <p class='ocr_par' dir='ltr' id='par_1_72' title="bbox 1905 1376 3489 1455">
     <span class='ocr_line' id='line_1_72' title="bbox 1905 1376 3489 1455; baseline -0.01 -12"><span class='ocrx_word' id='word_1_550' title='bbox 1905 1388 2060 1442; x_wconf 85' lang='grc' dir='ltr'>λέσαι</span> <span class='ocrx_word' id='word_1_551' title='bbox 2098 1388 2296 1449; x_wconf 78' lang='grc' dir='ltr'>αὐτοὺς</span> <span class='ocrx_word' id='word_1_552' title='bbox 2325 1384 2726 1455; x_wconf 78' lang='grc' dir='ltr'>ἀνασχόμενος,</span> <span class='ocrx_word' id='word_1_553' title='bbox 2771 1382 2860 1435; x_wconf 82' lang='grc' dir='ltr'>ίνα</span> <span class='ocrx_word' id='word_1_554' title='bbox 2890 1380 3076 1434; x_wconf 84' lang='grc' dir='ltr'>λοιπὸν</span> <span class='ocrx_word' id='word_1_555' title='bbox 3125 1376 3489 1449; x_wconf 76' lang='grc' dir='ltr'>ὑψηλοτέρους</span> 
     </span>
    </p>
   </div>
   <div class='ocr_carea' id='block_1_73' title="bbox 1903 1478 3485 1559">
    <p class='ocr_par' dir='ltr' id='par_1_73' title="bbox 1903 1478 3485 1559">
     <span class='ocr_line' id='line_1_73' title="bbox 1903 1478 3485 1559; baseline -0.009 -17"><span class='ocrx_word' id='word_1_556' title='bbox 1903 1488 2220 1559; x_wconf 84' lang='grc' dir='ltr'>ἐργάσηται.</span> <span class='ocrx_word' id='word_1_557' title='bbox 2260 1484 2412 1538; x_wconf 79' lang='grc' dir='ltr'>Ἐπεὶ</span> <span class='ocrx_word' id='word_1_558' title='bbox 2450 1479 2543 1537; x_wconf 84' lang='grc' dir='ltr'>οῦν</span> <span class='ocrx_word' id='word_1_559' title='bbox 2587 1484 2761 1557; x_wconf 78' lang='grc' dir='ltr'>ἦγαγε</span> <span class='ocrx_word' id='word_1_560' title='bbox 2812 1483 2904 1535; x_wconf 75' lang='grc' dir='ltr'>καὶ</span> <span class='ocrx_word' id='word_1_561' title='bbox 2934 1478 3361 1550; x_wconf 84' lang='grc' dir='ltr'>ἐχειραγώγησε,</span> <span class='ocrx_word' id='word_1_562' title='bbox 3389 1478 3485 1528; x_wconf 81' lang='grc' dir='ltr'>καὶ</span> 
     </span>
    </p>
   </div>
   <div class='ocr_carea' id='block_1_74' title="bbox 1903 1567 3485 1649">
    <p class='ocr_par' dir='ltr' id='par_1_74' title="bbox 1903 1567 3485 1649">
     <span class='ocr_line' id='line_1_74' title="bbox 1903 1567 3485 1649; baseline -0.008 -17"><span class='ocrx_word' id='word_1_563' title='bbox 1903 1578 2041 1649; x_wconf 88' lang='grc' dir='ltr'>πρὸς</span> <span class='ocrx_word' id='word_1_564' title='bbox 2069 1578 2166 1648; x_wconf 80' lang='grc' dir='ltr'>τὴν</span> <span class='ocrx_word' id='word_1_565' title='bbox 2210 1578 2416 1646; x_wconf 87' lang='grc' dir='ltr'>φάτνην</span> <span class='ocrx_word' id='word_1_566' title='bbox 2464 1575 2712 1646; x_wconf 72' lang='grc' dir='ltr'>ἔστησεν,</span> <span class='ocrx_word' id='word_1_567' title='bbox 2748 1573 2930 1627; x_wconf 84' lang='grc' dir='ltr'>οὐκέτι</span> <span class='ocrx_word' id='word_1_568' title='bbox 2971 1572 3038 1624; x_wconf 73' lang='grc' dir='ltr'>δι’</span> <span class='ocrx_word' id='word_1_569' title='bbox 3084 1571 3308 1641; x_wconf 79' lang='grc' dir='ltr'>ἄστρου,</span> <span class='ocrx_word' id='word_1_570' title='bbox 3347 1567 3485 1622; x_wconf 89' lang='grc' dir='ltr'>ἀλλά</span> 
     </span>
    </p>
   </div>
   <div class='ocr_carea' id='block_1_75' title="bbox 1898 1659 3483 1736">
    <p class='ocr_par' dir='ltr' id='par_1_75' title="bbox 1898 1659 3483 1736">
     <span class='ocr_line' id='line_1_75' title="bbox 1898 1659 3483 1736; baseline -0.006 -15"><span class='ocrx_word' id='word_1_571' title='bbox 1898 1668 1965 1721; x_wconf 84' lang='grc' dir='ltr'>δι’</span> <span class='ocrx_word' id='word_1_572' title='bbox 1999 1667 2235 1736; x_wconf 85' lang='grc' dir='ltr'>ἀγγέλου</span> <span class='ocrx_word' id='word_1_573' title='bbox 2288 1667 2474 1720; x_wconf 88' lang='grc' dir='ltr'>λοιπὸν</span> <span class='ocrx_word' id='word_1_574' title='bbox 2522 1666 2708 1727; x_wconf 75' lang='grc' dir='ltr'>αὐτοῖς</span> <span class='ocrx_word' id='word_1_575' title='bbox 2757 1661 3100 1730; x_wconf 79' lang='grc' dir='ltr'>διαλέγεται,</span> <span class='ocrx_word' id='word_1_576' title='bbox 3159 1659 3302 1713; x_wconf 76' lang='grc' dir='ltr'>οὕτω</span> <span class='ocrx_word' id='word_1_577' title='bbox 3341 1661 3483 1712; x_wconf 88' lang='grc' dir='ltr'>κατά</span> 
     </span>
    </p>
   </div>
   <div class='ocr_carea' id='block_1_76' title="bbox 1901 1750 3481 1826">
    <p class='ocr_par' dir='ltr' id='par_1_76' title="bbox 1901 1750 3481 1826">
     <span class='ocr_line' id='line_1_76' title="bbox 1901 1750 3481 1826; baseline -0.004 -19"><span class='ocrx_word' id='word_1_578' title='bbox 1901 1755 2097 1826; x_wconf 82' lang='grc' dir='ltr'>μικρὸν</span> <span class='ocrx_word' id='word_1_579' title='bbox 2132 1755 2372 1826; x_wconf 84' lang='grc' dir='ltr'>βελτίους</span> <span class='ocrx_word' id='word_1_580' title='bbox 2394 1754 2660 1822; x_wconf 80' lang='grc' dir='ltr'>ἐγένοντο.</span> <span class='ocrx_word' id='word_1_581' title='bbox 2694 1753 2867 1806; x_wconf 87' lang='grc' dir='ltr'>Τοῦτο</span> <span class='ocrx_word' id='word_1_582' title='bbox 2894 1752 2989 1805; x_wconf 74' lang='grc' dir='ltr'>καὶ</span> <span class='ocrx_word' id='word_1_583' title='bbox 3024 1752 3116 1804; x_wconf 84' lang='grc' dir='ltr'>ἐπὶ</span> <span class='ocrx_word' id='word_1_584' title='bbox 3144 1750 3253 1803; x_wconf 85' lang='grc' dir='ltr'>τῶν</span> <span class='ocrx_word' id='word_1_585' title='bbox 3284 1751 3481 1802; x_wconf 85' lang='grc' dir='ltr'>Ἀσκα-</span> 
     </span>
    </p>
   </div>
   <div class='ocr_carea' id='block_1_77' title="bbox 1897 1841 3480 1914">
    <p class='ocr_par' dir='ltr' id='par_1_77' title="bbox 1897 1841 3480 1914">
     <span class='ocr_line' id='line_1_77' title="bbox 1897 1841 3480 1914; baseline -0.004 -16"><span class='ocrx_word' id='word_1_586' title='bbox 1897 1846 2135 1899; x_wconf 88' lang='grc' dir='ltr'>λωνιτῶν</span> <span class='ocrx_word' id='word_1_587' title='bbox 2181 1848 2276 1899; x_wconf 73' lang='grc' dir='ltr'>καὶ</span> <span class='ocrx_word' id='word_1_588' title='bbox 2307 1844 2558 1908; x_wconf 79' lang='grc' dir='ltr'>Γαζαίων</span> <span class='ocrx_word' id='word_1_589' title='bbox 2603 1843 2850 1914; x_wconf 88' lang='grc' dir='ltr'>ἐποίησε.</span> <span class='ocrx_word' id='word_1_590' title='bbox 2892 1842 3004 1895; x_wconf 77' lang='grc' dir='ltr'>Καὶ</span> <span class='ocrx_word' id='word_1_591' title='bbox 3047 1841 3156 1913; x_wconf 85' lang='grc' dir='ltr'>γάρ</span> <span class='ocrx_word' id='word_1_592' title='bbox 3217 1842 3272 1894; x_wconf 85' lang='grc' dir='ltr'>αἰ</span> <span class='ocrx_word' id='word_1_593' title='bbox 3316 1845 3480 1892; x_wconf 66' lang='grc' dir='ltr'>πιντε</span> 
     </span>
    </p>
   </div>
   <div class='ocr_carea' id='block_1_78' title="bbox 1899 1928 3480 2005">
    <p class='ocr_par' dir='ltr' id='par_1_78' title="bbox 1899 1928 3480 2005">
     <span class='ocr_line' id='line_1_78' title="bbox 1899 1928 3480 2005; baseline -0.005 -17"><span class='ocrx_word' id='word_1_594' title='bbox 1899 1936 2079 1997; x_wconf 87' lang='grc' dir='ltr'>πόλεις</span> <span class='ocrx_word' id='word_1_595' title='bbox 2109 1936 2346 1998; x_wconf 87' lang='grc' dir='ltr'>ἐκεῖναι,</span> <span class='ocrx_word' id='word_1_596' title='bbox 2387 1934 2576 2005; x_wconf 79' lang='grc' dir='ltr'>ἐπειδὴ</span> <span class='ocrx_word' id='word_1_597' title='bbox 2618 1933 2718 2002; x_wconf 88' lang='grc' dir='ltr'>τῆς</span> <span class='ocrx_word' id='word_1_598' title='bbox 2752 1931 2986 1986; x_wconf 87' lang='grc' dir='ltr'>κιϐωτοῦ</span> <span class='ocrx_word' id='word_1_599' title='bbox 3029 1928 3480 2000; x_wconf 86' lang='grc' dir='ltr'>παραγενομένης</span> 
     </span>
    </p>
   </div>
   <div class='ocr_carea' id='block_1_79' title="bbox 1898 2016 3482 2094">
    <p class='ocr_par' dir='ltr' id='par_1_79' title="bbox 1898 2016 3482 2094">
     <span class='ocr_line' id='line_1_79' title="bbox 1898 2016 3482 2094; baseline -0.004 -18"><span class='ocrx_word' id='word_1_600' title='bbox 1898 2024 2216 2094; x_wconf 72' lang='grc' dir='ltr'>ἐπλήγησαν</span> <span class='ocrx_word' id='word_1_601' title='bbox 2263 2023 2483 2094; x_wconf 83' lang='grc' dir='ltr'>καιρίαν</span> <span class='ocrx_word' id='word_1_602' title='bbox 2540 2022 2775 2093; x_wconf 80' lang='grc' dir='ltr'>πληγὴν,</span> <span class='ocrx_word' id='word_1_603' title='bbox 2817 2021 2911 2075; x_wconf 73' lang='grc' dir='ltr'>καὶ</span> <span class='ocrx_word' id='word_1_604' title='bbox 2957 2019 3276 2087; x_wconf 81' lang='grc' dir='ltr'>ἀπαλλαγὴν</span> <span class='ocrx_word' id='word_1_605' title='bbox 3339 2016 3482 2070; x_wconf 78' lang='grc' dir='ltr'>οῦδε-</span> 
     </span>
    </p>
   </div>
   <div class='ocr_carea' id='block_1_80' title="bbox 1898 2107 3538 2185">
    <p class='ocr_par' dir='ltr' id='par_1_80' title="bbox 1898 2107 3538 2185">
     <span class='ocr_line' id='line_1_80' title="bbox 1898 2107 3538 2185; baseline -0.006 -19"><span class='ocrx_word' id='word_1_606' title='bbox 1898 2114 2026 2182; x_wconf 89' lang='grc' dir='ltr'>μίαν</span> <span class='ocrx_word' id='word_1_607' title='bbox 2051 2112 2304 2185; x_wconf 88' lang='grc' dir='ltr'>εῦρισκον</span> <span class='ocrx_word' id='word_1_608' title='bbox 2334 2112 2443 2166; x_wconf 87' lang='grc' dir='ltr'>τῶν</span> <span class='ocrx_word' id='word_1_609' title='bbox 2470 2113 2832 2182; x_wconf 83' lang='grc' dir='ltr'>ἐπικειμένων</span> <span class='ocrx_word' id='word_1_610' title='bbox 2867 2109 3074 2171; x_wconf 88' lang='grc' dir='ltr'>κακῶν,</span> <span class='ocrx_word' id='word_1_611' title='bbox 3101 2110 3229 2170; x_wconf 80' lang='grc' dir='ltr'>τοὺς</span> <span class='ocrx_word' id='word_1_612' title='bbox 3252 2107 3477 2177; x_wconf 86' lang='grc' dir='ltr'>μάντεις</span> <span class='ocrx_word' id='word_1_613' title='bbox 3530 2127 3538 2133; x_wconf 92' lang='grc'><strong>·</strong></span> 
     </span>
    </p>
   </div>
   <div class='ocr_carea' id='block_1_81' title="bbox 1894 2198 3474 2273">
    <p class='ocr_par' dir='ltr' id='par_1_81' title="bbox 1894 2198 3474 2273">
     <span class='ocr_line' id='line_1_81' title="bbox 1894 2198 3474 2273; baseline -0.003 -19"><span class='ocrx_word' id='word_1_614' title='bbox 1894 2203 2241 2270; x_wconf 86' lang='grc' dir='ltr'>καλέσαντες,</span> <span class='ocrx_word' id='word_1_615' title='bbox 2290 2204 2383 2256; x_wconf 69' lang='grc' dir='ltr'>καὶ</span> <span class='ocrx_word' id='word_1_616' title='bbox 2422 2205 2717 2273; x_wconf 85' lang='grc' dir='ltr'>ἐκκλησίαν</span> <span class='ocrx_word' id='word_1_617' title='bbox 2759 2201 3189 2270; x_wconf 86' lang='grc' dir='ltr'>συναγαγόντες,</span> <span class='ocrx_word' id='word_1_618' title='bbox 3247 2198 3474 2269; x_wconf 80' lang='grc' dir='ltr'>ἐζήτουν</span> 
     </span>
    </p>
   </div>
   <div class='ocr_carea' id='block_1_82' title="bbox 1892 2285 3473 2364">
    <p class='ocr_par' dir='ltr' id='par_1_82' title="bbox 1892 2285 3473 2364">
     <span class='ocr_line' id='line_1_82' title="bbox 1892 2285 3473 2364; baseline -0.002 -20"><span class='ocrx_word' id='word_1_619' title='bbox 1892 2293 2044 2346; x_wconf 86' lang='grc' dir='ltr'>λύσιν</span> <span class='ocrx_word' id='word_1_620' title='bbox 2067 2295 2247 2364; x_wconf 77' lang='grc' dir='ltr'>εὑρεῖν</span> <span class='ocrx_word' id='word_1_621' title='bbox 2275 2294 2376 2364; x_wconf 89' lang='grc' dir='ltr'>τῆς</span> <span class='ocrx_word' id='word_1_622' title='bbox 2404 2294 2666 2364; x_wconf 84' lang='grc' dir='ltr'>θεηλάτου</span> <span class='ocrx_word' id='word_1_623' title='bbox 2699 2293 2912 2363; x_wconf 84' lang='grc' dir='ltr'>πληγῆς</span> <span class='ocrx_word' id='word_1_624' title='bbox 2943 2291 3179 2361; x_wconf 87' lang='grc' dir='ltr'>ἐκείνης.</span> <span class='ocrx_word' id='word_1_625' title='bbox 3206 2285 3336 2343; x_wconf 75' lang='grc' dir='ltr'>Εῑτα</span> <span class='ocrx_word' id='word_1_626' title='bbox 3366 2289 3473 2342; x_wconf 89' lang='grc' dir='ltr'>τῶν</span> 
     </span>
    </p>
   </div>
   <div class='ocr_carea' id='block_1_83' title="bbox 1895 2381 3472 2454">
    <p class='ocr_par' dir='ltr' id='par_1_83' title="bbox 1895 2381 3472 2454">
     <span class='ocr_line' id='line_1_83' title="bbox 1895 2381 3472 2454; baseline -0.003 -18"><span class='ocrx_word' id='word_1_627' title='bbox 1895 2383 2142 2453; x_wconf 85' lang='grc' dir='ltr'>μάντεων</span> <span class='ocrx_word' id='word_1_628' title='bbox 2167 2382 2280 2454; x_wconf 77' lang='grc'>[91]</span> <span class='ocrx_word' id='word_1_629' title='bbox 2314 2385 2596 2447; x_wconf 86' lang='grc' dir='ltr'>εἰπόντων,</span> <span class='ocrx_word' id='word_1_630' title='bbox 2621 2386 2703 2435; x_wconf 82' lang='grc' dir='ltr'>ὅτι</span> <span class='ocrx_word' id='word_1_631' title='bbox 2732 2383 2991 2452; x_wconf 86' lang='grc' dir='ltr'>δαμάλεις</span> <span class='ocrx_word' id='word_1_632' title='bbox 3021 2381 3362 2450; x_wconf 86' lang='grc' dir='ltr'>ἀδαμάστους</span> <span class='ocrx_word' id='word_1_633' title='bbox 3380 2381 3472 2433; x_wconf 71' lang='grc' dir='ltr'>καὶ</span> 
     </span>
    </p>
   </div>
   <div class='ocr_carea' id='block_1_84' title="bbox 1893 2468 3471 2545">
    <p class='ocr_par' dir='ltr' id='par_1_84' title="bbox 1893 2468 3471 2545">
     <span class='ocr_line' id='line_1_84' title="bbox 1893 2468 3471 2545; baseline -0.004 -19"><span class='ocrx_word' id='word_1_634' title='bbox 1893 2476 2342 2545; x_wconf 87' lang='grc' dir='ltr'>πρωτοτοκούσας</span> <span class='ocrx_word' id='word_1_635' title='bbox 2375 2472 2670 2538; x_wconf 81' lang='grc' dir='ltr'>ῦποζεῦξαι</span> <span class='ocrx_word' id='word_1_636' title='bbox 2699 2475 2765 2542; x_wconf 82' lang='grc' dir='ltr'>τῇ</span> <span class='ocrx_word' id='word_1_637' title='bbox 2805 2469 3019 2540; x_wconf 77' lang='grc' dir='ltr'>κιϐωτῷ</span> <span class='ocrx_word' id='word_1_638' title='bbox 3059 2469 3184 2539; x_wconf 77' lang='grc' dir='ltr'>χρὴ,</span> <span class='ocrx_word' id='word_1_639' title='bbox 3220 2468 3315 2520; x_wconf 75' lang='grc' dir='ltr'>καὶ</span> <span class='ocrx_word' id='word_1_640' title='bbox 3338 2468 3471 2537; x_wconf 83' lang='grc' dir='ltr'>μηδ-</span> 
     </span>
    </p>
   </div>
   <div class='ocr_carea' id='block_1_85' title="bbox 1891 2557 3469 2636">
    <p class='ocr_par' dir='ltr' id='par_1_85' title="bbox 1891 2557 3469 2636">
     <span class='ocr_line' id='line_1_85' title="bbox 1891 2557 3469 2636; baseline -0.004 -20"><span class='ocrx_word' id='word_1_641' title='bbox 1891 2565 2009 2628; x_wconf 87' lang='grc' dir='ltr'>ενὸς</span> <span class='ocrx_word' id='word_1_642' title='bbox 2059 2565 2525 2636; x_wconf 86' lang='grc' dir='ltr'>χειραγωγοῦντος</span> <span class='ocrx_word' id='word_1_643' title='bbox 2584 2566 2802 2632; x_wconf 87' lang='grc' dir='ltr'>ἀφεῖναι</span> <span class='ocrx_word' id='word_1_644' title='bbox 2867 2561 3128 2632; x_wconf 77' lang='grc' dir='ltr'>βαδίζειν⁹</span> <span class='ocrx_word' id='word_1_645' title='bbox 3179 2557 3320 2612; x_wconf 76' lang='grc' dir='ltr'>οὕτω</span> <span class='ocrx_word' id='word_1_646' title='bbox 3362 2558 3469 2628; x_wconf 80' lang='grc' dir='ltr'>γὰρ</span> 
     </span>
    </p>
   </div>
   <div class='ocr_carea' id='block_1_86' title="bbox 1859 2649 3467 2727">
    <p class='ocr_par' dir='ltr' id='par_1_86' title="bbox 1859 2649 3467 2727">
     <span class='ocr_line' id='line_1_86' title="bbox 1859 2649 3467 2727; baseline -0.004 -19"><span class='ocrx_word' id='word_1_647' title='bbox 1859 2655 2040 2710; x_wconf 70' lang='grc' dir='ltr'>ιέσται</span> <span class='ocrx_word' id='word_1_648' title='bbox 2079 2657 2398 2727; x_wconf 87' lang='grc' dir='ltr'>κατάδηλον,</span> <span class='ocrx_word' id='word_1_649' title='bbox 2438 2659 2546 2710; x_wconf 85' lang='grc' dir='ltr'>εῐτε</span> <span class='ocrx_word' id='word_1_650' title='bbox 2595 2655 2852 2726; x_wconf 88' lang='grc' dir='ltr'>θεήλατος</span> <span class='ocrx_word' id='word_1_651' title='bbox 2890 2649 2959 2723; x_wconf 80' lang='grc' dir='ltr'>ἦν</span> <span class='ocrx_word' id='word_1_652' title='bbox 2977 2654 3020 2684; x_wconf 76' lang='grc'>³⁸</span> <span class='ocrx_word' id='word_1_653' title='bbox 3051 2654 3084 2722; x_wconf 82' lang='grc' dir='ltr'>ὴ</span> <span class='ocrx_word' id='word_1_654' title='bbox 3123 2651 3324 2722; x_wconf 82' lang='grc' dir='ltr'>πληγὴ,</span> <span class='ocrx_word' id='word_1_655' title='bbox 3357 2650 3467 2702; x_wconf 74' lang='grc' dir='ltr'>εἴτε</span> 
     </span>
    </p>
   </div>
   <div class='ocr_carea' id='block_1_87' title="bbox 1887 2739 3466 2818">
    <p class='ocr_par' dir='ltr' id='par_1_87' title="bbox 1887 2739 3466 2818">
     <span class='ocr_line' id='line_1_87' title="bbox 1887 2739 3466 2818; baseline -0.006 -19"><span class='ocrx_word' id='word_1_656' title='bbox 1887 2747 1952 2798; x_wconf 88' lang='grc' dir='ltr'>ἐκ</span> <span class='ocrx_word' id='word_1_657' title='bbox 1979 2748 2284 2818; x_wconf 80' lang='grc' dir='ltr'>περιφορᾶς</span> <span class='ocrx_word' id='word_1_658' title='bbox 2322 2765 2468 2807; x_wconf 88' lang='grc' dir='ltr'>τινος</span> <span class='ocrx_word' id='word_1_659' title='bbox 2513 2750 2546 2816; x_wconf 81' lang='grc' dir='ltr'>ἡ</span> <span class='ocrx_word' id='word_1_660' title='bbox 2583 2747 2736 2809; x_wconf 86' lang='grc' dir='ltr'>νόσος</span> <span class='ocrx_word' id='word_1_661' title='bbox 2772 2745 2868 2814; x_wconf 81' lang='grc' dir='ltr'>(ἂν</span> <span class='ocrx_word' id='word_1_662' title='bbox 2897 2743 2994 2814; x_wconf 82' lang='grc' dir='ltr'>μὲν</span> <span class='ocrx_word' id='word_1_663' title='bbox 3019 2743 3144 2813; x_wconf 90' lang='grc' dir='ltr'>γάρ,</span> <span class='ocrx_word' id='word_1_664' title='bbox 3177 2741 3332 2810; x_wconf 75' lang='grc' dir='ltr'>φησί,</span> <span class='ocrx_word' id='word_1_665' title='bbox 3372 2739 3466 2791; x_wconf 87' lang='grc' dir='ltr'>τὸν</span> 
     </span>
    </p>
   </div>
   <div class='ocr_carea' id='block_1_88' title="bbox 1887 2831 3469 2905">
    <p class='ocr_par' dir='ltr' id='par_1_88' title="bbox 1887 2831 3469 2905">
     <span class='ocr_line' id='line_1_88' title="bbox 1887 2831 3469 2905; baseline -0.002 -18"><span class='ocrx_word' id='word_1_666' title='bbox 1887 2836 2048 2903; x_wconf 78' lang='grc' dir='ltr'>ζυγὸν</span> <span class='ocrx_word' id='word_1_667' title='bbox 2081 2836 2185 2889; x_wconf 84' lang='grc' dir='ltr'>ὑπὸ</span> <span class='ocrx_word' id='word_1_668' title='bbox 2226 2836 2328 2905; x_wconf 88' lang='grc' dir='ltr'>τῆς</span> <span class='ocrx_word' id='word_1_669' title='bbox 2364 2837 2622 2905; x_wconf 87' lang='grc' dir='ltr'>ἀπειρίας</span> <span class='ocrx_word' id='word_1_670' title='bbox 2677 2834 3118 2905; x_wconf 80' lang='grc' dir='ltr'>συντρίψωσιν,ἢ</span> <span class='ocrx_word' id='word_1_671' title='bbox 3179 2833 3315 2902; x_wconf 84' lang='grc' dir='ltr'>πρὸς</span> <span class='ocrx_word' id='word_1_672' title='bbox 3366 2831 3469 2896; x_wconf 87' lang='grc' dir='ltr'>τὰς</span> 
     </span>
    </p>
   </div>
   <div class='ocr_carea' id='block_1_89' title="bbox 1884 2921 3460 2996">
    <p class='ocr_par' dir='ltr' id='par_1_89' title="bbox 1884 2921 3460 2996">
     <span class='ocr_line' id='line_1_89' title="bbox 1884 2921 3460 2996; baseline -0.003 -19"><span class='ocrx_word' id='word_1_673' title='bbox 1884 2925 2143 2994; x_wconf 86' lang='grc' dir='ltr'>δαμάλεις</span> <span class='ocrx_word' id='word_1_674' title='bbox 2174 2925 2502 2995; x_wconf 89' lang='grc' dir='ltr'>μυκωμένας</span> <span class='ocrx_word' id='word_1_675' title='bbox 2530 2923 2930 2996; x_wconf 84' lang='grc' dir='ltr'>ἐπιστραφῶσι,</span> <span class='ocrx_word' id='word_1_676' title='bbox 2971 2922 3229 2991; x_wconf 86' lang='grc' dir='ltr'>συντυχία</span> <span class='ocrx_word' id='word_1_677' title='bbox 3275 2921 3336 2974; x_wconf 86' lang='grc' dir='ltr'>τὸ</span> <span class='ocrx_word' id='word_1_678' title='bbox 3373 2937 3460 2988; x_wconf 79' lang='grc' dir='ltr'>γε·</span> 
     </span>
    </p>
   </div>
   <div class='ocr_carea' id='block_1_90' title="bbox 1885 3009 3466 3086">
    <p class='ocr_par' dir='ltr' id='par_1_90' title="bbox 1885 3009 3466 3086">
     <span class='ocr_line' id='line_1_90' title="bbox 1885 3009 3466 3086; baseline -0.001 -23"><span class='ocrx_word' id='word_1_679' title='bbox 1885 3012 2181 3082; x_wconf 86' lang='grc' dir='ltr'>γενημένον</span> <span class='ocrx_word' id='word_1_680' title='bbox 2215 3015 2362 3066; x_wconf 84' lang='grc' dir='ltr'>ἐστίν</span> <span class='ocrx_word' id='word_1_681' title='bbox 2380 3028 2394 3042; x_wconf 90' lang='grc'><strong>·</strong></span> <span class='ocrx_word' id='word_1_682' title='bbox 2421 3013 2487 3067; x_wconf 76' lang='grc' dir='ltr'>ἂν</span> <span class='ocrx_word' id='word_1_683' title='bbox 2515 3013 2571 3065; x_wconf 82' lang='grc' dir='ltr'>δέ</span> <span class='ocrx_word' id='word_1_684' title='bbox 2600 3012 2735 3083; x_wconf 80' lang='grc' dir='ltr'>ὀρθὰ</span> <span class='ocrx_word' id='word_1_685' title='bbox 2764 3012 3040 3082; x_wconf 88' lang='grc' dir='ltr'>βαδίσωσι,</span> <span class='ocrx_word' id='word_1_686' title='bbox 3068 3011 3164 3064; x_wconf 77' lang='grc' dir='ltr'>καὶ</span> <span class='ocrx_word' id='word_1_687' title='bbox 3182 3009 3305 3086; x_wconf 69' lang='grc' dir='ltr'>οὔτε</span> <span class='ocrx_word' id='word_1_688' title='bbox 3328 3010 3466 3078; x_wconf 88' lang='grc' dir='ltr'>πρὸς</span> 
     </span>
    </p>
   </div>
   <div class='ocr_carea' id='block_1_91' title="bbox 1883 3101 3468 3174">
    <p class='ocr_par' dir='ltr' id='par_1_91' title="bbox 1883 3101 3468 3174">
     <span class='ocr_line' id='line_1_91' title="bbox 1883 3101 3468 3174; baseline 0.001 -21"><span class='ocrx_word' id='word_1_689' title='bbox 1883 3102 1974 3155; x_wconf 87' lang='grc' dir='ltr'>τὸν</span> <span class='ocrx_word' id='word_1_690' title='bbox 2016 3103 2303 3173; x_wconf 83' lang='grc' dir='ltr'>μυκηθμὸν</span> <span class='ocrx_word' id='word_1_691' title='bbox 2348 3105 2456 3157; x_wconf 88' lang='grc' dir='ltr'>τῶν</span> <span class='ocrx_word' id='word_1_692' title='bbox 2491 3103 2721 3157; x_wconf 87' lang='grc' dir='ltr'>παιδίων</span> <span class='ocrx_word' id='word_1_693' title='bbox 2753 3103 3057 3174; x_wconf 86' lang='grc' dir='ltr'>πάσχουσαί</span> <span class='ocrx_word' id='word_1_694' title='bbox 3087 3120 3160 3168; x_wconf 90' lang='grc' dir='ltr'>τι,</span> <span class='ocrx_word' id='word_1_695' title='bbox 3207 3101 3332 3154; x_wconf 77' lang='grc' dir='ltr'>οὔτε</span> <span class='ocrx_word' id='word_1_696' title='bbox 3361 3102 3468 3155; x_wconf 74' lang='grc' dir='ltr'>ὑπὸ</span> 
     </span>
    </p>
   </div>
   <div class='ocr_carea' id='block_1_92' title="bbox 1883 3187 3466 3262">
    <p class='ocr_par' dir='ltr' id='par_1_92' title="bbox 1883 3187 3466 3262">
     <span class='ocr_line' id='line_1_92' title="bbox 1883 3187 3466 3262; baseline -0.007 -9"><span class='ocrx_word' id='word_1_697' title='bbox 1883 3190 1980 3258; x_wconf 83' lang='grc' dir='ltr'>τῆς</span> <span class='ocrx_word' id='word_1_698' title='bbox 2010 3191 2232 3259; x_wconf 82' lang='grc' dir='ltr'>ἀγνοίας</span> <span class='ocrx_word' id='word_1_699' title='bbox 2259 3192 2359 3262; x_wconf 87' lang='grc' dir='ltr'>τῆς</span> <span class='ocrx_word' id='word_1_700' title='bbox 2388 3191 2531 3244; x_wconf 86' lang='grc' dir='ltr'>κατά</span> <span class='ocrx_word' id='word_1_701' title='bbox 2562 3193 2661 3261; x_wconf 81' lang='grc' dir='ltr'>τὴν</span> <span class='ocrx_word' id='word_1_702' title='bbox 2686 3190 2825 3256; x_wconf 84' lang='grc' dir='ltr'>ὁδὸν,</span> <span class='ocrx_word' id='word_1_703' title='bbox 2857 3187 3223 3261; x_wconf 86' lang='grc' dir='ltr'>πλανηθῶσιν,</span> <span class='ocrx_word' id='word_1_704' title='bbox 3243 3189 3466 3261; x_wconf 75' lang='grc' dir='ltr'>εὔδηλον</span> 
     </span>
    </p>
   </div>
   <div class='ocr_carea' id='block_1_93' title="bbox 1883 3281 3465 3352">
    <p class='ocr_par' dir='ltr' id='par_1_93' title="bbox 1883 3281 3465 3352">
     <span class='ocr_line' id='line_1_93' title="bbox 1883 3281 3465 3352; baseline 0.004 -21"><span class='ocrx_word' id='word_1_705' title='bbox 1883 3282 1964 3332; x_wconf 83' lang='grc' dir='ltr'>ὅτι</span> <span class='ocrx_word' id='word_1_706' title='bbox 1993 3282 2026 3351; x_wconf 78' lang='grc' dir='ltr'>η</span> <span class='ocrx_word' id='word_1_707' title='bbox 2057 3281 2152 3334; x_wconf 92' lang='grc' dir='ltr'>τοῦ</span> <span class='ocrx_word' id='word_1_708' title='bbox 2204 3283 2342 3334; x_wconf 86' lang='grc' dir='ltr'>Θεοῦ</span> <span class='ocrx_word' id='word_1_709' title='bbox 2373 3283 2494 3351; x_wconf 88' lang='grc' dir='ltr'>χείρ</span> <span class='ocrx_word' id='word_1_710' title='bbox 2536 3283 2683 3334; x_wconf 89' lang='grc' dir='ltr'>ἐστιν</span> <span class='ocrx_word' id='word_1_711' title='bbox 2735 3284 2766 3351; x_wconf 83' lang='grc' dir='ltr'>ή</span> <span class='ocrx_word' id='word_1_712' title='bbox 2831 3282 3087 3352; x_wconf 68' lang='grc' dir='ltr'>ἁψαμένη</span> <span class='ocrx_word' id='word_1_713' title='bbox 3118 3281 3228 3334; x_wconf 89' lang='grc' dir='ltr'>τῶν</span> <span class='ocrx_word' id='word_1_714' title='bbox 3258 3282 3465 3337; x_wconf 86' lang='grc' dir='ltr'>πόλεων</span> 
     </span>
    </p>
   </div>
   <div class='ocr_carea' id='block_1_94' title="bbox 1882 3353 3464 3440">
    <p class='ocr_par' dir='ltr' id='par_1_94' title="bbox 1882 3371 3464 3440">
     <span class='ocr_line' id='line_1_94' title="bbox 1882 3371 3464 3440; baseline 0.001 -17"><span class='ocrx_word' id='word_1_715' title='bbox 1882 3371 2156 3440; x_wconf 86' lang='grc' dir='ltr'>τούτων)·</span> <span class='ocrx_word' id='word_1_716' title='bbox 2192 3373 2315 3425; x_wconf 77' lang='grc' dir='ltr'>ἐπεὶ</span> <span class='ocrx_word' id='word_1_717' title='bbox 2345 3371 2439 3425; x_wconf 84' lang='grc' dir='ltr'>οὖν</span> <span class='ocrx_word' id='word_1_718' title='bbox 2490 3373 2662 3423; x_wconf 90' lang='grc' dir='ltr'>ταῦτα</span> <span class='ocrx_word' id='word_1_719' title='bbox 2712 3371 2821 3424; x_wconf 88' lang='grc' dir='ltr'>τῶν</span> <span class='ocrx_word' id='word_1_720' title='bbox 2884 3373 3131 3440; x_wconf 86' lang='grc' dir='ltr'>μάντεων</span> <span class='ocrx_word' id='word_1_721' title='bbox 3183 3371 3464 3435; x_wconf 75' lang='grc' dir='ltr'>εἰπόντων,</span> 
     </span>
    </p>
   </div>
   <div class='ocr_carea' id='block_1_95' title="bbox 1882 3443 3466 3530">
    <p class='ocr_par' dir='ltr' id='par_1_95' title="bbox 1882 3443 3466 3530">
     <span class='ocr_line' id='line_1_95' title="bbox 1882 3443 3466 3530; baseline 0.001 -17"><span class='ocrx_word' id='word_1_722' title='bbox 1882 3460 2215 3530; x_wconf 87' lang='grc' dir='ltr'>ἐπείσθησαν</span> <span class='ocrx_word' id='word_1_723' title='bbox 2265 3463 2312 3513; x_wconf 87' lang='grc' dir='ltr'>οἰ</span> <span class='ocrx_word' id='word_1_724' title='bbox 2355 3443 2454 3525; x_wconf 79' lang='grc' dir='ltr'>τὰς</span> <span class='ocrx_word' id='word_1_725' title='bbox 2515 3459 2701 3522; x_wconf 89' lang='grc' dir='ltr'>πόλεις</span> <span class='ocrx_word' id='word_1_726' title='bbox 2751 3460 3026 3523; x_wconf 87' lang='grc' dir='ltr'>οἰκοῦντες</span> <span class='ocrx_word' id='word_1_727' title='bbox 3083 3461 3322 3525; x_wconf 87' lang='grc' dir='ltr'>ἐκείνας,</span> <span class='ocrx_word' id='word_1_728' title='bbox 3370 3463 3466 3514; x_wconf 67' lang='grc' dir='ltr'>καὶ⁵</span> 
     </span>
    </p>
   </div>
   <div class='ocr_carea' id='block_1_96' title="bbox 1881 3550 3467 3622">
    <p class='ocr_par' dir='ltr' id='par_1_96' title="bbox 1881 3550 3467 3622">
     <span class='ocr_line' id='line_1_96' title="bbox 1881 3550 3467 3622; baseline -0.001 -18"><span class='ocrx_word' id='word_1_729' title='bbox 1881 3550 2146 3620; x_wconf 85' lang='grc' dir='ltr'>ἐποίησαν</span> <span class='ocrx_word' id='word_1_730' title='bbox 2166 3551 2242 3614; x_wconf 83' lang='grc' dir='ltr'>ὡς</span> <span class='ocrx_word' id='word_1_731' title='bbox 2276 3550 2676 3622; x_wconf 82' lang='grc' dir='ltr'>ἐκελεύσθησαν</span> <span class='ocrx_word' id='word_1_732' title='bbox 2696 3591 2711 3615; x_wconf 92' lang='grc'>,</span> <span class='ocrx_word' id='word_1_733' title='bbox 2745 3553 2837 3605; x_wconf 78' lang='grc' dir='ltr'>καὶ</span> <span class='ocrx_word' id='word_1_734' title='bbox 2867 3553 2896 3604; x_wconf 92' lang='lat'>6</span> <span class='ocrx_word' id='word_1_735' title='bbox 2930 3551 3061 3614; x_wconf 89' lang='grc' dir='ltr'>Θεὸς</span> <span class='ocrx_word' id='word_1_736' title='bbox 3087 3554 3158 3621; x_wconf 81' lang='grc' dir='ltr'>τῇ</span> <span class='ocrx_word' id='word_1_737' title='bbox 3189 3551 3300 3604; x_wconf 90' lang='grc' dir='ltr'>τῶν</span> <span class='ocrx_word' id='word_1_738' title='bbox 3328 3553 3467 3622; x_wconf 86' lang='grc' dir='ltr'>μάν-</span> 
     </span>
    </p>
   </div>
   <div class='ocr_carea' id='block_1_97' title="bbox 1879 3642 3466 3714">
    <p class='ocr_par' dir='ltr' id='par_1_97' title="bbox 1879 3642 3466 3714">
     <span class='ocr_line' id='line_1_97' title="bbox 1879 3642 3466 3714; baseline 0.001 -20"><span class='ocrx_word' id='word_1_739' title='bbox 1879 3660 2018 3696; x_wconf 87' lang='grc' dir='ltr'>τεων</span> <span class='ocrx_word' id='word_1_740' title='bbox 2047 3643 2380 3713; x_wconf 75' lang='grc' dir='ltr'>ἠκολούθησε</span> <span class='ocrx_word' id='word_1_741' title='bbox 2414 3643 2627 3714; x_wconf 81' lang='grc' dir='ltr'>γνώμῃ,</span> <span class='ocrx_word' id='word_1_742' title='bbox 2666 3642 3117 3710; x_wconf 89' lang='grc' dir='ltr'>συγκαταϐαίνων</span> <span class='ocrx_word' id='word_1_743' title='bbox 3145 3643 3305 3696; x_wconf 90' lang='grc' dir='ltr'>πάλιν</span> <span class='ocrx_word' id='word_1_744' title='bbox 3325 3680 3341 3706; x_wconf 93' lang='grc'>,</span> <span class='ocrx_word' id='word_1_745' title='bbox 3372 3644 3466 3695; x_wconf 73' lang='grc' dir='ltr'>καὶ</span> 
     </span>
    </p>
   </div>
   <div class='ocr_carea' id='block_1_98' title="bbox 1879 3729 3466 3803">
    <p class='ocr_par' dir='ltr' id='par_1_98' title="bbox 1879 3729 3466 3803">
     <span class='ocr_line' id='line_1_98' title="bbox 1879 3729 3466 3803; baseline -0.001 -19"><span class='ocrx_word' id='word_1_746' title='bbox 1879 3733 1981 3786; x_wconf 84' lang='grc' dir='ltr'>οὐκ</span> <span class='ocrx_word' id='word_1_747' title='bbox 2005 3733 2254 3803; x_wconf 89' lang='grc' dir='ltr'>ἐνόμισεν</span> <span class='ocrx_word' id='word_1_748' title='bbox 2286 3732 2501 3799; x_wconf 83' lang='grc' dir='ltr'>ἀνάξιον</span> <span class='ocrx_word' id='word_1_749' title='bbox 2533 3729 2672 3786; x_wconf 78' lang='grc' dir='ltr'>εἷναι</span> <span class='ocrx_word' id='word_1_750' title='bbox 2703 3731 2869 3788; x_wconf 83' lang='grc' dir='ltr'>αὑτοῦ</span> <span class='ocrx_word' id='word_1_751' title='bbox 2916 3733 3026 3785; x_wconf 90' lang='grc' dir='ltr'>τῶν</span> <span class='ocrx_word' id='word_1_752' title='bbox 3073 3733 3318 3801; x_wconf 89' lang='grc' dir='ltr'>μάντεων</span> <span class='ocrx_word' id='word_1_753' title='bbox 3366 3732 3466 3802; x_wconf 78' lang='grc' dir='ltr'>τὴν</span> 
     </span>
    </p>
   </div>
   <div class='ocr_carea' id='block_1_99' title="bbox 1879 3822 3465 3898">
    <p class='ocr_par' dir='ltr' id='par_1_99' title="bbox 1879 3822 3465 3898">
     <span class='ocr_line' id='line_1_99' title="bbox 1879 3822 3465 3898; baseline 0.002 -24"><span class='ocrx_word' id='word_1_754' title='bbox 1879 3822 2184 3894; x_wconf 78' lang='grc' dir='ltr'>πρόρρησιν</span> <span class='ocrx_word' id='word_1_755' title='bbox 2213 3824 2293 3887; x_wconf 83' lang='grc' dir='ltr'>εἰς</span> <span class='ocrx_word' id='word_1_756' title='bbox 2315 3823 2474 3898; x_wconf 76' lang='grc' dir='ltr'>ἔργον</span> <span class='ocrx_word' id='word_1_757' title='bbox 2499 3823 2810 3892; x_wconf 77' lang='grc' dir='ltr'>ἐξαγαγεῖν,</span> <span class='ocrx_word' id='word_1_758' title='bbox 2850 3823 2944 3877; x_wconf 64' lang='grc' dir='ltr'>καὶ⁵</span> <span class='ocrx_word' id='word_1_759' title='bbox 2975 3824 3199 3891; x_wconf 85' lang='grc' dir='ltr'>ποιῆσαι</span> <span class='ocrx_word' id='word_1_760' title='bbox 3240 3826 3465 3898; x_wconf 63' lang='grc' dir='ltr'>πιστούς</span> 
     </span>
    </p>
   </div>
   <div class='ocr_carea' id='block_1_100' title="bbox 1879 3894 3461 3983">
    <p class='ocr_par' dir='ltr' id='par_1_100' title="bbox 1879 3894 3461 3983">
     <span class='ocr_line' id='line_1_100' title="bbox 1879 3894 3461 3983; baseline 0.001 -19"><span class='ocrx_word' id='word_1_761' title='bbox 1879 3909 2019 3965; x_wconf 70' lang='grc' dir='ltr'>εἶναι</span> <span class='ocrx_word' id='word_1_762' title='bbox 2057 3913 2254 3978; x_wconf 81' lang='grc' dir='ltr'>δοκεῖν,</span> <span class='ocrx_word' id='word_1_763' title='bbox 2297 3894 2357 3967; x_wconf 79' lang='grc' dir='ltr'>ἐν</span> <span class='ocrx_word' id='word_1_764' title='bbox 2399 3910 2479 3978; x_wconf 73' lang='grc' dir='ltr'>οἷς</span> <span class='ocrx_word' id='word_1_765' title='bbox 2516 3915 2639 3967; x_wconf 87' lang='grc' dir='ltr'>τότε</span> <span class='ocrx_word' id='word_1_766' title='bbox 2667 3915 2943 3983; x_wconf 85' lang='grc' dir='ltr'>εἰρήκασι.</span> <span class='ocrx_word' id='word_1_767' title='bbox 2985 3914 3095 3965; x_wconf 73' lang='grc' dir='ltr'>Καὶ</span> <span class='ocrx_word' id='word_1_768' title='bbox 3129 3912 3237 3983; x_wconf 86' lang='grc' dir='ltr'>γάρ</span> <span class='ocrx_word' id='word_1_769' title='bbox 3276 3894 3461 3983; x_wconf 70' lang='grc' dir='ltr'>μεῖζον</span> 
     </span>
    </p>
   </div>
   <div class='ocr_carea' id='block_1_101' title="bbox 1878 4000 3461 4074">
    <p class='ocr_par' dir='ltr' id='par_1_101' title="bbox 1878 4000 3461 4074">
     <span class='ocr_line' id='line_1_101' title="bbox 1878 4000 3461 4074; baseline -0.001 -19"><span class='ocrx_word' id='word_1_770' title='bbox 1878 4002 1939 4054; x_wconf 81' lang='grc' dir='ltr'>τὸ</span> <span class='ocrx_word' id='word_1_771' title='bbox 1992 4003 2423 4074; x_wconf 88' lang='grc' dir='ltr'>κατορθούμενον</span> <span class='ocrx_word' id='word_1_772' title='bbox 2469 4000 2557 4074; x_wconf 79' lang='grc' dir='ltr'>ἦν,</span> <span class='ocrx_word' id='word_1_773' title='bbox 2586 4002 2665 4073; x_wconf 81' lang='grc' dir='ltr'>τῷ</span> <span class='ocrx_word' id='word_1_774' title='bbox 2694 4003 2736 4034; x_wconf 85' lang='grc'>³⁷</span> <span class='ocrx_word' id='word_1_775' title='bbox 2783 4005 2874 4055; x_wconf 69' lang='grc' dir='ltr'>καὶ</span> <span class='ocrx_word' id='word_1_776' title='bbox 2906 4002 3105 4065; x_wconf 79' lang='grc' dir='ltr'>αὐτοὺς</span> <span class='ocrx_word' id='word_1_777' title='bbox 3140 4004 3268 4066; x_wconf 71' lang='grc' dir='ltr'>τοὺς</span> <span class='ocrx_word' id='word_1_778' title='bbox 3307 4004 3461 4056; x_wconf 79' lang='grc' dir='ltr'>ἐναν-</span> 
     </span>
    </p>
   </div>
   <div class='ocr_carea' id='block_1_102' title="bbox 1879 4093 3480 4166">
    <p class='ocr_par' dir='ltr' id='par_1_102' title="bbox 1879 4093 3480 4166">
     <span class='ocr_line' id='line_1_102' title="bbox 1879 4093 3480 4166; baseline 0.002 -23"><span class='ocrx_word' id='word_1_779' title='bbox 1879 4093 2027 4153; x_wconf 88' lang='grc' dir='ltr'>τίους</span> <span class='ocrx_word' id='word_1_780' title='bbox 2061 4093 2405 4163; x_wconf 88' lang='grc' dir='ltr'>μαρτυρῆσαι</span> <span class='ocrx_word' id='word_1_781' title='bbox 2432 4097 2500 4162; x_wconf 80' lang='grc' dir='ltr'>τῇ</span> <span class='ocrx_word' id='word_1_782' title='bbox 2535 4093 2630 4144; x_wconf 89' lang='grc' dir='ltr'>τοῦ</span> <span class='ocrx_word' id='word_1_783' title='bbox 2653 4094 2788 4145; x_wconf 90' lang='grc' dir='ltr'>Θεοῦ</span> <span class='ocrx_word' id='word_1_784' title='bbox 2809 4094 3058 4162; x_wconf 83' lang='grc' dir='ltr'>δυνάμει,</span> <span class='ocrx_word' id='word_1_785' title='bbox 3082 4097 3175 4148; x_wconf 73' lang='grc' dir='ltr'>καὶ</span> <span class='ocrx_word' id='word_1_786' title='bbox 3209 4097 3308 4164; x_wconf 78' lang='grc' dir='ltr'>τὴν</span> <span class='ocrx_word' id='word_1_787' title='bbox 3332 4113 3398 4148; x_wconf 85' lang='grc' dir='ltr'>πε</span> <span class='ocrx_word' id='word_1_788' title='bbox 3411 4093 3480 4166; x_wconf 57' lang='grc' dir='ltr'>ρί</span> 
     </span>
    </p>
   </div>
   <div class='ocr_carea' id='block_1_103' title="bbox 1878 4181 3460 4253">
    <p class='ocr_par' dir='ltr' id='par_1_103' title="bbox 1878 4181 3460 4253">
     <span class='ocr_line' id='line_1_103' title="bbox 1878 4181 3460 4253; baseline 0.003 -20"><span class='ocrx_word' id='word_1_789' title='bbox 1878 4181 2044 4233; x_wconf 85' lang='grc' dir='ltr'>αὑτοῦ</span> <span class='ocrx_word' id='word_1_790' title='bbox 2094 4181 2276 4250; x_wconf 81' lang='grc' dir='ltr'>ψῆφον</span> <span class='ocrx_word' id='word_1_791' title='bbox 2332 4182 2458 4244; x_wconf 82' lang='grc' dir='ltr'>τοὺς</span> <span class='ocrx_word' id='word_1_792' title='bbox 2494 4181 2674 4234; x_wconf 79' lang='grc' dir='ltr'>αὐτῶν</span> <span class='ocrx_word' id='word_1_793' title='bbox 2735 4181 3088 4248; x_wconf 87' lang='grc' dir='ltr'>διδασκάλους</span> <span class='ocrx_word' id='word_1_794' title='bbox 3137 4184 3460 4253; x_wconf 81' lang='grc' dir='ltr'>ἐξενεγκεῖν.</span> 
     </span>
    </p>
   </div>
   <div class='ocr_carea' id='block_1_104' title="bbox 1880 4267 3461 4348">
    <p class='ocr_par' dir='ltr' id='par_1_104' title="bbox 1880 4267 3461 4348">
     <span class='ocr_line' id='line_1_104' title="bbox 1880 4267 3461 4348; baseline 0.004 -25"><span class='ocrx_word' id='word_1_795' title='bbox 1880 4272 1990 4324; x_wconf 74' lang='grc' dir='ltr'>Καὶ</span> <span class='ocrx_word' id='word_1_796' title='bbox 2021 4271 2183 4342; x_wconf 83' lang='grc' dir='ltr'>ἐτερα</span> <span class='ocrx_word' id='word_1_797' title='bbox 2214 4271 2272 4324; x_wconf 85' lang='grc' dir='ltr'>δὲ</span> <span class='ocrx_word' id='word_1_798' title='bbox 2301 4271 2470 4325; x_wconf 90' lang='grc' dir='ltr'>πολλά</span> <span class='ocrx_word' id='word_1_799' title='bbox 2499 4267 2852 4327; x_wconf 84' lang='grc' dir='ltr'>τοιαῦταίδοι</span> <span class='ocrx_word' id='word_1_800' title='bbox 2881 4292 2965 4338; x_wconf 90' lang='grc' dir='ltr'>τις</span> <span class='ocrx_word' id='word_1_801' title='bbox 2983 4275 3048 4329; x_wconf 78' lang='grc' dir='ltr'>ἂν</span> <span class='ocrx_word' id='word_1_802' title='bbox 3075 4277 3461 4348; x_wconf 82' lang='grc' dir='ltr'>οἰκονομοῦντα</span> 
     </span>
    </p>
   </div>
   <div class='ocr_carea' id='block_1_105' title="bbox 1877 4361 3460 4438">
    <p class='ocr_par' dir='ltr' id='par_1_105' title="bbox 1877 4361 3460 4438">
     <span class='ocr_line' id='line_1_105' title="bbox 1877 4361 3460 4438; baseline 0.004 -24"><span class='ocrx_word' id='word_1_803' title='bbox 1877 4361 1968 4416; x_wconf 88' lang='grc' dir='ltr'>τὸν</span> <span class='ocrx_word' id='word_1_804' title='bbox 1995 4362 2149 4416; x_wconf 86' lang='grc' dir='ltr'>Θεόν.</span> <span class='ocrx_word' id='word_1_805' title='bbox 2195 4364 2305 4415; x_wconf 76' lang='grc' dir='ltr'>Καὶ</span> <span class='ocrx_word' id='word_1_806' title='bbox 2332 4362 2441 4435; x_wconf 79' lang='grc' dir='ltr'>γάρ</span> <span class='ocrx_word' id='word_1_807' title='bbox 2490 4365 2583 4417; x_wconf 76' lang='grc' dir='ltr'>καὶ</span> <span class='ocrx_word' id='word_1_808' title='bbox 2621 4364 2681 4417; x_wconf 87' lang='grc' dir='ltr'>τὸ</span> <span class='ocrx_word' id='word_1_809' title='bbox 2732 4365 2823 4418; x_wconf 75' lang='grc' dir='ltr'>ἐπὶ</span> <span class='ocrx_word' id='word_1_810' title='bbox 2866 4365 2966 4434; x_wconf 87' lang='grc' dir='ltr'>τῆς</span> <span class='ocrx_word' id='word_1_811' title='bbox 3016 4368 3460 4438; x_wconf 78' lang='grc' dir='ltr'>ὲγγαστριμύθου</span> 
     </span>
    </p>
   </div>
   <div class='ocr_carea' id='block_1_106' title="bbox 1877 4453 3460 4530">
    <p class='ocr_par' dir='ltr' id='par_1_106' title="bbox 1877 4453 3460 4530">
     <span class='ocr_line' id='line_1_106' title="bbox 1877 4453 3460 4530; baseline 0.003 -23"><span class='ocrx_word' id='word_1_812' title='bbox 1877 4453 2051 4526; x_wconf 86' lang='grc' dir='ltr'>τούτῳ</span> <span class='ocrx_word' id='word_1_813' title='bbox 2104 4454 2392 4523; x_wconf 86' lang='grc' dir='ltr'>προσέοικε</span> <span class='ocrx_word' id='word_1_814' title='bbox 2442 4456 2542 4525; x_wconf 83' lang='grc' dir='ltr'>τῆς</span> <span class='ocrx_word' id='word_1_815' title='bbox 2592 4456 2902 4526; x_wconf 87' lang='grc' dir='ltr'>οἰκονομίας</span> <span class='ocrx_word' id='word_1_816' title='bbox 2944 4457 3023 4528; x_wconf 80' lang='grc' dir='ltr'>τῷ</span> <span class='ocrx_word' id='word_1_817' title='bbox 3049 4459 3264 4530; x_wconf 84' lang='grc' dir='ltr'>τρόπῳ,</span> <span class='ocrx_word' id='word_1_818' title='bbox 3297 4459 3326 4511; x_wconf 84' lang='grc' dir='ltr'><strong>ὃ</strong></span> <span class='ocrx_word' id='word_1_819' title='bbox 3366 4459 3460 4513; x_wconf 64' lang='grc' dir='ltr'>καὶ</span> 
     </span>
    </p>
   </div>
   <div class='ocr_carea' id='block_1_107' title="bbox 1878 4545 3456 4622">
    <p class='ocr_par' dir='ltr' id='par_1_107' title="bbox 1878 4545 3456 4622">
     <span class='ocr_line' id='line_1_107' title="bbox 1878 4545 3456 4622; baseline 0.002 -22"><span class='ocrx_word' id='word_1_820' title='bbox 1878 4546 2035 4611; x_wconf 80' lang='grc' dir='ltr'>ὗμεῖς</span> <span class='ocrx_word' id='word_1_821' title='bbox 2060 4545 2242 4599; x_wconf 67' lang='grc' dir='ltr'>λοιπὸν</span> <span class='ocrx_word' id='word_1_822' title='bbox 2271 4545 2380 4599; x_wconf 88' lang='grc' dir='ltr'>ἀπὸ</span> <span class='ocrx_word' id='word_1_823' title='bbox 2409 4545 2518 4599; x_wconf 90' lang='grc' dir='ltr'>τῶν</span> <span class='ocrx_word' id='word_1_824' title='bbox 2544 4548 2847 4619; x_wconf 58' lang='grc' dir='ltr'>εἰρημῶιων</span> <span class='ocrx_word' id='word_1_825' title='bbox 2870 4547 3120 4603; x_wconf 84' lang='grc' dir='ltr'>ἐπιλῦσαι</span> <span class='ocrx_word' id='word_1_826' title='bbox 3140 4549 3456 4622; x_wconf 88' lang='grc' dir='ltr'>δυνήσεσθε.</span> 
     </span>
    </p>
   </div>
   <div class='ocr_carea' id='block_1_108' title="bbox 1873 4643 3458 4720">
    <p class='ocr_par' dir='ltr' id='par_1_108' title="bbox 1873 4643 3458 4720">
     <span class='ocr_line' id='line_1_108' title="bbox 1873 4643 3458 4720; baseline 0.004 -21"><span class='ocrx_word' id='word_1_827' title='bbox 1873 4647 1980 4700; x_wconf 89' lang='grc' dir='ltr'>Τοῦ</span> <span class='ocrx_word' id='word_1_828' title='bbox 2010 4648 2109 4717; x_wconf 85' lang='grc' dir='ltr'>μὲν</span> <span class='ocrx_word' id='word_1_829' title='bbox 2158 4643 2251 4699; x_wconf 82' lang='grc' dir='ltr'>οῦν</span> <span class='ocrx_word' id='word_1_830' title='bbox 2304 4646 2533 4716; x_wconf 86' lang='grc' dir='ltr'>ἀστέρος</span> <span class='ocrx_word' id='word_1_831' title='bbox 2561 4648 2745 4699; x_wconf 82' lang='grc' dir='ltr'>ἐνεκεν</span> <span class='ocrx_word' id='word_1_832' title='bbox 2787 4650 2938 4718; x_wconf 87' lang='grc' dir='ltr'>παρὰ</span> <span class='ocrx_word' id='word_1_833' title='bbox 2974 4650 3070 4718; x_wconf 85' lang='grc' dir='ltr'>μὲν</span> <span class='ocrx_word' id='word_1_834' title='bbox 3102 4652 3259 4720; x_wconf 79' lang='grc' dir='ltr'>ήμῶν</span> <span class='ocrx_word' id='word_1_835' title='bbox 3286 4654 3458 4706; x_wconf 68' lang='grc' dir='ltr'>ταῦτα</span> 
     </span>
    </p>
   </div>
   <div class='ocr_carea' id='block_1_109' title="bbox 1872 4736 3458 4810">
    <p class='ocr_par' dir='ltr' id='par_1_109' title="bbox 1872 4736 3458 4810">
     <span class='ocr_line' id='line_1_109' title="bbox 1872 4736 3458 4810; baseline 0.003 -21"><span class='ocrx_word' id='word_1_836' title='bbox 1872 4737 2108 4808; x_wconf 80' lang='grc' dir='ltr'>εἴρηται,</span> <span class='ocrx_word' id='word_1_837' title='bbox 2139 4737 2289 4807; x_wconf 87' lang='grc' dir='ltr'>παρὰ</span> <span class='ocrx_word' id='word_1_838' title='bbox 2321 4737 2377 4789; x_wconf 83' lang='grc' dir='ltr'>δὲ</span> <span class='ocrx_word' id='word_1_839' title='bbox 2399 4736 2552 4805; x_wconf 82' lang='grc' dir='ltr'>ὑμῶν</span> <span class='ocrx_word' id='word_1_840' title='bbox 2581 4738 2675 4789; x_wconf 70' lang='grc' dir='ltr'>καὶ</span> <span class='ocrx_word' id='word_1_841' title='bbox 2712 4737 2932 4792; x_wconf 85' lang='grc' dir='ltr'>πλείονα</span> <span class='ocrx_word' id='word_1_842' title='bbox 2963 4738 3221 4810; x_wconf 83' lang='grc' dir='ltr'>λεχθῆναι</span> <span class='ocrx_word' id='word_1_843' title='bbox 3255 4743 3458 4796; x_wconf 74' lang='grc' dir='ltr'>δύναιτ’</span> 
     </span>
    </p>
   </div>
   <div class='ocr_carea' id='block_1_110' title="bbox 1871 4827 3458 4904">
    <p class='ocr_par' dir='ltr' id='par_1_110' title="bbox 1871 4827 3458 4904">
     <span class='ocr_line' id='line_1_110' title="bbox 1871 4827 3458 4904; baseline -0.002 -23"><span class='ocrx_word' id='word_1_844' title='bbox 1871 4827 1970 4881; x_wconf 85' lang='grc' dir='ltr'>ἀν·</span> <span class='ocrx_word' id='word_1_845' title='bbox 2005 4827 2182 4881; x_wconf 82' lang='grc' dir='ltr'>Διδου</span> <span class='ocrx_word' id='word_1_846' title='bbox 2214 4829 2345 4896; x_wconf 85' lang='grc' dir='ltr'>γὰρ,</span> <span class='ocrx_word' id='word_1_847' title='bbox 2391 4827 2546 4898; x_wconf 67' lang='grc' dir='ltr'>φησὶ-ο</span> <span class='ocrx_word' id='word_1_848' title='bbox 2574 4827 2749 4896; x_wconf 71' lang='grc' dir='ltr'>’σοφῷ</span> <span class='ocrx_word' id='word_1_849' title='bbox 2795 4830 3099 4899; x_wconf 63' lang='grc' dir='ltr'>ἀφορμὴν,</span> <span class='ocrx_word' id='word_1_850' title='bbox 3135 4835 3235 4888; x_wconf 81' lang='grc' dir='ltr'>καὶ</span> <span class='ocrx_word' id='word_1_851' title='bbox 3260 4838 3458 4904; x_wconf 67' lang='grc' dir='ltr'>σοφώ-</span> 
     </span>
    </p>
   </div>
   <div class='ocr_carea' id='block_1_111' title="bbox 1870 4920 2250 4988">
    <p class='ocr_par' dir='ltr' id='par_1_111' title="bbox 1870 4920 2250 4988">
     <span class='ocr_line' id='line_1_111' title="bbox 1870 4920 2250 4988; baseline 0.003 -16"><span class='ocrx_word' id='word_1_852' title='bbox 1870 4936 2038 4988; x_wconf 78' lang='grc' dir='ltr'>τερος</span> <span class='ocrx_word' id='word_1_853' title='bbox 2058 4920 2250 4973; x_wconf 77' lang='grc' dir='ltr'>ἔσται.</span> 
     </span>
    </p>
   </div>
   <div class='ocr_carea' id='block_1_112' title="bbox 1942 5009 3457 5082">
    <p class='ocr_par' dir='ltr' id='par_1_112' title="bbox 1942 5009 3457 5082">
     <span class='ocr_line' id='line_1_112' title="bbox 1942 5009 3457 5082; baseline 0.007 -19"><span class='ocrx_word' id='word_1_854' title='bbox 1942 5009 2004 5066; x_wconf 85' lang='grc' dir='ltr'>δ’.</span> <span class='ocrx_word' id='word_1_855' title='bbox 2024 5013 2114 5063; x_wconf 85' lang='grc' dir='ltr'>Δεῖ</span> <span class='ocrx_word' id='word_1_856' title='bbox 2127 5010 2184 5062; x_wconf 86' lang='grc' dir='ltr'>δὲ</span> <span class='ocrx_word' id='word_1_857' title='bbox 2215 5010 2401 5063; x_wconf 85' lang='grc' dir='ltr'>λοιπὸν</span> <span class='ocrx_word' id='word_1_858' title='bbox 2422 5010 2515 5062; x_wconf 73' lang='grc' dir='ltr'>ἐπὶ</span> <span class='ocrx_word' id='word_1_859' title='bbox 2538 5011 2638 5078; x_wconf 80' lang='grc' dir='ltr'>τὴν</span> <span class='ocrx_word' id='word_1_860' title='bbox 2667 5010 2843 5080; x_wconf 86' lang='grc' dir='ltr'>ἀρχὴν</span> <span class='ocrx_word' id='word_1_861' title='bbox 2861 5011 2969 5063; x_wconf 91' lang='grc' dir='ltr'>τῶν</span> <span class='ocrx_word' id='word_1_862' title='bbox 2999 5013 3457 5082; x_wconf 87' lang='grc' dir='ltr'>ἀναγνωσθέντων</span> 
     </span>
    </p>
   </div>
   <div class='ocr_carea' id='block_1_113' title="bbox 1871 5099 3458 5175">
    <p class='ocr_par' dir='ltr' id='par_1_113' title="bbox 1871 5099 3458 5175">
     <span class='ocr_line' id='line_1_113' title="bbox 1871 5099 3458 5175; baseline 0.006 -22"><span class='ocrx_word' id='word_1_863' title='bbox 1871 5101 2067 5154; x_wconf 81' lang='grc' dir='ltr'>ἐλθεῖν.</span> <span class='ocrx_word' id='word_1_864' title='bbox 2102 5101 2198 5163; x_wconf 87' lang='grc' dir='ltr'>Τίς</span> <span class='ocrx_word' id='word_1_865' title='bbox 2231 5101 2287 5154; x_wconf 87' lang='grc' dir='ltr'>δέ</span> <span class='ocrx_word' id='word_1_866' title='bbox 2314 5103 2346 5171; x_wconf 85' lang='grc' dir='ltr'>ὴ</span> <span class='ocrx_word' id='word_1_867' title='bbox 2379 5102 2556 5171; x_wconf 82' lang='grc' dir='ltr'>ἀρχή;</span> <span class='ocrx_word' id='word_1_868' title='bbox 2585 5099 2701 5154; x_wconf 83' lang='grc' dir='ltr'>Τοῦ</span> <span class='ocrx_word' id='word_1_869' title='bbox 2727 5100 2795 5153; x_wconf 82' lang='grc' dir='ltr'>δὲ</span> <span class='ocrx_word' id='word_1_870' title='bbox 2835 5102 3037 5168; x_wconf 84' lang='grc' dir='ltr'>Ἰησοῦ</span> <span class='ocrx_word' id='word_1_871' title='bbox 3061 5110 3458 5175; x_wconf 72' lang='grc' dir='ltr'>γεννηθέντος</span> 
     </span>
    </p>
   </div>
   <div class='ocr_carea' id='block_1_114' title="bbox 1870 5191 3452 5265">
    <p class='ocr_par' dir='ltr' id='par_1_114' title="bbox 1870 5191 3452 5265">
     <span class='ocr_line' id='line_1_114' title="bbox 1870 5191 3452 5265; baseline 0.005 -19"><span class='ocrx_word' id='word_1_872' title='bbox 1870 5193 1940 5246; x_wconf 81' lang='grc' dir='ltr'>ἐν</span> <span class='ocrx_word' id='word_1_873' title='bbox 1968 5193 2243 5260; x_wconf 72' lang='grc' dir='ltr'>Βηθλεέμ</span> <span class='ocrx_word' id='word_1_874' title='bbox 2288 5192 2400 5261; x_wconf 83' lang='grc' dir='ltr'>τῆς</span> <span class='ocrx_word' id='word_1_875' title='bbox 2437 5191 2752 5257; x_wconf 83' lang='grc' dir='ltr'>Ἰουδαίας,</span> <span class='ocrx_word' id='word_1_876' title='bbox 2794 5195 2864 5246; x_wconf 80' lang='grc' dir='ltr'>ἐν</span> <span class='ocrx_word' id='word_1_877' title='bbox 2905 5193 3155 5263; x_wconf 74' lang='grc' dir='ltr'>ἡμέραις</span> <span class='ocrx_word' id='word_1_878' title='bbox 3192 5197 3452 5265; x_wconf 80' lang='grc' dir='ltr'>Ἡρώδου</span> 
     </span>
    </p>
   </div>
   <div class='ocr_carea' id='block_1_115' title="bbox 1871 5283 3454 5358">
    <p class='ocr_par' dir='ltr' id='par_1_115' title="bbox 1871 5283 3454 5358">
     <span class='ocr_line' id='line_1_115' title="bbox 1871 5283 3454 5358; baseline -0.001 -20"><span class='ocrx_word' id='word_1_879' title='bbox 1871 5284 1978 5338; x_wconf 76' lang='grc' dir='ltr'>τοῦ</span> <span class='ocrx_word' id='word_1_880' title='bbox 2001 5284 2325 5349; x_wconf 74' lang='grc' dir='ltr'>βασιλέως,</span> <span class='ocrx_word' id='word_1_881' title='bbox 2359 5283 2488 5338; x_wconf 82' lang='grc' dir='ltr'>ἰδοὺ</span> <span class='ocrx_word' id='word_1_882' title='bbox 2511 5283 2691 5352; x_wconf 83' lang='grc' dir='ltr'>μάγοι</span> <span class='ocrx_word' id='word_1_883' title='bbox 2723 5284 2843 5339; x_wconf 80' lang='grc' dir='ltr'>ἀπὸ</span> <span class='ocrx_word' id='word_1_884' title='bbox 2889 5285 3204 5340; x_wconf 70' lang='grc' dir='ltr'>ἀνατολῶν</span> <span class='ocrx_word' id='word_1_885' title='bbox 3241 5289 3454 5358; x_wconf 79' lang='grc' dir='ltr'>ἐρχον-</span> 
     </span>
    </p>
   </div>
   <div class='ocr_carea' id='block_1_116' title="bbox 1871 5375 3455 5449">
    <p class='ocr_par' dir='ltr' id='par_1_116' title="bbox 1871 5375 3455 5449">
     <span class='ocr_line' id='line_1_116' title="bbox 1871 5375 3455 5449; baseline 0.004 -23"><span class='ocrx_word' id='word_1_886' title='bbox 1871 5391 1964 5427; x_wconf 86' lang='grc' dir='ltr'>ται</span> <span class='ocrx_word' id='word_1_887' title='bbox 1987 5378 2074 5440; x_wconf 84' lang='grc' dir='ltr'>εἰς</span> <span class='ocrx_word' id='word_1_888' title='bbox 2117 5375 2525 5443; x_wconf 67' lang='grc' dir='ltr'>Ἰεροσόλυμα.</span> <span class='ocrx_word' id='word_1_889' title='bbox 2558 5375 2736 5442; x_wconf 81' lang='grc' dir='ltr'>Μάγοι</span> <span class='ocrx_word' id='word_1_890' title='bbox 2769 5375 2868 5445; x_wconf 86' lang='grc' dir='ltr'>μὲν</span> <span class='ocrx_word' id='word_1_891' title='bbox 2893 5376 3123 5446; x_wconf 85' lang='grc' dir='ltr'>ἀστέρος</span> <span class='ocrx_word' id='word_1_892' title='bbox 3153 5380 3455 5449; x_wconf 85' lang='grc' dir='ltr'>κατάρχον-</span> 
     </span>
    </p>
   </div>
   <div class='ocr_carea' id='block_1_117' title="bbox 1870 5458 3455 5538">
    <p class='ocr_par' dir='ltr' id='par_1_117' title="bbox 1870 5458 3455 5538">
     <span class='ocr_line' id='line_1_117' title="bbox 1870 5458 3455 5538; baseline 0.006 -22"><span class='ocrx_word' id='word_1_893' title='bbox 1870 5480 1960 5525; x_wconf 88' lang='grc' dir='ltr'>τος</span> <span class='ocrx_word' id='word_1_894' title='bbox 1977 5463 2368 5534; x_wconf 72' lang='grc' dir='ltr'>ἠκολούθησαν·</span> <span class='ocrx_word' id='word_1_895' title='bbox 2390 5458 2534 5516; x_wconf 78' lang='grc' dir='ltr'>οῦτοι</span> <span class='ocrx_word' id='word_1_896' title='bbox 2555 5463 2613 5515; x_wconf 86' lang='grc' dir='ltr'>δὲ</span> <span class='ocrx_word' id='word_1_897' title='bbox 2635 5465 2758 5517; x_wconf 83' lang='grc' dir='ltr'>οὑδέ</span> <span class='ocrx_word' id='word_1_898' title='bbox 2783 5466 3081 5537; x_wconf 87' lang='grc' dir='ltr'>προφητῶν</span> <span class='ocrx_word' id='word_1_899' title='bbox 3119 5469 3455 5538; x_wconf 79' lang='grc' dir='ltr'>ἐνηχούντων</span> 
     </span>
    </p>
   </div>
   <div class='ocr_carea' id='block_1_118' title="bbox 1871 5552 3453 5630">
    <p class='ocr_par' dir='ltr' id='par_1_118' title="bbox 1871 5552 3453 5630">
     <span class='ocr_line' id='line_1_118' title="bbox 1871 5552 3453 5630; baseline 0.005 -26"><span class='ocrx_word' id='word_1_900' title='bbox 1871 5552 2216 5606; x_wconf 83' lang='grc' dir='ltr'>ἐπίστευσαν.</span> <span class='ocrx_word' id='word_1_901' title='bbox 2249 5553 2404 5615; x_wconf 85' lang='grc' dir='ltr'>Τίνος</span> <span class='ocrx_word' id='word_1_902' title='bbox 2429 5552 2485 5605; x_wconf 78' lang='grc' dir='ltr'>δὲ</span> <span class='ocrx_word' id='word_1_903' title='bbox 2508 5553 2552 5584; x_wconf 77' lang='grc'><strong><em>³⁸</em></strong></span> <span class='ocrx_word' id='word_1_904' title='bbox 2585 5553 2772 5606; x_wconf 81' lang='grc' dir='ltr'>ἐνεκεν</span> <span class='ocrx_word' id='word_1_905' title='bbox 2815 5555 2946 5624; x_wconf 87' lang='grc' dir='ltr'>ήμῖν</span> <span class='ocrx_word' id='word_1_906' title='bbox 2995 5558 3090 5610; x_wconf 82' lang='grc' dir='ltr'>καὶ</span> <span class='ocrx_word' id='word_1_907' title='bbox 3123 5558 3214 5610; x_wconf 84' lang='grc' dir='ltr'>τὸν</span> <span class='ocrx_word' id='word_1_908' title='bbox 3264 5562 3453 5630; x_wconf 84' lang='grc' dir='ltr'>χρόνον</span> 
     </span>
    </p>
   </div>
   <div class='ocr_carea' id='block_1_119' title="bbox 1870 5637 3455 5713">
    <p class='ocr_par' dir='ltr' id='par_1_119' title="bbox 1870 5637 3455 5713">
     <span class='ocr_line' id='line_1_119' title="bbox 1870 5637 3455 5713; baseline 0.008 -23"><span class='ocrx_word' id='word_1_909' title='bbox 1870 5637 2040 5706; x_wconf 78' lang='grc' dir='ltr'>λέγει,</span> <span class='ocrx_word' id='word_1_910' title='bbox 2091 5640 2185 5692; x_wconf 78' lang='grc' dir='ltr'>καὶ</span> <span class='ocrx_word' id='word_1_911' title='bbox 2221 5639 2312 5693; x_wconf 88' lang='grc' dir='ltr'>τὸν</span> <span class='ocrx_word' id='word_1_912' title='bbox 2341 5641 2526 5704; x_wconf 88' lang='grc' dir='ltr'>τόπον,</span> <span class='ocrx_word' id='word_1_913' title='bbox 2561 5641 2664 5695; x_wconf 87' lang='grc' dir='ltr'>Ἐν</span> <span class='ocrx_word' id='word_1_914' title='bbox 2691 5644 2961 5713; x_wconf 71' lang='grc' dir='ltr'>Βηθλεὲμ</span> <span class='ocrx_word' id='word_1_915' title='bbox 2999 5648 3191 5710; x_wconf 85' lang='grc' dir='ltr'>εἰπὼν,</span> <span class='ocrx_word' id='word_1_916' title='bbox 3223 5651 3313 5701; x_wconf 73' lang='grc' dir='ltr'>καὶ</span> <span class='ocrx_word' id='word_1_917' title='bbox 3350 5652 3455 5702; x_wconf 78' lang='grc' dir='ltr'>Ἐν</span> 
     </span>
    </p>
   </div>
   <div class='ocr_carea' id='block_1_120' title="bbox 1869 5727 3452 5802">
    <p class='ocr_par' dir='ltr' id='par_1_120' title="bbox 1869 5727 3452 5802">
     <span class='ocr_line' id='line_1_120' title="bbox 1869 5727 3452 5802; baseline 0.008 -22"><span class='ocrx_word' id='word_1_918' title='bbox 1869 5727 2000 5790; x_wconf 83' lang='grc' dir='ltr'>ταῖς</span> <span class='ocrx_word' id='word_1_919' title='bbox 2054 5729 2299 5798; x_wconf 73' lang='grc' dir='ltr'>ἡμέραις</span> <span class='ocrx_word' id='word_1_920' title='bbox 2341 5729 2599 5797; x_wconf 75' lang='grc' dir='ltr'>Ἡρώδου</span> <span class='ocrx_word' id='word_1_921' title='bbox 2652 5731 2759 5785; x_wconf 86' lang='grc' dir='ltr'>τοῦ</span> <span class='ocrx_word' id='word_1_922' title='bbox 2813 5735 3154 5801; x_wconf 77' lang='grc' dir='ltr'>,ϐασιλέως;</span> <span class='ocrx_word' id='word_1_923' title='bbox 3209 5740 3348 5802; x_wconf 78' lang='grc' dir='ltr'>τίνος</span> <span class='ocrx_word' id='word_1_924' title='bbox 3395 5741 3452 5793; x_wconf 75' lang='grc' dir='ltr'>δὲ</span> 
     </span>
    </p>
   </div>
   <div class='ocr_carea' id='block_1_121' title="bbox 2131 5925 3441 6025">
    <p class='ocr_par' dir='ltr' id='par_1_121' title="bbox 2131 5925 3441 6025">
     <span class='ocr_line' id='line_1_121' title="bbox 2131 5925 3441 6025; baseline -0.003 0"><span class='ocrx_word' id='word_1_925' title='bbox 2131 5925 2190 6025; x_wconf 70' lang='grc' dir='ltr'>τ.</span> <span class='ocrx_word' id='word_1_926' title='bbox 2207 5925 2888 6025; x_wconf 53' lang='grc' dir='ltr'>νὶηάηῑλδηξνξιὲνὶνίεες</span> <span class='ocrx_word' id='word_1_927' title='bbox 2912 5933 3195 6025; x_wconf 56' lang='lat' dir='ltr'>MM</span> 
     </span>
    </p>
   </div>
   <div class='ocr_carea' id='block_1_122' title="bbox 1240 5989 1786 6087">
    <p class='ocr_par' dir='ltr' id='par_1_122' title="bbox 1240 5989 1786 6087">
     <span class='ocr_line' id='line_1_122' title="bbox 1240 5989 1786 6087; baseline 0.015 -7"><span class='ocrx_word' id='word_1_928' title='bbox 1240 5989 1786 6087; x_wconf 60' lang='grc' dir='ltr'>ῖξξ;.ιῖξ¹υὶὲ.ξξττξὲ.έξη</span> 
     </span>
    </p>
   </div>
   <div class='ocr_carea' id='block_1_123' title="bbox 1887 5989 3443 6087">
    <p class='ocr_par' dir='ltr' id='par_1_123' title="bbox 1887 5989 3443 6087">
     <span class='ocr_line' id='line_1_123' title="bbox 1887 5989 3443 6087; baseline 0 0"><span class='ocrx_word' id='word_1_929' title='bbox 1887 5993 2034 6087; x_wconf 54' lang='lat' dir='ltr'>I995}</span> <span class='ocrx_word' id='word_1_930' title='bbox 2061 5995 2124 6087; x_wconf 59' lang='grc' dir='ltr'>ευ</span> <span class='ocrx_word' id='word_1_931' title='bbox 2153 5994 2302 6087; x_wconf 57' lang='grc' dir='ltr'>Βανα-</span> <span class='ocrx_word' id='word_1_932' title='bbox 2321 5997 2402 6087; x_wconf 62' lang='lat'>,1:-</span> <span class='ocrx_word' id='word_1_933' title='bbox 2450 6001 2525 6087; x_wconf 82' lang='lat'>.“.</span> <span class='ocrx_word' id='word_1_934' title='bbox 2544 5989 2812 6087; x_wconf 51' lang='grc' dir='ltr'>ἀζαγὲγῂ</span> <span class='ocrx_word' id='word_1_935' title='bbox 2831 5989 2889 6058; x_wconf 76' lang='grc' dir='ltr'>υἱ</span> <span class='ocrx_word' id='word_1_936' title='bbox 2915 5989 3004 6087; x_wconf 63' lang='lat'><em>1:11.</em></span> <span class='ocrx_word' id='word_1_937' title='bbox 3019 5989 3194 6087; x_wconf 72' lang='grc' dir='ltr'>ξι.ιἰι·ί;ιι’</span> <span class='ocrx_word' id='word_1_938' title='bbox 3221 5989 3443 6087; x_wconf 57' lang='lat' dir='ltr'>ir:</span> 
     </span>
    </p>
   </div>
   <div class='ocr_carea' id='block_1_124' title="bbox 199 6041 2832 6140">
    <p class='ocr_par' dir='ltr' id='par_1_124' title="bbox 199 6041 2832 6140">
     <span class='ocr_line' id='line_1_124' title="bbox 199 6041 2832 6140; baseline 0.013 -46"><span class='ocrx_word' id='word_1_939' title='bbox 199 6041 323 6109; x_wconf 76' lang='grc' dir='ltr'>γοῦν</span> <span class='ocrx_word' id='word_1_940' title='bbox 351 6045 409 6102; x_wconf 65' lang='grc' dir='ltr'>ιθ.</span> <span class='ocrx_word' id='word_1_941' title='bbox 489 6051 532 6083; x_wconf 79' lang='grc'>³⁸</span> <span class='ocrx_word' id='word_1_942' title='bbox 559 6041 769 6125; x_wconf 69' lang='grc' dir='ltr'>ἦνόιίι.</span> <span class='ocrx_word' id='word_1_943' title='bbox 799 6041 865 6106; x_wconf 73' lang='grc' dir='ltr'>Ᾰ.</span> <span class='ocrx_word' id='word_1_944' title='bbox 899 6041 958 6106; x_wconf 78' lang='grc' dir='ltr'>Β.</span> <span class='ocrx_word' id='word_1_945' title='bbox 987 6049 1047 6106; x_wconf 68' lang='grc' dir='ltr'>Ρ.</span> <span class='ocrx_word' id='word_1_946' title='bbox 1076 6041 1406 6130; x_wconf 57' lang='grc' dir='ltr'>πάσχουσαι]</span> <span class='ocrx_word' id='word_1_947' title='bbox 2153 6041 2465 6140; x_wconf 36' lang='grc' dir='ltr'>--.πῃτῷξιιτό</span> 
     </span>
    </p>
   </div>
   <div class='ocr_carea' id='block_1_125' title="bbox 2913 6073 3442 6148">
    <p class='ocr_par' dir='ltr' id='par_1_125' title="bbox 2913 6073 3442 6148">
     <span class='ocr_line' id='line_1_125' title="bbox 2913 6073 3442 6148; baseline 0.017 -21"><span class='ocrx_word' id='word_1_948' title='bbox 2913 6076 2956 6107; x_wconf 81' lang='grc'>³⁸</span> <span class='ocrx_word' id='word_1_949' title='bbox 2980 6074 3061 6148; x_wconf 73' lang='grc' dir='ltr'>δὲ]</span> <span class='ocrx_word' id='word_1_950' title='bbox 3089 6073 3182 6131; x_wconf 75' lang='grc' dir='ltr'>οὖν</span> <span class='ocrx_word' id='word_1_951' title='bbox 3206 6081 3272 6133; x_wconf 72' lang='grc' dir='ltr'>Α.</span> <span class='ocrx_word' id='word_1_952' title='bbox 3293 6079 3353 6133; x_wconf 81' lang='grc' dir='ltr'>Β.</span> <span class='ocrx_word' id='word_1_953' title='bbox 3376 6073 3442 6136; x_wconf 60' lang='grc' dir='ltr'>(ἐξ</span> 
     </span>
    </p>
   </div>
  </div>
