4082 6492
256 405 327 460 67
1437 415 1502 468 ΙΝ
1545 413 1861 468 ΜᾹΤΤΗίΕ

1988 414 2218 470 llOMlL.
2258 416 2344 470 Vl.
3471 419 3540 470 ea

263 540 334 579 ne
365 521 643 594 prephetis
667 521 878 591 quidem
902 517 1340 572 annuntiantibus
1364 517 1716 572 crediderunt.
1750 519 1856 572 Cur

264 624 441 668 autem
474 613 632 666 nobis
671 622 723 663 et
763 621 968 678 tempus
1007 608 1134 661 dicit
1168 616 1221 662 et
1251 608 1458 672 locum,
1491 609 1616 662 dum
1647 610 1714 661 ait
1739 650 1754 673 ,
1790 609 1855 662 In

266 704 559 758 Betltleltcm
580 744 595 766 ,
628 712 683 754 et
703 742 715 762 ,
746 700 812 752 In
835 700 1010 752 diebus
1046 697 1263 750 Herodis
1293 698 1465 764 regis?
1499 713 1600 766 qua
1633 714 1760 751 vero
1790 697 1856 752 de

265 810 426 850 causa
462 795 772 862 dignitatem
821 791 981 844 etiam
1023 776 1603 861 addidit?Dignitatcm
1634 786 1856 856 quidem

268 887 504 950 addidit,
534 883 785 952 quoniam
821 889 873 934 et
910 880 1044 932 alius
1074 878 1172 930 fuit
1208 877 1442 931 Herodes
1469 877 1557 946 qui
1599 876 1857 931 Joannem

267 974 500 1037 occulit;
534 972 628 1026 sed
660 971 748 1025 hic
776 970 1040 1025 tetrarcha
1061 1010 1074 1030 ,
1106 969 1196 1022 ille
1223 984 1315 1022 rex
1348 976 1480 1022 erat.
1527 968 1726 1022 Locum
1765 984 1856 1021 au-

273 1076 381 1120 tem
411 1065 598 1120 scribit
622 1073 675 1119 et
703 1073 910 1131 tempus
949 1061 1076 1115 dum
1113 1059 1420 1129 prophetias
1460 1059 1612 1122 nobis
1651 1070 1859 1115 veteres

268 1167 690 1221 commemorat,
739 1169 960 1224 quarum
1003 1153 1226 1206 alteram
1269 1152 1515 1206 Micharas
1560 1153 1738 1206 emisit
1779 1153 1859 1206 his

267 1249 450 1302 verbis
479 1265 491 1299 :
520 1247 585 1299 Et
611 1257 665 1299 tu
694 1245 982 1298 Bethlehem
1017 1252 1152 1298 terra
1192 1243 1225 1296 J
1231 1245 1332 1297 uda
1351 1283 1368 1308 ,
1408 1261 1722 1313 nequaquam
1765 1244 1833 1296 mi
1855 1274 1861 1283 -

268 1339 408 1390 nima
436 1353 488 1392 es
515 1338 565 1389 in
605 1335 914 1406 principibus
937 1335 1075 1386 Juda
1111 1334 1292 1404 (dficit.
1323 1334 1374 1388 5.
1400 1334 1487 1402 2);
1517 1335 1738 1387 alteram
1771 1349 1863 1403 pa-

270 1429 502 1482 triarcha
526 1428 690 1483 Jacob
711 1469 723 1489 ,
751 1428 840 1497 qui
870 1426 1021 1481 nobis
1047 1436 1254 1496 tempus
1277 1426 1556 1494 exprimit,
1585 1440 1863 1495 magnum-

269 1536 375 1590 que
424 1522 632 1590 signum
673 1520 930 1573 adventus
969 1518 1085 1586 ejus
1130 1519 1382 1587 apponit;
1433 1533 1554 1571 nam
1595 1519 1708 1572 ait:
1743 1519 1863 1573 Non

267 1616 530 1682 auferetur
586 1613 816 1680 princeps
864 1611 926 1663 de
970 1609 1144 1673 Iuda,
1185 1624 1276 1662 nec
1327 1609 1436 1663 dua:
1484 1609 1547 1662 de
1594 1609 1864 1677 feruoribus

269 1705 384 1771 ejus
415 1745 429 1768 ,
486 1703 645 1756 donec
694 1704 857 1754 veniat
902 1701 984 1754 cui
1031 1702 1308 1768 repositum
1357 1708 1431 1752 est
1469 1718 1486 1752 :
1532 1710 1574 1751 et
1629 1701 1736 1767 ipse
1779 1717 1864 1753 ex.

272 1793 522 1862 spectatio
558 1793 778 1863 gentium
819 1790 968 1861 (Gen.
1014 1791 1102 1844 49.
1137 1790 1261 1857 l0).
1307 1789 1410 1845 Sed
1461 1789 1588 1843 illud
1645 1805 1857 1860 quoque

273 1883 653 1952 inquirendum
695 1891 811 1946 est,
857 1896 974 1950 quae
1017 1894 1176 1935 causa
1220 1880 1350 1949 ipsis
1396 1881 1554 1934 fuerit
1597 1880 1720 1934 talia
1763 1895 1858 1935 co-

272 1973 514 2044 gitandi,
566 1985 619 2030 et
668 1976 787 2045 quis
830 1977 950 2030 illos
987 1976 1052 2029 ad
1097 1977 1218 2029 talia
1252 1975 1458 2043 agenda
1496 1975 1868 2029 concitaverit.

273 2064 462 2134 Neque
502 2065 648 2118 enim
691 2065 820 2118 mihi
864 2064 1077 2119 videtur
1117 2065 1231 2119 hinc
1268 2080 1424 2132 posse
1450 2065 1515 2118 ad
1547 2064 1716 2118 solam
1743 2063 1870 2116 stel-

275 2157 383 2211 iam
415 2155 643 2221 referri;
677 2156 769 2211 sed
796 2157 861 2210 ad
895 2158 1061 2212 Deum
1090 2157 1178 2226 qui
1209 2171 1392 2210 eorum
1437 2156 1647 2209 animos
1689 2156 1868 2209 conci—

276 2249 407 2302 tavit
431 2266 444 2302 :
470 2247 521 2302 id
549 2249 690 2318 quod
714 2249 872 2302 etiam
905 2249 956 2302 in
979 2248 1120 2318 Cyro
1152 2250 1274 2303 fecit
1294 2289 1308 2314 ,
1341 2263 1465 2303 cum
1488 2248 1605 2316 ejus
1630 2250 1867 2300 animum

273 2339 520 2404 induxit,
567 2349 626 2394 ut
653 2339 867 2395 Judazos
908 2339 1202 2394 dimitteret
1247 2339 1458 2408 (Paral.
1510 2339 1639 2402 56);
1695 2353 1870 2406 neque

277 2437 459 2483 tamen
507 2414 634 2482 illud
668 2430 736 2482 ita
783 2442 1036 2496 operatus
1077 2443 1177 2494 ρετ,
1211 2439 1265 2483 ιιι
1298 2431 1522 2483 liberum
1566 2411 1681 2496 ejus
1724 2428 1868 2482 arbi-

270 2520 436 2572 trium
458 2519 673 2574 tolleret
697 2537 710 2574 :
743 2519 1168 2588 quandoquidem
1194 2529 1248 2575 et
1275 2536 1396 2573 cum
1420 2520 1640 2574 Paulum
1669 2535 1732 2574 ex
1761 2519 1869 2575 alto

278 2609 527 2674 vocavit,
554 2619 604 2663 et
630 2610 856 2680 gratiam
885 2625 1036 2664 suam
1071 2620 1123 2664 et
1157 2611 1274 2678 ejus
1307 2611 1712 2678 obsequentiam
1742 2625 1872 2664 con-

273 2700 517 2767 spicuam
547 2699 723 2754 effecit
751 2700 886 2772 (Act.
927 2701 1006 2770 9).
1056 2702 1124 2754 At
1151 2701 1357 2770 inquies
1377 2741 1393 2765 ,
1422 2699 1532 2756 Cur
1557 2717 1663 2756 non
1690 2703 1868 2756 omni-

273 2789 374 2843 bus
425 2791 598 2860 magis
651 2790 753 2847 hoc
801 2791 974 2860 ipsum
1022 2792 1318 2846 revelavit?
1360 2793 1491 2858 Quia
1534 2809 1639 2848 non
1681 2810 1868 2850 omnes

271 2881 533 2936 credituri
559 2889 745 2946 erant,
777 2882 829 2936 hi
853 2897 981 2937 vero
1007 2891 1162 2937 erant
1190 2882 1309 2936 aliis
1339 2885 1670 2952 paratiores:
1695 2883 1866 2953 siqui-

272 2970 396 3023 dem
437 2985 559 3024 cum
600 2972 894 3025 innumerae
935 2981 1125 3040 gentes
1168 2972 1438 3040 perirent,
1491 2973 1556 3026 ad
1607 2972 1868 3028 Ninivitas

271 3062 445 3113 solum
491 3061 747 3129 propheta
796 3062 992 3114 missus
1033 3071 1155 3115 est:
1189 3061 1401 3131 duoque
1425 3072 1578 3115 erant
1617 3063 1665 3116 in
1708 3078 1870 3118 cruce

279 3149 554 3214 latrones,
584 3161 636 3202 et
661 3150 797 3204 alter
828 3161 1032 3204 tantum
1063 3152 1286 3206 salutem
1320 3161 1506 3207 nactus
1527 3164 1628 3208 est.
1664 3154 1866 3208 Horum

274 3242 454 3311 itaque
502 3243 754 3297 virtutem
800 3244 1107 3312 perpende;
1152 3259 1258 3297 non
1286 3244 1424 3313 quod
1455 3247 1728 3310 venerint,
1772 3246 1866 3300 sed

271 3331 415 3399 quod
445 3346 568 3385 cum
613 3331 802 3386 ﬁducia
833 3342 887 3387 et
913 3333 1229 3402 simpliciter
1269 3335 1498 3403 egerint.
1543 3335 1757 3389 Etenim
1802 3352 1868 3389 ne

276 3423 503 3478 subdole
547 3424 693 3478 missi
744 3424 1058 3491 videantur,
1104 3434 1157 3479 et
1185 3441 1291 3495 quo
1320 3425 1456 3480 duce
1496 3427 1771 3493 venerint,
1815 3437 1869 3482 et

273 3514 371 3567 via:
412 3515 804 3584 longitudinem
835 3525 1059 3570 narrant
1078 3555 1096 3582 ,
1137 3527 1191 3571 et
1219 3517 1746 3585 loquendifiduciam
1777 3534 1869 3573 ex-

275 3604 498 3659 hibent:
528 3619 650 3657 nam
681 3606 850 3670 aiunt,
893 3604 1132 3658 Venimus
1163 3605 1375 3659 adorare
1399 3623 1547 3668 eum;
1572 3622 1744 3676 neque
1773 3623 1869 3676 po-

274 3696 378 3763 puli
406 3695 644 3750 furorem
665 3737 681 3761 ,
717 3711 890 3765 neque
918 3697 1058 3766 regis
1095 3696 1430 3766 tyrannidem
1473 3695 1821 3752 reformidant
1849 3717 1862 3751 :

271 3795 598 3856 quapropter
622 3787 871 3841 videntur
900 3788 1028 3840 mihi
1052 3788 1214 3841 etiam
1242 3789 1618 3843 contribulium
1646 3805 1868 3844 suorum

270 3875 520 3931 doctores
546 3876 690 3931 domi
725 3877 906 3931 fuisse.
939 3877 1071 3931 Nam
1103 3878 1194 3946 qui
1234 3878 1353 3932 istic
1385 3880 1510 3932 illud
1543 3869 1724 3935 dicere
1758 3896 1864 3934 non

270 3967 618 4028 dubitarunt,
666 3967 834 4021 multo
869 3967 1038 4037 magis
1069 3969 1121 4020 in
1152 3970 1322 4037 patria
1361 3983 1455 4022 sua
1497 3984 1557 4023 ea
1588 3969 1655 4024 de
1688 3987 1746 4023 re
1782 3971 1866 4024 lo~

271 4057 424 4126 quuti
469 4057 636 4110 libere
683 4057 909 4122 fuerint,
955 4059 1154 4128 quippe
1187 4060 1275 4127 qui
1308 4068 1362 4110 et
1388 4059 1663 4111 oraculum
1692 4061 1864 4127 angeli

277 4146 654 4214 accepissent,
687 4155 740 4200 et
787 4148 1060 4215 prophetm
1111 4149 1473 4202 testimonium
1522 4151 1760 4203 allatum.
1806 4151 1860 4203 5.

268 4235 496 4290 Audiens
525 4246 694 4289 autem
727 4236 994 4304 Herodes,
1041 4241 1148 4303 ait,
1197 4238 1426 4292 turbatura
1467 4248 1568 4303 est,
1615 4250 1659 4292 et
1702 4243 1864 4293 omnis

267 4325 590 4396 Jerosolyma
631 4344 744 4380 cum
782 4329 890 4382 illo.
931 4329 1060 4383 Jure
1098 4329 1309 4398 quidem
1346 4330 1616 4394 Herodes,
1650 4332 1738 4399 qui
1768 4347 1860 4384 rex

1962 532 2141 571 sarum
2172 521 2444 588 regionem
2475 520 2541 574 ad
2569 536 2627 575 se
2659 522 2907 577 traxis<et
2928 564 2941 586 ,
2973 539 3034 577 ac
3056 525 3168 580 fore
3199 526 3471 582 videretur
3497 540 3553 584 ut

1961 625 2149 665 omnes
2188 611 2286 663 sibi
2331 610 2530 665 subditi
2573 622 2788 677 essent,
2835 613 3051 681 quando
3080 630 3164 670 res
3193 617 3270 670 sic
3297 633 3554 686 prospere

1962 701 2214 756 caderent
2243 710 2298 756 et
2323 703 2373 756 in
2401 704 2590 756 melius
2628 704 2980 772 proficerent,
3025 720 3088 760 ac
3128 709 3205 760 vel
3235 723 3261 759 a
3289 710 3554 779 principio

1961 792 2244 859 imperium
2293 793 2362 845 ita
2407 793 2744 860 Splendidum
2793 805 2935 849 esset
2969 813 2982 848 :
3014 797 3085 849 illi
3139 808 3316 854 tamen
3366 817 3433 855 ne
3473 802 3554 856 sic

1965 881 2180 950 quidem
2228 882 2278 934 in
2322 883 2544 936 meliora
2575 894 2866 950 mutantur,
2904 889 3110 940 etiamsi
3141 903 3312 957 nuper
3344 889 3555 945 fuerant

1965 985 1992 1020 a
2021 971 2328 1037 captivitate
2370 972 2578 1029 Persica
2623 975 2851 1029 liberati.
2890 977 3047 1045 Atqui
3092 992 3186 1046 par
3236 989 3348 1033 erat
3394 981 3548 1043 illos,

1957 1061 2168 1114 etiamsi
2213 1076 2530 1116 arcanorum
2561 1074 2614 1119 et
2645 1066 2954 1122 sublimium
2999 1069 3166 1139 ignari
3209 1069 3469 1135 fuissent,
3497 1083 3552 1127 et

1956 1165 2018 1202 ex
2063 1154 2425 1218 prmsentibus
2470 1163 2674 1209 tantum
2723 1158 2985 1212 calculum
3043 1161 3377 1228 posuissent,
3429 1164 3545 1216 lucc

1953 1241 2186 1308 Cogitarc
2215 1253 2430 1298 tamen:
2471 1244 2526 1299 Si
2559 1256 2739 1300 natum
2769 1263 2947 1318 regem
2988 1262 3228 1306 nostrum
3256 1253 3328 1307 ita
3362 1253 3548 1308 formi-

1954 1331 2116 1398 dant,
2164 1337 2332 1389 multo
2363 1338 2530 1406 magis
2561 1354 2683 1393 cum
2724 1340 3021 1396 adoleverit
3069 1344 3240 1412 ipsum
3288 1346 3550 1415 pertime-

1953 1434 2141 1490 scent,
2191 1427 2400 1498 ipsique
2447 1432 2862 1501 obsequemur:
2908 1447 3199 1505 nostraque
3252 1437 3548 1492 barbaricis

1951 1518 2314 1587 splendidiora
2360 1522 2533 1575 futura
2565 1533 2710 1576 sunt.
2746 1524 2851 1578 Sed
2898 1526 3028 1579 nihil
3063 1527 3365 1596 hujusmodi
3403 1533 3550 1600 ipso-

1950 1624 2067 1662 rum
2110 1611 2318 1664 animos
2344 1613 2498 1681 erigit
2523 1631 2535 1665 :
2564 1622 2710 1669 tanta
2751 1617 2954 1671 scilicet
2979 1628 3094 1672 erat
3123 1619 3334 1674 illorum
3363 1636 3551 1676 socor-

1951 1702 2037 1755 dia
2083 1718 2202 1756 cum
2253 1703 2424 1758 livore
2468 1707 2754 1775 conjuncta
2790 1727 2802 1739 ·
2834 1710 2975 1778 quod
3027 1720 3314 1781 utrumque
3363 1716 3546 1776 vilium

1952 1818 2054 1858 nos
2092 1812 2311 1874 Oportet
2341 1803 2636 1875 diligenter
2669 1822 2882 1873 arcere,
2915 1825 3177 1879 cumque,
3213 1813 3308 1880 qui
3349 1814 3552 1868 adver-

1957 1909 2052 1949 sus
2104 1894 2210 1950 ista
2255 1897 2436 1951 aciem
2485 1897 2723 1952 instruet
2770 1901 2895 1969 igne
2953 1901 3354 1958 ferventiorem
3405 1921 3550 1960 esse.

1953 1986 2324 2053 Quamobrem
2379 1988 2600 2046 dicebat
2647 1989 2950 2046 Christus:
3009 1992 3187 2055 lqnem
3249 1998 3366 2049 veni
3429 2000 3554 2050 mit-

1956 2088 2066 2132 tere
2121 2081 2178 2133 in
2235 2089 2482 2146 terram;
2533 2091 2579 2134 et
2635 2082 2760 2150 quid
2811 2084 2948 2147 volo,
3004 2086 3104 2138 nisi
3169 2095 3228 2139 ut
3290 2091 3551 2143 accenda-

1957 2177 2046 2222 tur
2084 2169 2246 2238 (Luc.
2291 2171 2376 2225 12.
2420 2171 2557 2240 49)?
2591 2173 2831 2243 Ideoque
2883 2173 3125 2244 Spiritus
3173 2177 3315 2248 ignis
3366 2181 3554 2249 specie

1958 2266 2240 2332 apparuit.

2034 2431 2089 2487 5.
2132 2430 2404 2485 Fervorem
2451 2431 2767 2484 audientium
2815 2430 2996 2483 excitat
3040 2428 3269 2498 exentplo
3319 2424 3479 2480 Pauli
3519 2435 3564 2478 et

1969 2524 2245 2578 primorum
2287 2524 2532 2590 ﬁdelium.
2579 2522 2725 2593 Ignis
2763 2521 3046 2590 spiritualis
3088 2537 3284 2574 omnem
3313 2519 3567 2587 cupidita-

1970 2623 2062 2666 tem
2104 2614 2376 2666 consumit.
2408 2642 2479 2653 —
2508 2613 2701 2667 Verum
2745 2626 2844 2666 nos
2894 2613 3079 2665 cinere
3131 2609 3466 2677 frigidiores,
3513 2617 3568 2662 et

1973 2708 2198 2757 mortuis
2224 2704 2547 2773 stupidiores
2575 2703 2699 2756 facti
2728 2716 2915 2756 sumus
2935 2743 2950 2766 ,
2985 2702 3110 2754 licet
3144 2701 3362 2754 Paulqu
3395 2699 3570 2752 videa-

1962 2805 2084 2849 ‘mus
2110 2811 2274 2863 super
2303 2797 2494 2849 caelum
2519 2805 2572 2848 et
2597 2796 2790 2848 emtum
2828 2794 2942 2847 carli
2997 2794 3295 2856 volantem,
3324 2801 3376 2845 et
3407 2791 3570 2844 vehe-

1965 2887 2195 2939 mentius
2226 2901 2385 2955 quam
2427 2887 2540 2953 ipsa
2582 2885 2797 2938 flamma
2833 2886 3015 2936 omnia
3057 2883 3358 2937 vincentem
3393 2892 3448 2934 et
3477 2896 3570 2934 su-

1967 2987 2241 3044 perantem
2265 3019 2279 3040 ,
2312 2993 2541 3045 superna
2567 3017 2581 3041 ,
2620 2976 2863 3039 inferna;
2898 2976 3184 3045 przcscntia
3209 3016 3224 3040 ,
3259 2975 3469 3037 futura,
3504 2988 3568 3027 ea

1964 3082 2081 3134 quae
2109 3076 2232 3120 sunt
2261 3076 2315 3119 et
2336 3082 2396 3119 ea
2419 3082 2540 3134 quze
2568 3072 2674 3118 n0n
2702 3075 2847 3118 sunt.
2878 3065 3029 3128 Quod
3058 3065 3101 3117 si
3133 3065 3234 3118 hoc
3259 3063 3567 3130 exemplum

1969 3151 2129 3224 supra
2165 3165 2215 3210 te
2255 3165 2370 3219 est,
2416 3156 2526 3224 jam
2572 3155 2802 3224 torporis
2844 3163 2927 3208 est
2969 3155 3072 3208 iste
3111 3154 3384 3206 obtentus.
3429 3152 3570 3219 Quid

1967 3246 2108 3296 enim
2139 3246 2255 3312 plus
2283 3260 2440 3310 quam
2473 3254 2525 3297 tu
2553 3244 2738 3296 habuit
2763 3244 2981 3306 Paulus,
3011 3254 3066 3295 ut
3091 3243 3240 3295 dicas
3268 3258 3374 3295 non
3406 3257 3572 3311 posse

1975 3344 2026 3386 :e
2055 3334 2203 3386 illum
2231 3335 2462 3387 imitari?
2494 3334 2689 3387 Verum
2719 3349 2788 3387 ne
2814 3334 2939 3401 quid
2971 3334 3358 3386 contentiosius
3386 3333 3568 3388 dici-rc

1966 3425 2272 3487 videamur,
2310 3426 2474 3479 Paulo
2516 3425 2742 3478 dimisso
2790 3424 2994 3494 primos
3042 3423 3230 3478 fideles
3258 3424 3570 3478 considere-

1966 3530 2121 3568 mus:
2149 3518 2238 3585 qui
2265 3527 2318 3571 et
2350 3517 2606 3585 pecunias
2647 3526 2701 3570 et
2732 3516 3140 3585 possessiones,
3188 3526 3242 3571 et
3284 3533 3466 3571 curam
3514 3527 3571 3572 et

1969 3608 2350 3673 occupationes
2375 3622 2565 3662 omnes
2591 3607 2875 3662 saeculares
2903 3606 3284 3674 repudiarunt,
3321 3615 3568 3674 totosque

1965 3712 2026 3751 se
2073 3698 2656 3762 Deo-consecrarunt,
2709 3705 2866 3751 nocte
2910 3695 3107 3764 dieque
3157 3710 3373 3764 semper
3413 3697 3567 3751 verbi

1963 3789 2224 3842 doctrina!
2251 3793 2610 3842 attendentes.
2653 3788 2777 3841 ΙΙωο
2807 3796 2891 3841 est
2915 3787 3057 3840 enim
3092 3786 3386 3854 spiritualis
3427 3787 3566 3854 ignis

1967 3886 2180 3943 natura,
2210 3887 2268 3931 ut
2297 3879 2496 3931 nullam
2524 3893 2701 3932 rerum
2734 3878 3072 3930 szecularium
3105 3875 3452 3944 cupiditatem
3480 3891 3566 3930 rc-

1968 3969 2206 4038 linquat,
2237 3968 2328 4023 sed
2355 3971 2406 4022 in
2436 3971 2596 4022 alium
2623 3969 2912 4023 transferat
2933 3983 3195 4022 amorem.
3223 3968 3568 4035 Quapropter

1967 4060 2150 4113 talium
2207 4075 2384 4114 rerum
2430 4060 2691 4129 cupidus,
2742 4061 2951 4114 etiamsi
2993 4062 3170 4113 omnia
3203 4059 3563 4127 profundere,

1965 4150 2172 4203 etiamsi
2221 4151 2548 4218 voluptatem
2598 4157 2654 4203 et
2695 4150 2923 4219 gloriam
2976 4149 3234 4210 irridere,
3282 4148 3562 4219 ipsamque

1956 4250 2188 4304 animam
2230 4247 2441 4303 tradere
2472 4255 2748 4316 oporteat,
2783 4258 3117 4311 cummagna
3161 4242 3415 4296 facilitate
3446 4243 3565 4298 haec

1958 4339 2136 4393 omnia
2167 4339 2396 4408 perlicit.
2427 4337 2557 4391 Nam
2588 4336 2730 4389 illius
2767 4335 2902 4401 ignis
2942 4333 3102 4386 ardor
3133 4333 3184 4386 in
3217 4333 3450 4385 animam
3484 4333 3565 4384 in-

270 4424 421 4480 erat,
454 4418 552 4471 sibi
587 4418 816 4488 ﬁliisque
848 4420 1106 4474 timebat:
1139 4422 1471 4490 Jerusolyma
1521 4437 1649 4476 vero
1698 4417 1899 4490 quare“
1957 4445 2206 4500 gressus,
2241 4438 2516 4498 torporem
2547 4439 2764 4479 omnem
2797 4424 3014 4492 abjicit,
3065 4432 3120 4476 et
3170 4433 3348 4491 penna
3393 4423 3566 4476 levio-

267 4511 478 4565 turbata
509 4520 590 4564 est
611 4550 627 4572 ,
677 4512 1104 4580 quandoquidem
1133 4513 1307 4581 ipsum
1329 4523 1382 4566 et
1406 4522 1737 4568 servatorem
1756 4552 1776 4581 ,
1803 4527 1858 4570 et

268 4599 565 4654 beneficum
589 4639 605 4663 ,
646 4610 698 4654 et
726 4600 1066 4654 liberatorem
1094 4601 1202 4669 jam
1247 4601 1373 4655 olim
1415 4604 1687 4672 propheta:
1715 4619 1853 4673 pne-

267 4689 550 4742 dixerant?
575 4688 682 4743 Cur
711 4704 838 4760 ergo
866 4691 1059 4744 turbati
1089 4692 1253 4746 sunt?
1293 4691 1497 4747 Eodem
1538 4695 1719 4748 animo
1750 4710 1856 4763 quo

265 4781 396 4835 olim
446 4781 744 4836 beneficum
792 4785 955 4837 Deum
997 4786 1406 4851 aversabantur,
1436 4797 1489 4841 et
1514 4803 1706 4844 carnes
1736 4790 1852 4846 illas

264 4870 608 4940 Egyptians
651 4876 1172 4939 commemorabam,
1217 4877 1342 4930 dum
1379 4888 1520 4932 tanta
1551 4881 1854 4935 fruerentur

267 4963 534 5018 libertate.
565 4964 644 5017 'l‘u
673 4979 798 5018 vero
833 4966 959 5019 mihi
991 4968 1260 5035 perpende
1289 4979 1536 5024 accurata
1567 4973 1850 5040 prepheta-

263 5070 385 5109 rum
427 5055 582 5107 diem.
632 5053 763 5107 Nam
807 5056 932 5108 illud
975 5059 1145 5124 ipsum
1179 5059 1285 5126 jam
1321 5061 1447 5114 olim
1479 5065 1851 5131 praenuntiavit

266 5146 527 5214 prepheta
566 5146 647 5200 his
691 5145 904 5213 verbis:
936 5147 1145 5217 Cupicnt
1178 5151 1219 5201 si
1253 5151 1373 5218 facti
1408 5162 1521 5204 sunt
1568 5155 1682 5224 igne
1717 5172 1852 5208 com-

265 5237 399 5290 busti
423 5253 442 5290 :
464 5238 582 5305 quia
604 5254 730 5306 puer
764 5247 913 5289 natus
939 5250 1010 5291 est
1031 5240 1171 5293 nobis
1190 5281 1204 5303 ,
1240 5249 1287 5292 et
1309 5242 1444 5308 ﬁlius
1479 5245 1627 5297 datus
1656 5259 1727 5298 est
1756 5264 1819 5298 no
1838 5277 1850 5286 -

266 5329 344 5382 bis
375 5328 526 5398 (Iani.
563 5330 617 5385 9.
660 5329 713 5383 ὅ.
758 5327 835 5396 6).
886 5331 1132 5384 Attamen
1165 5333 1489 5400 perturbati,
1521 5351 1626 5387 non
1658 5348 1849 5390 curant

263 5420 446 5474 videre
471 5420 612 5489 quod
645 5430 854 5488 gestum
885 5427 998 5485 est,
1043 5434 1146 5472 non
1177 5436 1361 5491 magos
1391 5435 1707 5491 sequuntur,
1747 5442 1851 5481 non

265 5513 636 5574 sciscitantur;
661 5512 745 5564 ’ita
774 5510 1024 5564 nimirum
1055 5515 1375 5567 eontentiosi
1405 5523 1457 5568 et
1483 5516 1638 5569 simul
1669 5533 1852 5571 socor-

265 5602 356 5658 des
401 5618 508 5670 pra:
556 5602 812 5656 omnibus
851 5611 1034 5665 erant;
1081 5617 1200 5658 cum
1240 5620 1335 5675 par
1360 5605 1548 5662 fuisset
1574 5611 1714 5663 enim
1742 5613 1854 5680 glo-

263 5691 412 5760 riari,
445 5696 586 5767 quod
629 5707 724 5749 rex
755 5691 847 5748 ille
877 5693 1014 5765 apud
1043 5710 1102 5750 se
1137 5705 1294 5752 natus
1321 5707 1496 5762 esset,
1542 5700 1679 5763 quod
1719 5701 1848 5756 Pcr-

1960 4535 2072 4572 retu
2105 4517 2270 4572 efficit
2299 4533 2422 4570 eum
2449 4529 2609 4584 quem
2639 4513 2841 4567 invadit
2862 4553 2875 4573 ,
2911 4513 2979 4565 ita
3013 4519 3069 4566 ut
3095 4513 3275 4565 omnia
3308 4527 3428 4581 quae
3457 4511 3559 4565 sub

1959 4617 2232 4676 aspectum
2255 4607 2454 4661 cadunt
2476 4646 2490 4669 ,
2525 4603 2807 4672 despiciat.
2838 4603 2936 4669 Qui
2971 4604 3089 4656 talis
3119 4612 3201 4657 est
3223 4644 3238 4668 ,
3272 4604 3322 4655 in
3360 4618 3560 4672 perpe-

1961 4707 2049 4752 tua
2093 4697 2504 4765 compunctione
2545 4695 2738 4748 deinde
2779 4703 3120 4774 perseverat,
3171 4695 3344 4748 fontes
3386 4697 3564 4765 Iacry-

1962 4805 2165 4842 marum
2206 4789 2515 4856 frequenter
2561 4785 2878 4850 effundens,
2928 4786 3255 4853 multamque
3298 4786 3423 4838 inde
3464 4801 3561 4840 vo-

1963 4883 2219 4946 luptatem
2286 4895 2602 4948 excerpens.
2661 4878 2803 4932 Nihil
2869 4878 3068 4947 quippe
3131 4879 3241 4932 Deo
3296 4878 3365 4931 ita
3418 4893 3558 4931 con-

1961 4971 2190 5040 glutinat
2220 4980 2273 5023 et
2318 4969 2628 5037 conjungit,
2681 4978 2737 5021 ut
2781 4969 3032 5037 lacrynue
3084 4967 3412 5036 hujusmodi.
3467 4968 3562 5022 Vir

1965 5062 2084 5114 talis
2111 5060 2209 5114 etsi
2241 5061 2292 5113 in
2326 5060 2514 5113 mediis
2544 5061 2769 5113 urbibus
2792 5059 3013 5122 habitet,
3047 5059 3197 5126 quasi
3233 5061 3282 5111 in
3311 5059 3553 5124 deserto,

1963 5152 2017 5204 in
2044 5149 2313 5204 montibus
2339 5157 2392 5202 et
2414 5147 2684 5216 speluncis
2712 5159 2976 5213 versatur,
3013 5147 3172 5200 rebus
3203 5149 3562 5216 prmsentibus

1964 5258 2069 5295 non
2097 5241 2356 5302 attendit,
2388 5254 2558 5308 neque
2588 5238 2895 5307 hujusmodi
2938 5239 3151 5292 fletibus
3184 5254 3437 5308 umquam
3476 5255 3565 5293 sa-

1965 5334 2143 5398 tiatur,
2170 5333 2284 5386 sive
2313 5346 2411 5400 pro
2443 5345 2531 5395 se,
2566 5331 2679 5384 sive
2720 5345 2817 5398 pro
2845 5331 3072 5385 aliorum
3109 5333 3344 5402 peccatis
3387 5333 3563 5403 lacry-

1962 5440 2077 5479 mas
2127 5424 2389 5478 eﬂ'undat.
2446 5423 2676 5491 ideoque
2733 5422 2978 5476 Christus
3010 5423 3025 5454 ¹
3058 5422 3221 5476 hosce
3267 5439 3376 5492 pne
3427 5425 3550 5478 aliis

1966 5516 2149 5567 beatos
2171 5513 2426 5583 prmdicat
2452 5512 2656 5574 dicens,
2675 5510 2822 5564 Beati
2842 5512 2928 5580 qui
2956 5511 3354 5581 lugent‘UIatt/i.
3380 5514 3434 5566 5.
3451 5514 3554 5583 5.).

1965 5607 2072 5661 Cur
2108 5620 2237 5660 vero
2282 5604 2480 5660 Paulus
2516 5602 2644 5657 dicit
2679 5621 2691 5656 :
2732 5601 2960 5656 Gaudete
3009 5603 3062 5656 in
3107 5602 3325 5656 Domino
3363 5620 3562 5672 sempe-

1969 5696 2226 5766 (Philipp.
2260 5696 2310 5748 4.
2349 5695 2427 5764 ἅ.)
2449 5695 2472 5747 ?
2498 5695 2564 5750 Ut
2606 5695 2962 5765 lacrymarum
2990 5693 3290 5763 huiusmodi
3321 5695 3557 5764 volupta-
