4082 6484
555 374 626 435 69
1256 368 1313 425 S.
1351 363 1634 422 JOANNIS
1668 353 2145 418 CHRYSOSTOIII
2185 346 2499 407 ARCHIEP.
2537 344 3079 402 CONSTANTINOP.
3722 338 3786 394 70

555 493 657 535 teut
689 478 948 534 declaret.
996 470 1451 541 Quemadmodum
1481 469 1624 521 enim
1653 463 1832 519 nnmdi
1870 461 2117 532 gaudium

552 581 835 624 maerorem
866 550 1025 617 habet
1068 560 1409 628 conjunctum
1432 597 1447 622 ,
1491 557 1576 609 ‘sic
1625 562 1680 608 et
1718 553 1970 621 lacsynite
2009 548 2118 612 illa:

552 655 839 714 secundum
873 654 1035 706 Deum
1079 649 1317 702 laetitiam
1358 646 1568 715 pariunt
1608 654 1896 711 perennem
1921 647 1977 693 et
2002 651 2158 707 quae.

552 757 837 815 numquam
874 738 1108 794 deﬁciat.
1155 736 1244 792 Sic
1285 731 1536 788 meretrix
1575 730 1662 784 illa
1691 727 1983 798 virginibus
2010 725 2120 780 cla.

553 838 662 890 rior
688 833 875 889 effecta
903 839 987 884 est
1007 870 1023 893 ,
1050 829 1149 880 hoc
1174 828 1294 895 igne
1315 836 1593 877 succensa.
1619 819 1753 885 Quia
1782 817 1924 872 enim
1954 817 2123 886 peni-

553 936 733 978 tentue
775 921 990 975 fervore
1029 922 1271 982 correpta
1308 920 1428 974 est,
1474 908 1670 964 Christi
1715 921 1898 961 amore
1941 914 2121 974 postea

552 1015 779 1074 exarsit,
811 1025 928 1064 cum
956 1005 1146 1061 solutis
1173 1001 1379 1071 capillis
1405 1013 1587 1052 sacros
1611 997 1731 1050 illos
1759 995 1924 1065 pedes
1952 996 2120 1065 lacry-

559 1108 663 1162 tnis
705 1099 924 1173 rigavit,
963 1110 1114 1153 coma
1143 1109 1237 1150 sua
1265 1090 1551 1154 abstersit,
1605 1099 1762 1158 atque
1797 1095 2122 1158 unguentum

558 1195 760 1251 effudit.
783 1191 858 1246 Et
894 1189 1011 1244 haec
1051 1186 1268 1256 quidem
1309 1181 1641 1238 extrinsecus
1667 1189 1814 1251 gesta
1844 1188 2000 1234 sunt:
2035 1177 2123 1235 illa

554 1302 703 1346 vero.
731 1298 850 1352 qua:
876 1281 927 1335 in
959 1279 1138 1332 animo
1157 1275 1466 1344 agebantur,
1496 1271 1581 1325 his
1623 1270 1778 1338 longe
1817 1269 2120 1322 ardentiora

555 1385 727 1440 erant,
757 1389 877 1444 quae
903 1384 1041 1425 unus
1071 1365 1324 1422 cernebat
1354 1365 1512 1418 Deus.
1543 1363 1873 1430 Quapropter
1901 1360 2121 1431 quisque

555 1475 795 1519 nostrum
819 1461 936 1516 haec
958 1458 1176 1512 audiens
1196 1495 1212 1519 ,
1242 1451 1638 1522 congratulatur
1668 1450 1801 1517 ipsi,
1830 1464 1893 1502 ac
1919 1448 1984 1502 de
2004 1448 2120 1515 ejus

557 1564 700 1609 recte
736 1552 887 1606 factis
923 1550 1161 1610 laetatur,
1201 1543 1451 1612 omnique
1478 1542 1700 1596 crimine
1727 1538 1943 1594 liberam
1973 1537 2116 1592 illam

557 1652 724 1710 putat.

619 1801 878 1870 Lacrynta:
902 1799 1043 1851 bona
1066 1802 1112 1848 et
1140 1793 1285 1846 utiles
1312 1806 1442 1858 quia.
1484 1789 1636 1842 Risus
1673 1785 1944 1840 dissolutus
1991 1785 2138 1851 pro-~

548 1887 1018 1956 ﬁibetur.—Quod
1056 1887 1099 1940 si
1142 1899 1254 1945 nos,
1280 1884 1368 1952 qui
1421 1880 1543 1935 mali
1587 1876 1791 1941 sumus,
1818 1877 1957 1929 hunc
1998 1874 2117 1928 cal-

546 1970 720 2036 culum
763 1980 999 2042 ferimus,
1028 1977 1197 2044 cogita
1224 1981 1473 2042 quantam
1496 1969 1760 2038 acceperit
1787 1967 2040 2036 gratiam,
2064 1971 2120 2017 et

544 2080 738 2140 quanta
768 2083 830 2123 ex
862 2066 1168 2137 ptenitentia
1193 2104 1207 2124 ,
1240 2064 1400 2117 etiam
1444 2069 1724 2128 antequam
1775 2071 1991 2110 munera
2027 2054 2114 2108 illa

543 2161 828 2227 acciperet,
851 2170 880 2210 a
907 2157 1017 2209 Deo
1042 2165 1361 2221 consequuta
1391 2152 1460 2204 sit
1484 2150 1640 2203 bona.
1665 2149 1812 2203 Sicut
1830 2147 1970 2200 enim
1995 2154 2114 2213 post

542 2252 883 2304 vehementes
910 2246 1106 2300 imbres
1134 2259 1227 2298 aer
1249 2257 1414 2313 purus
1438 2235 1686 2304 efﬁcitur,
1715 2239 1792 2293 sic
1818 2248 1940 2309 post
1970 2238 2112 2291 fusas

545 2340 802 2409 lacrymas
825 2338 1062 2404 sequitur
1085 2333 1439 2402 tranquillitas
1466 2341 1521 2384 et
1555 2332 1832 2394 serenitas,
1866 2337 2111 2394 peccato-

541 2441 759 2497 rumque
781 2427 1009 2481 tcnebraa
1029 2425 1292 2493 fugantur.
1318 2422 1380 2475 Et
1409 2422 1545 2475 sicut
1570 2435 1633 2474 ex
1655 2434 1786 2488 aqua
1812 2427 1867 2473 ct
1892 2418 2110 2485 Spiritu,

539 2518 617 2572 sic
644 2534 710 2571 ex
743 2517 991 2587 lacrymis
1032 2524 1086 2569 et
1117 2513 1448 2569 confessione
1488 2527 1788 2580 purgamur,
1820 2511 1976 2564 modo
2005 2526 2109 2563 non

539 2607 604 2660 ad
647 2607 1053 2661 ostentationem
1083 2613 1138 2657 et
1165 2602 1370 2655 laudem
1410 2599 1721 2669 captandam
1752 2600 1801 2652 id
1834 2599 2107 2654 faciamus.

537 2696 667 2750 Nam
707 2710 826 2765 quas
865 2697 962 2747 hac
995 2693 1062 2747 de
1103 2706 1260 2747 causa
1289 2692 1629 2760 Iacrymatur,
1658 2690 1823 2759 magis
1851 2689 2107 2757 culpanda

535 2797 637 2851 est,
659 2801 814 2856 quam
845 2800 906 2838 ea
936 2799 1053 2853 qutc
1081 2782 1198 2836 fuco
1227 2792 1278 2835 et
1305 2781 1586 2850 pigmentis
1612 2794 1734 2833 sese
1758 2779 1964 2832 oblinit.
1989 2779 2109 2834 Illas

532 2878 673 2931 enim
705 2877 914 2945 requiro
945 2875 1226 2947 Iacrymas,
1275 2887 1392 2940 qua:
1421 2887 1525 2924 non
1569 2871 1633 2924 ad
1675 2870 2108 2935 ostentationem,

533 2967 625 3022 sed
663 2965 729 3019 ad
769 2964 1228 3033 compunctionem
1277 2959 1585 3023 funduntur,
1635 2975 1754 3028 quae
1801 2959 2008 3014 occulte
2051 2960 2104 3013 in

530 3055 783 3111 cubiculis
806 3055 952 3107 nullo
977 3062 1130 3115 teste,
1148 3065 1267 3119 quze
1287 3050 1465 3119 quiete
1485 3050 1602 3103 sine
1621 3050 1843 3117 strepitu
1868 3060 2100 3115 manant,

529 3163 650 3217 qua:
685 3162 749 3200 ex
797 3145 984 3198 intimo
1026 3141 1220 3204 cordis,
1252 3155 1317 3194 ex
1359 3140 1644 3194 afflictione
1670 3152 1724 3196 et
1753 3141 1955 3203 dolore,
1987 3157 2104 3206 qua:

529 3243 745 3306 propter
777 3225 939 3287 Deum
966 3231 1278 3286 emittuntur
1302 3248 1314 3282 :
1347 3230 1530 3297 quales
1555 3241 1709 3285 erant
1737 3233 1903 3284 Anna:
1933 3231 2102 3301 lacry-

532 3340 631 3377 inte
657 3341 669 3376 :
698 3323 822 3392 Ejus
850 3322 990 3374 enim
1035 3320 1168 3373 labia
1187 3359 1204 3384 ,
1229 3320 1401 3387 inquit
1417 3321 1715 3388 Scriptura,
1738 3323 2058 3373 movebantur
2083 3362 2099 3386 ,

527 3422 573 3465 et
597 3428 694 3466 νοω
718 3429 816 3466 non
835 3412 1132 3465 audiebatur
1151 3411 1170 3484 (
1189 3413 1239 3466 I.
1265 3411 1392 3482 Reg.
1419 3416 1468 3466 I.
1493 3414 1559 3468 15
1577 3414 1617 3481 ).
1642 3413 1839 3468 Verum
1863 3415 2108 3483 lacrymtn

527 3500 658 3553 sola:
698 3499 820 3553 tuba
851 3499 1130 3552 clariorem
1156 3500 1469 3553 emittebant
1496 3514 1700 3554 vocem.
1735 3500 1961 3569 Ideoque
1985 3502 2104 3556 vul-

527 3603 646 3642 vam
691 3593 806 3657 ejus
851 3589 1058 3658 aperuit
1099 3589 1260 3656 Deus,
1287 3598 1343 3645 et
1371 3589 1562 3645 durum
1613 3605 1799 3646 saxum
1833 3593 1886 3648 in
1915 3608 2101 3664 agrum

523 3675 753 3732 fertilem
795 3679 972 3731 vertit.

595 3767 650 3821 6.
679 3767 733 3820 Si
765 3777 820 3821 tu
846 3781 1056 3837 quoque
1084 3767 1161 3821 sic
1190 3767 1518 3842 lacrymeris,
1549 3769 1755 3823 Domini
1778 3771 1850 3825 tui
1874 3772 2108 3828 imitator

528 3856 750 3912 effectus
777 3872 855 3911 es.
881 3856 1012 3911 Nam
1036 3868 1087 3912 et
1120 3859 1232 3926 ipse
1259 3855 1580 3928 Iaeryma'tus
1606 3868 1688 3913 est
1714 3869 1770 3914 et
1790 3860 1860 3916 de
1882 3861 2100 3928 Lazaro,

522 3945 667 4000 etde
693 3945 1120 4014 civitate(.loan.
1154 3931 1238 4000 ti.
1272 3947 1360 4001 55.
1408 3947 1534 4000 Luc.
1568 3947 1834 4018 I941),
1882 3958 1935 4002 et
1962 3950 2100 4004 circa

522 4034 706 4088 ludam
753 4034 990 4088 turbatus
1029 4044 1157 4088 est-
1188 4032 1418 4102 ldipsum
1447 4027 1606 4103 parro
1629 4036 1808 4091 videre
1837 4047 1918 4091 est
1959 4053 2101 4111 sape

527 4123 834 4187 facientem,
861 4123 1120 4176 ridentem
1144 4137 1274 4176 vero
1300 4138 1581 4191 nusquam,
1605 4125 1710 4176 imo
1732 4140 1800 4178 ne
1818 4126 2100 4180 subriden-

521 4221 643 4266 tem.
671 4212 886 4282 quidem
917 4227 930 4263 :
963 4211 1135 4263 nullus
1160 4218 1306 4264 certe
1333 4209 1433 4264 hoc
1469 4212 1791 4280 evangelista
1840 4215 2096 4268 narravit.

523 4301 752 4370 Ideoque
779 4308 833 4354 et
860 4298 1082 4353 Paulum
1109 4298 1340 4361 ﬂevisse,
1377 4313 1442 4352 ac
1482 4313 1576 4366 per
1612 4301 1896 4356 triennium
1946 4313 2101 4357 nocte

519 4480 660 4550 quod
685 4490 862 4533 autem
893 4479 1071 4533 riserit
1109 4492 1206 4531 nec
1231 4479 1364 4546 ipse,
1393 4493 1492 4534 nec
1530 4481 1663 4534 alius
1695 4493 2002 4538 sanctorum
2030 4485 2098 4540 de

521 4568 833 4638 ipsodixit,
865 4568 972 4621 imo
1018 4581 1118 4622 nec
1155 4566 1224 4620 de
1255 4567 1374 4620 aliis
1416 4569 1515 4637 ipsi
1541 4569 1800 4625 similibus
1831 4590 1844 4625 :
1876 4573 1944 4627 de
1967 4574 2096 4629 Sara

520 4670 721 4713 tantum
753 4658 804 4712 id
837 4667 1097 4720 narratur.
1120 4659 1328 4727 quando
1365 4669 1606 4729 correpta
1643 4660 1858 4728 fuit;'et
1896 4664 1964 4718 de
1989 4666 2097 4722 lilio

519 4748 664 4809 Noui,
691 4748 903 4816 quando
923 4763 989 4802 ex
1011 4748 1178 4803 libero
1197 4763 1387 4803 servus
1407 4749 1626 4806 effectus
1645 4761 1748 4807 est.
1776 4753 1900 4810 Haec
1918 4764 2095 4811 autem

520 4839 664 4905 dico,
698 4853 801 4891 non
833 4847 888 4890 ut
913 4838 1079 4892 risum
1105 4852 1321 4906 prorsus
1342 4839 1630 4906 eliminem,
1662 4844 1755 4897 sed
1783 4853 1840 4898 ut
1865 4845 2094 4900 dismluo

518 4931 716 4986 tionem
744 4932 975 4986 auferam
998 4933 1093 5003 (a).
1110 4932 1240 4998 Cur,
1265 4948 1464 5003 quaso,
1493 4936 1562 4990 ita
1593 4937 1790 5005 gaudes
1816 4947 1870 4992 et
1894 4939 2093 4995 dililuis

596 5171 614 5204 ι
649 5171 722 5220 sic
736 5176 842 5227 uss.
867 5175 921 5220 et
937 5171 1002 5220 ita
1024 5170 1148 5233 legit
1167 5171 1399 5224 Auiauus.
1423 5173 1488 5225 At
1507 5175 1647 5226 Savil.
1674 5184 1726 5226 et
1753 5181 1938 5244 loreL,
1961 5191 2103 5238 Deus.

573 5273 668 5382 £2.
689 5272 856 5346 itaque
879 5274 1106 5346 prohibet
1127 5272 1492 5348 Chrysostomus
1510 5291 1608 5328 non
1629 5280 1799 5339 risum,
1823 5282 1910 5331 sed
1934 5281 2090 5354 disso-

522 5331 572 5381 ιη
669 5345 763 5382 em.
784 5342 855 5382 Sic
878 5341 1046 5382 etiam.
1069 5335 1237 5382 uomit.
1261 5336 1326 5382 de
1359 5338 1534 5382 Danda
1559 5345 1612 5382 et.
1632 5341 1789 5382 Saiile-
1815 5342 1880 5382 de
1903 5342 2090 5382 ιειυειυί.

669 5345 763 5382 em.
783 5335 855 5400 _s_ic
876 5335 1046 5400 etiam,
1069 5335 1239 5400 uomit;
1261 5336 1326 5384 de
1359 5338 1534 5400 pavide
1559 5345 1612 5387 et
1632 5335 1796 5400 Same,
1815 5342 1880 5391 de
1903 5342 2093 5394 lascivis

520 5405 677 5482 agens
698 5394 1184 5482 tnulieribus,quzein
1207 5397 1410 5445 theatris
1431 5397 1758 5449 bistriouicam
1776 5394 2092 5466 exercebant,

520 5573 775 5637 con-fusio),
799 5573 909 5626 hinc
924 5573 1031 5638 ipse
1053 5575 1184 5628 ιρι-ιω
1205 5577 1270 5627 ad
1293 5573 1536 5630 lasciviam
1557 5580 1786 5642 inritans.

2227 454 2302 500 tot
2332 443 2618 500 reddendis
2663 442 2922 497 obnoxius
2952 441 3264 503 rationibus,
3298 439 3384 507 qui
3417 438 3702 494 tremendo
3729 439 3798 494 illi

2226 539 2470 593 tribunali
2510 536 2775 592 sistendus
2798 551 2880 602 es,
2906 536 2973 589 de
3019 536 3120 590 tuis
3166 533 3409 587 omnibus
3452 533 3504 586 in
3537 533 3646 587 hac
3695 532 3799 585 vita

2223 628 2385 694 gestis
2428 627 2690 681 rationem
2730 634 2978 678 accurate
3016 622 3356 677 redditurus?
3380 622 3588 675 Etenim
3619 621 3688 675 de
3715 621 3798 684 iis,

2218 727 2338 783 quae
2367 715 2446 769 vel
2478 724 2664 782 sponte
2687 755 2703 780 ,
2730 715 2818 770 vel
2862 715 3008 769 inviti
3041 715 3282 778 fecimus,
3313 717 3574 770 rationem
3601 714 3797 771 redde-

2220 817 2340 857 mus
2367 821 2380 856 :
2413 803 2514 869 Qui
2539 804 2668 856 enim
2689 845 2703 865 .
2755 805 2964 874 inquit,
2997 807 3244 874 negaverit
3272 822 3348 858 me
3373 822 3542 859 caram
3580 807 3797 859 homini-

2219 893 2332 957 bus,
2365 903 2410 948 et
2438 910 2527 963 rgo
2553 895 2741 962 negabo
2767 912 2879 948 eum
2904 911 3072 950 coram
3120 894 3276 949 Patre
3300 913 3408 950 meo
3433 937 3448 961 ,
3475 898 3558 966 qui
3585 899 3638 949 iu
3663 896 3802 950 caelis

2218 991 2289 1036 est
2321 983 2339 1050 (
2366 981 2554 1035 Matth.
2590 984 2680 1036 10.
2712 985 2781 1038 55
2803 985 2842 1052 ).
2873 986 3032 1052 Atqui
3089 985 3176 1039 illa
3225 988 3434 1054 negatio
3473 985 3801 1058 [aliquando]

2220 1085 2326 1124 non
2355 1071 2651 1125 voluntaria
2678 1081 2779 1134 est,
2812 1081 2865 1125 et
2897 1083 3072 1128 tamen
3101 1073 3415 1143 supplicium
3447 1090 3552 1130 non
3595 1076 3800 1145 effugit,

2224 1160 2446 1230 ejusque
2488 1159 2732 1216 dabimus
2762 1176 2967 1231 poenas,
2997 1171 3052 1217 et
3082 1172 3188 1217 tam
3217 1179 3401 1219 eorum
3431 1180 3550 1235 qua:
3579 1167 3800 1232 scimus,

2218 1264 2373 1318 quam
2400 1265 2589 1303 eorum
2613 1266 2730 1319 quae
2764 1252 3030 1307 nescimus
3061 1271 3073 1305 :
3100 1252 3249 1307 Nihil
3270 1255 3399 1308 enim
3423 1254 3546 1307 mihi
3575 1255 3805 1309 conscius

2217 1354 2344 1401 sum,
2377 1337 2568 1407 inquit,
2596 1342 2685 1393 sed
2713 1342 2887 1394 nonin
2918 1342 3011 1394 hoc
3042 1342 3355 1409 justiﬁcatus
3402 1360 3513 1396 sum
3536 1344 3555 1414 (
3577 1345 3627 1399 I.
3677 1344 3800 1399 Cor.

2218 1429 2270 1483 4.
2299 1423 2403 1499 4‘);
2431 1431 2543 1485 sive
2567 1430 2869 1501 ignorantes
2901 1432 3013 1487 sive
3035 1433 3264 1488 scientes
3291 1448 3570 1503 peccemus
3593 1450 3610 1489 :
3637 1434 3802 1489 Testi-

2219 1519 2441 1570 monium
2466 1519 2598 1572 enim
2621 1520 2723 1572 illis
2766 1521 3020 1589 perhibeo,
3053 1522 3255 1590 inquit,
3284 1525 3402 1592 quia
3429 1525 3801 1578 mulationem

2218 1608 2309 1661 Dei
2333 1609 2534 1675 habent,
2552 1611 2639 1663 sed
2661 1626 2762 1664 non
2781 1612 3051 1664 secundum
3072 1613 3331 1666 scientiam
3354 1614 3372 1682 (
3395 1612 3549 1669 Rom.
3583 1614 3674 1669 I0.
3700 1615 3739 1667 2
3758 1617 3799 1685 ).
3836 1657 3842 1664 .

2220 1698 2411 1753 Verum
2444 1700 2496 1754 id
2538 1699 2639 1754 illis
2667 1701 2731 1754 ad
2762 1701 3131 1769 purgationem
3179 1717 3283 1756 non
3329 1702 3546 1758 sufﬁcit.
3605 1705 3802 1759 Corin-

2222 1789 2343 1842 thiis
2387 1797 2564 1843 autem
2613 1788 2854 1844 scribens
2896 1791 3070 1845 aiebat
3102 1809 3114 1843 :
3153 1790 3323 1845 Timeo
3352 1809 3414 1846 ne
3436 1795 3564 1848 sicut
3589 1810 3807 1864 serpens

2217 1881 2378 1934 Evam
2424 1882 2622 1935 seduxit
2670 1884 2856 1935 astutia
2903 1898 3018 1946 sua,
3063 1884 3134 1936 sic
3184 1895 3572 1953 corrumpantur
3623 1902 3800 1940 sensus

2215 1973 2382 2036 vestri,
2413 1981 2461 2026 et
2483 1971 2713 2024 excidant
2736 1987 2768 2024 a
2796 1972 3116 2039 simplicitate
3141 1989 3254 2041 qua:
3289 1983 3362 2027 est
3400 1975 3451 2026 in
3479 1975 3679 2028 Christo
3702 1976 3797 2044 (2.

2212 2065 2329 2139 Cor.
2376 2064 2580 2132 {1.3).
2616 2065 2715 2118 Tot
2764 2072 3138 2132 tantorumque
3188 2066 3480 2123 facinorum
3532 2068 3796 2122 rationein

2212 2155 2534 2212 redditurus.
2567 2155 2721 2209 sedes
2751 2155 2949 2220 ridens,
2983 2156 3208 2209 urbanas
3241 2156 3456 2212 facetias
3484 2158 3793 2227 proferens,

2215 2255 2266 2299 et
2293 2245 2548 2314 voluptati
2579 2245 2894 2314 indulgens?
2923 2245 3026 2299 Sed
3053 2245 3097 2300 si
3131 2245 3181 2298 id
3207 2261 3309 2298 nou
3335 2247 3532 2309 fecero,
3565 2248 3794 2318 inquies,

2219 2343 2262 2390 si
2306 2339 2516 2401 luxere,
2547 2353 2665 2404 qua:
2717 2338 2846 2390 mihi
2900 2336 3025 2391 hinc
3072 2337 3304 2390 utilitas?
3335 2337 3496 2392 Multa
3540 2353 3691 2404 sane,
3742 2351 3798 2396 et

2212 2438 2354 2482 tanta
2382 2437 2631 2498 quantam
2661 2429 2924 2496 explicare
2954 2443 3057 2482 non
3098 2429 3315 2496 possim.
3363 2428 3418 2484 In
3445 2431 3794 2486 sarculstribus

2209 2519 2348 2572 enim
2375 2518 2609 2585 judiciis.
2636 2520 2970 2587 quantumvis
3001 2520 3199 2587 plores,
3235 2533 3341 2573 non
3394 2519 3622 2590 effugies
3666 2535 3796 2592 sup—

2211 2608 2423 2675 pliciutn
2453 2618 2570 2677 post
2595 2609 2751 2661 latam
2779 2609 3130 2673 sententiam;
3172 2608 3258 2662 hic
3301 2623 3450 2673 vero,
3497 2611 3540 2664 si
3567 2611 3797 2680 ingemi-

2208 2711 2325 2751 scas
2375 2705 2604 2761 tantum,
2636 2690 2952 2751 sententiain
2992 2699 3232 2761 solvisti,
3265 2708 3318 2754 et
3359 2699 3566 2753 veniam
3597 2716 3794 2757 conse-

2209 2789 2409 2858 queris.
2440 2788 2667 2856 Ideoque
2687 2787 2753 2843 de
2783 2791 2921 2841 luctu
2950 2803 3089 2856 saepe
3116 2786 3360 2844 Christus
3389 2805 3484 2845 nos
3514 2792 3789 2858 admonet,

2209 2887 2260 2932 et
2279 2893 2370 2933 eos
2393 2879 2480 2948 qui
2499 2880 2676 2947 lugent
2697 2878 2878 2933 beatos
2899 2877 3172 2949 przedicat,
3197 2878 3316 2932 illos
3336 2895 3464 2934 vero
3480 2883 3567 2950 qui
3592 2882 3788 2948 rident,

2212 2969 2435 3023 miseros
2463 2968 2720 3023 declarat.
2775 2967 2887 3021 Hoc
2931 2968 3126 3037 quippe
3171 2969 3433 3023 theatrum
3484 2987 3588 3025 non
3623 2975 3791 3029 risum

2208 3056 2436 3110 admittit
2458 3075 2472 3110 :
2500 3073 2670 3127 neque
2696 3060 2816 3114 ideo
2839 3066 3206 3131 convenimus,
3227 3078 3282 3120 ut
3306 3069 3594 3124 cachinnos
3615 3072 3789 3127 effun-

2206 3144 2415 3209 damus,
2448 3148 2538 3200 sed
2571 3157 2627 3200 ut
2651 3164 2949 3217 gemamus,
2981 3163 3140 3224 atque
3163 3172 3228 3212 ex
3256 3160 3555 3225 huiusmodi
3585 3165 3786 3231 gemitu

2207 3236 2351 3304 regni
2407 3238 2753 3293 hereditatem
2803 3243 3188 3300 nanciscamur.
3234 3248 3312 3301 Tu
3353 3265 3480 3304 vero
3519 3252 3563 3306 si
3603 3267 3786 3310 coram

2207 3321 2530 3391 lmperatore
2579 3329 2811 3393 steteris,
2858 3346 2926 3386 ne
2967 3333 3244 3390 subridere
3269 3339 3486 3405 quidem
3515 3342 3738 3397 audebis
3767 3361 3784 3396 :

2205 3421 2259 3466 et
2285 3415 2454 3482 ipsum
2481 3417 2792 3485 angelorum
2820 3420 3097 3477 Dominum
3127 3424 3269 3480 domi
3299 3427 3501 3485 habens
3529 3446 3635 3487 non
3671 3444 3785 3490 stas

2206 3511 2441 3558 tremens
2468 3520 2587 3560 cum
2630 3508 2886 3564 modestia
2927 3512 3158 3580 decenti,
3188 3517 3280 3570 sed
3310 3519 3454 3574 rides
3500 3521 3592 3576 illo
3619 3525 3782 3579 etiam

2204 3606 2346 3662 saepe
2373 3595 2547 3649 irato?
2574 3613 2673 3651 nec
2701 3601 2903 3679 cogitas
2933 3611 2985 3658 te
3009 3603 3156 3659 illum
3187 3608 3353 3677 magis
3379 3609 3444 3663 ad
3491 3610 3624 3666 iram
3650 3627 3784 3669 con-

2202 3683 2369 3736 citare
2396 3685 2519 3738 dum
2561 3686 2676 3742 lure
2719 3690 2833 3758 agis
2855 3729 2870 3753 ,
2901 3707 3057 3760 quam
3088 3693 3213 3748 dum
3243 3712 3431 3765 peccas
3451 3700 3474 3752 ἲ
3498 3700 3614 3757 Non
3641 3704 3788 3760 enim

2204 3774 2274 3828 ita
2300 3786 2610 3844 peccatores
2636 3790 2918 3854 aversatur,
2942 3782 3102 3851 Deus,
3134 3794 3192 3839 ut
3214 3791 3422 3857 eos-qui
3452 3800 3568 3859 post
3596 3808 3790 3861 pecca-

2205 3873 2315 3920 tum
2343 3880 2447 3919 non
2471 3881 2590 3922 sese
2610 3869 2881 3924 cohibent.
2901 3872 3146 3929 Attamen
3169 3876 3237 3930 ita
3260 3887 3384 3932 sunt
3401 3882 3614 3950 quidam
3637 3887 3788 3942 omni

2201 3968 2358 4010 sensu
2390 3958 2562 4024 vacui,
2593 3967 2649 4013 ut
2675 3971 2793 4028 post
2817 3962 2930 4017 haec
2956 3966 3134 4020 audita
3161 3968 3322 4023 verba
3351 3971 3531 4027 dicant
3561 3991 3574 4028 :
3607 3978 3785 4043 Absit,

2203 4056 2261 4099 ut
2290 4061 2539 4115 umquam
2577 4049 2840 4120 lacrymas
2870 4052 3106 4122 fundam,
3131 4057 3258 4112 mihi
3285 4075 3413 4116 vero
3440 4062 3491 4117 id
3519 4069 3789 4124 concedat

2204 4134 2344 4186 Deus
2365 4173 2380 4198 ,
2427 4143 2484 4188 ut
2509 4151 2722 4205 semper
2758 4139 2958 4194 rideam
2990 4154 3044 4198 et
3073 4145 3270 4201 ludam.
3318 4149 3452 4216 Quid
3481 4151 3787 4222 hujusmodi

2202 4223 2519 4290 cogitatione
2541 4226 2833 4281 infantius?
2867 4229 2983 4284 Non
3004 4234 3144 4287 enim
3171 4236 3308 4292 Deus
3336 4239 3385 4292 id
3413 4241 3506 4295 dat
3531 4253 3588 4297 ut
3627 4245 3784 4300 luda-

2159 4324 2338 4402 ‘Amus,
2372 4311 2464 4365 sed
2493 4313 2756 4367 diabolus.
2810 4317 2946 4371 Audi
2975 4320 3130 4388 igitur
3167 4325 3292 4391 quid
3325 4330 3462 4394 passi
3493 4331 3602 4384 sint
3629 4332 3664 4386 ii
3691 4336 3786 4402 qui

519 4402 572 4443 et
599 4390 687 4444 die
708 4388 931 4458 idipsum
960 4388 1167 4452 fecisse,
1194 4397 1248 4442 et
1276 4388 1390 4456 ipse
1418 4397 1471 4441 et
1495 4388 1581 4442 alii
1607 4389 1675 4442 de
1696 4391 1812 4459 ipso
1832 4402 2050 4446 narrant
2082 4410 2096 4447 :
2159 4387 2192 4407 ’δ

2203 4399 2451 4455 ludebant
2482 4419 2496 4456 :
2529 4402 2692 4466 Sedit,
2727 4406 2914 4475 inquit,
2948 4411 3165 4477 papulas
3192 4418 3497 4471 manducare
3521 4431 3566 4473 et
3597 4399 3788 4488 bibere,

2199 4497 2250 4541 et
2275 4503 2597 4561 surrexerunt
2623 4493 2795 4548 ludere
2815 4495 2834 4565 (
2855 4494 3019 4550 Exod.
3044 4499 3132 4552 32.
3155 4501 3247 4569 6).
3272 4503 3428 4560 Tales
3447 4521 3598 4563 erant
3617 4509 3790 4566 Sodo-

2201 4577 2364 4644 mita,
2396 4579 2526 4634 tales
2552 4582 2710 4636 etiam
2750 4583 2824 4637 illi
2875 4593 3116 4654 tempore
3165 4589 3371 4646 diluvii.
3416 4594 3548 4650 Nam
3577 4599 3645 4653 dc
3674 4601 3790 4656 illis

2200 4667 2415 4736 dicitur,
2444 4668 2810 4765 lnﬂsuperbia,
2842 4675 2896 4728 in
2938 4680 3296 4746 prosperitate,
3328 4694 3376 4736 et
3427 4687 3478 4739 in
3520 4692 3798 4765 saturitate

2201 4775 2391 4827 panum
2439 4761 2629 4817 deliciis
2678 4766 2941 4836 affluebant
2969 4767 2988 4839 (
3013 4767 3198 4824 Ezecb.
3231 4772 3319 4828 16.
3352 4776 3420 4831 49
3441 4779 3477 4845 ).
3523 4761 3782 4838 Illi‘vem

2199 4851 2285 4918 qui
2315 4860 2552 4920 tempore
2579 4852 2704 4909 Noae
2733 4866 2885 4910 erant
2908 4898 2920 4919 ,
2949 4872 3071 4912 cum
3102 4875 3196 4928 per
3227 4873 3302 4917 tot
3327 4879 3497 4920 annos
3539 4853 3786 4929 construi

2201 4955 2377 4995 arcam
2405 4942 2666 5011 viderent,
2695 4949 2812 5002 sine
2856 4949 2959 5002 ulla
2986 4953 3113 5004 cura
3143 4953 3225 5008 vel
3253 4969 3411 5010 sensu
3442 4959 3782 5031 laetabantur,

2200 5031 2330 5085 nihil
2375 5032 2444 5086 de
2487 5031 2675 5089 futuris
2727 5038 2889 5092 rebus
2941 5041 3360 5110 prospicientes;
3391 5047 3619 5120 ideoque
3662 5057 3786 5108 uni-

2201 5135 2382 5176 versos
2411 5121 2664 5178 diluvium
2692 5126 2998 5194 submersit;
3022 5140 3076 5186 et
3099 5146 3384 5193 commune
3398 5139 3542 5194 orbis
3567 5144 3786 5200 naufra-

2199 5212 2354 5280 giuur
2375 5222 2501 5266 tunc
2529 5213 2722 5269 effecit.

2265 5416 2315 5469 7.
2363 5415 2509 5470 Dona
2535 5415 2628 5470 Dei
2661 5433 2774 5486 qua:
2799 5419 2917 5472 sint.
2949 5417 3226 5490 Vigilantia
3251 5439 3400 5494 quam
3428 5398 3596 5492 utilis;
3623 5447 3780 5498 quam

2198 5515 2347 5568 noxia
2395 5514 2578 5568 theatri
2626 5519 3128 5585 spectacula.-—Ne
3185 5523 3360 5592 itaque
3409 5527 3494 5583 illa
3547 5540 3696 5598 petas
3749 5551 3785 5588 ει

2199 5605 2333 5671 Deo,
2365 5620 2483 5672 qua:
2529 5620 2557 5658 a
2602 5606 2812 5662 diabolo
2840 5610 3057 5680 accipis.
3086 5611 3217 5668 Nam
3247 5614 3338 5670 Dei
3365 5629 3478 5683 est,
3523 5621 3653 5677 dare
3683 5640 3784 5680 cor
