4082 6500
333 425 398 481 69

335 528 505 596 μένων
557 524 792 596 δακρύῃ.
821 524 918 577 Διὰ
956 522 1115 575 τοῦτο
1169 521 1275 593 πρὸ
1322 521 1431 574 τῶν
1477 521 1651 576 ἀλλων
1687 520 1908 582 τούτους

329 615 667 686 ἐμακάριζεν
698 618 727 669 6
759 616 890 678 Θεὸς
911 614 978 680 ⁸⁸,
1007 613 1296 680 Μακάριοι
1331 616 1384 667 οί
1414 613 1796 678 πενθοῦντες,
1825 612 1910 664 λέ-

321 722 457 774 γων.
487 706 756 769 Καὶ-πῶς
789 707 818 757 6
853 703 1068 768 Παῦλός
1121 721 1282 774 φησι·
1325 703 1569 770 Χαίρετε
1603 702 1673 756 ἐν
1709 703 1911 769 Κυρίῳ

321 797 612 860 mir-tata;
638 795 750 868 Τὴν
784 799 849 850 ἐκ
867 797 976 850 τῶν
996 795 1245 866 δακρύων
1268 794 1474 847 τούτων
1495 794 1666 860 λέγων
1689 792 1905 862 ἡδονήν.

322 889 498 942 Ὥσπε
508 905 539 958 ρ
557 887 666 958 γάρ
688 888 722 958 ἠ
743 887 832 941 διὰ
858 887 1061 956 κόσμον
1091 886 1234 957 χαρά
1259 884 1438 955 λύπην
1467 883 1578 954 ἔχει
1605 883 1910 952 συγκεκλη-

323 979 598 1051 ρωμένην,
633 976 774 1031 οὕτω
792 977 860 1031 τὰ
888 977 1030 1030 κατὰ
1064 976 1196 1030 Θεὸν
1233 975 1445 1048 δάκρυα
1469 973 1646 1046 χαράν
1673 972 1912 1043 βλαστάο

323 1086 405 1122 νει
435 1068 661 1139 διηνεκῆ
687 1068 782 1120 καὶ
807 1068 1142 1138 ἀμάραντον.
1167 1065 1324 1120 Οὕτω
1361 1067 1455 1119 καὶ
1485 1067 1517 1135 ἠ
1559 1064 1738 1144 πόρνη
1762 1079 1906 1133 παρα

323 1159 494 1212 θένων
552 1158 770 1226 ἐγένετο
816 1159 1151 1229 σεμνοτέρα,
1185 1156 1359 1227 τούτῳ
1388 1153 1784 1225 κατασχεθεϊσα
1829 1152 1908 1224 τῷ

323 1247 477 1320 πυρί.
519 1248 738 1318 Ἐπειδὴ
768 1247 877 1319 γάρ
895 1246 1260 1318 διεθερμάνθη
1281 1250 1345 1317 τῇ
1375 1244 1651 1316 μετανοίᾳ,
1682 1243 1908 1308 ἐξεϐακ-

323 1334 493 1406 χεύθη
516 1335 700 1388 λοιπὸν
718 1335 796 1405 τῷ
822 1337 948 1407 περὶ
974 1336 1066 1388 τὸν
1105 1335 1340 1406 Χριστὸν
1369 1333 1543 1404 πόθῳ,
1570 1332 1670 1396 τὰς
1715 1332 1908 1403 τρίχας

316 1426 542 1494 λύουσα,
572 1427 667 1479 καὶ
709 1428 833 1488 τοὺς
866 1426 1052 1494 ἁγίους
1071 1428 1113 1462 ⁵⁷
1154 1425 1424 1496 βρέχουσα
1455 1425 1622 1487 πόδας
1663 1425 1772 1484 τοῖς
1807 1422 1906 1474 δά-

319 1533 505 1588 κρυσι,
535 1517 629 1569 καὶ
672 1519 792 1579 ταῖς
839 1516 996 1579 ίδίαις
1027 1516 1225 1579 αὐτοὺς
1257 1517 1656 1587 ἀπομάσσουσα
1682 1513 1905 1582 κόμαις,

323 1619 416 1670 καὶ
438 1616 500 1670 τὸ
531 1620 700 1686 μύρον
727 1614 973 1666 κενοῦσα.
998 1613 1108 1666 Καὶ
1132 1613 1303 1666 ταῦτα
1329 1613 1428 1684 μὲν
1452 1613 1667 1666 ᾶπαντα
1697 1612 1896 1675 ἔξωθεν

324 1707 531 1776 ἐγίνετο
552 1723 565 1736 ·
596 1706 663 1757 τὸ.
682 1705 736 1758 δέ
768 1706 825 1756 ἐν
843 1707 906 1775 τῇ
938 1703 1142 1774 διανοίᾳ
1169 1704 1466 1775 τελούμενα
1490 1702 1668 1772 πολλῷ
1695 1703 1901 1756 τούτων

325 1795 633 1868 θερμότερα
658 1790 748 1864 ἦν,
775 1795 821 1826 ³⁸
843 1794 878 1848 ά
913 1795 1071 1864 μόνος
1097 1794 1258 1856 αὐτὸς
1295 1793 1520 1846 ἐϐλεπεν
1555 1793 1584 1844 6
1614 1792 1766 1852 Θεός.
1799 1793 1897 1845 Διά

323 1886 386 1956 δὴ
411 1885 571 1938 τοῦτο
594 1885 821 1946 ἕκαστος
844 1886 891 1916 ⁸⁸
934 1883 1168 1948 ἀκούων,
1196 1884 1478 1955 συγχαίρει
1504 1900 1563 1936 τε
1593 1884 1752 1953 αὐτῇ,
1802 1883 1898 1935 καὶ

324 1975 671 2044 εὐφραίνεται
711 1974 824 2036 τοῖς
850 1973 1065 2042 ἐκείνης
1097 1972 1513 2043 κατορθώμασι,
1551 1972 1646 2025 καὶ
1681 1973 1899 2025 πάντων

325 2065 653 2120 ἀπαλλάττει
682 2065 790 2117 τῶν
821 2065 1182 2134 ἐγκλημάτων
1210 2063 1401 2132 αὐτὴν.

386 2152 457 2209 Εἰ
489 2155 547 2208 δὲ
585 2157 742 2224 ἡμεῖς
763 2155 812 2207 οί
834 2156 1058 2225 πονηροὶ
1081 2153 1284 2222 ταύτην
1318 2153 1554 2223 φέρομεν
1577 2151 1672 2224 τὴν
1694 2152 1898 2222 ψῆφον,

329 2245 583 2314 ἐννόησον
638 2245 781 2306 τίνος
836 2245 1113 2297 ἀπέλαυσε
1165 2243 1320 2311 παρὰ
1366 2241 1461 2294 τοῦ
1515 2242 1897 2313 φιλανθρώπου

324 2334 480 2398 Θεοῦ,
513 2336 605 2387 καὶ
635 2335 796 2397 πόσα,
823 2336 918 2388 καὶ
948 2335 1056 2404 πρὸ
1080 2333 1187 2386 τῶν
1219 2333 1313 2386 τοῦ
1350 2333 1482 2386 Θεοῦ
1513 2335 1751 2401 δωρεῶν,
1787 2333 1897 2385 ἀπὸ

323 2423 422 2493 τῆς
448 2423 735 2494 μετανοίας
926 2423 1287 2494 ἐκαρπώσατο
1316 2425 1498 2494 ἀγαθά
1527 2425 1594 2474 ⁸⁸.
1631 2424 1898 2492 Καθάπερ

323 2515 432 2585 γὰρ
464 2512 623 2567 ὑετοῦ
680 2514 1119 2584 καταρραγέντος
1174 2513 1406 2585 σφοδροῦ
1450 2513 1637 2586 αίθρία
1690 2514 1900 2581 γίνεται

323 2602 560 2672 καθαρά,
601 2601 743 2655 οὕτω
782 2604 875 2656 καὶ
898 2603 1146 2674 δακρύων
1179 2603 1635 2674 καταφερομένων
1690 2604 1898 2674 γαλήνη

321 2692 530 2760 γίνεται
562 2692 656 2743 καὶ
689 2689 858 2754 εὐδία,
887 2691 980 2744 καὶ
1013 2692 1072 2744 τὸ
1101 2694 1165 2745 ἐκ
1190 2692 1300 2745 τῶν
1330 2693 1740 2763 ἁμαρτημάτων
1768 2693 1901 2760 ἀφα-

322 2779 526 2844 νίζεται
557 2780 764 2842 σκότος.
805 2780 916 2833 Καὶ
942 2780 1133 2850 ὥσπερ
1161 2781 1220 2845 ἐξ
1241 2781 1432 2844 ὓδατος
1452 2782 1544 2834 καὶ⁴
1568 2781 1896 2850 πνεύματος,

320 2871 493 2934 οὕτως
513 2871 622 2922 ἀπὸ
650 2869 900 2940 δακρύων
930 2871 1025 2923 καὶ
1049 2870 1490 2941 ἐξομολογήσεως
1524 2871 1900 2940 καθαιρόμεθα

321 2961 506 3024 πάλιν,
536 2959 603 3014 ἂν
635 2960 711 3031 μὴ
736 2961 866 3031 πρὸς
891 2961 1147 3025 ἐπίδειξιν
1173 2961 1335 3014 τοῦτο
1363 2962 1604 3032 ποιῶμεν
1639 2964 1734 3014 καὶ
1765 2963 1901 3032 πρὸς

321 3052 652 3123 φιλοτιμίαν.
691 3051 802 3121 Τὴν
846 3053 953 3121 γάρ
983 3052 1130 3104 οὕτω
1156 3051 1498 3123 δακρύουσαν
1541 3053 1641 3122 τῆς
1683 3052 1894 3104 καλλωο

322 3141 622 3210 πιζομένης
657 3140 750 3192 καὶ
767 3141 810 3171 ⁸⁸
831 3140 1170 3208 ὐπογραφαίς
1200 3141 1294 3192 καὶ
1313 3140 1678 3210 ἐπιτρίμμασι
1699 3141 1900 3210 μᾶλλον

321 3226 745 3298 κατηγορεῖσθαι
795 3227 961 3296 φαίην
1018 3228 1084 3280 ἀν
1133 3224 1273 3279 εἶναι
1314 3229 1539 3281 δίκαιον.
1599 3230 1740 3296 Ἐγὼ
1792 3231 1900 3300 γάρ

321 3318 503 3370 ἐκεῖνα
539 3317 686 3386 ζητῶ
716 3317 786 3369 τὰ
819 3317 1028 3387 δάκρυα
1058 3320 1126 3370 τὰ
1166 3321 1240 3388 μη
1268 3320 1404 3387 πρὸς
1434 3319 1691 3382 ἐπίδειξιν
1713 3359 1726 3378 ,
1764 3319 1900 3370 ἀλλὰ

325 3407 463 3477 πρὸς
500 3405 794 3468 κατάνυξιν
843 3408 1136 3475 γινόμενα*
1177 3408 1245 3460 τὰ
1301 3406 1476 3476 λάθρα
1528 3408 1622 3460 καὶ
1677 3407 1737 3458 ἐν
1787 3408 1900 3469 τοῖς

323 3497 617 3568 ταμιείοις,
666 3496 760 3550 καὶ
815 3497 1044 3567 μηδενὸς
1098 3497 1356 3568 δρῶντος,
1411 3499 1526 3551 ἀλλ’
1571 3498 1758 3569 ἠρέμα
1807 3499 1901 3551 καὶ

324 3587 561 3659 ἀψοφητὶ
585 3586 847 3650 στάζοντα
866 3606 878 3618 ·
907 3587 978 3640 τά
1001 3588 1106 3642 ἀπὸ
1138 3588 1333 3656 βάθους
1356 3589 1612 3652 διανοίας,
1648 3589 1715 3641 τὰ
1742 3591 1799 3642 ἐν
1823 3588 1900 3658 τῷ

325 3678 600 3732 θλίϐεσθαι
630 3677 723 3730 καὶ
747 3677 1054 3745 ὀδυνᾶσθαι,
1083 3680 1151 3732 τά
1175 3678 1263 3732 διὰ
1292 3679 1381 3732 τὸν
1407 3679 1538 3732 Θεὸν
1565 3681 1723 3749 μόνον
1755 3680 1900 3747 γινό-

327 3785 485 3840 μενα,
519 3763 608 3820 οἶα
626 3767 694 3820 τὰ
725 3767 825 3836 τῆς
861 3769 1058 3837 ’Δννης
1086 3763 1187 3836 ἦν·
1234 3768 1311 3820 Τὰ
1339 3768 1452 3836 γὰρ
1482 3769 1656 3837 χείλη
1689 3767 1920 3836 αὐτῆς,

325 3860 511 3932 φησὶν,
540 3858 812 3921 ἐκινεῖτο,
845 3857 945 3911 καί
979 3859 1017 3925 ἡ
1046 3855 1215 3925 φωνὴ
1244 3857 1435 3926 αὐτῆς
1476 3861 1588 3912 οὐκ
1619 3859 1895 3926 ἠκούετο.

319 3961 486 4014 Ἀλλά
507 3963 573 4015 τὰ
600 3962 812 4033 δάκρυα
842 3963 978 4033 μόνα
1008 3963 1304 4032 σάλπιγγος
1329 3964 1711 4036 λαμπροτέραν
1735 3964 1886 4035 ὴφίει

307 4052 513 4123 φωνήν.
563 4053 663 4105 Διά
708 4052 772 4123 δὴ
818 4052 978 4106 τοῦτο
1025 4054 1120 4107 καὶ
1154 4055 1253 4124 τὴν
1307 4055 1522 4124 μήτραν
1573 4054 1810 4122 ἀνέῳξεν
1859 4055 1888 4106 6

307 4141 462 4205 Θεὸς,
519 4141 615 4194 καὶ
663 4141 762 4212 τὴν
813 4141 1054 4213 σκληρὰν
1122 4142 1328 4214 πέτραν
1377 4143 1593 4216 ἁπαλὴν
1646 4143 1885 4215 ἄρουραν

307 4231 624 4300 εἰργάσατο.

380 4319 453 4384 ς’.
467 4322 563 4374 Ἂν
577 4318 721 4374 οὐτω
739 4320 834 4374 καὶ
849 4320 1011 4385 αὐτὸς
1028 4321 1286 4393 δακρύῃς,
1314 4323 1556 4394 μιμητὴς
1577 4321 1670 4377 τοῦ
1693 4321 1888 4376 Δεσπόο

303 4426 403 4464 του
444 4427 536 4462 σου
563 4410 814 4479 γέγονας.
850 4401 975 4464 Κπ
990 4411 1098 4481 γὰρ
1134 4412 1228 4464 καὶ
1271 4413 1433 4476 αὐτὸς
1467 4412 1753 4482 ἐδάκρυσε,
1793 4413 1889 4464 καὶ

302 4499 403 4553 ἐπὶ
441 4500 690 4570 Λαζάρου
723 4503 816 4552 καὶ
844 4502 937 4554 ἐπὶ
960 4503 1058 4572 τῆς
1084 4503 1313 4565 πόλεως,
1337 4505 1432 4555 καὶ
1467 4502 1561 4555 ἐπὶ⁸
1590 4502 1683 4556 τοῦ
1719 4501 1887 4556 Ἰούδα

301 4591 656 4661 διεταράχθη.
681 4593 791 4644 Καὶ
819 4591 976 4644 τοῦτο
997 4592 1098 4662 μὲν
1130 4593 1384 4654 πολλάκις
1411 4592 1556 4646 ἐστιν
1585 4592 1712 4646 ίδείν
1729 4592 1889 4645 αὑτὸν

303 4679 586 4744 ποιοῦντα,
617 4681 859 4748 γελῶντα
882 4681 939 4735 δέ
970 4681 1206 4752 οὐδαμοῦ
1233 4699 1247 4712 ⁸
1281 4683 1395 4736 ἀλλ’
1442 4683 1564 4736 οὐδέ
1597 4683 1886 4764 μειδιῶντα

301 4771 522 4839 ἡρέμαο
557 4771 751 4824 οὐκοῦν
791 4772 902 4824 τῶν
945 4773 1347 4840 εὐαγ.γελιστῶν
1386 4773 1557 4836 οὐδεὶς
1584 4775 1630 4805 ⁶¹
1670 4775 1884 4844 εἴρηκε.

303 4859 407 4912 Διά
433 4858 590 4911 τοῦτο
608 4861 700 4912 καὶ¹
721 4861 952 4924 Παῦλος,
979 4863 1061 4914 δτι
1082 4863 1180 4932 μὲν
1207 4863 1493 4934 ἐδάκρυσε,
1528 4865 1620 4918 καλ⁵
1644 4865 1885 4934 τριετίαν

305 4946 481 5000 νύκτα
512 4947 608 5000 καὶ
641 4949 852 5018 ἡμέραν
879 4949 1036 5004 τοῦτο
1066 4952 1277 5014 ἐποίει,
1295 4954 1390 5005 καὶ
1419 4954 1581 5017 αὐτὸς
1609 4955 1734 5024 περὶ
1769 4956 1888 5007 ἐαυ-

305 5033 426 5095 τοῦ.
461 5035 556 5088 καὶ
587 5036 763 5106 ἕτεροι
797 5040 924 5109 περὶ
975 5041 1136 5093 αὐτοῦ
1186 5042 1344 5096 τοῦτο
1389 5043 1667 5111 λέγουσιν·
1717 5045 1798 5097 ὄτι
1828 5045 1888 5098 δὲ

306 5127 594 5195 ἐγέλασεν,
624 5129 861 5200 οὐδαμοῦ
885 5132 1006 5186 οὐτε
1049 5134 1211 5199 αὐτὸς
1245 5135 1486 5206 εἴρηκεν,
1517 5136 1641 5189 οὐτε
1663 5137 1706 5168 ⁸³
1730 5137 1888 5201 ἄλλος

302 5215 430 5270 οὐδε
472 5215 553 5282 εἷς
582 5219 915 5288 τῶν-ἁγίων,
966 5223 1089 5278 οὐτε
1122 5229 1251 5300 περὶ
1297 5227 1492 5280 ἐαυτοῦ
1517 5267 1532 5288 ,
1593 5227 1718 5280 οὔτε
1761 5231 1887 5300 περὶ

301 5307 497 5378 ἐτέρου
547 5312 692 5372 τινὸς
745 5312 989 5367 τοιούτου
1025 5331 1040 5345 ⁸
1089 5315 1200 5388 [9η
1240 5317 1376 5370 ἀλλά
1416 5320 1461 5357 ⁸⁸
1509 5320 1634 5388 περί
1669 5320 1887 5389 Σάρῤας

305 5398 482 5470 μόνης
512 5401 672 5455 τοῦτο
696 5401 932 5474 εἴρηται,
953 5405 1117 5475 ἡνίκα
1143 5407 1448 5477 ἐπετιμήθη
1469 5423 1482 5436 θ
1514 5408 1608 5460 καὶ
1637 5410 1764 5479 περὶ
1791 5407 1886 5460 τοῦ

303 5489 430 5543 υίοῦ
457 5491 603 5553 Νῶε,
650 5493 740 5547 ὅτε
795 5496 915 5548 ἀντ’
949 5495 1233 5566 ἐλευθέρου
1279 5498 1465 5562 δοῦλος
1514 5499 1725 5566 γέγονε.
1779 5501 1889 5554 Καὶ

301 5578 481 5633 ταῦτα
519 5581 684 5648 λέγω,
708 5583 769 5635 οὐ
794 5582 887 5636 τόν
919 5583 1130 5651 γέλωτα
1158 5587 1460 5652 ἐκκόπτων,
1489 5588 1624 5642 ἀλλὰ
1644 5589 1741 5660 τὴν
1768 5589 1886 5643 διά-

305 5685 468 5737 χυσιν
513 5671 772 5740 ἀναιρῶν.
807 5673 966 5737 Τίνος
999 5675 1108 5745 γὰρ
1131 5675 1336 5742 ἐνεκεν,
1359 5677 1480 5730 εἰπέ
1525 5695 1634 5748 μοι,
1665 5679 1882 5753 θρύπτῃ

1458 421 1528 478 IN
1559 414 1975 478 MATTHEUI
2015 414 2244 474 HOMIL.
2288 414 2380 473 Vl.

2016 520 2110 573 καὶ
2138 522 2430 594 διαρρέεις,
2459 525 2746 589 τοσαύταις
2771 527 3021 591 εὐθύναις
3038 529 3221 602 ἔνοχος
3250 531 3325 588 ὢν
3351 535 3452 599 ἐτι,
3494 538 3589 589 καὶ

2016 610 2232 682 φοϐερῷ
2268 613 2476 682 μέλλων
2523 617 2970 687 παραστήσεσθαι
2998 622 3042 653 ⁸⁸
3089 622 3443 696 δικαστηρίῳ.
3495 626 3593 680 καὶ

2017 701 2232 755 πάντων
2259 704 2517 775 παρέχειν
2545 707 2702 774 λόγον
2729 711 2868 778 μετὰ
2891 711 3178 782 ἀκριϐείας
3205 715 3315 767 τῶν
3355 716 3590 770 ἐνταῦθα

2013 793 2427 864 γεγενημένων;
2461 799 2570 851 Καὶ
2599 801 2709 870 γὰρ
2733 795 2808 855 ὧν
2832 803 3049 868 ἑκόντες
3071 807 3166 859 καὶ
3194 801 3270 860 ὧν
3289 808 3335 839 ⁵⁸
3363 808 3590 871 άκοντες

2009 881 2350 952 ἡμάρτομεν,
2382 885 2626 956 δώσομεν
2652 887 2808 957 λόγον
2824 907 2838 920 ⁸
2886 894 2982 958 Ὃς
3008 893 3119 961 γὰρ
3144 894 3220 948 ἂν
3248 894 3590 963 ἀρνήσηταί

2002 985 2109 1041 με,
2174 973 2338 1042 φησὶν
2360 1011 2375 1037 ,
2448 975 2792 1044 ἔμπροσθεν
2842 979 2962 1035 τῶν
3012 981 3338 1051 ἀνθρώπων
3363 1023 3379 1048 ,
3425 981 3587 1053 κάγὼ

2009 1071 2344 1141 ἀρνήσομαι
2389 1075 2576 1127 αὺτὸν
2604 1074 2944 1144 ἔμπροσθεν
2970 1077 3076 1130 τοῦ
3127 1080 3353 1144 Πατρός
3372 1095 3513 1144 μου.
3539 1079 3582 1108 ⁶⁷

2009 1160 2268 1229 Καίτοιγε
2293 1162 2545 1226 ἀκούσιος
2578 1165 2610 1233 ἠ
2650 1164 2874 1233 τοιαύτη
2921 1166 3170 1235 ἄρνησις,
3199 1167 3312 1218 ἀλλ’
3343 1167 3492 1236 ὅμως
3523 1168 3586 1219 οὐ

2008 1249 2290 1319 διαφεύγει
2337 1253 2436 1322 τὴν
2487 1253 2746 1318 κόλασιν,
2782 1254 2918 1308 ἀλλὰ
2955 1257 3049 1307 καὶ
3094 1255 3295 1326 ταύτης
3335 1256 3588 1324 διδόαμεν

2008 1339 2270 1404 εὐθύναςο
2306 1341 2400 1394 καὶ
2416 1335 2490 1395 ὧν
2523 1342 2702 1412 ἴσμεν,
2733 1343 2828 1396 καὶ
2860 1336 2936 1396 ὧν
2965 1343 3010 1374 ⁸⁸
3040 1343 3139 1396 οὐκ
3163 1343 3356 1414 ίσμεν·
3393 1341 3587 1396 Οὐδὲν

2009 1429 2119 1496 γὰρ
2155 1428 2387 1497 ἐμαυτῷ
2435 1431 2703 1493 σύνοιδα,
2737 1432 2926 1501 φησὶν,
2969 1432 3108 1486 ἀλλ’
3138 1433 3249 1485 οὐκ
3295 1432 3364 1485 ἐν
3395 1433 3590 1497 τούτῳ

2007 1518 2403 1588 δεδικαίωμαι.
2446 1520 2556 1574 Καὶ
2585 1514 2661 1574 ὧν
2691 1521 2830 1574 κατά
2859 1522 3101 1588 ἄγνοιαν,
3132 1521 3226 1574 καὶ
3261 1516 3334 1576 ὧν
3365 1521 3409 1554 ⁸⁸
3442 1520 3585 1574 κατά

2006 1610 2206 1679 γνῶσιν
2227 1627 2242 1643 ο
2275 1610 2566 1679 Μαρτυρῶ
2599 1613 2708 1682 γὰρ
2764 1612 2990 1679 αὐτοῖς,
3040 1612 3239 1682 φησὶν,
3279 1613 3369 1664 ὅτι
3401 1609 3588 1679 ζῆλον

2011 1701 2162 1756 Θεοῦ
2188 1703 2460 1772 ἔχουσιν,
2485 1703 2622 1757 ἀλλ’
2659 1705 2732 1756 οὐ
2752 1703 2880 1756 κατ’
2895 1703 3226 1772 ἐπίγνωσιν
3243 1718 3257 1733 ·
3291 1702 3404 1755 ἀλλ’
3434 1702 3585 1769 ὅμως

2005 1795 2102 1846 οὐκ
2119 1795 2281 1865 ἀρκεῖ
2297 1793 2454 1848 τοῦτο
2485 1795 2565 1857 είς
2592 1795 2886 1861 ἀπολογίαν
2910 1795 3114 1855 αὐτοῖς.
3139 1795 3247 1846 Καὶ
3277 1791 3583 1862 Κορινθίοις

2004 1883 2061 1936 δέ
2101 1885 2429 1938 ἐπιστέλλων
2463 1883 2616 1952 ἔλεγε
2639 1902 2654 1915 ο
2689 1884 2983 1952 Φοϐοῦμαι
3014 1882 3223 1952 μήπως
3255 1883 3335 1947 ὠς
3365 1885 3398 1935 ό
3446 1883 3582 1950 ὄφις

2002 1971 2387 2041 ἐξηπάτησεν
2419 1973 2586 2027 Εὕαν
2621 1974 2691 2025 ὲν
2718 1971 2794 2041 τῇ
2830 1971 3162 2040 πανουργίᾳ
3191 1969 3396 2030 αὐτοῦ,
3429 1969 3582 2022 οὕτω

2000 2061 2199 2130 φθαρῇ
2226 2062 2297 2115 τὰ
2322 2061 2591 2130 νοήματα
2621 2060 2788 2130 ὑμῶν
2820 2061 2937 2114 ἀπὸ
2965 2059 3078 2126 τῆς
3104 2060 3445 2124 ἁπλότητος
3470 2055 3582 2124 τῆς

1999 2154 2086 2216 είς
2129 2152 2235 2205 τὸν
2271 2154 2551 2218 Χριστόν.
2609 2151 2891 2204 Τοσούτων
2923 2151 3102 2202 τοίνυν
3138 2148 3344 2218 μέλλων
3380 2147 3583 2201 διδόναι

2001 2243 2250 2308 εὐθύνας,
2280 2245 2420 2315 κάθῃ
2456 2244 2648 2310 γελῶν,
2680 2245 2774 2296 καὶ
2819 2243 3010 2296 ἀστεῖα
3041 2241 3233 2309 λέγων,
3279 2241 3370 2292 καὶ
3398 2241 3580 2309 τρυφῇ

2003 2337 2314 2407 προσέχων;
2349 2337 2448 2387 Ἂν
2486 2334 2594 2403 γὰρ
2635 2333 2709 2404 μὴ
2738 2333 2911 2385 ταῦτα
2941 2333 3170 2402 ποιήσω,
3205 2330 3396 2400 φησὶν,
3439 2329 3578 2381 ἀλλά

1999 2427 2274 2496 πενθήσω,
2303 2425 2356 2477 τί
2381 2425 2442 2477 τὸ
2469 2423 2690 2491 δφελος;
2722 2423 2990 2489 Μέγιστον
3028 2421 3124 2490 μὶν
3155 2416 3246 2471 οὖν
3270 2457 3285 2482 ,
3326 2420 3419 2472 καὶ
3448 2434 3577 2470 τοσ-

1995 2515 2151 2568 οῦτον
2216 2515 2339 2566 ὅσον
2401 2513 2520 2566 οὐδέ
2593 2511 2671 2582 τῷ
2721 2511 2864 2579 λόγῳ
2926 2512 3274 2580 παραστῆσαι
3331 2508 3574 2561 δυνατόν.

2008 2604 2133 2656 Ἐπὶ
2159 2602 2257 2674 μὲν
2295 2602 2403 2672 γάρ
2426 2601 2532 2654 τῶν
2555 2599 2754 2665 ἔξωθεν
2779 2600 3167 2668 δικαστηρίων,
3219 2597 3322 2649 ὅσα
3371 2597 3437 2650 ἂν
3480 2596 3575 2648 δα-

1995 2694 2223 2766 κρύσῃς,
2261 2695 2362 2746 οὐκ
2413 2693 2650 2763 ἐκφεύξῃ
2681 2692 2780 2761 τὴν
2830 2691 3054 2742 κόλασιν
3099 2688 3236 2758 μετά
3286 2687 3386 2757 τὴν
3437 2688 3576 2739 ἀπό-

1996 2802 2159 2854 φασιν
2186 2801 2199 2816 ο
2229 2783 2462 2836 ἐνταῦθα
2489 2783 2564 2844 δὲ,
2599 2783 2664 2835 ἂν
2706 2780 3016 2852 στυγνάσῃς
3050 2780 3230 2849 μόνον,
3259 2777 3454 2840 ἔλυσας
3475 2778 3575 2848 τὴν

1992 2875 2194 2946 ψῆφον,
2224 2875 2318 2928 καὶ
2349 2869 2677 2943 συγγνώμης
2735 2871 2849 2944 [98]
2896 2872 3225 2932 ἀπέλαυσας.
3280 2869 3378 2921 Διὰ
3417 2868 3577 2924 τοῦτο

1998 2965 2169 3019 πολλὰ
2201 2966 2329 3036 περὶ
2363 2963 2593 3024 πένθους
2625 2965 2756 3032 ἡμῖν
2793 2965 2822 3016 6
2859 2962 3091 3033 Χριστὸς
3119 2959 3445 3025 διαλέγεται,
3476 2958 3575 3012 καὶ

1996 3055 2288 3127 μακαρίζει
2342 3055 2467 3118 τοὺς
2527 3052 2900 3114 πενθοῦντας,
2965 3051 3060 3105 καὶ⁹
3115 3040 3390 3112 ταλανίζέι
3441 3049 3572 3112 τοὺς

1991 3143 2284 3214 γελῶντας.
2317 3143 2392 3195 Οὐ
2418 3143 2528 3213 γάρ
2574 3143 2690 3194 ἐστι
2720 3141 2781 3193 τὸ
2821 3140 3047 3212 θέατρον
3097 3139 3254 3192 τοῦτο
3309 3139 3570 3206 γέλωτος,

1989 3233 2109 3287 οὐδὲ
2131 3233 2217 3286 διά
2249 3233 2406 3284 τοῦτο
2432 3231 2787 3300 συνήλθομεν,
2820 3229 3422 3298 ἵναάνακαγχάζωμεν,
3456 3227 3571 3280 ἀλλ’

1993 3322 2080 3378 ῐνα
2116 3322 2458 3391 στενάζωμεν
2483 3321 2555 3386 ⁷⁸,
2591 3321 2684 3374 καὶ
2711 3312 2998 3387 βασιλείαν
3038 3320 3104 3371 ἐκ
3130 3318 3224 3371 τοῦ
3267 3316 3571 3391 στεναγμοῦ

1982 3409 2170 3461 τούτου
2219 3388 2735 3480 κληρονομήσωμεν.
2781 3407 2853 3460 Σὺ
2906 3406 2962 3458 δέ
3016 3406 3244 3474 βασιλεῖ·
3279 3410 3378 3478 μὲν
3426 3388 3568 3479 παρ-

1982 3497 2175 3560 εστὼς.
2194 3498 2314 3550 οὐδὲ
2345 3497 2530 3561 άπλῶς
2562 3497 2840 3566 μειδιᾶσαι
2865 3497 3053 3566 ἀνέχῃο
3084 3497 3176 3550 τὸν
3199 3498 3254 3550 δὲ
3284 3498 3568 3567 τῶνάγγέ-

1981 3586 2086 3640 λων
2119 3587 2393 3658 Δεσπότην
2422 3587 2560 3657 έχων
2587 3587 2792 3640 ἔνοικον
2824 3587 2922 3655 οὐχ
2943 3587 3179 3657 ἐστηκας
3207 3589 3342 3656 μετά
3363 3589 3567 3658 τρόμου

1983 3678 2078 3730 καὶ
2124 3678 2167 3708 ⁷⁸
2210 3677 2562 3748 σωφροσύνης
2612 3677 2714 3744 τῆς
2762 3675 3166 3746 προσηκούσης,
3204 3677 3340 3730 ἀλλά
3376 3678 3565 3748 γελᾷς.

1982 3767 2149 3820 αὐτοῦ
2189 3767 2445 3828 πολλάκις
2482 3766 2837 3836 ὀργιζομένου
2857 3782 2870 3830 ;
2895 3767 2987 3818 καὶ
3009 3767 3108 3818 οὐκ
3127 3768 3330 3830 ἐννοεῖς
3356 3769 3437 3820 δτι
3460 3769 3570 3820 τῶν

1983 3858 2394 3929 ἁμαρτημάτων
2417 3857 2590 3928 ταύτῃ
2628 3856 2890 3926 μειζόνως
2909 3855 3236 3928 παροξύνεις
3263 3858 3460 3922 αὐτόν;
3489 3858 3568 3914 Οὐ

1983 3949 2092 4020 γὰρ
2143 3949 2286 4002 οὓτω
2335 3948 2462 4013 τούς
2512 3947 2949 4018 ἁμαρτάνοντας,
2997 3946 3072 4010 ὡς
3121 3948 3247 4010 τούς
3301 3946 3440 4017 μετά
3469 3947 3572 4018 τὴν

1983 4041 2257 4109 ἁμαρτίαν
2289 4038 2363 4108 μὴ
2386 4024 2839 4106 συστελλομένους
2865 4037 3303 4106 ἀποστρέφεσθαι
3326 4037 3515 4090 εῐωθεν
3542 4040 3573 4090 6

1984 4129 2134 4192 Θεὸς.
2174 4129 2311 4181 Ἀλλ’
2345 4130 2493 4198 ὅμως
2515 4126 2688 4190 οὕτως
2716 4127 2854 4179 εἰσὶν
2883 4125 3225 4198 ἀναισθήτως
3257 4127 3404 4190 τινὲς
3450 4127 3573 4181 δια-

1985 4220 2252 4289 κείμενοι.
2280 4219 2355 4281 ὡς
2379 4219 2473 4272 καὶ
2510 4218 2650 4287 μετά
2673 4215 2848 4270 ταῦτα
2873 4217 2942 4270 τά
2969 4219 3192 4288 ῥήματα
3213 4219 3420 4286 λέγειν’
3445 4217 3572 4288 ἐμοὶ

1984 4313 2042 4366 δὲ
2075 4311 2149 4382 μὴ
2180 4311 2389 4377 γένοιτο
2436 4308 2700 4379 δακρῦσαί
2752 4325 2918 4371 ποτε,
2961 4309 3100 4360 ἀλλὰ
3133 4308 3245 4380 δῴη
3281 4326 3370 4379 μοι
3401 4309 3571 4380 γελᾷν

1987 4402 2081 4456 καὶ
2109 4401 2374 4464 παίζειν-ό
2402 4399 2535 4462 Θεὸς
2566 4399 2742 4452 πάντα
2769 4399 2860 4452 τὸν
2890 4399 3101 4469 χρόνον.
3135 4401 3246 4453 Καὶ
3275 4400 3328 4452 τί
3361 4399 3572 4470 ταύτης

1986 4495 2085 4561 τῆς
2115 4491 2351 4552 διανοίας
2381 4488 2772 4560 παιδικώτερον
2801 4491 2996 4558 γένοιτ’
3028 4492 3123 4556 άν;
3164 4493 3226 4545 οὐ
3259 4489 3368 4563 γὰρ
3388 4495 3416 4546 6
3440 4491 3573 4557 Θεὸς

1988 4582 2171 4634 δίδωσι
2229 4581 2463 4645 παίζειν,
2514 4581 2628 4634 ἀλλ’
2655 4583 2685 4634 6
2721 4581 2985 4646 διάϐολος.
3026 4585 3291 4636 ’Δκουσον
3338 4583 3488 4652 γοῦν.
3523 4585 3573 4637 οί

1988 4673 2273 4737 παίζοντες
2321 4672 2374 4724 τί
2434 4671 2667 4724 ἕπαθον’
2722 4673 3033 4737 Ἐκάθισε,
3092 4674 3278 4744 φησιν,
3330 4678 3362 4728 ό
3422 4675 3576 4740 λαὸς

1988 4762 2202 4831 φαγεῖν
2232 4762 2331 4817 καὶ
2353 4761 2531 4824 πιεῖν,
2566 4761 2667 4816 καὶ
2692 4761 3046 4830 ἀνέστησαν
3065 4765 3312 4824 παίζειν.
3331 4764 3575 4819 Τοιοῦτοι

1987 4849 2126 4924 ἦσαν
2164 4856 2211 4906 οί
2253 4854 2310 4904 ἐν
2339 4852 2612 4922 Σοδόμοις,
2659 4852 2892 4907 τοιοῦτοι
2937 4857 2992 4908 ot
3046 4856 3142 4909 ἐπὶ
3172 4856 3266 4909 τοῦ
3297 4856 3577 4910 κατακλυ-

1992 4945 2148 5015 σμοῦ.
2207 4944 2316 4998 Καὶ¹
2357 4945 2466 5017 γὰρ
2513 4946 2608 4998 καὶ
2663 4946 2795 5015 περὶ
2837 4947 3064 5000 ἐκείνων
3112 4949 3296 5018 φησὶν,
3326 4949 3457 5001 Ὀτι
3507 4947 3580 5000 ἐν

1991 5037 2390 5106 ὑπερηφανίᾳ,
2421 5035 2520 5089 καὶ
2550 5037 2620 5089 ἐν
2651 5037 2979 5103 εὐθηνίαις,
3013 5037 3110 5091 καί
3143 5038 3214 5091 ἐν
3249 5036 3581 5106 πλησμονῇ

1992 5127 2186 5196 ἄρτων
2220 5127 2596 5181 ἐσπατάλων.
2632 5127 2739 5180 Καὶ
2771 5127 2819 5179 οἱ
2847 5129 2988 5182 κατὰ
3030 5127 3121 5182 τὸν
3147 5129 3271 5182 Νῶε
3306 5129 3457 5192 δντες
3483 5128 3580 5199 τὴν

1996 5219 2226 5274 κιϐωτὸν
2255 5219 2348 5271 ἐπὶ
2377 5219 2651 5280 τοσούτοις
2673 5219 2719 5249 ⁷⁸
2749 5218 2982 5288 δρῶντες
3027 5218 3582 5290 κατασκευαζομένην

1999 5309 2521 5380 ἐτεσιν,ἀναλγήτως
2545 5307 2916 5377 εὐφραίνοντο,
2951 5310 3115 5380 μηδὲν
3139 5311 3250 5365 τῶν
3277 5311 3582 5381 μελλόντων

2003 5398 2397 5469 προορώμενοι.
2434 5398 2530 5450 Διά
2580 5395 2738 5450 τοῦτο
2793 5399 2886 5450 καὶ
2930 5399 3136 5464 πάντας
3181 5400 3376 5463 αὐτοὺς
3425 5401 3586 5452 ἐπελ-

1997 5489 2107 5542 θὼν
2148 5490 2456 5558 παρέσυρεν
2504 5491 2531 5542 6
2577 5490 2980 5560 κατακλυσμὸς,
3018 5490 3112 5543 καὶ
3152 5490 3216 5545 τὸ
3258 5491 3438 5544 κοινὸν
3485 5491 3586 5560 τῆς

1998 5581 2318 5650 οἰκουμένης
2346 5580 2602 5647 ναυάγιον
2632 5581 2755 5634 τότε
2787 5582 3105 5653 εἰργάσατο.

2071 5671 2137 5736 ζ’.
2177 5671 2270 5741 Μὴ
2295 5671 2473 5725 τοίνυν
2502 5671 2643 5724 αἴτει
2672 5673 2822 5743 παρὰ
2849 5671 2945 5724 τοῦ
2973 5671 3110 5725 Θεοῦ
3137 5671 3332 5737 ταῦτα,
3365 5671 3403 5726 ά
3433 5671 3587 5741 παρά

305 5851 357 5884 ι.
385 5778 898 5884 ἒζὲξὶῆῖέρὲῖἷῆξ.
925 5782 1039 5884 ι’ὶηο
1065 5783 1252 5884 Rem“
1272 5787 1324 5884 ζ’
1354 5783 1566 5884 ἐτίουιξ]
1587 5788 1892 5884 add-3‘33?

1996 5789 2117 5884 9:9
2193 5790 2433 5884 “333er
2456 5792 2638 5884 διάειξτε
2667 5866 2681 5884 .
2715 5795 2763 5826 ’⁸
2795 5794 3581 5884 ’ἑκασξοςΙεάἀ;ήειιτ.ιν.ίέάεειξε

390 5849 596 5933 ἀγαθὰ]
627 5849 987 5933 τάάγαθυάιρ.
1271 5859 1328 5933 ἐν
1354 5849 1478 5933 Silv.
1506 5849 1634 5933 Βὲῃ.
1658 5858 2151 5933 --ξξούδεξςῖῗτοῦτο
2173 5849 2348 5933 οὐδεῖς
2377 5862 2439 5918 1).
2465 5863 2524 5916 Ε.
2543 5864 2719 5933 οὐδεὶς
2742 5864 2898 5933 τοῦτο
2927 5865 2988 5920 F.
3008 5849 3050 5868 ’³
3066 5866 3112 5898 ⁸³
3134 5849 3286 5933 ἇοτὲ]

303 5927 378 6007 ει.
393 5922 518 6007 ξηόκ
534 5921 682 6007 ,περὶ
703 5921 1033 6007 αὐτοῦ’-(ὴῇ
1048 5921 1132 6007 ξ.)
1155 5921 1499 6007 .vAanI.
1527 6000 1538 6007 _
1576 5924 1622 5958 “
1649 5925 1809 6007 ἀλλά]
1836 5929 1897 5981 ἀλ

1996 5929 2129 6007 1F;
2187 5932 2234 6007 ξ
2261 5921 2629 6007 ⁸ιιιαρίσωςασθαι
2789 5932 2834 5965 ⁸⁸
2863 5931 2938 6007 ὧν
2964 5921 3335 6007 om.A.B.C'.7
3361 5921 3582 6007 λίμουῙ

304 5989 438 6061 add.
469 5988 563 6061 τοῦ
594 5988 652 6044 ἐν
680 5990 928 6061 οὐρανοῖς
958 5988 1124 6048 ΕΜ(
1197 5995 1241 6026 ⁸⁸
1265 5989 1339 6050 ὧν
1369 6012 1476 6051 om.
1512 6000 1574 6052 A.

1676 6000 1721 6033 ⁶⁹
1751 5993 1826 6053 ὧν
1857 6014 1966 6052 om.
1997 5993 2064 6054 Ἀ.
2092 6001 2152 6055 Β.
2187 6001 2246 6056 C.
2282 6001 2344 6055 D.

304 6059 424 6129 καὶ]
456 6059 667 6130 τρέμων
701 6059 796 6116 καὶ
829 6063 964 6132 μετά
990 6065 1191 6135 τρόμου
1224 6066 1390 6140 Edd.]
1423 6068 1586 6138 φόϐου
1619 6066 1680 6126 F.
1759 6071 1801 6102 ⁷³
1837 6070 1925 6122 ἐπὶ
1961 6071 2247 6137 τοσούτοις.
2281 6114 2291 6125 .
2322 6113 2329 6125 .
2369 6073 2447 6125 ἒές

2445 6004 2490 6034 ⁷ο
2534 6002 2876 6078 ατενάξωμεν
2909 6005 2967 6060 Β.
2996 6005 3059 6060 C.
3135 6007 3181 6078 ’ἦ
3219 6002 3582 6078 μετάντρόμου

2465 6072 2565 6145 τίη]
2594 6076 2682 6127 ἐπὶ
2721 6072 3057 6133 τοσοῦτον...
3088 6072 3275 6148 χρόνον
3307 6072 3440 6133 ΕΜ.
