4082 6500
361 460 419 515 71
1551 455 1613 510 lN
1653 448 2057 508 ΜᾹΤΤΙΙᾸΞῊΜ
2097 448 2324 504 HOMIL.
2367 450 2451 507 Vl.
3545 443 3616 499 Ἠ

349 571 641 626 contritum
690 581 743 625 et
797 570 1163 630 humiliatum,
1216 570 1449 624 animum
1498 569 1747 638 vigilem,
1808 579 1942 623 tem-

353 672 632 727 perantem
656 701 672 725 ,
706 662 1062 715 continentem
1083 700 1097 726 ,
1132 661 1474 729 pmnitcntem
1497 701 1509 721 ,
1537 668 1935 728 compunctum.

349 750 474 804 ηερε
523 752 667 805 illius
701 751 838 805 dona
886 760 1038 816 sunt,
1082 753 1199 819 quia
1259 752 1364 805 illis
1409 752 1740 820 potissimum
1799 749 1942 803 indi-

346 853 561 908 gemus.
617 841 896 894 Certamen
944 841 1084 895 enim
1125 839 1365 894 imminet
1412 855 1607 908 grave,
1654 847 1708 894 et
1753 839 1941 891 adver-

346 945 440 983 sus
487 930 784 985 invisibiles
833 940 1120 999 potestates
1149 931 1288 984 lucta
1327 930 1479 985 nobis
1522 940 1637 994 est,
1684 928 1939 982 adversus

346 1020 646 1085 spiritualia
691 1021 942 1087 nequitia:
971 1034 1177 1088 pugna,
1227 1019 1480 1072 adversus
1518 1019 1843 1087 principatus
1887 1028 1940 1070 et

346 1118 642 1177 potestates
671 1109 868 1164 bellum
909 1109 1135 1177 (Ep/tes.
1168 1108 1218 1163 6.
1253 1107 1355 1178 19.)
1387 1126 1400 1161 :
1431 1117 1588 1176 atque
1629 1108 1828 1160 utinam
1861 1107 1959 1160 di-.

344 1199 576 1267 ligenter
620 1209 868 1268 agentes,
913 1199 1099 1267 vigiles
1127 1207 1182 1251 et
1219 1199 1500 1264 concitati,
1544 1199 1807 1267 possimus
1840 1199 1940 1251 hoc

343 1287 519 1342 ferum
552 1304 738 1358 agmen
765 1288 1049 1343 sustinere.
1073 1288 1130 1342 Si
1158 1303 1284 1340 vero
1309 1273 1576 1340 rideamus
1594 1297 1646 1340 et
1673 1288 1935 1352 ludamus,

344 1391 405 1431 ac
426 1392 648 1447 semper
670 1378 923 1430 socordes
953 1379 1118 1430 simus
1138 1417 1153 1442 ,
1184 1378 1340 1431 etiam
1371 1387 1496 1430 ante
1531 1375 1833 1430 conﬂictum
1873 1391 1937 1430 ex

345 1467 566 1535 propria
595 1467 819 1536 segnitie
847 1466 1209 1520 concidemus.
1243 1465 1358 1520 Non
1385 1475 1627 1519 nostrum
1655 1466 1829 1536 itaque
1859 1475 1940 1520 est

345 1566 607 1624 perpetuo
629 1556 823 1621 ridere,
847 1554 1082 1609 deliciari
1111 1566 1162 1608 ct
1183 1555 1451 1610 convivari
1475 1574 1488 1620 ;
1519 1557 1612 1609 sed
1641 1571 1824 1609 eorum
1847 1557 1938 1625 qui

343 1647 396 1701 in
429 1661 590 1701 scena
631 1647 846 1713 ludunt,
894 1648 1268 1707 meretricum,
1309 1648 1541 1699 virorum
1586 1651 1674 1716 qui
1720 1647 1785 1699 ad
1819 1647 1938 1699 talia

341 1743 469 1789 sunt
518 1735 737 1803 depilati
757 1777 772 1801 ,
803 1736 1154 1803 parasitorum
1177 1775 1190 1796 ,
1223 1734 1555 1788 adulatorum
1584 1753 1596 1787 τ
1628 1751 1731 1788 non
1761 1745 1941 1789 autem

342 1838 533 1875 eorum
574 1823 662 1891 qui
689 1821 754 1876 ad
784 1823 974 1877 caelum
1004 1825 1170 1877 vocati
1201 1834 1358 1890 sunt,
1401 1839 1505 1877 non
1535 1839 1718 1878 eorum
1756 1825 1842 1893 qui
1888 1827 1937 1877 in

343 1927 581 1980 superna
611 1913 822 1966 civitate
851 1921 974 1967 sunt
1001 1912 1287 1981 descripti,
1318 1929 1420 1967 non
1453 1928 1635 1968 eorum
1663 1916 1749 1983 qui
1777 1917 1941 1969 armis

343 2004 718 2072 spiritualibus
760 2014 883 2058 sunt
921 2005 1194 2070 instructi,
1237 2005 1332 2058 sed
1372 2020 1555 2060 eorum
1597 2007 1685 2074 qui
1728 1997 1940 2060 diabolo

342 2103 468 2148 sunt
497 2093 710 2148 initiati.
741 2093 833 2149 Ille
862 2109 1089 2164 namque
1119 2104 1228 2157 est,
1273 2095 1362 2150 ille
1395 2095 1483 2163 qui
1515 2096 1612 2149 hac
1640 2105 1784 2160 arte,
1839 2096 1939 2149 hoc

341 2199 508 2252 opere
542 2195 766 2238 conatur
794 2184 991 2239 Christi
1036 2186 1230 2239 milites
1267 2184 1580 2249 debilitare,
1622 2188 1940 2256 illorumqne

340 2276 506 2328 animi
540 2275 814 2329 molliores
845 2291 1038 2329 nervos
1071 2276 1299 2330 el'licere.
1335 2277 1455 2329 Ideo
1485 2278 1690 2332 theatra
1722 2280 1772 2331 in
1799 2280 1941 2331 urbi-

343 2365 442 2418 bus
482 2365 707 2425 struxit,
740 2375 792 2418 et
831 2367 1023 2420 mimos
1064 2365 1183 2419 illos
1209 2381 1499 2430 exercens,
1538 2369 1748 2422 illorum
1776 2385 1938 2439 opera

341 2463 530 2507 contra
571 2463 735 2508 totam
775 2455 1040 2508 civitatem
1077 2454 1214 2509 hanc
1254 2466 1455 2525 pestem
1498 2460 1694 2511 excitat
1735 2479 1748 2513 :
1781 2475 1938 2528 quam

342 2545 528 2613 fugere
586 2545 780 2598 Paulus
829 2541 985 2612 jussit
1028 2544 1256 2614 (Ephes.
1296 2546 1348 2599 5.
1389 2547 1494 2614 4),
1551 2548 1938 2617 stultiloquium

342 2649 538 2702 nempe
576 2643 630 2688 et
654 2634 1063 2694 scurrilitatem;
1108 2651 1224 2704 qua:
1269 2645 1443 2688 autem
1486 2637 1939 2692 horumomnium

341 2724 656 2793 gravissima
686 2723 824 2777 risus
855 2723 993 2777 illius
1030 2725 1240 2778 occasio
1277 2734 1378 2780 est.
1408 2725 1630 2787 Quando
1664 2727 1937 2796 quidpiam

342 2830 435 2874 aut
460 2820 832 2888 blasphemum
849 2830 940 2874 aut
960 2829 1112 2889 turpe
1135 2831 1272 2874 inter
1289 2819 1507 2875 ridicula
1526 2824 1671 2876 mimi
1693 2822 1940 2884 dixerint,

346 2918 472 2963 tunc
501 2923 570 2963 ex
611 2909 1067 2978 insipientioribus
1097 2912 1309 2978 quidam
1351 2913 1528 2966 rident
1564 2922 1618 2967 et
1658 2913 1943 2976 laatantur;

345 3014 467 3053 cum
501 2999 769 3069 lapidibus
794 3002 938 3070 ipsos
968 3003 1226 3070 impetere
1255 3011 1561 3071 oporteret,
1588 3005 1844 3074 plaudunt
1871 3003 1944 3056 illi

347 3108 512 3162 super
557 3093 675 3158 his,
718 3101 773 3147 et
816 3108 912 3161 per
953 3093 1090 3147 hanc
1129 3094 1453 3161 voluptatem
1495 3095 1761 3148 caminum
1808 3093 1945 3162 ignis

347 3192 535 3236 contra
569 3192 729 3252 caput
756 3199 908 3236 suum
950 3185 1241 3237 attrahunt.
1271 3184 1402 3237 Nam
1434 3185 1522 3251 qui
1558 3185 1677 3235 talia
1709 3184 1947 3236 dicentes

351 3269 600 3335 laudant,
634 3272 668 3325 ii
695 3282 819 3324 sunt
841 3272 931 3340 qui
962 3271 1193 3324 maxime
1222 3271 1270 3324 id
1297 3271 1478 3325 dicere
1505 3271 1731 3323 suadent
1762 3289 1774 3322 :
1801 3272 1944 3323 idco-

344 3377 450 3432 que
479 3364 747 3432 supplicio
773 3363 894 3418 huic
930 3363 1151 3418 facinori
1182 3363 1366 3418 debito
1399 3363 1694 3430 justissime
1727 3363 1944 3416 obnoxii

346 3464 526 3509 erunt.
564 3455 776 3508 Etenim
802 3455 848 3509 si
877 3456 1058 3508 nullus
1081 3466 1221 3510 esset
1261 3442 1550 3522 spectator,
1596 3456 1771 3508 nullus
1819 3471 1945 3524 pro-

349 3542 491 3598 diret
534 3544 726 3598 histrio
767 3559 780 3598 :
823 3559 942 3597 cum
981 3558 1157 3598 autem
1195 3559 1292 3598 vos
1322 3544 1500 3598 vident
1529 3553 1581 3598 et
1625 3545 1865 3599 officinas
1897 3553 1951 3599 ct

348 3644 533 3700 artes,
589 3645 642 3690 et
689 3646 947 3703 quaestum
994 3636 1117 3689 hinc
1162 3636 1593 3703 provenientem,
1640 3646 1798 3706 atque
1844 3653 1949 3689 uno

347 3725 522 3780 verbo
552 3726 731 3778 omnia
761 3725 1060 3794 relinquere
1080 3765 1094 3786 ,
1125 3734 1182 3777 ut
1206 3725 1270 3778 ad
1300 3725 1414 3778 haec
1436 3727 1738 3793 spectacula
1767 3740 1950 3780 accur-

346 3815 477 3869 ratis
506 3855 521 3880 ,
555 3815 744 3883 majori
775 3814 1048 3868 alacritate
1089 3822 1248 3883 atque
1290 3814 1464 3868 studio
1495 3814 1576 3867 his
1603 3829 1818 3882 operam
1849 3814 1946 3866 ad-

347 3904 559 3960 hibent.
595 3903 705 3958 Hoc
735 3913 909 3958 autem
938 3905 1058 3959 dico
1081 3945 1095 3969 ,
1136 3920 1241 3958 non
1269 3915 1329 3958 ut
1369 3906 1490 3959 illos
1515 3920 1544 3959 a
1573 3906 1798 3960 crimine
1826 3906 1946 3958 vin-

346 3997 566 4062 dicem;
595 3997 688 4050 sed
710 4005 765 4050 ut
782 3996 998 4050 discatis
1019 4011 1113 4050 vos
1139 4011 1256 4051 esse
1275 3998 1362 4066 qui
1383 3997 1681 4066 hujusmodi
1701 3997 1949 4066 nequitias

347 4086 678 4156 principium
700 4095 753 4140 et
773 4086 1004 4140 radicem
1027 4087 1470 4154 subministratis,
1502 4088 1590 4156 qui
1615 4098 1776 4140 totam
1807 4087 1947 4142 diem
1970 4074 1976 4080 ’

351 4178 436 4232 his
469 4178 531 4232 in
561 4176 721 4231 rebus
749 4178 1035 4243 insumitis,
1067 4178 1346 4233 honestum
1376 4179 1604 4247 conjugii
1629 4188 1820 4232 statum
1847 4189 1949 4232 tra-

347 4269 653 4331 ducentes,
713 4264 780 4319 'ct
835 4267 1143 4336 mysterium
1209 4283 1459 4336 magnum
1513 4268 1943 4322 dehonestantes.

348 4356 546 4427 Neque
574 4356 713 4410 enim
746 4357 932 4411 histrio
962 4358 1052 4412 ille
1082 4360 1150 4411 ita
1178 4357 1466 4426 delinquit,
1495 4368 1552 4410 ut
1593 4368 1675 4421 tu,
1719 4360 1806 4427 qui
1841 4353 1951 4414 hare

347 4448 464 4504 fieri
511 4447 702 4514 jubes;
743 4447 851 4500 imo
882 4463 979 4502 nec
1013 4448 1172 4515 jubes
1203 4449 1399 4515 modo,
1441 4447 1535 4503 sed
1580 4448 1738 4502 etiam
1770 4463 1950 4505 curam

347 4537 613 4601 adhibes,
644 4537 842 4592 laetaris
857 4538 1047 4604 ,rides
1067 4579 1080 4602 ,
1125 4540 1416 4606 laudasque
1447 4539 1751 4606 hujusmodi
1794 4555 1949 4607 spec«

350 4630 533 4685 tacula
555 4671 570 4692 ,
618 4630 870 4699 omnique
901 4629 1059 4684 modo
1087 4630 1222 4685 hanc
1259 4630 1406 4684 foves
1435 4630 1736 4684 daemonum
1777 4629 1950 4683 ofﬁci-

353 4737 513 4776 nam.
541 4719 868 4786 Quibusnam
890 4759 904 4785 ,
936 4735 1118 4790 quaeso
1137 4763 1152 4784 ,
1191 4720 1358 4774 oculis
1386 4735 1605 4774 uxorem
1635 4731 1776 4774 tuam
1808 4720 1950 4772 domi

351 4821 547 4882 postea
573 4810 810 4877 videbis,
839 4826 995 4880 quam
1020 4811 1090 4865 ibi
1118 4810 1291 4864 vidisti
1323 4810 1642 4865 contumelia
1671 4809 1952 4863 affectam?

354 4901 633 4972 quomodo
655 4915 762 4955 non
791 4901 1062 4956 erubescis
1089 4901 1213 4956 dum
1239 4901 1479 4970 conjugis
1501 4909 1603 4955 tute
1630 4883 1954 4967 recordaris,

351 5009 478 5048 cum
511 4993 579 5048 ibi
610 5007 803 5046 sexum
832 4993 948 5059 ejus
972 4993 1310 5047 dehonestari
1341 4992 1575 5046 videris?

425 5083 481 5139 8.
524 5081 602 5136 Ne
629 5081 756 5135 mihi
784 5081 1004 5144 dixeris,
1031 5099 1143 5138 rem
1173 5084 1475 5138 simulatam
1504 5092 1558 5137 et
1585 5083 1946 5138 histrionicam

354 5171 471 5228 bmc
497 5189 620 5230 esse
652 5191 665 5226 :
702 5173 819 5228 lucc
847 5171 989 5234 enim
1021 5174 1328 5230 histrionica
1361 5174 1555 5229 multos
1593 5174 1767 5230 effecit
1797 5176 1949 5229 adul-

2049 569 2228 623 teros,
2272 559 2570 626 multasque
2610 555 2836 611 familias
2874 557 3086 612 evertit.
3126 556 3356 623 Ideoque
3396 558 3630 610 maxime

2044 666 2220 720 gemo,
2250 651 2389 719 quod
2423 650 2551 703 illud
2579 665 2645 703 ne
2668 651 2862 703 malum
2889 650 3105 720 quidem
3137 650 3286 703 vobis
3311 665 3430 703 esse
3453 649 3633 702 videa-

2045 750 2150 806 tur,
2182 741 2275 795 sed
2319 741 2570 809 plausus,
2613 741 2833 806 clamor,
2877 744 3016 794 risus
3057 742 3253 794 multus
3290 741 3629 801 adhibeatur,

2042 831 2169 884 dum
2201 830 2447 885 adulterii
2476 831 2774 900 hujnsmodi
2801 832 3159 900 spectaculum
3191 831 3382 885 offerre
3407 830 3625 884 audent.

2042 924 2177 988 Quid
2209 925 2344 980 dicis
2372 941 2432 980 ea
2468 940 2587 979 esse
2630 926 2991 979 histrionicam
3030 925 3464 979 simulationem?
3506 924 3629 977 Ideo

2041 1016 2114 1069 illi
2146 1019 2412 1071 sexcentis
2439 1017 2712 1086 suppliciis
2742 1016 2884 1085 digiti
2927 1026 3084 1079 sunt,
3125 1015 3376 1084 quoniam
3417 1029 3477 1067 ea
3509 1029 3630 1081 quae

2042 1104 2186 1172 leges
2226 1121 2412 1160 omnes
2451 1109 2617 1160 vitare
2653 1107 2876 1172 jubeut,
2922 1107 3106 1160 eadem
3149 1107 3246 1174 ipsi
3279 1106 3470 1158 imitari
3511 1114 3628 1156 stu-

2041 1193 2189 1247 dent.
2221 1194 2352 1247 Nam
2374 1197 2416 1248 si
2447 1195 2640 1248 malum
2663 1204 2744 1248 est
2765 1195 2912 1260 illud,
2940 1197 3056 1262 ejus
3082 1204 3162 1247 est
3190 1210 3397 1262 quoque
3427 1210 3628 1261 reprac-

2040 1285 2268 1338 sentatio
2299 1287 2458 1337 mula.
2493 1286 2734 1339 Nondum
2764 1286 2904 1350 dico,
2937 1296 3067 1353 quot
3097 1286 3366 1338 adulteros
3394 1285 3631 1338 efficiant

2041 1373 2345 1428 histrionica
2375 1374 2676 1444 hujusmodi
2705 1375 2951 1428 adulterii
2981 1376 3279 1444 speetacula
3304 1416 3316 1440 ,
3343 1390 3501 1440 quam
3533 1389 3628 1441 pe-

2039 1464 2270 1519 tulantes
2317 1467 2757 1536 impudentesque
2800 1465 3033 1520 efficiant
3079 1477 3439 1534 Spectatores;
3500 1466 3627 1519 nihil

2038 1556 2178 1609 enim
2225 1556 2504 1618 lascivius,
2555 1556 2684 1622 nihil
2727 1558 3050 1625 petulantius
3087 1557 3273 1622 oculo,
3315 1558 3402 1625 qui
3447 1557 3630 1624 hujus-

2039 1645 2184 1699 modi
2229 1647 2530 1715 spectacula
2557 1647 2703 1716 ferre
2736 1649 2920 1716 possit.
2968 1647 3045 1700 Tu
3089 1662 3220 1701 vero
3262 1648 3310 1700 in
3355 1647 3468 1700 foro
3510 1648 3630 1715 qui-

2037 1737 2158 1789 dem
2179 1737 2373 1790 nudam
2389 1738 2662 1790 mulierem
2683 1738 2924 1805 aspicere
2945 1739 3080 1790 nolis
3099 1753 3113 1799 ;
3135 1737 3242 1789 imo
3262 1753 3430 1802 neque
3443 1738 3586 1791 domi
3612 1757 3625 1790 :

2037 1842 2149 1881 rem
2172 1828 2311 1881 enim
2335 1826 2636 1896 hujusmodi
2663 1829 3037 1882 contumeliam
3062 1841 3218 1880 vocas
3245 1844 3257 1878 :
3287 1827 3336 1879 in
3362 1827 3626 1880 theatrum

2040 1929 2212 1972 tamen
2243 1920 2522 1981 ascendis,
2563 1928 2618 1974 ut
2656 1935 2938 1975 commune
2963 1935 3130 1986 genus
3170 1921 3402 1973 virorum
3441 1920 3628 1972 muliu-

2038 2024 2261 2077 rnmque
2285 2011 2604 2064 contumelia
2632 2011 2857 2073 afﬁcias,
2885 2012 3172 2079 oculosque
3197 2020 3312 2064 tuos
3338 2009 3627 2076 deturpes?

2037 2101 2113 2154 Ne
2144 2102 2269 2155 mihi
2302 2102 2502 2156 dixeris
2533 2103 2810 2156 mulierem
2843 2102 2983 2155 illam
3024 2102 3218 2155 nudam
3240 2143 3255 2167 ,
3292 2117 3411 2156 esse
3450 2116 3626 2155 mere-

2039 2195 2254 2260 tricem;
2288 2197 2467 2264 utique
2499 2195 2637 2249 idem
2671 2196 2786 2263 ipse
2813 2209 2991 2256 sexus,
3024 2194 3162 2247 idem
3189 2209 3384 2260 corpus
3410 2205 3484 2246 est
3516 2210 3626 2246 mev

2032 2284 2244 2338 retricis
2282 2295 2336 2338 et
2368 2286 2566 2339 liberm.
2591 2284 2644 2340 Si
2677 2287 2818 2339 enim
2841 2285 3080 2338 obscoeni
3110 2284 3238 2337 nihil
3264 2299 3325 2336 ea
3360 2284 3409 2336 in
3439 2299 3495 2336 re
3520 2293 3623 2343 est,

2037 2388 2133 2427 cur
2159 2389 2280 2428 cum
2313 2376 2363 2426 in
2395 2374 2512 2427 foro
2534 2376 2721 2428 eadem
2749 2376 2861 2444 ipsa
2884 2375 3081 2429 videris
3102 2416 3114 2437 ,
3140 2375 3317 2427 statim
3348 2374 3540 2437 resilis,
3572 2384 3628 2427 et

2038 2462 2450 2517 inverecundam
2489 2463 2753 2533 depellis?
2786 2479 2855 2519 an
2884 2481 3004 2518 cum
3036 2465 3284 2532 disjuncli
3315 2479 3531 2528 sumus,
3572 2463 3625 2516 id

2035 2556 2347 2610 obscoenum
2378 2565 2492 2618 est;
2521 2571 2640 2610 cum
2672 2565 2850 2610 autem
2877 2557 3179 2626 congregati
3209 2571 3310 2609 una
3338 2555 3586 2609 sedemus
3606 2595 3624 2619 ,

2037 2659 2139 2698 non
2171 2644 2390 2713 perinde
2417 2655 2570 2713 turpe
2601 2646 2722 2699 est?
2755 2645 2949 2699 Verum
2985 2646 3085 2698 hoc
3125 2645 3405 2700 ridiculum
3443 2658 3506 2696 ac
3534 2643 3627 2696 de-

2033 2737 2198 2791 decus
2222 2745 2303 2791 est
2322 2777 2336 2801 ,
2366 2745 2420 2791 et
2447 2737 2561 2790 lure
2591 2737 2751 2798 verba
2778 2746 3071 2791 extremam
3104 2752 3212 2805 prae
3241 2752 3300 2789 se
3329 2736 3506 2790 ferunt
3531 2735 3626 2787 de-

2034 2828 2286 2882 mentiam
2331 2845 2345 2880 :
2388 2827 2685 2896 meliusque
2729 2835 2871 2881 esset
2909 2841 3068 2881 coeno
3096 2838 3253 2896 atque
3293 2827 3406 2880 luto
3439 2827 3624 2879 oculos

2031 2923 2303 2987 oblinere,
2334 2938 2488 2991 quam
2523 2923 2591 2976 ita
2623 2922 2816 2977 foedam
2845 2932 2897 2975 et
2929 2921 3162 2990 iniquam
3194 2936 3308 2975 rem
3351 2929 3618 2988 spectare.

2032 3013 2214 3082 Neque
2243 3013 2384 3067 enim
2414 3020 2617 3067 tantum
2645 3013 2824 3064 damni
2852 3012 3008 3065 oculo
3036 3010 3195 3062 infert
3219 3009 3386 3062 lutum
3405 3049 3420 3073 ,
3447 3022 3622 3076 quan-

2034 3112 2143 3154 tum
2173 3102 2399 3155 lascivus
2428 3111 2675 3170 aspectus
2701 3111 2755 3154 et
2781 3101 2936 3153 nudae
2970 3099 3208 3152 mulieris
3234 3099 3620 3165 spectaculum.

2032 3192 2170 3244 Audi
2204 3193 2362 3259 igitur
2392 3193 2518 3259 quid
2549 3192 2838 3244 nuditatem
2869 3190 2938 3244 ab
2968 3189 3120 3242 initio
3148 3188 3350 3250 fecerit,
3381 3199 3430 3242 et
3464 3198 3625 3242 tanta)

2035 3271 2375 3350 turpitudinis
2402 3283 2659 3335 rationem
2682 3289 2883 3334 metue.
2912 3278 3047 3345 Quid
3080 3294 3207 3347 ergo
3232 3279 3523 3332 nuditatem
3549 3279 3624 3330 ef-

2035 3371 2193 3426 fecit?
2225 3372 2584 3425 Inobedientia
2619 3381 2673 3424 et
2705 3371 2899 3424 diaboli
2942 3371 3169 3422 insidize.
3215 3370 3303 3423 Sic
3341 3370 3451 3436 jam
3495 3369 3621 3421 olim

2034 3475 2087 3517 et
2114 3465 2182 3517 ab
2210 3463 2358 3517 initio
2386 3462 2487 3516 hoc
2515 3461 2629 3531 ejus
2655 3461 2749 3515 fuit
2777 3460 3032 3516 studium.
3066 3461 3257 3514 Verum
3290 3461 3406 3513 illos
3432 3460 3624 3514 saltem

2036 3553 2268 3623 pudebat
2292 3552 2433 3621 quod
2461 3551 2584 3608 nudi
2615 3559 2795 3606 essent
2822 3567 2837 3607 :
2871 3566 2965 3604 vos
2995 3559 3171 3603 autem
3197 3549 3246 3602 id
3268 3549 3446 3604 decori
3477 3548 3626 3602 vobis

2035 3659 2154 3700 esse
2174 3645 2385 3712 putatis,
2407 3642 2834 3697 secundumillud
2848 3639 3325 3710 apostoliﬁloriam
3343 3640 3394 3691 in
3414 3639 3624 3706 turpitu.

2036 3735 2153 3788 dine
2181 3733 2414 3788 [tabentes
2442 3731 2460 3802 (
2484 3731 2714 3800 Philipp.
2748 3733 2800 3785 5.
2835 3728 2957 3801 19).
2988 3729 3191 3797 Quibus
3217 3743 3345 3797 ergo
3373 3739 3424 3781 te
3457 3729 3627 3781 oculis

2038 3840 2171 3879 uxor
2210 3826 2461 3892 aspiciet,
2498 3840 2525 3875 a
2559 3833 2666 3876 tam
2706 3822 2887 3890 iniquo
2926 3822 3231 3890 spectaculo
3281 3820 3627 3875 redeuntem?

2036 3914 2306 3984 quomodo
2332 3925 2382 3969 te
2402 3913 2661 3982 recipiet?
2689 3913 2879 3981 quibus
2901 3921 2951 3965 te
2970 3911 3147 3965 verbis
3176 3912 3495 3979 alloquetur,
3536 3926 3625 3978 qui

2037 4005 2352 4060 muliebrem
2382 4020 2566 4058 sexum
2593 4012 2759 4056 totum
2789 4004 2858 4056 ita
2884 4002 3341 4062 dehonestaveris,
3369 4011 3420 4054 et
3445 4016 3509 4054 ex
3539 4003 3627 4055 tali

2037 4097 2342 4167 spectaculo
2367 4095 2612 4164 captivus
2641 4104 2694 4147 et
2733 4107 2917 4147 servus
2943 4093 3242 4146 meretricis
3267 4090 3487 4145 effectus
3514 4091 3629 4146 sis?

2038 4189 2096 4245 Si
2126 4190 2241 4243 lucc
2264 4188 2542 4242 audientes
2570 4184 2762 4239 doletis
2782 4223 2796 4246 ,
2828 4185 3050 4252 gratiam
3080 4183 3229 4237 vobis
3260 4182 3433 4237 habeo
3463 4182 3632 4235 maxi-

2039 4298 2200 4337 mam.
2251 4281 2377 4347 Quis
2425 4280 2556 4331 enim
2602 4286 2673 4330 est
2725 4276 2810 4345 qui
2843 4290 2922 4328 me
2941 4275 3181 4341 lwtificct,
3224 4273 3321 4326 nisi
3363 4274 3404 4325 is
3456 4273 3542 4342 qui
3569 4274 3632 4325 ob

2040 4375 2176 4428 dicta
2205 4389 2314 4425 mea
2342 4368 2674 4437 tristatur(2.
2707 4369 2832 4421 Cor.
2862 4366 2917 4419 2.
2947 4365 3057 4434 2)?
3099 4364 3177 4418 Ne
3215 4365 3438 4418 cessetis
3474 4364 3634 4432 igitur

2039 4466 2107 4520 de
2136 4465 2219 4518 his
2246 4465 2519 4533 ingemere
2539 4468 2593 4513 et
2613 4458 2844 4512 morderi
2881 4474 2894 4510 :
2923 4471 3042 4510 nam
3071 4456 3224 4508 dolor
3250 4455 3316 4508 de
3347 4455 3507 4508 rebus
3535 4453 3634 4506 hu-

2036 4556 2269 4628 jusmodi
2289 4553 2604 4624 principium
2625 4550 2774 4604 vobis
2792 4549 2894 4603 erit
2910 4547 3278 4602 conversionis
3299 4546 3364 4599 ad
3389 4545 3631 4599 meliora.

2050 4647 2277 4715 Ideoque
2306 4641 2693 4698 vehementiori
2723 4653 2971 4693 sermone
2995 4653 3112 4690 sum
3142 4651 3285 4699 usus,
3311 4646 3368 4688 ut
3389 4649 3482 4702 per
3510 4649 3633 4702 pro-

2042 4739 2338 4794 fundiorem
2376 4735 2688 4790 incisionem
2724 4748 2750 4785 a
2790 4729 3067 4800 putredine
3100 4728 3184 4780 illa
3225 4727 3635 4781 temulentorum

2041 4831 2315 4885 hominum
2344 4841 2437 4880 vos
2468 4827 2773 4885 liberarem,
2801 4830 2853 4875 et
2873 4819 2938 4873 ad
2959 4833 3142 4889 puram
3161 4817 3324 4870 animi
3347 4817 3632 4868 sanitatem

2044 4922 2353 4977 reducerem
2394 4935 2408 4972 :
2449 4929 2550 4986 qua
2584 4914 2783 4968 utinam
2817 4927 2912 4965 nos
2940 4924 3130 4964 omnes
3162 4924 3254 4977 per
3284 4907 3460 4960 omnia
3492 4905 3634 4958 frua-

2043 5030 2182 5076 mur,
2211 5021 2263 5065 et
2293 5010 2510 5080 prazmia
2540 5006 2693 5060 bouis
2721 5005 2928 5058 actibus
2957 5001 3184 5069 reposita
3216 5012 3631 5065 consequamur,

2044 5105 2211 5174 gratia
2239 5112 2291 5156 ct
2322 5098 2687 5154 misericordia
2719 5093 2924 5148 Domini
2952 5091 3118 5145 nostri
3146 5090 3270 5144 Jesu
3297 5086 3520 5150 Christi,
3543 5086 3632 5139 cui

2049 5195 2218 5265 gloria
2248 5202 2301 5250 et
2329 5191 2612 5262 imperium
2645 5193 2698 5243 in
2729 5186 2922 5244 saacula
2953 5183 3290 5239 smculorum.
3325 5183 3517 5236 Amen.
