4082 6500
334 456 410 514 τε
1495 432 1561 490 IN
1600 425 1902 488 omne

2006 427 2009 479 ζ
2040 423 2267 480 HOMlL.
2312 424 2422 480 Vll.
3528 420 3599 476 76

324 558 549 608 salutem
581 552 819 622 ipsorum
847 547 1162 617 spectabant
1182 588 1197 612 ,
1239 554 1294 599 nt
1322 545 1400 599 sic
1429 544 1636 599 facilius
1665 543 1900 597 attrahe-

324 653 530 698 rentur.
564 643 837 709 Quotquot
867 639 1045 706 itaque
1077 636 1246 706 prima
1270 631 1616 704 proferuntur
1635 673 1649 695 ,
1681 645 1905 700 quorum

322 742 531 801 tempus
559 742 734 785 ortum
763 729 878 796 ejus
899 737 1124 797 spectat,
1153 725 1280 779 nihil
1305 739 1552 794 magnum
1572 723 1656 777 vel
1681 721 1906 775 sublimo

316 824 381 876 de
409 824 502 877 illo
527 824 740 885 dicunt,
771 837 869 876 nec
897 821 1116 891 perinde
1159 830 1319 888 atque
1343 835 1405 874 ea
1433 833 1550 887 qua:
1577 817 1643 872 ad
1669 817 1818 887 signa
1848 824 1902 870 et

317 916 570 969 miracula
596 913 737 968 edita
769 921 1014 981 spectant
1039 930 1052 964 :
1077 907 1165 965 illa
1194 912 1391 980 quippe
1420 911 1616 964 clarius
1640 909 1708 964 de
1737 909 1904 977 ipsius

319 1003 572 1072 dignitate
599 1004 906 1072 loquuntur.
927 1002 1078 1069 Quod
1105 1003 1287 1069 itaque
1312 1009 1431 1069 post
1457 1000 1619 1054 multa
1646 998 1901 1052 miracula

322 1095 546 1162 hymnos
579 1095 629 1146 in
658 1093 806 1146 illum
835 1093 983 1160 pueri
1013 1098 1287 1152 canerent,
1322 1089 1442 1143 audi
1471 1087 1740 1157 quomodo
1761 1087 1905 1141 dicat

315 1185 569 1250 propheta
592 1198 604 1234 :
631 1183 710 1236 Ex
728 1199 815 1235 ore
838 1182 1112 1248 infantium
1132 1190 1178 1233 et
1199 1181 1488 1232 laetantium
1510 1178 1762 1247 perfecisti
1788 1179 1902 1231 lou-

320 1275 431 1326 dem
458 1273 630 1343 (Paul.
663 1274 716 1328 8.
748 1274 834 1339 '5);
870 1288 933 1325 ac
975 1287 1186 1326 rursum
1214 1289 1227 1324 :
1255 1271 1506 1337 Quoniam
1549 1271 1723 1324 videbo
1753 1272 1904 1323 caries

312 1373 422 1414 tuos
446 1378 600 1430 opera
622 1362 892 1430 digitorum
913 1370 1112 1412 tuorum
1137 1358 1184 1431 (Ι
1195 1359 1295 1411 bid.
1320 1375 1367 1411 υ.
1393 1358 1469 1428 4),
1497 1359 1545 1411 id
1566 1359 1706 1426 quod
1732 1360 1902 1426 ipsum

317 1450 548 1504 universi
582 1450 888 1503 Creatorem
914 1447 1170 1506 declarat.
1201 1448 1329 1500 illud
1355 1463 1484 1500 vero
1513 1449 1901 1511 testimonium,

311 1542 451 1610 quod
483 1548 750 1608 peractam
773 1539 1192 1605 assumptionem
1212 1537 1447 1605 reSpicit,
1466 1538 1581 1604 eius
1599 1553 1722 1590 cum
1749 1538 1906 1592 Patre

325 1631 686 1699 aequalitatem
714 1627 947 1683 ostendit
976 1628 1059 1681 his
1083 1627 1259 1683 verbis
1286 1645 1298 1680 :
1325 1628 1464 1680 Dixit
1507 1627 1754 1680 Dominus
1798 1627 1907 1680 [lo-

315 1721 451 1772 mino
482 1735 591 1772 meo
617 1760 632 1782 ,
667 1718 800 1771 Sede
829 1734 860 1769 a
900 1718 1089 1770 dextris
1122 1718 1244 1769 meis
1275 1715 1444 1786 (Psai.
1483 1716 1601 1770 109.
1638 1714 1713 1773 ll.
1743 1714 1907 1769 lsaias

315 1826 439 1864 vero
463 1811 557 1873 ait,
581 1809 678 1874 Qui
703 1808 960 1878 consurgit
983 1808 1232 1876 imperare
1253 1806 1504 1875 gentibus,
1527 1806 1580 1858 in
1601 1806 1710 1873 ipso
1736 1815 1906 1875 gentes

311 1899 759 1968 sperabunt(1sai.
795 1900 880 1952 li.
918 1898 1032 1967 l0).
1063 1898 1170 1952 Cur
1195 1907 1374 1951 autem
1407 1898 1482 1950 ait
1510 1896 1822 1951 Bethlehem
1850 1896 1904 1950 in

315 1993 644 2062 principibus
669 1991 803 2045 inda
834 2006 938 2044 non
966 2004 1085 2044 esse
1114 1989 1436 2043 minimam?
1461 1987 1646 2057 Neque
1675 1988 1817 2041 enim
1851 1989 1905 2041 in

312 2082 591 2141 Palaestina
640 2091 870 2144 tantum,
914 2080 1010 2135 sed
1059 2080 1220 2150 etiam
1262 2080 1312 2133 in
1357 2088 1467 2133 toto
1510 2079 1641 2132 orbe
1683 2078 1905 2132 illustris

311 2174 460 2227 vicus
487 2173 708 2228 eh‘ectus
734 2182 836 2226 est.
865 2171 971 2226 Sed
992 2172 1058 2225 ad
1079 2171 1292 2225 Judaeos
1314 2185 1456 2225 nunc
1475 2184 1654 2223 sermo
1675 2179 1900 2238 spectat,

310 2262 538 2330 ideoque
566 2261 860 2331 subiunxit,
883 2260 1043 2330 Reget
1063 2259 1307 2329 papulum
1335 2274 1500 2310 meum
1530 2257 1697 2310 Israel
1717 2273 1734 2309 :
1760 2258 1904 2324 atqui

314 2353 499 2407 orbem
531 2353 690 2405 etiam
722 2352 878 2404 rexit.
911 2352 1012 2409 At,
1045 2360 1102 2402 ut
1127 2349 1232 2402 dixi
1257 2387 1281 2412 ,η
1303 2362 1407 2401 non
1440 2348 1553 2399 vult
1579 2347 1903 2402 oll'endiculo

311 2456 464 2508 esse,
510 2441 737 2510 ideoque
767 2441 832 2494 de
872 2440 1119 2509 gentibus
1153 2439 1309 2492 verba
1358 2451 1464 2491 non
1495 2435 1641 2489 facit.
1669 2435 1734 2489 Et
1765 2450 1898 2504 quo-

312 2531 468 2585 modo
489 2573 502 2595 ,
550 2531 791 2602 inquies,
837 2547 941 2584 non
975 2530 1116 2584 rexit
1144 2528 1394 2598 pupulum
1426 2527 1745 2581 Judaicum?
1793 2528 1904 2580 lino

311 2623 437 2678 illud
467 2639 682 2692 quoque
713 2623 906 2675 factum
939 2630 1059 2692 est;
1108 2635 1228 2672 cum
1267 2619 1410 2673 enim
1451 2618 1699 2672 lsracletn
1731 2617 1900 2682 dicit,

312 2691 526 2767 Judzeos
552 2691 642 2779 qui
676 2715 725 2765 in
760 2715 928 2780 ipsum
965 2691 1310 2763 crediderunt
1347 2694 1771 2761 subindicataEt
1800 2706 1902 2762 hoc

314 2804 672 2872 interpretans
715 2801 910 2855 Paulus
951 2801 1066 2852 ait:
1105 2798 1224 2852 Non
1268 2799 1403 2851 enim
1449 2813 1656 2861 omnes,
1708 2798 1794 2864 qui
1837 2808 1900 2850 e1:

313 2892 477 2947 Israel
499 2936 512 2956 ,
555 2903 672 2947 sunt
706 2890 984 2954 Israelita,“
1014 2889 1101 2943 sed
1129 2889 1427 2957 quicumque
1454 2903 1542 2955 per
1567 2885 1720 2952 ﬁdem
1743 2894 1789 2938 et
1817 2903 1901 2937 re-

311 2984 693 3051 promissione»:
716 2981 822 3034 nati
841 2989 957 3031 sunt
973 2978 1146 3044 (Rom.
1170 2977 1222 3030 9.
1249 2977 1327 3043 6).
1347 2975 1496 3042 Quod
1519 2975 1560 3027 si
1587 2974 1691 3027 non'
1714 2989 1901 3028 omnes

315 3073 467 3135 rexit,
499 3071 548 3124 id
578 3079 888 3123 vocatorum
915 3068 1118 3121 crimen
1142 3075 1195 3119 et
1214 3065 1365 3129 culpa
1397 3074 1497 3114 est.
1527 3063 1657 3115 Cum
1688 3062 1898 3117 debuis-

308 3168 427 3211 sent
448 3159 592 3212 enim
621 3158 740 3212 illos
760 3160 985 3212 adorare
1007 3173 1125 3212 cum
1153 3157 1338 3227 magis,
1363 3166 1418 3211 et
1437 3157 1546 3212 Deo
1565 3158 1787 3227 gloriam
1810 3174 1897 3212 re-

309 3246 466 3311 ferre,
492 3247 634 3315 quod
667 3257 876 3316 tempus
902 3247 1202 3301 advenisset
1233 3246 1287 3299 in
1309 3261 1415 3314 quo
1439 3248 1618 3301 omnia
1664 3249 1898 3315 ipsorum

307 3345 524 3402 peccata
553 3338 892 3391 solverentur
931 3335 1085 3409 (nihil
1106 3337 1247 3390 enim
1273 3335 1340 3389 de
1361 3336 1610 3390 tribunali
1635 3337 1784 3391 eLde
1811 3353 1889 3404 re-

311 3424 549 3490 petendis
575 3425 751 3495 pmnis
775 3424 1090 3486 audierant,
1143 3422 1239 3478 sed
1284 3423 1352 3477 de
1389 3425 1582 3477 mittet
1623 3436 1900 3479 mansueto

308 3511 566 3581 paSIore),
592 3512 669 3565 illi
699 3521 882 3566 contra
912 3508 1193 3566 turbantur
1219 3521 1273 3566 et
1304 3512 1537 3576 turbant,
1568 3523 1623 3566 et
1651 3514 1895 3569 innume-

310 3615 395 3653 ras
439 3610 623 3668 postea
672 3611 884 3654 struunt
929 3601 1166 3656 insidias.
1215 3603 1270 3656 7.
1315 3601 1460 3655 Tunc
1500 3601 1731 3656 Herodes
1769 3605 1900 3657 clam

309 3693 494 3743 vocalis
533 3692 730 3760 magis,
779 3691 1046 3760 diligenter
1087 3692 1263 3744 didicit
1300 3693 1362 3744 ab
1405 3693 1476 3745 eis
1522 3703 1716 3762 tempus
1743 3695 1902 3748 stella!

308 3798 417 3847 quin
442 3785 682 3853 apparuit
723 3784 793 3836 eis
817 3799 836 3836 :
861 3799 1080 3852 puerum
1130 3783 1436 3838 interﬁcere
1479 3785 1699 3852 cupiens
1724 3803 1737 3836 :
1761 3786 1900 3852 quod

310 3885 412 3924 non
441 3872 638 3926 luroris
660 3881 886 3936 tantum,
911 3873 1004 3927 sed
1021 3875 1181 3927 etiam
1199 3884 1453 3927 extrema:
1474 3874 1758 3928 dementiae
1781 3873 1897 3927 fuit.

310 3960 518 4016 Etenim
565 3978 630 4016 ea
679 3976 810 4033 quze
834 3963 974 4017 dicta
1018 3974 1071 4017 et
1100 3974 1247 4032 gesta
1281 3963 1487 4018 fuerant
1525 3980 1553 4015 a
1588 3965 1676 4017 tali
1707 3975 1899 4019 conatu

310 4050 456 4104 illum
489 4051 768 4107 deterrere
799 4062 1063 4121 poterant.
1094 4054 1272 4122 Neque
1307 4055 1449 4107 enim
1489 4053 1720 4106 lnimaua
1751 4065 1902 4107 erant

307 4156 368 4194 ea
395 4158 512 4210 qua:
541 4143 872 4197 acciderant.
912 4143 1047 4197 Nam
1079 4142 1218 4213 quod
1249 4158 1433 4213 magos
1466 4143 1624 4198 stella
1668 4159 1903 4212 superne

308 4243 570 4296 vocasset,
594 4233 844 4304 quodque
867 4233 1079 4287 barbari
1101 4241 1296 4286 tantam
1313 4233 1648 4302 susciperent
1666 4235 1904 4302 peregri-

311 4322 613 4388 nationem,
660 4329 720 4374 ut
758 4323 810 4374 in
857 4321 1136 4375 cunabulis
1181 4330 1235 4375 et
1279 4321 1329 4374 in
1377 4323 1602 4389 pra:sepi
1637 4321 1902 4391 iacentem

311 4410 618 4476 adorarent,
651 4410 792 4479 quod
825 4409 1096 4482 prophetat:
1120 4411 1229 4480 jam
1258 4411 1385 4465 olim
1418 4410 1532 4465 haec
1559 4412 1738 4467 omnia
1767 4427 1904 4480 pra:-

308 4499 580 4563 dicerent,
621 4499 837 4568 aliaque
877 4500 1055 4552 omnia
1096 4499 1297 4568 majora
1349 4509 1536 4567 erant,
1583 4517 1744 4570 quam
1787 4517 1904 4572 qum

311 4587 578 4643 hominem
605 4597 911 4658 speetarent
935 4605 949 4644 :
973 4600 1205 4644 attamen
1232 4591 1364 4644 nihil
1391 4606 1576 4646 eorum
1606 4593 1778 4662 ipsum
1806 4610 1901 4649 co-

312 4677 500 4733 inbuit.

375 4907 430 4961 '5.
471 4901 788 4971 “ejusmodi
815 4899 1048 4968 minque
1076 4906 1159 4953 est
1183 4895 1506 4966 malignitas,
1541 4896 1593 4949 in
1625 4911 1746 4950 sese
1787 4897 1904 4965 ipsa

310 4998 570 5066 impingit,
594 5003 658 5048 'et
684 5009 771 5047 res
787 5007 905 5062 qua:
924 4990 1105 5060 perlici
1129 5002 1397 5056 nequeunt
1414 5003 1627 5056 semper
1655 4988 1902 5057 aggrediJ

313 5099 417 5144 tur.
441 5083 724 5158 Perpende
738 5083 1036 5138 stultitiam.
1059 5079 1114 5135 Si
1143 5079 1435 5149 prophetia:
1449 5081 1720 5144 credebat,
1744 5081 1907 5133 illam.

315 5195 415 5249 que
442 5177 1061 5244 immotamﬁrmamque
1087 5173 1328 5243 putabat,
1358 5172 1528 5242 palam
1553 5184 1637 5227 est
1664 5189 1784 5226 eum
1819 5173 1908 5226 int-

315 5271 584 5340 possibilia
609 5278 863 5324 conatum
895 5280 1058 5329 csse,
1102 5264 1245 5334 quod
1271 5264 1314 5318 si
1361 5280 1462 5317 non
1494 5265 1765 5330 credebat,
1810 5279 1908 5318 nec

321 5361 534 5428 putabat
572 5375 637 5415 ea
665 5373 786 5426 qua:
821 5356 1155 5419 dicebantur,
1207 5364 1459 5409 eventura
1504 5369 1643 5420 esse,
1672 5363 1911 5408 metuere

323 5452 398 5504 vel
433 5452 619 5505 timere
652 5464 759 5501 non
787 5447 1049 5516 oportuit,
1079 5460 1178 5498 nec
1201 5459 1263 5498 ca
1292 5443 1361 5498 de
1396 5458 1556 5496 causa
1588 5459 1753 5513 puero
1780 5445 1910 5497 insi-

324 5541 450 5595 diari
484 5557 499 5594 :
528 5557 594 5595 ex
629 5548 852 5607 utraque
879 5538 1040 5608 igitur
1071 5542 1218 5603 parte
1246 5533 1548 5603 superﬂuus
1584 5541 1702 5588 erat
1735 5533 1910 5587 dolus.

324 5636 447 5691 illud
478 5656 692 5710 quoque
732 5652 987 5696 extrema:
1009 5641 1291 5696 dementia:
1309 5651 1442 5706 erat,
1469 5643 1609 5713 quod
1641 5648 1906 5712 putaverit

325 5744 500 5786 marios
528 5734 700 5797 ipsum
721 5733 1050 5788 antelaturos
1076 5747 1194 5788 esse
1231 5748 1418 5804 puero,
1444 5750 1539 5805 pro
1566 5751 1669 5805 quo
1701 5743 1902 5790 tantam

2023 549 2369 612 susceperant
2397 537 2898 608 peregrinationem.
2948 535 3077 589 Nam
3125 537 3169 590 si
3202 536 3285 590 vel
3327 546 3616 606 antequam

2024 635 2170 689 illum
2203 633 2480 698 vidissent,
2511 631 2582 685 ita
2610 629 2868 684 ardebant
2898 628 3168 682 desiderio
3197 648 3210 680 :
3240 638 3516 698 postquam
3537 630 3616 683 vi-

2021 726 2205 779 derant
2236 733 2290 779 ct
2310 739 2407 793 per
2426 723 2760 792 prophetiam
2775 720 3070 775 conﬁrmati
3095 718 3322 786 fuerant,
3342 721 3613 789 quomodo

2020 817 2269 885 Sperabat
2289 831 2347 870 se
2372 814 2600 870 suadere
2619 813 2722 868 illis
2743 827 2927 881 posse,
2959 822 3014 864 ut
3043 826 3259 880 puerum
3287 813 3384 865 sibi
3415 814 3613 881 prode—

2020 910 2179 964 rent?
2201 911 2446 962 Attamen
2479 905 2620 974 quod
2652 913 2728 959 tot
2771 915 3024 972 tantaque
3052 913 3236 957 essent
3287 918 3406 971 quae
3435 904 3610 972 ipsum

2017 1015 2046 1054 a
2095 999 2366 1068 proposito
2387 997 2734 1060 abducerent,
2764 995 2816 1048 id
2842 1005 3064 1048 conatus
3083 1003 3185 1055 est,
3215 995 3430 1048 etclam
3453 1008 3612 1046 voca-

2019 1090 2085 1142 tis
2108 1089 2294 1158 magis,
2326 1086 2695 1142 sciscitabatur
2719 1086 2784 1138 ab
2811 1085 2889 1139 eis
2917 1102 2930 1136 :
2963 1082 3182 1152 putabat
3218 1084 3361 1138 enim
3395 1073 3609 1137 Judazos

2015 1181 2082 1234 de
2109 1178 2255 1247 pueri
2302 1179 2472 1232 salute
2502 1177 2758 1230 sollicitos
2784 1189 2940 1228 esse:
2975 1188 3150 1242 neque
3191 1173 3445 1228 credebat
3490 1173 3608 1227 illos

2016 1271 2066 1322 in
2086 1277 2288 1322 tantum
2310 1268 2527 1321 insanire
2545 1263 2846 1325 devenisse,
2877 1273 2934 1316 ut
2961 1263 3083 1317 ideo
3100 1262 3300 1317 vellent
3327 1272 3606 1331 patronum

2014 1369 2068 1413 et
2094 1358 2431 1413 Servatorem
2451 1397 2466 1419 ,
2495 1355 2587 1425 qui
2614 1355 2679 1408 ad
2717 1354 3014 1407 libertatem
3041 1353 3184 1422 genti
3215 1350 3606 1419 procurandam

2016 1460 2251 1513 venerat,
2275 1447 2504 1501 inimicis
2529 1446 2773 1514 prodere.
2805 1443 2928 1498 ideo
2950 1443 3085 1497 clam
3116 1450 3289 1507 vocat,
3318 1451 3371 1496 et
3398 1451 3608 1510 tempus

2013 1540 2263 1610 inquirit,
2296 1550 2400 1594 non
2424 1539 2592 1608 pueri,
2623 1520 2722 1591 sed
2741 1536 2930 1600 stellae,
2959 1544 3204 1590 venatum
3232 1536 3379 1588 illum
3413 1549 3603 1603 magna

2010 1648 2130 1686 cum
2171 1632 2439 1701 diligentia
2487 1639 2724 1698 captans.
2759 1626 2892 1681 Nam
2937 1626 3146 1680 videtur
3172 1626 3299 1679 mihi
3331 1625 3485 1680 stella
3511 1627 3605 1678 diu

2009 1733 2134 1778 ante
2160 1721 2491 1791 apparuisse.
2527 1721 2660 1788 Quia
2704 1720 2847 1774 enim
2898 1718 3127 1771 multum
3159 1719 3416 1785 temporis
3443 1718 3493 1769 in
3519 1718 3607 1771 iti~

2013 1830 2139 1870 nere
2159 1814 2475 1882 insumpturi
2506 1823 2660 1868 erant
2685 1811 2844 1881 magi,
2900 1820 2956 1865 ut
2988 1819 3112 1863 nato
3148 1810 3328 1864 statim
3353 1809 3606 1864 adessent

2009 1906 2322 1974 (oportebat
2342 1904 2541 1974 quippe
2569 1903 2622 1958 in
2636 1901 2921 1959 cunabulis
2947 1902 3118 1969 ipsum
3146 1900 3388 1963 adorare,
3418 1909 3475 1953 ut
3503 1900 3602 1952 mi-

2007 1996 2224 2050 rabilior
2265 2006 2353 2051 res
2378 1990 2732 2066 appareret);
2770 1993 2933 2060 stella
2985 1992 3207 2044 multum
3261 1999 3419 2043 antea
3478 2004 3602 2044 sese

2005 2085 2260 2140 ostendit.
2284 2084 2416 2139 Nam
2445 2086 2491 2139 si
2541 2099 2606 2140 eo
2656 2085 3044 2153 ipsotempore
3084 2097 3191 2151 quo
3216 2092 3371 2135 natus
3415 2091 3498 2135 est
3545 2081 3598 2135 in

2007 2175 2325 2239 Palaestina,
2358 2176 2509 2231 stella
2562 2176 2894 2244 apparuisset
2939 2174 3042 2228 illis
3089 2174 3142 2228 in
3191 2174 3418 2238 oriente,
3476 2183 3598 2241 post

2004 2272 2226 2324 multum
2257 2270 2582 2337 insumptum
2609 2269 2659 2322 in
2691 2269 2885 2322 itinere
2927 2277 3155 2335 tempus,
3197 2281 3305 2320 non
3338 2265 3598 2320 vidissent

2001 2377 2124 2415 eum
2161 2363 2212 2414 in
2239 2362 2535 2415 cunabulis.
2569 2360 2719 2427 Quod
2751 2369 2929 2413 autem
2961 2374 2991 2412 a
3021 2357 3219 2412 bimatu
3248 2365 3302 2411 et
3334 2356 3467 2410 infra
3497 2372 3594 2411 oe-

2000 2451 2208 2516 ciderit,
2239 2467 2307 2506 ne
2334 2452 2616 2515 miremur;
2648 2450 2794 2505 furor
2818 2450 2958 2503 enim
2979 2458 3031 2502 et
3052 2449 3210 2502 timor
3237 2448 3303 2502 ad
3335 2449 3594 2516 majorem

1999 2542 2337 2601 securitatem
2359 2543 2476 2609 plus
2499 2542 2753 2610 temporis
2779 2539 2993 2609 adjecit,
3027 2549 3082 2591 ut
3113 2539 3288 2593 nullus
3316 2539 3597 2607 elTugeret.

1998 2637 2212 2692 Vocatis
2241 2634 2542 2706 igiturillis,
2569 2638 2642 2691 ait
2670 2650 2686 2690 ε
2710 2635 2762 2691 8.
2791 2635 2984 2690 Euntes
3002 2635 3306 2700 interrogate
3326 2631 3594 2698 diligenter

1997 2728 2061 2780 de
2079 2743 2256 2796 puero,
2301 2738 2349 2779 et
2389 2744 2503 2779 cum
2529 2728 2815 2779 inveneritis
2851 2726 3136 2777 renuntiate
3161 2722 3304 2782 mihi,
3331 2729 3387 2773 ut
3415 2731 3461 2772 et
3499 2736 3591 2788 ego

1997 2818 2196 2871 veniens
2220 2817 2426 2878 adorem
2465 2833 2598 2869 eum.
2649 2815 2892 2869 Vidistin‘
2932 2809 3330 2880 insipientiam?
3360 2810 3416 2864 Si
3444 2811 3591 2863 enim

1997 2924 2061 2963 ex
2089 2908 2328 2962 veritatis
2357 2909 2546 2961 allecto
2579 2907 2834 2975 loqueris,
2856 2920 2955 2958 cur
2982 2905 3118 2958 clam
3147 2900 3481 2971 interrogas?
3505 2901 3594 2955 sin

1999 2999 2218 3052 insidias
2250 3013 2421 3066 paras,
2454 3013 2549 3050 cur
2575 3013 2678 3051 non
2701 2998 2924 3065 cogitas,
2947 3009 3131 3062 magos
3151 3008 3270 3047 cum
3297 2991 3594 3044 te'videant

1997 3090 2132 3142 clam
2164 3089 2520 3157 interrogare,
2559 3087 2740 3141 dolum
2771 3087 3136 3154 suspicaturus
3160 3084 3315 3137 esse?
3359 3083 3487 3146 Sed,
3535 3091 3594 3134 ut

1996 3178 2126 3242 dixi,
2155 3179 2331 3243 anima
2353 3178 2520 3231 semel
2551 3177 2878 3246 malignitate
2906 3183 3174 3243 correpta,
3201 3173 3438 3226 omnium
3467 3173 3598 3226 insi-

2001 3270 2328 3338 pientissima
2355 3269 2555 3323 evadit.
2587 3267 2701 3320 Non
2732 3267 2889 3331 dixit,
2940 3266 3143 3320 Euntes
3176 3267 3501 3334 interrogate
3524 3265 3596 3318 de

1999 3374 2141 3427 rege,
2184 3358 2303 3422 sed,
2341 3357 2417 3409 De
2458 3373 2612 3426 puero
2642 3373 2661 3410 :
2693 3371 2798 3410 non
2825 3355 2969 3410 enim
3005 3355 3215 3423 imperii
3243 3369 3436 3407 nomen
3465 3368 3594 3422 pro-

2000 3450 2140 3505 ferre
2169 3448 2440 3502 sustinuit.
2471 3447 2606 3518 Magi
2637 3462 2786 3510 vero,
2817 3445 2905 3515 qui
2937 3459 3046 3514 pra:
3077 3446 3242 3499 multa
3286 3446 3484 3515 pietate
3515 3447 3596 3498 ni-

2000 3542 2072 3596 hil
2103 3542 2292 3596 horum
2321 3548 2581 3596 noverant
2626 3540 2842 3609 (neque
2867 3540 3009 3592 enim
3041 3538 3298 3606 putabant
3337 3536 3483 3589 illum
3539 3535 3596 3590 in

1998 3644 2204 3688 tantum
2230 3632 2482 3702 nequitia:
2511 3629 2838 3700 prorupisse,
2870 3640 2926 3682 ut
2957 3639 3066 3682 tam
3115 3627 3341 3681 mirabili
3375 3641 3594 3681 (econo-

2000 3727 2120 3780 niite
2149 3723 2386 3778 insidiari
2418 3731 2646 3777 tentaret
2671 3723 2689 3791 )
2710 3763 2726 3786 ,
2757 3720 2891 3775 nihil
2923 3719 3226 3788 hujusmodi
3257 3719 3593 3787 suspicantes

1997 3817 2216 3882 abeunt,
2241 3815 2336 3871 sed
2361 3831 2426 3869 ex
2455 3814 2647 3869 allecto
2690 3828 2788 3868 suo
2816 3814 2950 3866 alios
2991 3812 3278 3866 aastimant.
3310 3808 3362 3865 9.
3390 3807 3456 3862 Et
3481 3825 3594 3862 ecce

1996 3908 2144 3962 stella
2161 3950 2174 3969 ,
2212 3923 2365 3976 quam
2390 3907 2621 3959 uiderant
2658 3904 2713 3956 in
2739 3905 2950 3976 oriente,
2978 3901 3300 3956 antecedebat
3328 3917 3431 3953 eos.
3469 3900 3594 3954 Ideo

1995 3998 2138 4052 enim
2169 3997 2428 4055 occultata
2451 3996 2644 4062 fuerat,
2668 4007 2733 4048 'ut
2757 3994 2957 4048 amisso
2986 3993 3142 4056 duce,
3173 3988 3388 4046 JUdtBOS
3421 3992 3593 4044 inter-

1997 4103 2189 4157 rogare
2236 4097 2589 4156 cogerentur,
2621 4095 2673 4139 et
2703 4087 2780 4138 sic
2809 4101 2895 4137 res
2923 4085 3173 4138 omnibus
3204 4084 3374 4151 palam
3420 4082 3592 4137 ﬁeret.

1998 4179 2286 4247 Postquam
2313 4178 2457 4233 enim
2489 4177 2946 4246 interrogaverunt
2969 4215 2985 4241 ,
3011 4184 3063 4227 et
3102 4175 3315 4228 Judaros
3344 4174 3597 4233 doctores

1998 4269 2312 4333 habuerant,
2345 4284 2555 4322 rursum
2607 4268 2712 4321 illis
2740 4275 2982 4334 apparet.
3010 4266 3078 4319 Et
3098 4267 3406 4320 consideres
3433 4265 3594 4323 velim

1997 4365 2256 4433 Optimum
2286 4378 2464 4417 rerum
2486 4363 2752 4416 ordinem.
2781 4360 2910 4414 Post
2929 4359 3136 4413 stellam
3165 4360 3360 4428 excipit
3381 4373 3474 4413 eos
3498 4357 3593 4413 Ju-

1999 4457 2182 4511 daicus
2207 4455 2455 4524 populus,
2496 4469 2699 4522 rexque
2721 4454 2856 4521 ipse,
2880 4452 3304 4521 praphetamque
3338 4451 3594 4506 inducunt

1997 4548 2446 4618 pra'nuntiantem
2489 4545 2543 4600 id
2573 4544 2715 4614 quod
2742 4553 3096 4614 apparuerat.-
3119 4542 3244 4597 Post
3275 4543 3590 4613 prophetam

1998 4658 2224 4697 rursum
2272 4644 2504 4712 angelus
2553 4641 2704 4710 ipsos
2747 4641 2985 4710 excipit,
3037 4642 3337 4711 omniaque
3382 4640 3598 4699 docet:

2000 4733 2228 4789 interim
2276 4749 2413 4788 vero
2461 4732 2822 4806 ierosolymis
2873 4733 2928 4786 in
2978 4732 3307 4787 Bethlehem
3357 4717 3389 4787 a
3440 4735 3602 4792 stella

2000 4826 2326 4881 ducuntur:
2362 4825 2520 4879 stella
2549 4822 2697 4877 enim
2734 4823 2803 4877 ab
2851 4823 3020 4878 istinc
3063 4826 3163 4879 via:
3202 4824 3315 4879 dux
3357 4824 3500 4880 fuit:
3539 4836 3606 4882 ut

2002 4918 2136 4972 hinc
2176 4931 2396 4986 quoque
2441 4916 2643 4981 discas,
2678 4900 2789 4968 non
2824 4915 2998 4970 fuisse
3042 4915 3195 4970 illam
3241 4932 3311 4971 ex
3362 4932 3602 4972 nurnero

2005 5017 2333 5065 ceterarum
2388 5008 2722 5064 stellarum:
2758 5008 2912 5063 nulla
2971 5010 3176 5080 quippe
3239 5011 3402 5066 stella
3456 5010 3603 5067 hanc

2009 5102 2180 5156 habet
2204 5110 2482 5155 naturam.
2519 5099 2710 5168 Neque
2737 5100 2918 5154 solum
2948 5099 3084 5166 ibat,
3119 5099 3218 5156 sed
3246 5102 3414 5158 etiam
3443 5112 3604 5157 ante-

2010 5192 2245 5247 cedebat
2272 5191 2485 5246 duoens
2509 5199 2566 5246 et
2596 5190 2753 5260 quasi
2783 5206 2950 5245 manu
2986 5190 3212 5247 trahens
3245 5192 3373 5246 illos
3397 5191 3452 5245 in
3484 5207 3604 5247 me-

2011 5283 2103 5337 dio
2137 5282 2250 5337 die.

2082 5538 2137 5595 ι.
2169 5538 2238 5593 Et
2257 5536 2382 5608 quid
2404 5551 2539 5608 Opus
2563 5545 2678 5592 erat
2705 5535 2880 5600 stella,
2913 5533 3143 5610 inquies,
3173 5547 3294 5586 cum
3322 5531 3429 5599 jam
3456 5541 3615 5584 notus

2011 5632 2165 5684 locus
2189 5630 2374 5684 esset?
2404 5629 2473 5685 Ut
2504 5644 2637 5700 puer
2663 5628 2832 5682 videri
2862 5637 3062 5696 posset.
3095 5624 3240 5679 Nihil
3263 5624 3461 5694 quippe
3497 5633 3614 5677 erat

2013 5721 2156 5792 quod
2185 5721 2356 5790 ipsum
2385 5720 2713 5775 ostenderet.
2756 5719 2886 5773 Nam
2917 5733 3090 5786 neque
3120 5716 3311 5771 domus
3334 5722 3446 5769 erat
3477 5727 3612 5766 cou-
