4082 6486
530 398 599 455 τι

516 510 719 578 spicus,
746 521 921 579 neque
966 515 1137 563 mater
1180 507 1297 577 ejus
1333 507 1591 562 illustrem
1633 507 1915 576 quamdam
1956 514 2082 571 spe.

512 600 649 655 ciem
666 614 789 669 prae
813 614 873 656 se
900 599 1120 655 ferebat.
1158 597 1304 667 Opus
1322 598 1500 666 itaque
1519 605 1635 652 erat
1660 595 1813 651 stella
1839 608 1959 663 quae
1979 605 2078 647 eos

516 688 571 743 in
598 689 717 758 ipso
755 690 875 746 loco
904 690 1139 745 sisteret.
1180 688 1537 757 Quamobrem
1572 686 1902 755 Jerosoiyma
1930 696 2087 753 egre-

512 776 780 836 dientibus
816 787 1067 847 apparet,
1116 793 1218 833 nec
1264 786 1370 833 stat
1394 777 1539 845 prius
1563 788 1719 845 quam
1748 772 1814 842 ad
1841 784 2082 841 praesepe

515 869 839 938 pervenerit,
884 877 941 923 et
981 867 1293 923 miraculum
1340 863 1596 921 miraculo
1623 862 1926 918 addiderit:
1958 874 2082 915 nam

514 965 795 1026 utrumque
819 956 1063 1013 mirabile
1097 967 1232 1021 erat,
1274 962 1329 1010 et
1353 954 1495 1024 quod
1522 952 1660 1023 magi
1688 951 1999 1013 adorarent,
2027 956 2084 1004 et

514 1046 658 1114 quod
694 1047 845 1101 stella
874 1047 1017 1114 ipsos
1040 1046 1255 1102 sisteret
1284 1061 1299 1098 :
1330 1060 1451 1112 quae
1479 1058 1610 1102 sane
1655 1050 1872 1113 possent
1896 1040 1980 1097 vel
2007 1039 2083 1095 la-

515 1134 700 1205 pideos
724 1135 930 1189 animos
956 1131 1243 1187 attrahere.
1274 1133 1330 1187 Si
1355 1134 1498 1188 enim
1528 1131 1787 1190 dixissent
1816 1144 1955 1201 magi
1977 1170 1993 1195 ,
2019 1142 2082 1184 se

515 1225 800 1293 prophetas
826 1224 1092 1279 audivisse
1117 1222 1233 1279 hac
1268 1222 1530 1286 dicentes,
1559 1222 1644 1276 vel
1673 1220 1787 1276 haec
1822 1219 1924 1276 sibi
1972 1218 2083 1287 pri-

516 1316 681 1368 vatim
704 1314 772 1368 ab
790 1316 990 1383 angelis
1014 1314 1155 1369 dicta
1177 1314 1359 1378 fuisse,
1376 1313 1510 1369 ﬁdes
1529 1312 1634 1367 illis
1650 1328 1754 1367 non
1782 1312 1966 1367 fuisset
1984 1310 2083 1364 ha-

514 1404 623 1458 bita
653 1421 667 1457 :
695 1405 803 1473 jam
830 1420 956 1459 vero
983 1406 1131 1459 stella
1179 1420 1409 1474 superne
1437 1404 1666 1469 lucente,
1699 1403 1783 1457 vel
1810 1403 2086 1473 impuden-

516 1496 647 1550 tium
672 1510 762 1550 ora
785 1496 1210 1551 obstruebantur.
1233 1495 1432 1551 Deinde
1457 1510 1577 1549 cum
1596 1510 1761 1563 puero
1779 1494 2083 1547 immineret

517 1584 693 1647 stella,
721 1586 865 1639 stetit
902 1603 915 1637 :
945 1584 997 1638 id
1020 1583 1160 1654 quod
1204 1584 1420 1652 majoris
1442 1592 1557 1637 erat
1582 1583 1876 1652 potestatis,
1925 1596 2085 1650 quam

517 1680 578 1725 ut
621 1673 789 1727 stella:
814 1681 1099 1737 competat,
1130 1671 1268 1741 quod
1314 1672 1518 1728 scilicet
1562 1671 1723 1727 modo
1759 1671 2085 1735 occultetur,

516 1761 678 1815 modo
702 1770 974 1829 appareat,
996 1770 1051 1816 et
1068 1777 1187 1815 cum
1213 1769 1452 1831 apparet,
1479 1776 1696 1817 cursum
1731 1760 1904 1816 sistat.
1954 1759 2089 1814 Hinc

516 1852 596 1904 illi
622 1852 1003 1906 incrementum
1048 1850 1168 1905 tidei
1210 1861 1511 1920 ceperunt:
1541 1850 1662 1905 ideo
1709 1849 1872 1905 laitati
1918 1857 2085 1913 sunt,

520 1942 647 2007 quia
666 1940 806 2008 quod
828 1942 1135 2009 quaerebant
1160 1942 1495 2006 invenerunt,
1516 1942 1634 2011 quia
1659 1942 1828 1995 nuntii
1850 1942 2089 1995 veritatis

515 2029 687 2083 effecti
715 2034 858 2090 sunt,
881 2026 1001 2095 quia
1022 2038 1124 2078 non
1143 2024 1335 2077 frustra
1354 2030 1554 2075 tantum
1583 2031 1929 2088 susceperunt
1949 2019 2081 2076 iter:

515 2120 595 2170 sic
616 2116 821 2170 ardenti
842 2113 1035 2169 Christi
1058 2111 1321 2167 desiderio
1337 2109 1647 2179 ﬂagrabant.
1670 2109 1801 2163 Nam
1825 2109 2086 2166 accedens

516 2205 689 2270 stella,
720 2218 881 2269 super
923 2204 1094 2269 ipsum
1126 2199 1273 2267 pueri
1301 2206 1460 2267 caput
1485 2198 1653 2263 stetit,
1684 2196 1973 2251 ostendens
2003 2198 2087 2253 di-

519 2292 694 2346 vinam
718 2306 836 2345 esse
862 2290 1059 2358 prolem
1086 2305 1099 2341 :
1126 2302 1353 2355 cumque
1374 2288 1630 2351 stetisset,
1659 2285 1724 2339 ad
1754 2284 2081 2339 adorandum

518 2382 753 2445 adducit,
786 2394 889 2433 non
918 2378 1228 2446 simpliciter
1254 2376 1531 2443 barbaros,
1556 2376 1649 2429 sed
1674 2376 1762 2445 qui
1802 2377 1942 2430 inter
1970 2376 2087 2430 illos

518 2471 893 2541 sapientissimi
923 2478 1095 2523 erant.
1130 2468 1292 2523 Vides
1325 2468 1463 2521 hanc
1491 2467 1698 2521 stellam
1733 2465 1854 2535 jure
1900 2466 2092 2521 merito

519 2562 865 2632 apparuisse?
896 2560 1166 2628 Siquidem
1187 2568 1242 2613 et
1266 2565 1383 2627 post
1406 2556 1760 2627 prophetiam,
1788 2564 1844 2611 et
1868 2566 1987 2625 post
2008 2572 2093 2610 sa-

519 2655 797 2708 cerdotum
824 2653 1226 2719 scribarumque
1250 2648 1760 2718 interpretationem,
1794 2646 1967 2703 adhuc
2001 2647 2089 2702 illa

520 2744 805 2798 utebantur
827 2742 980 2796 duce.

587 2884 811 2938 Marcion
835 2896 882 2939 et
908 2886 1106 2939 Paulus
1133 2887 1489 2944 Samosatemts
1510 2906 1571 2944 cs
1588 2892 1733 2945 stella
1747 2893 2085 2961 coniunxi.—

510 2975 801 3030 Erubescat
829 2976 1059 3030 Marcion
1085 3019 1099 3040 ,
1129 2979 1411 3034 erubescat
1449 2980 1643 3035 Paulus
1685 2982 2081 3053 Samosatenus,

508 3067 595 3135 qui
629 3068 905 3119 noluerunt
935 3082 997 3119 ea
1026 3067 1225 3127 videre,
1258 3084 1379 3136 quae
1427 3073 1561 3140 magi
1588 3073 1854 3140 viderunt,
1885 3074 2080 3132 Eccle-

510 3157 604 3209 siae
631 3155 991 3225 progenitores
1018 3157 1092 3228 (α)
1122 3175 1134 3209 :
1168 3172 1340 3224 neque
1368 3162 1507 3213 enim
1537 3162 1697 3229 pudet
1730 3179 1817 3217 me
1854 3165 1931 3219 sic
1960 3164 2081 3220 illos

506 3262 715 3300 wcnrc.
760 3246 1045 3301 Erubescat
1090 3247 1341 3313 Marcion,
1395 3251 1558 3304 Deum
1602 3252 1786 3307 videns
1835 3255 1887 3308 in
1917 3271 2079 3311 carne

507 3338 801 3391 adoratum.
833 3336 1121 3390 Erubescat
1149 3338 1363 3401 Paulus,
1415 3341 1599 3393 videns
1626 3343 1770 3396 illum
1816 3338 1919 3399 non
1948 3348 2076 3400 sim-

510 3426 717 3496 pliciter
736 3436 791 3479 ut
823 3426 1091 3481 hominem
1118 3428 1348 3482 adorari.
1378 3428 1505 3482 Nam
1528 3432 1666 3499 quod
1694 3432 1745 3486 in
1768 3448 1926 3489 carne
1945 3436 2079 3490 ado-

508 3527 655 3572 ratus
682 3519 771 3580 sit,
803 3518 854 3569 id
877 3525 928 3570 et
953 3517 1110 3585 panni
1128 3518 1409 3571 ostendunt
1437 3531 1489 3574 et
1518 3535 1753 3589 prmsepe
1780 3539 1793 3573 :
1821 3524 1958 3592 quod
1984 3540 2079 3578 au-

507 3618 615 3663 tem
638 3623 739 3661 non
763 3608 910 3676 quasi
932 3606 1195 3660 hominem
1217 3623 1401 3675 purum
1432 3609 1787 3677 adoraverint,
1804 3612 2077 3670 declarant

508 3698 632 3751 dum
666 3698 961 3751 immaturae
1005 3697 1145 3749 tutati
1174 3698 1294 3751 talia
1340 3697 1610 3765 proferunt
1633 3699 1793 3765 dona,
1820 3718 1937 3771 quae
1967 3702 2075 3757 Deo

506 3787 686 3841 oil‘erri
716 3800 809 3854 par
834 3796 969 3840 erat.
999 3785 1327 3841 Erubescant
1354 3804 1473 3842 cum
1498 3790 1600 3843 illis
1628 3799 1681 3843 et
1729 3790 1920 3857 Judaei,
1949 3793 2074 3847 dum

508 3882 760 3933 barbaros
781 3890 833 3933 et
860 3894 1041 3949 magos
1062 3880 1263 3945 vident,
1293 3881 1382 3949 qui
1408 3881 1552 3949 ipsos
1571 3880 1919 3948 praeveniunt,
1977 3895 2075 3936 nec

508 3977 626 4033 post
651 3968 770 4021 illos
796 3970 1047 4023 accedere
1078 3971 1278 4023 volunt.
1309 3969 1438 4024 Nam
1465 3967 1581 4038 qua:
1610 3979 1719 4022 tum
1748 3970 1880 4023 facta
1910 3981 2030 4023 sunt
2052 4008 2071 4035 ,

505 4058 797 4110 futurorum
820 4068 972 4111 erant
1003 4057 1165 4126 figura
1201 4076 1215 4110 :
1244 4067 1401 4126 atque
1430 4060 1479 4110 in
1508 4058 1726 4111 exordio
1753 4058 1866 4126 ipso
1888 4057 2070 4111 decia-

504 4160 674 4201 ratum
705 4160 816 4213 est,
845 4158 1029 4215 gentes
1071 4149 1322 4218 populum
1352 4150 1495 4203 illum
1536 4158 1892 4215 praeventurus
1928 4146 2065 4203 esse;

506 4238 569 4290 Et
607 4254 702 4291 cur
728 4278 743 4299 ,
778 4239 1004 4304 inquies,
1037 4254 1141 4290 non
1180 4241 1247 4290 ab
1292 4239 1473 4297 initio,
1510 4236 1603 4291 sed
1633 4247 1811 4306 postea
1836 4238 2068 4301 dicebat,

503 4330 693 4383 Euntes
714 4331 884 4383 docete
904 4346 1073 4383 omnes
1095 4340 1261 4398 gentes
1290 4329 1502 4393 (Matth.
1534 4328 1622 4383 28.
1652 4328 1778 4398 l9)?
1804 4329 1967 4395 Quia,
2012 4339 2071 4383 ut

500 4420 603 4489 jam
626 4421 733 4474 dixi
753 4461 767 4485 ,
800 4420 937 4488 quod
970 4432 1091 4473 tunc
1122 4420 1313 4474 factum
1340 4431 1438 4483 est,
1471 4422 1761 4475 futurorum
1802 4422 1987 4492 ﬁgura,
2016 4433 2069 4476 et

500 4513 648 4579 quasi
674 4512 945 4578 prmdictio
976 4520 1111 4576 erat.
1139 4512 1563 4565 Consentaneum
1592 4512 1790 4581 quippe
1814 4520 1961 4578 erat,
2010 4522 2069 4567 ut

500 4602 666 4656 Jnda-E
691 4610 911 4655 exteros
937 4604 1293 4669 praisedereut
1318 4620 1330 4663 ;
1363 4603 1483 4671 quia
1507 4618 1631 4656 vero
1658 4603 1949 4670 prmstitum
1965 4604 2065 4657 sibi

504 4692 815 4748 beneﬁcium
844 4702 1031 4759 sponte
1074 4698 1405 4760 respuerunt,
1448 4709 1534 4747 res
1568 4703 1887 4767 prrepostere
1916 4710 2064 4747 versa

500 4792 579 4836 est
614 4801 626 4837 :
657 4781 915 4849 siquidem
944 4796 1113 4851 neque
1156 4782 1241 4837 hic
1264 4798 1355 4851 par
1382 4792 1515 4847 crat,
1553 4791 1609 4836 ut
1652 4785 1785 4853 magi
1826 4793 1946 4838 ante
1974 4784 2064 4838 Ju-

501 4873 645 4926 timus
690 4874 959 4935 rere-irent;
1012 4888 1182 4943 neque
1226 4883 1279 4928 ut
1319 4876 1352 4927 ii
1395 4874 1482 4943 qui
1521 4884 1666 4927 tanto
1695 4876 1863 4943 spatio
1890 4876 2058 4930 dista-

500 4962 657 5019 bant,
690 4976 781 5015 eos
811 4964 896 5031 qui
930 4964 1063 5017 circa
1113 4964 1296 5016 urbem
1352 4966 1516 5031 ipsam
1565 4963 1870 5017 habitabant
1907 4975 2063 5020 ante-

501 5053 793 5113 cederent,
832 5066 999 5121 neque
1029 5064 1085 5106 ut
1111 5052 1165 5117 ii,
1201 5056 1287 5124 qui
1328 5053 1580 5107 nihildum
1626 5054 1897 5108 audierant
1927 5071 2017 5110 eos
2041 5096 2057 5121 ,

496 5145 585 5208 qui
632 5146 770 5197 inter
796 5154 869 5197 tet
900 5144 1204 5213 prophetias
1252 5143 1485 5198 innutriti
1533 5144 1772 5209 fuerant,
1806 5146 2062 5215 praeveni-

496 5242 648 5296 rent;
682 5247 860 5286 verum
890 5236 1013 5303 quia
1043 5234 1094 5289 in
1124 5249 1329 5289 summa
1372 5234 1628 5292 bonorum
1660 5249 1874 5290 suorum
1904 5237 2058 5305 igno-

560 5502 638 5578 i9),
662 5501 755 5578 iii?
767 5500 1141 5578 Ψβὲβὶφοιμτ
1172 5503 1395 5578 West?
1431 5509 1786 5578 ιῖτοςοηίιρςρξν
1818 5514 1931 5575 quia
1956 5516 2062 5578 ipsi

501 5569 641 5623 primi
664 5569 711 5609 ιιι
734 5569 937 5625 regione
954 5576 1055 5619 sua,
1085 5569 1179 5613 imo
1202 5569 1347 5614 etiam
1380 5569 1427 5615 in
1450 5569 1627 5625 ludam,
1654 5569 1888 5622 Christum
1910 5569 2057 5625 adve-

503 5622 642 5689 υῖβδε,
657 5622 967 5689 ιιτλνεξῖαέιωη
998 5634 1092 5679 Qua
1109 5628 1295 5677 ratione
1317 5635 1537 5678 auctores
1559 5622 1908 5686 et'luudatores
1926 5622 2057 5689 ριιίι.

505 5684 737 5733 stiauismi
758 5683 851 5732 dici
874 5691 1089 5745 possunt.

1252 398 1312 457 S.
1342 396 1626 459 JOANMS
1659 397 2140 461 CHRYSOSTOMI
2178 393 2493 453 ARCRIEP.
2540 389 3081 451 CONSTANTINOP.

3652 384 3727 444 '18

2190 503 2357 559 rantis
2381 502 2757 566 versabantur,
2785 502 2875 572 qui
2917 502 2970 557 in
2997 500 3235 567 Perside,
3281 513 3377 556 eos
3416 500 3509 571 qui
3546 499 3764 557 ieroso-

2190 594 2342 665 lymis
2367 602 2493 650 sunt
2539 601 2902 663 prtevertunt;
2930 593 2982 647 id
3019 593 3160 662 quod
3185 592 3346 648 etiam
3368 592 3497 647 dicit
3524 592 3759 647 Paulus:

2197 683 2349 739 Vobis
2394 683 2649 755 oportebat
2692 683 2996 747 annuntio"
3060 686 3282 750 primum
3347 699 3559 754 regnant
3609 682 3707 737 Dei
3739 699 3759 739 :

2190 776 2276 832 sed
2318 776 2436 847 quia
2481 792 2567 831 vos
2615 775 2847 847 indignos
2897 774 3202 845 judicastis,
3248 789 3364 828 ecce
3427 774 3763 828 convertimur

2186 868 2255 921 ad
2282 878 2453 939 gentes
2482 868 2617 935 (Act.
2636 866 2858 937 £3.46).
2886 866 3105 923 Etiamsi
3132 866 3275 921 enim
3308 876 3464 922 antea
3504 866 3763 923 increduli

2186 965 2360 1023 erant,
2387 971 2419 1012 a
2442 956 2609 1026 magis
2634 956 2821 1011 saltem
2840 955 3118 1011 audientes
3140 968 3421 1010 accurrere
3448 955 3761 1025 oportebat;

2186 1046 2279 1101 sed
2301 1045 2586 1101 noluerunt
2613 1062 2627 1099 :
2652 1044 2897 1115 ideoque,
2929 1044 3035 1101 illis
3070 1043 3457 1100 dormientibus
3476 1084 3493 1109 ,
3524 1043 3577 1100 lii
3621 1058 3761 1114 pra-

2184 1142 2426 1191 currunt.

2246 1355 2299 1410 5.
2341 1353 2640 1408 Exhortatio
2658 1354 2883 1409 moralis.
2917 1353 3018 1420 Qui
3042 1353 3249 1425 indigne
3268 1358 3502 1423 mysta-ia
3527 1366 3751 1424 sumunt,

2182 1444 2371 1498 Herodi
2388 1446 2594 1500 simila.
2626 1444 2958 1499 Theatron
2984 1446 3295 1501 obscwm'tas.
3335 1475 3406 1486 —
3453 1446 3630 1517 Magos
3655 1449 3755 1504 ita-

2176 1550 2278 1604 que
2301 1550 2607 1605 sequamur,
2632 1544 2687 1588 et
2710 1549 2738 1586 a
2764 1533 3108 1588 barbarorum
3130 1542 3307 1589 tamen
3328 1536 3566 1591 moribus
3587 1537 3753 1594 multa

2174 1626 2565 1696 intercapedine
2599 1639 2696 1679 nos
2733 1639 3099 1681 removeamus
3122 1665 3137 1691 ,
3175 1635 3231 1679 ut
3266 1625 3532 1681 Christum
3572 1628 3751 1683 videa-

2173 1731 2291 1771 mus
2319 1732 2334 1768 :
2363 1715 2787 1785 quandoquidem
2813 1725 2865 1769 et
2892 1715 2991 1784 ipsi
3018 1715 3119 1770 nisi
3149 1716 3331 1785 procul
3356 1733 3383 1770 a
3407 1732 3504 1772 sua
3528 1719 3749 1788 regiontt

2166 1811 2550 1876 recessissent,
2590 1826 2697 1864 non
2742 1810 2885 1864 illum
2929 1810 3093 1866 visuri
3140 1819 3315 1865 erant.
3361 1810 3749 1868 Reccdamusa

2165 1899 2393 1953 terrenis
2418 1900 2661 1969 negotiis.
2710 1899 2917 1954 Etenim
2946 1900 3083 1970 magi
3110 1938 3127 1965 ,
3157 1897 3285 1954 dum
3328 1899 3377 1951 in
3409 1899 3631 1955 Perside
3659 1915 3745 1956 es-

2164 1998 2302 2055 sent,
2325 1989 2529 2043 stellam
2555 1990 2801 2045 videbaut
2826 2007 2839 2042 :
2861 2005 2981 2045 cum
3008 2001 3183 2044 autem
3209 2005 3238 2043 a
3269 1990 3486 2045 Perside
3509 2006 3749 2047 recesse-

2166 2089 2325 2143 runt,
2368 2079 2545 2135 Solem
2584 2081 3210 2150 jitstitite,eonspexere;
3260 2081 3369 2136 imo
3408 2096 3505 2136 nec
3534 2083 3745 2137 stellam

2166 2168 2301 2220 ultra
2333 2168 2492 2221 visuri
2529 2176 2717 2235 erant,
2748 2169 2850 2223 nisi
2891 2178 3137 2238 prompto
3165 2170 3345 2223 animo
3374 2169 3496 2225 inde
3523 2169 3747 2239 profecti

2162 2265 2361 2310 essent.
2426 2256 2717 2327 Surgamus
2778 2258 2936 2327 igitur
2991 2267 3045 2314 et
3104 2272 3243 2324 nos;
3304 2259 3511 2315 etiamsi
3564 2274 3751 2316 omnes

2164 2348 2558 2414 perturbentur,
2591 2348 2659 2403 ad
2683 2348 2899 2403 domum
2928 2350 3077 2417 pueri
3106 2363 3382 2404 curramus
3406 2366 3421 2404 :
3443 2353 3541 2404 etsi
3570 2364 3746 2420 reges,

2166 2437 2266 2489 etsi
2296 2438 2508 2506 populi,
2540 2438 2640 2491 etsi
2685 2439 2894 2509 tyranni
2925 2438 3060 2493 hanc
3086 2440 3224 2493 viam
3256 2438 3572 2509 intercipere
3607 2449 3749 2495 sata.

2164 2534 2292 2594 gant
2314 2566 2329 2589 ,
2362 2542 2428 2581 ne
2469 2527 2787 2583 desiderium
2827 2528 3114 2583 solvamus.
3158 2528 3248 2583 Sic
3280 2531 3420 2583 enim
3450 2533 3630 2584 omnia
3660 2531 3745 2583 in-

2162 2615 2405 2683 gruentia
2444 2617 2583 2669 mala
2620 2616 2966 2685 depellentus.
3014 2618 3286 2686 Siquidem
3325 2628 3379 2672 et
3415 2618 3466 2672 hi
3494 2634 3747 2691 quoque,

2162 2706 2265 2759 nisi
2305 2721 2525 2775 puerum
2553 2707 2849 2771 vidissent,
2887 2708 3178 2777 periculum
3204 2748 3221 2774 ,
3252 2709 3393 2778 quod
3421 2725 3452 2763 a
3480 2726 3605 2781 rege
3636 2727 3748 2767 me-

2164 2797 2383 2852 tuebant
2406 2838 2420 2861 ,
2466 2813 2570 2853 non
2614 2797 2940 2867 effugissent.
2992 2804 3288 2868 numquam
3333 2814 3558 2868 puerum
3602 2802 3749 2857 vide-

2163 2896 2306 2952 mnt,
2335 2886 2576 2953 timores,
2604 2888 2857 2956 pericula,
2886 2887 3303 2956 perturbationes
3320 2888 3555 2956 undique
3580 2890 3747 2945 insta-

2164 2976 2329 3042 bant;
2388 2988 2509 3047 post
2559 2978 2920 3032 adoraticnem
2963 2991 3129 3042 vero,
3180 2978 3543 3048 tranquillitas
3588 2989 3749 3049 atque

2162 3071 2451 3133 securitas;
2500 3083 2670 3137 neque
2714 3068 2936 3122 ulterius
2979 3068 3128 3121 stella
3153 3110 3169 3133 ,
3208 3068 3299 3122 sed
3339 3070 3564 3139 angelus
3602 3070 3745 3137 ipsos

2162 3159 2394 3227 excipit,
2436 3157 2503 3211 ab
2545 3157 2853 3210 adoratiooe
2897 3158 3201 3212 sacerdotes
3246 3158 3463 3213 effectos
3497 3181 3510 3215 :
3542 3162 3738 3215 ctenim

2162 3263 2380 3303 munera
2408 3248 2728 3301 obtulerunt.
2779 3246 3022 3303 Dimissis
3054 3248 3228 3316 itaque
3257 3248 3479 3304 Judaico
3511 3251 3704 3319 populo
3727 3290 3742 3313 ,

2162 3339 2468 3408 perturbata
2507 3338 2717 3391 civitate
2742 3377 2757 3402 ,
2805 3338 3146 3406 sanguinario
3191 3348 3454 3409 tyranno,
3502 3343 3743 3397 saeculari

2164 3442 2387 3497 pompa,
2424 3429 2474 3480 in
2516 3426 2824 3481 Bethlehem
2863 3428 2971 3481 cito
3010 3443 3203 3495 perge,
3232 3428 3321 3482 ubi
3365 3430 3555 3483 domus
3597 3432 3745 3500 panis

2163 3516 2473 3586 spiritualis.
2505 3515 2616 3569 Etsi
2640 3515 2780 3569 enim
2810 3526 2990 3583 pastor
3013 3516 3194 3580 fueris,
3226 3531 3395 3585 eoque
3422 3519 3739 3585 adveneris,

2164 3621 2383 3675 puerum
2428 3606 2480 3659 in
2524 3605 2817 3659 diversorio
2859 3606 3081 3660 videbis.
3130 3602 3345 3659 Etiamsi
3390 3621 3482 3660 rex
3539 3606 3702 3663 fueris
3724 3649 3742 3675 ,

2164 3712 2261 3751 nec
2308 3705 2481 3750 tamen
2525 3696 2842 3760 adveneris,
2884 3694 3015 3749 nihil
3056 3694 3147 3750 tibi
3191 3709 3419 3764 purpura
3468 3696 3738 3766 proderit;

2164 3784 2579 3855 etianisi'magus
2604 3786 2787 3850 fueris,
2816 3784 2945 3839 nihil
2970 3793 3024 3839 te
3053 3786 3155 3840 hoc
3180 3786 3464 3851 impediet,
3498 3788 3542 3841 si
3575 3788 3733 3841 modo

2165 3878 2520 3933 bonoraturus
2548 3875 2963 3946 adoratumsque
2987 3876 3276 3932 accesseris
3293 3916 3308 3937 ,
3338 3892 3437 3932 nec
3462 3879 3741 3933 conculca-

2165 3977 2313 4022 turus
2338 3967 2531 4021 Filium
2570 3967 2665 4021 Dei
2696 3983 2711 4018 :
2740 3967 2787 4020 si
2826 3981 2945 4020 cum
2992 3973 3225 4021 tremore
3264 3967 3423 4021 simul
3462 3978 3517 4021 et
3552 3968 3745 4038 gaudio

2166 4060 2266 4113 hoc
2293 4059 2499 4127 egeris;
2533 4059 2645 4112 inec
2667 4058 2809 4113 enim
2843 4061 3000 4111 ambo
3024 4068 3246 4126 possunt
3270 4074 3609 4115 concurrere.
3638 4060 3742 4116 Sed

2164 4163 2292 4203 cave
2318 4164 2387 4201 ne
2415 4148 2607 4201 Herodi
2635 4150 2823 4202 similis
2850 4148 2923 4203 sis
2949 4158 3005 4203 et
3024 4149 3188 4211 dicas,
3222 4148 3289 4204 Ut
3316 4152 3511 4205 veniens
3535 4152 3742 4205 adorem

2166 4253 2277 4290 eum
2302 4276 2317 4301 ,
2342 4237 2667 4303 veniensque
2712 4238 2953 4291 occidere
2996 4247 3189 4291 tentes.
3240 4238 3315 4292 illi
3357 4240 3497 4293 enim
3542 4240 3745 4294 similes

2168 4336 2287 4381 sunt
2310 4364 2324 4390 ,
2350 4325 2439 4394 qui
2471 4325 2682 4394 indigne
2706 4328 3082 4397 mysteriorum
3113 4329 3393 4399 participes
3425 4341 3568 4385 sunt.
3611 4331 3741 4385 Nam

2166 4420 2256 4489 qui
2282 4420 2576 4489 huiusmodi
2600 4431 2702 4487 est,
2727 4421 2863 4475 Reus
2878 4422 2991 4487 erit,
3016 4425 3205 4492 inquit,
3229 4427 3452 4493 corporis
3474 4434 3519 4479 et
3541 4423 3745 4494 sangui-

2169 4513 2246 4564 nis
2274 4509 2474 4565 Domini
2500 4512 2575 4582 (i.
2601 4512 2718 4565 Cor.
2748 4514 2829 4566 li.
2851 4512 2962 4581 Ἡ).
2996 4512 3127 4566 Nam
3156 4514 3244 4582 qui
3271 4514 3571 4583 hujusmodi
3601 4523 3749 4579 sunt,

2171 4601 2366 4656 habent
2414 4604 2466 4655 in
2511 4617 2568 4656 se
2613 4613 2892 4671 tyrannum
2938 4603 3260 4658 invidentem
3305 4620 3468 4673 regno
3504 4604 3745 4667 Christi,

2173 4708 2468 4747 mamonam
2497 4708 2684 4761 nempe
2713 4693 2919 4747 llerode
2947 4694 3278 4761 iniquiorem.
3309 4692 3405 4747 llic
3430 4696 3626 4761 quippe
3652 4694 3749 4748 im-

2170 4797 2359 4851 perare
2400 4782 2546 4847 vult,
2587 4785 2847 4851 mittitque
2888 4782 3121 4837 cultores
3162 4796 3287 4836 suos
3312 4824 3327 4846 ,
3369 4785 3455 4853 qui
3500 4784 3750 4840 simulate

2167 4872 2383 4941 quidem
2414 4874 2667 4936 adorent,
2698 4876 2790 4927 sed
2821 4871 3090 4925 adorando
3128 4872 3389 4941 juguient.
3437 4872 3749 4928 Timeamus

2166 4962 2378 5031 itaque,
2408 4976 2475 5015 ne
2496 4962 2726 5031 speciem
2758 4961 3052 5030 supplicum
3100 4973 3151 5015 et
3177 4962 3514 5016 adoratorum
3547 4963 3749 5018 habea-

2168 5065 2286 5104 mus
2314 5092 2326 5113 ,
2374 5065 2534 5118 opere
2576 5062 2749 5105 autem
2792 5052 3054 5104 contraria
3085 5051 3448 5106 exhibeamus.
3499 5052 3750 5109 Omniae

2165 5142 2406 5197 manibus
2431 5143 2764 5210 projiciamns
2792 5143 3079 5196 adoraturi.
3114 5142 3167 5198 Si
3192 5158 3381 5198 aurum
3413 5143 3705 5199 habeamus
3726 5184 3746 5210 ,

2166 5232 2338 5299 ipsum
2376 5230 2659 5287 offeramus
2682 5274 2697 5298 ,
2731 5247 2828 5287 nec
2870 5229 3219 5287 defodiamus.
3263 5232 3318 5288 Si
3347 5234 3489 5287 enim
3534 5232 3747 5289 barbari

2164 5320 2237 5375 illi
2264 5322 2342 5375 ad
2358 5322 2611 5376 honorem
2638 5337 2857 5377 munera
2888 5332 3012 5378 tunc
3037 5324 3365 5386 obtulerunt,
3408 5324 3529 5392 quis
3556 5334 3611 5378 tu
3639 5325 3747 5381 eris

2166 5412 2265 5468 nisi
2308 5412 2507 5467 tribuas
2534 5413 2819 5483 indigenti?
2847 5413 2892 5469 si
2921 5413 2992 5466 illi
3024 5422 3222 5467 tantam
3254 5429 3539 5481 suscepere
3561 5417 3701 5471 viam
3723 5456 3744 5481 ,

2164 5509 2222 5585 ut
2261 5511 2441 5556 natum
2472 5502 2745 5566 viderent,
2774 5518 2927 5572 quam
2964 5505 3360 5559 excusationem
3400 5504 3619 5561 habebis
3648 5516 3701 5561 tu
3725 5547 3743 5573 ,

2165 5593 2251 5661 qui
2277 5607 2345 5647 ne
2368 5592 2435 5647 ad
2464 5593 2630 5648 vicum
2652 5593 2863 5663 quidem
2891 5609 3050 5648 unum
3076 5610 3347 5664 properas,
3372 5605 3425 5650 ut
3452 5595 3741 5662 infirmum,

2165 5689 2219 5737 et
2246 5681 2299 5737 in
2321 5682 2539 5739 vinculis
2562 5684 2831 5738 detentum
2854 5683 3075 5739 visites?
3102 5684 3259 5754 Atqui
3283 5700 3379 5741 nos
3404 5695 3457 5741 et
3479 5685 3742 5751 inﬁrmos,
