4082 6502
266 419 341 474 ‘39

268 631 562 693 beneficum
613 637 826 708 quidem
872 648 926 692 et
973 637 1254 693 Dominum
1303 639 1495 693 tuum?
1544 638 1620 694 llli
1669 656 1856 697 aurum

265 726 605 794 obtulerunt;
637 740 690 784 tu
722 746 911 800 panem
941 731 1027 784 vix
1054 730 1312 786 dederis?
1357 733 1431 786 llli
1464 734 1674 790 stellam
1703 734 1854 791 vide-

265 827 379 874 runt
402 859 418 883 ,
461 830 512 874 et
535 820 702 890 gavisi
732 831 891 887 sunt;
924 833 976 876 tu
1007 837 1138 897 vero
1163 822 1436 878 Christum
1462 825 1648 880 videns
1672 825 1856 898 hospi-

265 916 367 966 tem
399 919 453 965 et
479 910 680 964 nudum
704 953 718 972 .
752 927 856 966 non
887 911 1116 966 flecteris
1134 913 1176 966 ?-
1192 912 1322 980 Quis
1348 915 1490 968 enim
1527 925 1759 970 vestrum
1790 933 1854 972 ex

262 1001 324 1057 iis
349 1003 440 1071 qui
472 1003 618 1059 mille
645 1003 901 1059 beneficia
930 1014 1272 1074 acceperunt,
1299 1015 1497 1061 tantam
1526 1023 1622 1077 pro
1644 1007 1856 1072 Christo

262 1094 493 1161 suscepit
523 1097 1005 1165 peregrinationem
1029 1139 1042 1162 ,
1077 1107 1327 1166 quantum
1360 1098 1432 1153 illi
1466 1099 1714 1166 barbari,
1748 1102 1854 1155 imo

261 1182 328 1237 illi
376 1184 708 1255 philosOphis
754 1187 1145 1255 sapientiores?
1196 1190 1257 1244 Et
1309 1191 1434 1261 quid
1481 1193 1602 1247 dico
1653 1201 1852 1249 tautain

261 1275 443 1330 viam?
491 1278 663 1333 Multa:
693 1280 831 1348 apud
865 1295 963 1335 nos
990 1281 1244 1336 mulieres
1282 1283 1352 1337 ita
1383 1284 1576 1339 molles
1601 1295 1762 1351 sunt,
1800 1297 1853 1339 ut

257 1379 324 1422 ne
363 1367 536 1420 vicum
587 1386 748 1423 unum
801 1383 1129 1428 transmeare
1173 1373 1375 1440 velint,
1415 1375 1553 1428 utin
1585 1377 1846 1449 Spirituali

256 1465 516 1534 praesepio
560 1465 730 1536 ipsum
775 1467 1028 1535 videant,
1083 1470 1182 1524 nisi
1220 1471 1376 1527 mulis
1417 1471 1700 1530 vehantur.
1744 1475 1845 1530 Alii

247 1555 443 1625 quibus
475 1557 615 1611 inest
647 1559 952 1614 ambulandi
982 1559 1204 1615 facultas
1229 1603 1243 1626 ,
1274 1564 1354 1617 vel
1383 1564 1717 1620 smeularium
1747 1581 1845 1622 ne-

253 1644 515 1714 gotiorum
558 1648 766 1703 turbam
794 1691 810 1713 ,
858 1650 940 1704 vel
991 1649 1318 1707 theatrorum
1364 1652 1845 1725 frequentationem

249 1733 375 1790 huic
410 1739 570 1793 cmtui
602 1749 954 1809 anteponunt.
1007 1741 1071 1797 Et
1105 1743 1311 1800 barbari
1343 1746 1558 1816 quidem
1591 1748 1662 1803 illi
1689 1759 1846 1805 aute-

245 1841 405 1896 quam
434 1828 580 1882 illum
610 1830 870 1898 viderent,
901 1842 1102 1889 tantum
1125 1833 1338 1892 itineris
1366 1841 1570 1894 emensi
1599 1852 1724 1896 sunt
1745 1883 1760 1907 ,
1791 1851 1844 1896 tu

241 1932 374 1974 vero
409 1935 509 1974 nec
549 1931 830 1992 postquam
870 1924 1045 1980 vidisti
1090 1926 1314 1983 imitaris
1357 1929 1508 1997 illos;
1553 1932 1648 1987 sed
1687 1942 1836 2004 post.

246 2023 404 2074 quam
435 2010 609 2064 vidisti
636 2054 652 2077 ,
684 2013 773 2067 illo
798 2013 1019 2070 dimisso
1041 2057 1056 2079 ,
1085 2017 1152 2070 ad
1187 2019 1406 2074 mimum
1435 2020 1722 2078 videndum
1749 2037 1841 2078 ac.

245 2102 418 2157 curris
433 2103 466 2175 --(
497 2103 687 2159 iisdem
707 2106 859 2161 enim
901 2107 1142 2163 insistam
1173 2111 1365 2180 quibus
1395 2128 1565 2185 nuper
1592 2115 1609 2184 )
1639 2131 1654 2168 :
1683 2115 1842 2171 Chri-

236 2200 385 2247 stum
412 2194 464 2247 in
503 2196 764 2266 prtescpio
797 2197 1064 2266 jacentem
1096 2201 1352 2272 relinquis
1373 2246 1390 2272 ,
1420 2214 1477 2261 ut
1502 2207 1752 2262 mulieres
1785 2209 1834 2266 in

243 2296 402 2338 scena
437 2284 641 2341 «videas.
686 2287 888 2356 Quibus
927 2289 1043 2346 haec
1068 2291 1374 2349 fulminibus
1399 2295 1556 2367 digna
1586 2313 1690 2352 non
1724 2297 1838 2354 fue-

243 2373 347 2428 rint
366 2375 390 2428 τ

299 2542 352 2597 6.
384 2542 439 2599 Si
468 2545 610 2615 quis,
638 2560 840 2617 quaeso,
871 2548 1234 2620 polliceretur,
1267 2561 1319 2609 te
1350 2553 1402 2608 in
1431 2556 1627 2626 regiam
1659 2556 1823 2613 intro—

225 2629 444 2700 dueere,
475 2637 966 2712 lmperatoremque
991 2643 1267 2701 sedentem
1296 2647 1385 2703 tibi
1413 2657 1722 2718 ostendere,
1754 2667 1819 2705 an

229 2724 532 2798 hujusmodi
553 2735 856 2802 spectaculo
880 2735 1143 2792 theatrum
1170 2740 1488 2808 auteferres,
1513 2742 1718 2798 etiamsi
1745 2745 1824 2797 ni»

228 2816 298 2874 hil
332 2822 456 2876 hinc
489 2824 620 2878 lucri
650 2824 850 2882 referre
876 2831 1100 2897 posses?
1128 2831 1222 2886 llic
1250 2848 1376 2888 vero
1407 2833 1525 2889 fons
1552 2834 1687 2906 ignis
1712 2838 1816 2905 spi-

230 2910 433 2966 ritualis
461 2929 526 2968 ex
555 2915 654 2970 hac
679 2932 862 2971 mensa
889 2921 1107 2973 scaturit
1135 2939 1147 2974 :
1175 2930 1227 2975 tu
1258 2938 1386 2978 vero
1417 2924 1512 2977 hac
1543 2926 1727 2981 relicta
1755 2928 1818 2980 ad

229 3000 488 3058 theatrum
520 3006 756 3061 accnrris
784 3017 1031 3066 natantes
1061 3013 1316 3072 mulieres
1347 3026 1681 3085 spectaturus
1704 3059 1718 3084 ,
1758 3036 1820 3074 ac

227 3107 407 3150 sexum
462 3096 612 3152 illum
661 3098 1104 3167 dehonestatum,
1145 3104 1520 3178 Christumque
1566 3111 1819 3180 relinquis

227 3184 351 3241 fonti
381 3187 754 3244 assidentem?
784 3191 995 3246 Etenim
1027 3209 1169 3248 nunc
1197 3211 1410 3266 quoque
1434 3197 1582 3266 juxta
1616 3199 1815 3253 fontem

225 3278 403 3344 sedet,
435 3295 542 3333 non
559 3279 956 3336 Samaritanam
982 3283 1290 3352 alloquens,
1318 3287 1412 3341 sed
1445 3296 1606 3343 totam
1633 3290 1819 3344 civita-

225 3379 323 3423 tem
361 3388 374 3424 :
406 3369 638 3426 fortasse
665 3387 791 3427 vero
821 3389 960 3428 nunc
989 3389 1198 3445 quoque
1223 3377 1612 3434 Samaritanam
1644 3380 1813 3435 solam

221 3461 532 3531 alloquitur.
581 3461 749 3517 Nemo
779 3465 920 3517 enim
953 3464 1049 3534 ipsi
1080 3482 1221 3522 nunc
1249 3467 1400 3523 adest
1427 3511 1440 3534 ,
1472 3471 1572 3525 nisi
1599 3472 1815 3541 quidam

221 3565 444 3623 corpore
471 3563 696 3618 tantum,
729 3555 816 3607 alii
844 3565 1023 3610 autem
1054 3572 1119 3611 ne
1147 3573 1372 3628 corpore
1396 3561 1634 3630 quidem.
1665 3564 1816 3616 Atta-

223 3659 337 3697 men
370 3645 487 3714 ipsc
517 3659 627 3698 non
661 3645 898 3710 recedit;
927 3645 1021 3701 sed
1065 3660 1244 3703 manet
1272 3659 1452 3718 potum
1479 3665 1508 3704 a
1540 3652 1694 3707 nobis
1723 3669 1816 3721 po.

221 3734 440 3800 stulans,
475 3750 584 3789 non
617 3750 840 3804 aquam,
871 3738 965 3792 sed
996 3739 1330 3795 sanctitatem
1365 3759 1377 3795 :
1410 3751 1593 3798 saneta
1621 3746 1816 3812 quippe.

217 3824 412 3880 sanctis
441 3828 647 3881 tribuit.
681 3828 862 3900 Neque
887 3831 1028 3886 enim
1055 3847 1246 3902 aquam
1275 3848 1340 3887 ex
1371 3833 1471 3888 hoc
1498 3833 1645 3890 fonte
1676 3852 1815 3905 prze-

217 3912 319 3978 hct,
341 3918 435 3972 sed
462 3920 779 3989 sanguinem
803 3923 1089 3985 viventem,
1113 3927 1200 3994 qui
1229 3924 1530 3995 symbolum
1553 3937 1636 3982 est
1662 3943 1810 3983 mor-

217 4008 297 4071 tis.
329 4011 422 4064 sed
445 4014 570 4067 vita:
594 4028 753 4068 causa
779 4023 881 4070 est.
906 4015 985 4070 Tu
1009 4027 1183 4071 autem
1214 4017 1398 4072 relicto
1418 4017 1565 4073 fonte
1591 4021 1808 4090 sangui-

213 4100 525 4174 nis,poeulo
542 4103 636 4157 illo
656 4097 952 4172 tremendo,
969 4107 1035 4160 ad
1053 4107 1253 4162 fontem
1273 4109 1449 4179 pergis
1464 4109 1806 4178 diabolicum,

209 4198 268 4244 ut
311 4205 590 4251 natantem
638 4200 971 4253 meretricem
1015 4201 1344 4270 conspicias,
1387 4208 1442 4255 et
1477 4201 1806 4271 naufragium

208 4285 394 4341 anima:
422 4289 670 4357 patiaris.
702 4293 850 4359 Aqua
880 4292 1020 4346 enim
1050 4292 1138 4346 illa
1168 4293 1387 4362 pelagus
1416 4302 1497 4347 est
1527 4293 1762 4349 libidinis
1787 4337 1802 4360 ,

211 4391 308 4430 non
349 4394 583 4448 corpora
630 4379 1013 4450 submergens,
1059 4381 1153 4436 sed
1194 4383 1490 4437 animarum
1532 4383 1804 4453 naufragia

212 4469 430 4533 pariens.
475 4469 587 4526 Sed
636 4471 721 4524 illa
754 4481 898 4526 natat
930 4474 1066 4526 nuda
1093 4514 1108 4539 ,
1144 4483 1197 4527 tu
1224 4489 1354 4529 vero
1380 4475 1564 4529 videns
1592 4476 1806 4531 demer-

208 4561 338 4626 gcris
367 4562 418 4616 in
452 4561 787 4632 profundum
819 4564 1068 4619 libidinis.
1104 4565 1246 4620 Talis
1275 4567 1468 4636 quippe
1496 4577 1578 4623 est
1605 4569 1800 4624 diaboli

204 4663 392 4720 sageua
425 4672 438 4707 :
475 4671 587 4708 non
619 4668 716 4709 eos
741 4655 829 4724 qui
863 4656 914 4708 in
941 4671 1132 4726 aquam
1161 4657 1528 4724 descendunt,
1556 4661 1648 4714 sed
1683 4663 1801 4715 illus

206 4748 370 4814 potius
400 4751 490 4818 qui
523 4763 740 4803 sursum
769 4749 996 4812 sedent,
1030 4767 1188 4820 quam
1219 4767 1314 4806 eos
1342 4751 1433 4822 qui
1463 4754 1514 4806 in
1543 4769 1677 4823 aqua
1711 4770 1802 4808 vo-

205 4836 433 4894 lutantur
454 4881 468 4903 ,
500 4841 855 4912 submergere
884 4843 1053 4908 solet,
1086 4845 1384 4913 saeviusque
1415 4844 1636 4900 sufl‘ocat
1661 4861 1754 4901 eos
1778 4887 1796 4914 ,

202 4942 349 4998 quam
394 4931 740 4988 Pharaonem
768 4975 782 4999 ,
824 4933 913 5003 qui
953 4949 1075 4988 cum
1118 4937 1269 5005 equis
1304 4945 1357 4990 et
1399 4937 1643 4992 curribus
1675 4948 1799 4995 tunc

200 5019 471 5077 demersus
498 5032 607 5078 est.
646 5021 716 5076 Et
741 5023 785 5076 si
813 5024 1024 5092 quidem
1052 5027 1256 5081 animas
1286 5026 1467 5083 videre
1495 5044 1793 5099 possemus,

202 5111 452 5179 plurimas
483 5114 642 5169 vobis
674 5115 1011 5170 ostenderem
1047 5117 1126 5170 his
1155 5119 1307 5189 aquis
1345 5132 1751 5191 supernatantes
1778 5166 1791 5185 .

200 5203 328 5259 sicut
371 5215 499 5262 tunc
543 5205 925 5277 Egyptiorum
964 5223 1208 5279 corpora.
1259 5212 1365 5268 Sed
1402 5216 1545 5284 quod
1582 5218 1794 5288 gravius

200 5303 306 5361 est,
338 5298 494 5353 talem
523 5297 821 5369 perniciem
853 5299 1175 5370 voluptatem
1206 5305 1508 5375 appellant,
1536 5319 1591 5364 et
1619 5311 1795 5380 perdi-

203 5386 350 5442 tionis
396 5392 624 5461 pelagus
673 5390 1042 5446 deleetationis
1084 5397 1324 5465 euripum
1369 5411 1576 5457 vocant.
1632 5405 1790 5473 Atqui

201 5477 390 5533 facilius
415 5491 498 5536 est
524 5480 777 5550 IEgzeum
805 5492 861 5537 et
891 5482 1274 5552 Tyrrhenicum
1306 5505 1474 5557 mare,
1505 5508 1661 5561 quam
1696 5495 1792 5548 hu-

202 5565 413 5633 iusmodi
457 5572 830 5642 spectaculum
871 5581 984 5627 tuto
1027 5576 1294 5646 trajicere.
1336 5580 1466 5635 Nam
1496 5585 1668 5652 primo
1697 5601 1791 5657 per

203 5663 352 5714 totam
410 5673 627 5718 noctem
691 5662 933 5719 diabolus
994 5666 1072 5720 rei
1133 5673 1531 5740 exspectatione
1584 5678 1791 5733 animos

201 5762 523 5827 pmoecupat
547 5769 563 5810 :
586 5754 786 5812 deinde
815 5765 1095 5848 postquam
1125 5759 1178 5817 id
1203 5762 1346 5834 quod
1380 5768 1790 5837 exspectabatur

1486 435 1553 490 IN
1594 439 1960 496 ΜΑΤΗᾹἋἬ
2003 439 2232 499 ιιοπιι.
2279 445 2390 500 Vll.

270 555 322 599 et
348 546 555 601 vinctos
574 585 594 615 ,
628 546 733 601 imo
761 554 817 601 et
863 545 1107 602 inimicos
1149 546 1506 612 miseramur;
1549 558 1604 603 tu
1637 563 1764 606 vero
1795 565 1862 606 ne

3537 491 3569 545 tl

2033 493 2036 494 ν
2060 493 2082 496 -
2097 493 2108 496 -
2126 493 2232 499 -ν--
2297 493 2305 499 -
3537 493 3569 545 tl

1983 554 2233 625 ostendit,
2254 562 2434 616 statim
2454 561 2634 634 alligat
2655 572 2707 620 ct
2729 568 2968 636 captives
2987 569 3169 627 efficit.
3191 572 3268 630 Nc
3294 575 3434 632 enim
3457 493 3580 649 quia

1978 663 2095 705 cum
2126 653 2410 710 meretrice
2436 671 2541 709 non
2569 656 2800 722 coivisti,
2826 666 2877 712 te
2906 669 3058 729 putes
3082 677 3109 714 a
3137 675 3358 733 peccato
3383 668 3576 724 immu-

1975 757 2095 797 nem
2122 759 2242 800 esse
2269 764 2281 800 :
2305 761 2369 801 ex
2403 748 2834 817 concupiscentia
2864 752 3060 824 quippe
3087 764 3253 812 totum
3277 759 3570 827 perfecisti.

1972 831 2102 888 Nam
2141 836 2185 888 si
2222 837 2653 911 concupiscentia
2692 837 2968 909 detineris,
3007 844 3264 915 majorem
3296 847 3567 906 flammam

1963 927 2291 995 accendisti;
2325 931 2407 986 sin
2436 940 2613 986 autem
2645 930 2758 986 haec
2784 933 3092 1005 aspiciendo
3121 933 3253 989 nihil
3284 933 3515 990 moveris
3535 974 3552 999 ,

1961 1020 2149 1090 majori
2179 1021 2353 1092 culpa:
2391 1023 2654 1078 obnoxius
2677 1039 2737 1080 es
2762 1066 2775 1089 ,
2820 1024 2963 1095 quod
2994 1026 3200 1080 czeteris
3235 1025 3558 1082 offendicula

1958 1112 2034 1166 sis
2064 1153 2079 1179 ,
2111 1121 2167 1167 et
2209 1112 2352 1183 quod
2400 1114 2720 1184 spectaculis
2763 1115 2976 1170 illectus
2996 1157 3010 1181 ,
3040 1127 3098 1172 et
3141 1115 3327 1171 oculos
3358 1125 3477 1171 tuos
3503 1125 3556 1171 et

1956 1217 2078 1256 cum
2111 1203 2282 1258 oculis
2315 1204 2481 1274 ipsam
2510 1205 2742 1263 animam
2771 1206 3044 1276 detnrpes.
3076 1205 3270 1261 Verum
3296 1221 3361 1261 ne
3387 1208 3556 1262 simus

1963 1295 2321 1365 :ncrepatione
2365 1297 2480 1352 sola
2520 1299 2797 1362 contenti,
2861 1313 2960 1369 age
3003 1299 3113 1368 jam
3161 1293 3554 1354 emendationis

1957 1387 2172 1442 modum
2207 1391 2596 1460 perquiramus.
2640 1391 2769 1460 Quis
2800 1407 2926 1466 ergo
2959 1393 3147 1448 modus
3177 1393 3317 1448 erit?
3352 1391 3552 1448 Uxori-

1956 1478 2055 1533 bus
2081 1483 2273 1537 vestris
2301 1498 2394 1538 vos
2436 1485 2647 1541 tradere
2679 1486 2837 1552 volo,
2871 1496 2926 1540 ut
2970 1488 3099 1556 ipsa:
3144 1501 3237 1542 vos
3281 1487 3548 1543 erudiant.

1952 1567 2244 1639 Oportebat
2282 1574 2496 1644 quidem
2519 1618 2533 1640 ,
2567 1577 2861 1632 secundum
2904 1579 3052 1633 Pauli
3083 1577 3252 1649 legem
3279 1622 3294 1645 ,
3327 1595 3424 1634 vos
3450 1580 3550 1634 do-

1949 1673 2128 1718 ctores
2168 1681 2289 1721 esse
2313 1683 2327 1722 :
2355 1668 2476 1738 quia
2517 1684 2647 1725 vero
2686 1685 2783 1740 per
2821 1681 3096 1739 peccatum
3138 1673 3381 1728 inversus
3415 1672 3551 1727 ordo

1950 1753 2069 1822 fuit,
2102 1765 2156 1812 et
2180 1772 2378 1828 corpus
2406 1762 2685 1831 superius,
2717 1772 2874 1832 caput
2905 1778 3033 1818 vero
3065 1763 3288 1819 inferius
3314 1764 3546 1835 positum

1949 1836 2050 1914 est,
2075 1850 2215 1907 hanc
2235 1853 2423 1909 saltem
2448 1855 2585 1910 viam
2607 1855 2927 1927 deligamus.
2945 1856 3096 1923 Quod
3119 1857 3162 1911 si
3186 1858 3546 1927 magiSterium

1949 1943 2190 2000 mulieris
2219 1947 2496 2004 erubescis
2520 1990 2534 2012 ,
2564 1949 2686 2021 fuge
2712 1959 2987 2021 peccatum
3008 1993 3022 2016 ,
3053 1962 3107 2006 et
3133 1951 3238 2005 cito
3265 1953 3465 2022 poteris
3493 1952 3545 2006 in

1945 2035 2142 2091 solium
2183 2051 2212 2093 a
2257 2039 2365 2095 Deo
2405 2041 2497 2116 tibi
2535 2040 2717 2097 datum
2751 2041 3061 2098 ascendere.
3102 2043 3362 2109 Quamdiu
3399 2053 3546 2100 certe

1947 2130 2272 2197 peccaveris,
2294 2146 2398 2185 non
2422 2131 2485 2186 ad
2511 2133 2762 2189 mulieres
2789 2144 3011 2200 tantum,
3032 2133 3124 2190 sed
3147 2135 3390 2190 etiamad
3415 2137 3543 2190 bruo

1939 2228 2120 2275 torum
2144 2225 2451 2282 animalium
2474 2226 2728 2281 vilissima
2761 2235 2813 2282 te
2839 2227 3002 2282 mittit
3029 2227 3302 2297 Scriptura
3331 2246 3344 2283 :
3369 2243 3541 2300 neque

1941 2313 2210 2370 erubescit
2249 2317 2456 2379 ratione
2493 2317 2772 2387 prmditum
2804 2318 2871 2373 ad
2908 2318 3183 2374 formicam
3220 2321 3539 2392 discipulum

1931 2406 2178 2463 mittere.
2198 2406 2380 2478 Neque
2402 2409 2612 2464 enimid
2635 2408 2922 2481 Scriptura:
2940 2411 3093 2482 culpa
3113 2421 3213 2476 est,
3237 2412 3331 2468 sed
3353 2428 3538 2470 eorum

1941 2498 2030 2567 qui
2081 2498 2158 2554 sic
2200 2498 2531 2556 nobilitatem
2573 2501 2859 2572 prodidere
2897 2518 3073 2559 suam.
3126 2504 3235 2560 lloe
3265 2515 3409 2562 certe
3443 2520 3538 2563 nos

1938 2606 2155 2661 quoque
2194 2593 2448 2648 faciemus
2481 2613 2494 2647 :
2523 2609 2586 2649 ae
2617 2611 2757 2650 nunc
2783 2596 2997 2666 quidem
3031 2606 3083 2653 te
3108 2599 3316 2653 mulieri
3361 2600 3537 2657 trade-

1933 2685 2164 2740 -mus:si
2204 2694 2382 2741 autem
2418 2684 2555 2741 hanc
2601 2686 2944 2759 despexeris,
2993 2688 3060 2744 ad
3091 2689 3532 2746 inatienabilium

1939 2785 1991 2830 te
2017 2775 2380 2844 magisterium
2408 2778 2683 2833 mittemus
2706 2822 2720 2846 ,
2751 2790 2803 2835 et
2838 2780 3185 2841 ostendemus
3216 2793 3344 2853 quot
3372 2798 3500 2838 aves
3521 2828 3534 2850 ,

1936 2876 2066 2945 qpot
2096 2867 2287 2935 pisces,
2317 2877 2448 2937 quot
2476 2869 2874 2939 quadrupedes,
2893 2881 3027 2945 quot
3057 2874 3263 2943 reptilia
3291 2876 3536 2931 animalia

1939 2939 1989 3011 te
2022 2956 2326 3012 honestiora
2356 2967 2410 3013 et
2438 2962 2852 3030 temperantiora
2890 2961 3188 3022 videantur.
3218 2965 3368 3034 Quod
3398 2967 3442 3020 si
3469 2965 3538 3020 du

1927 3049 2334 3117 comparatione
2365 3050 2653 3107 erubescas
2673 3094 2688 3119 ,
2717 3054 2947 3108 ascende
2977 3055 3041 3108 ad
3075 3058 3349 3125 pristinam
3384 3058 3535 3114 nubi-

1919 3152 2156 3212 tttatem,
2182 3146 2520 3218 acgehenna
2534 3145 2759 3216 pelagus
2775 3144 3108 3216 fluviumque
3130 3146 3348 3218 igneum
3379 3147 3529 3218 fuge,

1933 3240 2082 3293 illam
2114 3239 2238 3293 dico
2267 3237 2534 3307 piscinam
2565 3238 2908 3292 theatralem.
2953 3237 3077 3294 Haec
3120 3239 3265 3294 enim
3318 3240 3530 3310 piscina-

1936 3331 2163 3398 pelagus
2197 3327 2328 3381 illud
2369 3327 2468 3380 tibi
2503 3327 2782 3387 conciliat.
2816 3334 2871 3380 et
2905 3328 3052 3382 illam
3081 3327 3314 3383 flatumae
3359 3331 3526 3398 abys-

1934 3434 2055 3473 sum
2095 3417 2401 3474 succendit.

1994 3606 2053 3659 '7.
2078 3604 2209 3661 Nam
2254 3606 2327 3671 si,
2354 3608 2455 3676 Qui
2488 3610 2699 3681 respicit
2747 3611 3007 3664 mulierem
3057 3612 3126 3665 ad
3164 3614 3528 3682 concupiscen-

1928 3698 2072 3763 dum,
2108 3700 2225 3769 jam
2269 3703 2543 3755 masc/tatus
2570 3712 2641 3756 est
2678 3705 2696 3772 (
2723 3703 2906 3757 Matth.
2933 3705 2986 3761 5.
3017 3704 3088 3760 9.8
3113 3706 3165 3775 )z
3213 3707 3300 3777 qui
3333 3708 3529 3763 nudam

1924 3789 2148 3846 omnino
2177 3791 2446 3860 respicere
2472 3808 2576 3846 non
2608 3792 2833 3857 dubitat,
2865 3794 3134 3864 quomodo
3160 3811 3264 3850 non
3293 3811 3528 3852 sexcen-

1927 3879 2028 3934 ties
2069 3881 2308 3950 captivus
2354 3881 2647 3936 efficietur?
2694 3883 2810 3938 Non
2862 3885 2930 3938 ita
2978 3885 3238 3940 diluvium
3287 3897 3529 3958 tempore

1924 3968 2052 4024 Noae
2084 3970 2362 4026 hominum
2408 3989 2580 4043 genus
2629 3975 2877 4043 perdidit,
2914 3986 2966 4030 ut
3002 3977 3104 4032 illa:
3139 3989 3378 4034 natantes
3404 3995 3526 4034 cum

1924 4062 2088 4114 multa
2138 4063 2467 4130 turpitudine
2516 4074 2845 4133 spectatores
2875 4082 3062 4121 omnes
3103 4070 3385 4124 suffocant.
3434 4071 3525 4124 llla

1921 4154 2115 4222 quippe
2138 4153 2322 4221 pluvia
2355 4155 2564 4208 etiamsi
2595 4165 2820 4212 mortem
2850 4172 3134 4226 corporum
3158 4157 3399 4227 inferret,
3432 4177 3523 4218 ne-

1921 4243 2140 4311 quitiam
2187 4253 2363 4298 tamen
2406 4245 2599 4299 anima:
2643 4244 2917 4301 auferebat
2944 4267 2957 4301 :
2989 4248 3102 4304 btec
3149 4261 3357 4316 contra,
3408 4268 3523 4306 ma-

1923 4345 2084 4391 nente
2123 4351 2349 4406 corpore
2394 4339 2625 4393 animam
2674 4341 2948 4395 interimit.
2985 4342 3092 4397 Vos
3130 4355 3275 4399 certe
3304 4360 3425 4401 cum
3457 4347 3521 4404 de

1928 4427 2100 4495 primo
2145 4443 2402 4484 consessu
2447 4430 2643 4500 agitur,
2675 4445 2772 4486 vos
2805 4441 2971 4487 totum
3003 4434 3186 4489 orbem
3219 4438 3519 4504 praecedere

1918 4518 2258 4587 contenditis,
2294 4520 2546 4589 quoniam
2579 4522 2766 4576 civitas
2793 4535 2970 4579 vestra
3000 4526 3168 4594 prima
3186 4525 3514 4583 Christiano-

1920 4625 2033 4663 rum
2062 4625 2254 4666 nomen
2294 4613 2626 4685 adhibuit(a)
2650 4616 2782 4683 (Αει.
2819 4618 2901 4671 ll.
2930 4616 3059 4686 26);
3092 4633 3212 4673 cum
3239 4629 3414 4676 autem
3453 4621 3518 4676 de

1918 4704 2162 4758 castitate
2190 4707 2382 4774 agitur,
2436 4720 2502 4759 ne
2545 4707 2612 4757 ab
2654 4709 3034 4776 agrestioribus
3073 4711 3286 4778 quidem
3332 4712 3513 4767 civita-

1919 4795 2058 4850 tibus
2086 4799 2326 4866 superari
2358 4798 2690 4853 erubescitis.
2725 4800 2882 4854 Certe
2915 4801 3119 4870 inquies
3153 4821 3165 4854 :
3198 4803 3323 4871 quid
3361 4804 3518 4873 igitur

1916 4901 2010 4941 nos
2037 4887 2192 4957 jubes
2217 4888 2433 4943 ficere?
2460 4905 2526 4944 an
2557 4900 2767 4947 montes
2797 4892 3111 4956 ascendere,
3143 4903 3200 4949 et
3227 4895 3517 4952 monachos

1915 4979 2069 5033 esse?
2097 4978 2298 5037 Idcirco
2326 4982 2558 5051 ingemo,
2587 4982 2728 5052 quod
2758 4983 2861 5037 illis
2890 4993 3090 5038 tantum
3121 4985 3434 5042 modestiam
3461 5003 3517 5047 et

1912 5071 2208 5125 castitatem
2247 5083 2557 5144 competere
2596 5075 2814 5144 putetis,
2845 5076 2968 5130 licet
2995 5075 3241 5131 Christus
3265 5093 3511 5134 commu-

1911 5177 2006 5217 nes
2035 5163 2178 5234 lcgcs
2208 5167 2465 5235 posuerit.
2497 5166 2627 5220 Nam
2655 5183 2774 5221 cum
2808 5167 2956 5232 dicit,
2995 5169 3052 5221 Si
3080 5170 3194 5240 quis
3237 5175 3513 5240 respexerit

1910 5258 2170 5311 mulierem
2214 5258 2281 5310 ad
2323 5258 2776 5326 concupiscendum
2803 5274 2911 5312 eam
2944 5259 2962 5329 (
2991 5259 3174 5314 Matth.
3206 5262 3258 5317 5.
3291 5263 3361 5317 9.8
3382 5265 3422 5333 ),
3452 5263 3506 5318 id

1911 5365 2016 5403 non
2058 5349 2320 5403 monacho
2349 5349 2497 5412 dicit,
2547 5349 2642 5405 sed
2683 5349 3012 5421 conjugato:
3059 5368 3180 5406 nam
3222 5370 3376 5410 mons
3421 5356 3506 5411 ille

1910 5448 2035 5495 tunc
2093 5441 2395 5510 lmjusmodi
2447 5441 2576 5497 viris
2628 5441 2862 5512 repletus
2913 5452 3049 5499 erat.
3101 5443 3286 5514 Cogita
3330 5447 3506 5518 itaque

1898 5718 2334 5845 sléqlaapetllﬁhite
2353 5731 2556 5793 primum
2593 5740 2638 5786 in
2672 5736 2912 5791 Christum
2937 5747 3207 5800 credentes
3227 5751 3491 5812 Christiani
