4082 6490
574 432 628 486 ει
1284 413 1332 468 S.
1366 412 1653 470 JOANNIS
1689 415 2173 473 CHRYSOSTOMI
2209 413 2532 470 AllClllEP.
2578 414 3125 473 CONSTANTINOP.
3731 417 3798 477 33

575 545 846 599 theatrum
883 544 1038 610 illud,
1065 544 1249 600 ethoc
1275 547 1605 602 diabolicum
1648 547 1920 600 theatrum
1962 557 2120 597 aver-

576 661 717 709 sare,
747 663 809 701 ac
835 648 944 701 noli
989 651 1144 718 quasi
1180 666 1478 706 onerosum
1518 653 1740 721 culpare
1790 663 2118 703 sermonem.

578 749 760 819 Neque
809 751 956 805 enim
1005 754 1275 822 prohibeo
1327 755 1578 824 nuptias,
1631 770 1736 809 nec
1789 754 2123 822 voluptatem

576 869 799 921 prorsus
830 857 1132 923 interdico;
1184 861 1276 914 sed
1302 875 1424 914 cum
1462 860 1713 915 castitate
1749 860 1801 914 id
1848 859 1965 914 fieri
1998 872 2124 926 per-

575 973 724 1032 opto,
758 979 866 1018 non
897 981 1019 1020 cum
1050 967 1273 1034 probro,
1294 967 1451 1038 culpa
1481 976 1537 1022 et
1561 971 1832 1024 sexcentis
1861 965 2123 1020 reatibus.

581 1067 981 1140 Non.praeeipio
1006 1083 1221 1127 montes
1249 1084 1305 1129 et
1338 1076 1667 1130 solitudines
1698 1074 1850 1129 adire
1871 1113 1885 1136 ,
1909 1072 2003 1127 sed
2033 1072 2130 1126 be-

565 1174 971 1272 -oignum.esse,
1003 1179 1309 1234 modestum
1340 1191 1396 1236 et
1418 1193 1628 1236 castum
1655 1195 1806 1246 eum,
1831 1180 1925 1250 qui
1949 1179 2129 1234 media

577 1293 631 1330 in
679 1279 818 1333 urbe
856 1280 1088 1338 habitat.
1121 1283 1330 1339 Omnes
1376 1285 1578 1355 quippe
1617 1285 1768 1356 leges
1814 1286 2144 1340 communes'

582 1393 708 1437 sunt
733 1385 890 1439 nobis
919 1403 1040 1442 cum
1080 1390 1382 1454 monachis,
1430 1407 1542 1445 uno
1583 1401 1810 1461 excepto
1835 1391 2127 1462 conjugio;

584 1501 692 1540 tmo
727 1489 891 1543 etiam
937 1490 1040 1546 hac
1071 1492 1125 1545 in
1162 1509 1218 1548 re
1265 1496 1585 1565 conjugatos
1620 1496 1727 1549 illis
1757 1495 1965 1550 similes
2011 1508 2130 1549 esse

584 1590 730 1653 |ubct
756 1592 954 1650 Paulus
994 1614 1006 1649 :
1054 1597 1298 1652 Prwterit
1333 1601 1472 1654 enim
1493 1599 1668 1670 ﬁgura
1719 1601 1878 1670 hujus
1926 1601 2130 1665 mundi.

584 1703 636 1747 ut
693 1706 741 1748 et
797 1699 885 1766 qui
937 1701 1127 1756 habent
1184 1719 1371 1758 uxores
1424 1714 1679 1774 tanquam
1740 1722 1843 1758 non
1885 1706 2132 1760 habentes

586 1801 690 1854 sint
720 1804 736 1872 (
772 1804 794 1856 l
833 1804 952 1860 Cor.
1002 1807 1052 1861 7.
1086 1809 1198 1879 29).
1231 1809 1419 1880 Itaque
1453 1852 1467 1875 ,
1503 1811 1598 1878 ait,
1653 1827 1761 1866 non
1813 1812 1984 1882 jubeo
2039 1825 2138 1864 vos

586 1906 850 1960 montium
885 1911 1165 1966 cacumina
1198 1928 1470 1985 occupare
1507 1937 1518 1972 :
1552 1916 1604 1971 id
1651 1918 1851 1971 vellem
1889 1915 2134 1986 quidem,

591 2008 721 2076 quia
755 2012 921 2067 urbes
971 2014 1376 2075 Sodomitarum
1409 2020 1639 2076 crimina
1683 2022 2004 2088 imitantur;
2058 2030 2143 2074 al-

591 2121 769 2168 tamen
798 2117 862 2171 ad
898 2119 950 2173 id
986 2137 1096 2177 non
1132 2140 1285 2195 cogo.
1315 2127 1580 2181 Permane
1622 2127 1676 2182 in
1705 2127 1868 2181 domo
1896 2136 1986 2181 tua
2017 2142 2141 2181 cum

589 2217 772 2274 liberis
803 2231 858 2275 et
888 2239 1084 2292 uxore;
1127 2227 1222 2283 sed
1276 2244 1346 2284 ne
1393 2232 1723 2286 contumelia
1754 2246 1980 2288 uxorem
2026 2231 2146 2286 affi-

589 2324 734 2388 cias,
783 2321 960 2397 n'eque
1000 2330 1142 2388 filios
1185 2335 1474 2399 traducas.
1522 2353 1702 2407 neque
1758 2337 1959 2393 theatri
1997 2337 2142 2392 luem

591 2427 808 2484 domum
843 2432 1098 2490 inducas.
1154 2438 1274 2494 Non
1341 2440 1502 2496 audis
1554 2442 1784 2497 Paulum
1820 2441 2093 2497 dicentem
2125 2481 2143 2508 ,

596 2533 680 2587 Vir
715 2538 798 2589 sui
838 2544 1072 2610 corporis
1116 2551 1426 2612 potestatem
1473 2562 1575 2599 non
1627 2549 1800 2612 habet,
1831 2543 2146 2601 sedﬁulier

592 2641 610 2709 (
644 2641 693 2696 l.
724 2641 844 2698 Cor.
885 2647 936 2699 7.
963 2646 1041 2715 ι),
1079 2662 1144 2701 ac
1175 2663 1493 2706 communes
1539 2653 1759 2722 utrique
1802 2653 1950 2724 leges
1979 2654 2142 2709 indu-

586 2748 849 2801 centem?
898 2749 979 2803 Tu
1023 2757 1180 2819 'vero,
1224 2754 1269 2808 si
1304 2757 1592 2811 ecclesiam
1628 2773 1766 2812 uxor
1809 2758 2142 2830 frequentet,

587 2852 766 2916 gravis
803 2863 1093 2910 accusator
1121 2873 1214 2922 es;
1261 2867 1316 2913 tu
1353 2861 1396 2914 si
1435 2862 1487 2914 in
1525 2862 1754 2919 theatris
1784 2863 1903 2920 dies
1939 2865 2143 2936 exigas,

595 2970 701 3010 non
735 2965 786 3011 te
826 2960 1160 3030 culpandum
1194 2967 1386 3034 putas?
1421 2966 1528 3022 Sed
1568 2968 1635 3024 de
1674 2971 1862 3026 uxoris
1895 2971 2148 3028 castitate

596 3061 880 3127 sollicitus,
922 3064 1023 3121 hac
1054 3067 1108 3121 in
1148 3083 1205 3123 re
1243 3071 1573 3139 superﬂuam
1619 3073 2148 3147 immoderatamque

597 3179 779 3218 t‘uram
814 3166 1061 3237 adhibes,
1102 3171 1175 3227 ita
1211 3181 1269 3228 ut
1298 3189 1366 3229 ne
1395 3175 1618 3244 quidem
1659 3181 2004 3237 necessarios
2032 3183 2149 3238 esi-

2231 547 2317 592 tus
2344 537 2396 592 ei
2429 537 2716 608 permittas
2751 554 2764 590 :
2801 537 2899 592 tibi
2931 553 3067 592 vero
3103 535 3287 590 omnia
3315 535 3483 589 licere
3514 544 3696 605 putas.
3725 536 3794 593 Δὶ

2229 644 2330 697 tibi
2384 645 2486 698 hoc
2537 658 2645 697 non
2693 642 2965 712 permittit
3011 642 3234 705 Paulus,
3281 641 3372 709 qui
3421 640 3672 694 eamdem
3707 641 3797 696 dat

2231 750 2386 802 uxori
2437 757 2762 816 potestatem
2821 746 2909 800 his
2963 746 3146 800 verbis
3195 762 3207 796 :
3246 743 3405 798 Uxori
3448 745 3526 796 vir
3569 743 3798 796 debitum

2231 855 2478 906 honorem
2518 852 2703 905 reddat
2739 851 2812 922 (l.
2849 851 2970 905 Cor.
3004 851 3056 902 7.
3087 849 3164 916 5).
3217 849 3422 917 Ecquis
3467 847 3557 901 ille
3600 847 3799 909 honor,

2234 959 2364 1012 dum
2391 958 2537 1012 illam
2571 957 2624 1010 in
2660 972 2717 1010 re
2749 956 3024 1026 praecipua
3055 953 3410 1018 dehonestas,
3435 953 3568 1006 dum
3600 965 3803 1020 corpus

2235 1066 2354 1133 ejus
2385 1061 2775 1117 meretricibus
2801 1061 3013 1115 tradis?
3045 1059 3192 1129 (nam
3226 1074 3428 1128 corpus
3454 1068 3608 1112 tuum
3630 1055 3804 1128 ipsius

2235 1168 2395 1240 est;)
2430 1168 2560 1222 dum
2599 1167 2794 1222 turbas
2829 1166 3039 1220 etlites
3083 1165 3308 1219 domum
3359 1163 3615 1218 inducis?
3668 1160 3802 1216 dum

2239 1276 2365 1329 talia
2394 1274 2512 1345 agis
2537 1273 2596 1328 in
2628 1274 2770 1337 foro,
2797 1287 2919 1342 qua:
2946 1286 3071 1325 cum
3118 1269 3268 1324 domi
3310 1283 3523 1332 narras,
3571 1267 3638 1320 ad
3671 1280 3804 1320 eru-

2236 1378 2573 1434 bescendum
2629 1378 2779 1447 cogis
2809 1390 3032 1430 uxorem
3080 1373 3404 1427 audientem
3437 1410 3452 1437 ,
3495 1379 3552 1425 et
3595 1369 3808 1440 pudore

2237 1485 2513 1540 suffundis
2557 1483 2722 1537 filiam
2755 1489 3083 1553 praesentem
3116 1519 3131 1546 ,
3187 1487 3351 1549 atque
3399 1486 3530 1532 ante
3569 1477 3690 1529 illas
3731 1483 3808 1528 te-

2239 1592 2455 1664 ipsum?
2492 1591 2724 1646 Necesse
2744 1588 2891 1644 enim
2913 1597 2999 1642 est
3029 1595 3125 1642 aut
3156 1595 3359 1650 tacere,
3391 1594 3486 1637 aut
3512 1583 3617 1636 hoc
3647 1578 3810 1634 modo

2240 1696 2618 1759 dehonestari,
2653 1710 2754 1766 pro
2770 1694 2974 1764 quibus
3005 1691 3172 1748 rebus
3203 1691 3291 1745 vel
3321 1688 3654 1744 domesticos
3681 1700 3810 1740 ver-

2243 1807 2473 1861 beribus
2496 1805 2674 1873 excipi
2712 1819 2812 1873 par
2857 1810 2963 1857 est.
3003 1800 3177 1866 Quam
3217 1797 3419 1868 igitur,
3470 1808 3680 1864 quasso,
3714 1807 3812 1847 ex-

2243 1909 2586 1964 cusationem
2615 1905 2866 1970 habebis,
2916 1904 3046 1958 dum
3078 1918 3140 1958 ea
3180 1909 3332 1956 tanto
3379 1899 3565 1954 studio
3595 1896 3811 1966 conspi-

2243 2016 2342 2078 cis,
2376 2029 2496 2084 quae
2523 2027 2591 2066 ne
2615 2025 2840 2066 narrare
2874 2008 3099 2078 quidem
3131 2006 3212 2062 fas
3245 2006 3376 2061 est?
3423 2005 3554 2070 Quae
3596 2017 3667 2057 ne
3701 2015 3814 2055 me-

2242 2135 2457 2175 morare
2495 2116 2717 2187 quidem
2747 2115 2898 2179 licet,
2921 2129 2984 2170 ea
3018 2113 3277 2168 omnibus
3303 2107 3637 2179 anteponis?
3665 2106 3814 2161 Inte-

2243 2225 2348 2279 rim
2382 2224 2550 2293 igitur
2583 2262 2597 2286 ,
2639 2237 2708 2276 ne
2747 2221 2849 2275 sim
2882 2219 3193 2283 onerosior,
3237 2217 3328 2271 hic
3358 2216 3520 2269 linem
3555 2210 3814 2283 loquendi

2242 2330 2461 2385 faciam.
2494 2327 2549 2383 Si
2579 2335 2764 2380 autem
2793 2324 2990 2379 iisdem
3022 2317 3357 2392 persistatis,
3395 2317 3644 2372 acutiore
3673 2315 3816 2369 ferro

2243 2436 2574 2509 profundius
2607 2433 2809 2487 vulnus
2831 2429 3070 2499 infligam
3103 2445 3115 2480 :
3146 2440 3326 2495 neque
3362 2422 3615 2486 cessabo,
3642 2420 3818 2475 donec

2244 2541 2510 2610 dissipato
2563 2537 2656 2595 illo
2688 2535 2960 2590 diabolica
3012 2533 3227 2585 theatro
3254 2570 3268 2594 ,
3329 2543 3529 2599 purum
3558 2523 3820 2580 Ecclesia

2244 2657 2444 2704 cretum
2476 2645 2739 2701 effecero.
2786 2642 2866 2697 ita
2913 2638 3062 2694 enim
3104 2653 3134 2693 a
3171 2634 3428 2707 prazscnti
3475 2629 3820 2702 turpitudine

2243 2754 2628 2815 liberabimur,
2661 2759 2718 2806 et
2748 2748 2990 2804 futuram
3028 2755 3437 2811 consequemur
3474 2739 3669 2800 vitam,
3697 2748 3818 2806 gra-

2247 2863 2320 2916 tia
2382 2869 2439 2916 et
2500 2855 2884 2914 misericordia
2965 2849 3183 2907 Domini
3226 2845 3401 2902 nostri
3463 2843 3595 2900 Jesu
3659 2839 3822 2895 Chrio

2247 2967 2338 3029 sti,
2380 2966 2470 3020 cui
2496 2964 2669 3035 gloria
2710 2970 2765 3017 et
2805 2957 3097 3030 imperium
3152 2955 3206 3010 in
3245 2948 3440 3008 saecula
3472 2947 3822 3004 smeulorum.

2252 3073 2447 3127 Amen.

1938 4689 2275 4749 HOMILIA
2335 4671 2496 4746 vni.

612 4958 735 5013 CAP.
767 4957 830 5011 ll.
869 4971 920 5009 v.
950 4957 1036 5010 ll.
1088 4956 1156 5010 Et
1199 4955 1457 5007 intrantes
1488 4951 1724 5017 domum,
1761 4953 1999 5006 viderunt
2039 4965 2165 5020 pue-

686 5082 798 5116 rum
828 5080 943 5116 cum
965 5061 1136 5117 Maria
1172 5070 1342 5115 matre
1365 5061 1507 5129 ejus;
1536 5068 1583 5113 et
1610 5059 1930 5128 procidentes
1970 5057 2168 5111 adora-

682 5179 874 5224 oerunt
924 5185 1087 5222 eum:
1145 5175 1191 5220 et
1235 5168 1431 5236 apertis
1473 5167 1733 5219 thesauris
1775 5163 2073 5218 obtulerunt
2123 5165 2170 5217 ei

684 5291 928 5337 munera,
971 5290 1184 5336 aurum,
1225 5274 1341 5325 thus
1377 5280 1426 5324 et
1452 5274 1725 5343 myrrham
1761 5272 1864 5342 (α),

683 5398 726 5451 1.
766 5395 933 5465 Magis
962 5396 1088 5464 quid
1137 5395 1322 5457 suasit,
1359 5402 1414 5446 ut
1449 5391 1712 5448 Christum
1757 5392 2064 5455 adorarent,
2114 5391 2165 5442 iu

683 5574 751 5633 (α)
775 5572 1068 5640 Longior-em
1103 5568 1182 5617 hic
1207 5567 1402 5640 titulum
1433 5566 1579 5616 habet
1612 5565 1781 5640 more}.
1817 5579 1966 5640 quam.
1998 5565 2170 5640 ξενίῃ.

619 5625 852 5743 ε’ἆειειθ
880 5625 1100 5694 "quidem
1139 5645 1149 5678 :
1189 5642 1298 5679 nam
1340 5629 1445 5678 haec
1482 5640 1578 5678 non
1619 5625 1914 5692 repetuntur
1956 5625 2076 5675 infra
2123 5625 2171 5674 in

639 5707 702 5743 'r
757 5729 772 5743 .

2276 4951 2428 4998 tanta
2473 4944 2650 5014 inepia
2706 4948 2916 4995 nolunt.
2973 4938 3082 5010 Ipsi
3136 4937 3394 4994 Christum
3428 4947 3486 4992 ut
3537 4936 3704 4991 Deum
3750 4937 3854 4994 Ιξιο

2272 5052 2615 5105 buerunt.—
2654 5045 2943 5115 Quomodo
2995 5060 3125 5116 ergo
3183 5044 3262 5098 ait
3316 5044 3532 5107 Lucas,
3588 5043 3735 5113 quod
3787 5043 3848 5097 in

2273 5154 2542 5228 praesepio
2591 5154 2806 5224 positus
2859 5161 3005 5207 esset
3067 5151 3214 5221 (Luc.
3268 5151 3319 5206 2.
3368 5151 3492 5219 7.)?
3536 5149 3675 5215 Quia
3738 5159 3854 5204 sta-

2276 5264 2574 5330 tim.atque
2612 5267 2904 5329 pepererat
2931 5272 3058 5313 eum
3113 5256 3185 5310 ibi
3212 5255 3518 5310 reclinavit.
3543 5253 3853 5309 'Ccnlluen—

2276 5369 2427 5422 tibus
2484 5365 2628 5420 enim
2681 5364 2746 5418 ad
2817 5377 3040 5418 censum
3108 5359 3348 5424 Judaeis,
3429 5359 3580 5414 nulla
3620 5369 3853 5429 poterat

2279 5468 2512 5539 reperiri
2571 5467 2769 5522 domus
2798 5484 2811 5520 :
2858 5464 3005 5536 quod
3027 5465 3191 5520 etiam
3219 5463 3398 5530 Lucas
3426 5461 3699 5533 significat
3723 5477 3854 5517 cum

2281 5574 2380 5639 ait,
2425 5570 2562 5637 Quia
2602 5589 2705 5625 non
2759 5580 2874 5624 erat
2922 5571 3093 5633 locus,
3137 5567 3412 5621 reclinavit
3453 5564 3626 5620 illum.
3671 5563 3829 5634 (Ibid.

2283 5677 2478 5732 Postea
2527 5691 2659 5731 vero
2715 5674 2941 5730 sustulit
2984 5682 3041 5728 et
3096 5685 3259 5740 supra
3307 5683 3484 5739 genua
3541 5667 3861 5729 collocarit.
