4082 6500
311 508 384 564 85
1459 495 1523 550 IN
1565 494 1994 551 ΜΛΊΊῊᾸΞΒΜ
2023 497 2253 554 llOMlL.
2303 499 2429 553 Vill.
3545 486 3610 537 Si

308 626 436 681 Nam
451 624 631 679 statim
646 632 803 692 atque
823 620 872 672 in
892 614 1200 671 Bethlelictn
1218 610 1480 684 pervenit,
1500 610 1660 664 liliutn
1677 609 1908 679 peperit,

308 727 361 773 nt
393 717 516 770 hinc
540 724 708 769 totam
739 709 944 764 ediscas
963 705 1338 767 (nconomiam,
1370 709 1423 756 et
1444 715 1549 756 non
1574 715 1697 754 casu
1722 710 1772 753 et
1793 702 1909 753 sine

308 809 531 865 consilio
555 813 732 877 gesta,
761 802 852 857 sed
885 817 982 870 per
1013 798 1396 869 providentiam
1438 794 1724 866 quamdam
1767 793 1906 847 divi-

307 915 431 954 nam
463 913 527 952 ac
551 892 848 950 secundum
881 889 1172 961 pr0phclia:
1196 889 1388 942 seriem
1419 885 1634 954 impleta
1659 884 1773 937 hare
1790 899 1908 936 οηιο

305 992 393 1046 nia
425 988 609 1042 fuisse.
643 983 844 1040 Verum
889 980 1015 1051 quid
1064 963 1182 1034 illos
1208 971 1278 1040 ad
1312 991 1532 1046 puerum
1577 973 1909 1028 adorandum

305 1079 553 1135 induxit?
581 1076 763 1146 Neque
784 1074 929 1129 enim
954 1071 1115 1142 Virgo
1155 1069 1363 1139 insigne
1391 1067 1663 1138 quidpiam
1714 1080 1823 1134 prae
1851 1079 1911 1119 se

305 1171 536 1235 ferebat,
569 1184 739 1239 neque
769 1167 961 1222 domus
988 1162 1263 1233 magniﬁca
1298 1168 1433 1225 erat,
1467 1174 1639 1229 neque
1671 1159 1788 1212 istic
1813 1158 1913 1211 ali-

304 1263 435 1335 quid
468 1257 615 1316 aliud
649 1267 782 1321 erat,
819 1254 964 1326 quod
995 1261 1178 1322 posset
1216 1252 1338 1306 illos
1379 1250 1464 1304 vel
1507 1248 1803 1318 percellere
1832 1247 1914 1301 vel

306 1353 555 1408 allicere.
587 1349 666 1404 llli
699 1364 826 1402 vero
854 1361 958 1400 non
987 1344 1146 1398 modo
1172 1342 1418 1402 adorant,
1449 1340 1544 1395 sed
1576 1341 1778 1410 apertis
1799 1341 1916 1392 the-

307 1444 489 1501 sauris
530 1442 640 1497 suis
673 1455 894 1494 munera
938 1438 1188 1501 oﬂ'erunt,
1241 1451 1461 1490 munera
1513 1436 1753 1503 inquam,
1809 1448 1914 1486 non

308 1537 464 1608 quasi
497 1532 724 1594 homini,
756 1532 848 1585 sed
879 1530 1028 1599 quasi
1065 1529 1191 1581 Deo.
1235 1526 1380 1581 Thus
1421 1527 1562 1580 enim
1607 1534 1662 1579 et
1693 1527 1875 1594 myrrh

312 1627 408 1682 Dei
442 1623 677 1678 maxime
698 1620 998 1692 symbolum
1028 1628 1163 1672 erat.
1194 1616 1332 1684 Quid
1360 1617 1519 1686 igitur
1541 1616 1642 1670 hoc
1671 1615 1774 1668 illis
1791 1631 1916 1668 sua-

310 1716 417 1774 sit?
449 1715 687 1784 ldipsum
716 1710 854 1780 quod
881 1709 1132 1764 excitavit
1161 1708 1299 1773 illos,
1328 1715 1384 1760 ut
1409 1708 1596 1761 relicta
1625 1706 1786 1760 domo
1807 1716 1918 1758 lan-

313 1816 430 1863 tum
481 1807 587 1861 iter
634 1803 1000 1872 susciperent:
1037 1799 1289 1853 nimirum
1333 1798 1485 1851 stella
1537 1807 1590 1850 et
1633 1795 1921 1851 illustratio

313 1902 516 1956 mentis
544 1917 574 1954 a
609 1901 718 1955 Deo
748 1899 878 1970 ipsis
909 1901 1108 1967 indita;
1137 1916 1251 1971 quae
1284 1901 1538 1971 paulatim
1568 1901 1687 1954 illos
1708 1901 1773 1956 ad
1799 1917 1918 1972 per-

311 1994 594 2048 fectiorcm
626 1994 866 2046 notitiam
896 1993 1138 2048 deduxit.
1189 1992 1299 2046 Nisi
1329 1993 1472 2047 enim
1511 2008 1597 2048 res
1627 1994 1698 2047 ita
1729 2011 1786 2049 se
1820 1996 1916 2050 ha-

311 2086 490 2150 beret,
529 2101 651 2139 cum
679 2085 857 2139 omnia
889 2100 1008 2153 qua:
1035 2085 1154 2140 istic
1190 2085 1508 2139 videbantur
1557 2086 1680 2140 vilia
1711 2097 1913 2154 essent,

310 2193 419 2230 non
447 2179 498 2230 ei
548 2187 752 2231 tantmn
798 2177 1166 2231 exliibuisscut
1220 2177 1501 2232 honorem.
1558 2178 1683 2234 ideo
1736 2190 1914 2260 autem

310 2272 443 2324 nihil
466 2286 654 2325 eorum
679 2287 798 2340 qum
827 2271 927 2324 sub
953 2285 1169 2324 sensum
1191 2272 1380 2324 cmlnnt
1411 2273 1478 2323 iiii
1511 2289 1758 2337 magmun
1777 2283 1912 2340 crat,

307 2360 404 2415 sed
438 2375 705 2430 praesepe,
741 2361 1027 2427 tugurium.
1060 2371 1231 2415 mater
1276 2363 1451 2432 maps,
1478 2373 1534 2416 ut
1563 2363 1754 2417 undam
1796 2379 1913 2418 ma-

305 2468 500 2522 gorum
533 2452 924 2522 philosophiam
945 2455 1256 2523 perspicias,
1289 2464 1448 2525 atque
1475 2456 1672 2521 discas,
1693 2473 1787 2510 eos
1807 2473 1910 2510 non

306 2555 366 2598 ut
394 2544 674 2599 heminem
706 2559 916 2613 purum,
946 2545 1040 2598 sed
1069 2555 1122 2598 ut
1142 2546 1309 2599 Deum
1336 2556 1387 2600 et
1416 2547 1713 2602 beneﬁcum
1740 2549 1910 2616 ipsum

306 2636 530 2691 adiisse.
557 2637 898 2708 Quapropter
925 2639 1070 2693 nullo
1095 2655 1282 2694 eorum
1311 2658 1429 2710 qua:
1460 2645 1794 2696 extrinSecus
1830 2644 1907 2697 vi-

304 2728 578 2784 debantur
603 2730 794 2785 oll'ensi
843 2744 986 2799 sunt,
1014 2735 1107 2790 sed
1138 2736 1427 2791 adorarunt
1454 2745 1509 2794 et
1534 2737 1668 2792 dona
1699 2740 1903 2793 οιηιιιθο

303 2830 450 2885 runt,
482 2836 605 2890 qua:
633 2821 770 2876 dona
799 2825 1025 2880 multum
1065 2843 1094 2881 a
1137 2827 1358 2883 Iudaica
1405 2832 1648 2886 crassitie
1691 2833 1908 2887 ditferc-

306 2909 457 2964 bant.
488 2910 676 2980 Neque
707 2914 850 2968 enim
895 2929 1025 2971 oves
1075 2927 1129 2971 et
1176 2918 1372 2972 vitulos
1417 2921 1783 2987 immolarunt,
1815 2924 1908 2978 sed

301 3015 424 3069 qua:
451 3001 836 3059 ecclesiastica:
861 3005 1211 3077 philosophia:
1234 3005 1404 3063 vicina
1435 3020 1620 3064 erant:
1646 3012 1907 3079 siquidem

301 3093 612 3158 scientiam,
638 3094 996 3150 obedientiam
1025 3108 1080 3152 et
1102 3099 1441 3155 dilectionem
1466 3102 1564 3170 ipsi
1586 3101 1906 3159 oll‘erebant.

303 3182 394 3236 1‘2.
423 3183 494 3237 Et
525 3202 770 3254 responso
798 3201 1003 3258 accepto
1033 3191 1084 3243 in
1113 3193 1323 3255 somnis,
1357 3210 1419 3247 ne
1451 3194 1670 3248 redirent
1697 3196 1766 3248 ad
1795 3195 1905 3250 He-

302 3276 504 3341 rodem,
545 3292 636 3344 per
660 3278 816 3331 aliam
839 3280 972 3332 viam
1002 3283 1187 3336 reversi
1225 3294 1342 3336 sunt
1377 3285 1428 3338 in
1454 3286 1707 3354 regionem
1738 3303 1905 3340 suam.

304 3366 401 3422 llic
425 3367 560 3421 mihi
594 3369 710 3422 vide
741 3369 898 3423 tidem
926 3372 1180 3440 ipsorum,
1207 3375 1475 3442 quomodo
1497 3392 1603 3430 non
1631 3377 1908 3431 offendan-

301 3468 410 3522 tur,
440 3459 536 3513 sed
567 3459 672 3513 sint
703 3461 868 3528 quieti
897 3470 951 3515 et
981 3463 1432 3531 obtemperantes,
1465 3483 1638 3535 neque
1684 3469 1906 3521 turben-

302 3559 405 3612 tur,
443 3565 622 3618 neque
653 3550 775 3604 talia
823 3562 1009 3606 mutuo
1058 3553 1375 3622 loquantur:
1403 3555 1544 3611 Sane
1589 3560 1632 3612 si
1684 3574 1906 3627 magnus

301 3641 387 3696 hic
419 3657 558 3711 puer
584 3651 685 3705 est,
719 3652 771 3697 et
795 3643 838 3696 si
878 3660 1037 3713 quam
1072 3645 1233 3700 habet
1273 3649 1584 3714 potentiam,
1618 3649 1742 3717 quid
1771 3665 1907 3718 opus

298 3733 418 3804 fuga
448 3745 503 3788 et
536 3735 746 3789 occulto
773 3735 1049 3791 discessu?
1076 3753 1173 3792 cur
1223 3754 1350 3794 vero
1394 3755 1492 3794 nos
1527 3742 1614 3808 qui
1649 3743 1820 3810 palam
1851 3752 1906 3797 et

294 3823 642 3878 cnm'ﬁdueia
665 3828 989 3882 accessimus
1016 3829 1080 3882 ad
1109 3831 1363 3900 populum
1393 3838 1619 3896 tantum,
1645 3843 1696 3886 et
1720 3848 1901 3887 coram

297 3914 513 3970 furente
542 3930 668 3984 rege
698 3911 968 3981 stetimus,
1002 3919 1154 3987 quasi
1195 3919 1446 3989 fugitivos
1488 3940 1551 3974 ex
1580 3923 1792 3977 civitate
1821 3923 1902 3978 di-

298 4006 464 4058 mittit
490 4005 752 4074 angelus?
777 4007 846 4060 At
876 4008 1006 4061 nihil
1041 4008 1146 4063 tale
1180 4010 1259 4063 vel
1289 4009 1539 4064 dixerunt
1569 4013 1650 4065 vel
1693 4014 1897 4082 cegita-

295 4107 442 4152 runt.
477 4096 610 4150 illud
639 4097 784 4153 enim
826 4101 1063 4156 maxime
1092 4102 1158 4156 ad
1186 4101 1342 4157 ﬁdem
1389 4103 1642 4173 pertinet,
1675 4113 1733 4158 ut
1761 4106 1897 4160 nulla

289 4191 671 4244 mandatorum
705 4195 840 4245 ratio
869 4195 1196 4260 exquiratur,
1225 4199 1316 4248 sed
1340 4198 1505 4264 jussis
1539 4208 1738 4254 tantum
1770 4202 1890 4259 obe-

288 4284 495 4336 diatur.
526 4283 613 4336 15.
653 4283 752 4348 Qui
782 4300 894 4336 eum
923 4284 1184 4350 abiissent,
1209 4304 1320 4363 εςςε
1347 4293 1556 4358 angcius
1575 4290 1777 4346 Domini
1798 4311 1896 4363 ap-

287 4374 465 4444 paruit
507 4375 561 4426 in
604 4375 792 4427 somnis
821 4373 1036 4444 Ioseph,
1064 4349 1282 4432 (ἰὴ-εξὶῶ
1306 4349 1471 4449 Surge
1496 4393 1540 4435 et
1572 4386 1746 4455 accipe
1777 4349 1895 4454 peie-

286 4481 404 4518 rum
432 4476 482 4518 et
513 4474 727 4518 matrem
753 4468 883 4535 ejus,
908 4477 953 4521 et
981 4471 1100 4537 fuge
1125 4471 1175 4521 in
1207 4469 1515 4541 zEggptum.
1551 4472 1647 4528 llic
1674 4474 1818 4530 subit
1841 4476 1892 4530 in

287 4568 534 4612 mentem
562 4559 808 4628 qua-dam
836 4559 1098 4614 dubitatio
1127 4563 1268 4616 circa
1296 4579 1500 4633 magos,
1525 4574 1580 4618 et
1599 4566 1736 4620 circa
1759 4583 1894 4638 pue-

287 4666 433 4706 rum.
468 4651 586 4705 Etsi
617 4652 759 4704 enim
793 4651 866 4704 illi
899 4653 1090 4705 turbati
1123 4670 1227 4706 non
1258 4654 1384 4718 sint,
1411 4657 1502 4710 sed
1533 4657 1758 4714 ﬁdeliter
1780 4676 1895 4715 om-

289 4742 374 4796 nia
404 4741 772 4809 susceperint,
808 4742 963 4796 nobis
1006 4752 1184 4797 tamen
1223 4747 1568 4814 quaerentium
1612 4749 1887 4816 incumbit,

287 4847 386 4886 cur
416 4848 528 4888 non
559 4842 612 4888 et
642 4832 716 4886 illi
749 4841 804 4888 et
841 4849 974 4902 puer
1012 4845 1310 4904 prtesentes
1349 4850 1657 4904 servantur;
1692 4841 1786 4894 scd
1817 4842 1892 4897 illi

288 4924 344 4978 in
378 4924 686 4989 Perszdem,
722 4924 808 4981 hic
840 4926 893 4980 in
925 4925 1222 4996 Egyptum
1270 4945 1390 4983 euut
1442 4942 1612 4987 matre
1660 4932 1886 5002 fugatur.

287 5016 396 5072 Sed
430 5016 601 5088 quid?
631 5032 696 5071 an
737 5019 1017 5087 oportebat
1045 5020 1191 5073 illum
1222 5021 1454 5076 incidere
1486 5024 1536 5076 in
1567 5039 1752 5079 manus
1783 5026 1890 5080 He-

292 5111 460 5174 rodis,
496 5119 552 5164 et
581 5121 796 5177 captum
829 5128 935 5166 non
963 5113 1227 5168 interﬁci?
1257 5117 1326 5169 At
1351 5131 1454 5169 non
1498 5127 1734 5187 putatum
1764 5119 1892 5173 fuis-

290 5212 376 5257 set
406 5205 585 5272 ipstun
617 5203 888 5271 accepisse
931 5220 1171 5274 carnem,
1205 5224 1376 5277 neque
1419 5211 1735 5264 meonomiae
1775 5228 1890 5266 ma-

291 5297 518 5364 gnitudo
548 5295 764 5350 credita
793 5294 998 5351 fuisset.
1047 5297 1176 5352 Nam
1224 5299 1268 5353 si
1308 5299 1389 5354 his
1433 5302 1499 5354 ita
1529 5303 1712 5371 gestis,
1745 5314 1889 5371 posto

290 5401 453 5453 quiem
485 5387 654 5441 multa
683 5385 918 5444 humano
944 5389 1104 5443 modo
1143 5391 1449 5460 dispensata
1494 5407 1640 5462 sunt,
1674 5389 1887 5465 quidam

293 5476 478 5532 dicere
503 5479 620 5531 ausi
650 5486 774 5532 sunt
801 5478 977 5532 carnis
1015 5484 1434 5550 assumptionem
1481 5499 1602 5539 esse
1634 5485 1886 5554 fabulam,

295 5585 402 5637 quo
433 5570 727 5640 impietatis
758 5588 864 5625 non
893 5573 1279 5642 prorupissent,
1306 5578 1347 5628 si
1379 5577 1552 5630 omnia
1581 5578 1761 5631 divino
1778 5595 1890 5632 uio-

295 5663 364 5717 do
392 5660 449 5716 et
476 5664 766 5718 secundum
793 5679 943 5717 suam
973 5667 1260 5735 potentiam
1303 5668 1551 5723 fecisset?
1588 5671 1766 5741 Magos
1794 5688 1889 5725 au-

301 5765 406 5813 tem
439 5757 692 5813 celeriter
723 5760 940 5822 emittit,
971 5761 1124 5814 simul
1157 5762 1407 5816 doctores
1438 5764 1655 5819 mittens
1688 5767 1738 5820 in
1765 5765 1889 5821 Pcr-

299 5865 481 5907 sarum
512 5852 808 5923 regionem,
837 5863 889 5909 et
922 5856 1133 5924 tyranni
1175 5855 1406 5912 furorem
1455 5868 1797 5927 pr.cvcrtcus,
1837 5870 1887 5913 ut

2029 615 2314 677 edisceret,
2345 626 2404 664 se
2430 623 2517 664 res
2542 621 2660 678 quae
2685 603 2797 658 ﬁeri
2828 617 2933 655 non
2960 611 3175 670 possent
3201 598 3438 669 aggredi.
3465 600 3622 650 iram-

2029 722 2133 777 quc
2161 705 2276 775 ejus
2303 701 2543 768 sedaret,
2571 708 2626 755 et
2645 714 2673 752 a
2699 712 2834 750 vano
2855 693 3040 750 labore
3068 692 3385 746 retraheret.
3413 689 3490 743 Ad
3509 690 3625 756 ejus

2030 798 2173 852 enim
2206 794 2499 865 potentiam
2546 790 2797 860 pertinet.
2845 801 2950 841 non
2983 784 3144 840 modo
3174 783 3419 837 inimicos
3451 781 3624 849 palam

2031 889 2335 959 prodigam,
2361 885 2454 939 Sed
2486 885 2648 945 etiam
2694 884 2839 950 ipsos
2879 878 3032 933 facile
3061 877 3332 945 decipere.
3368 874 3459 930 Sic
3483 875 3627 927 enim

2029 979 2312 1052 Aigyptios
2345 978 2398 1031 in
2430 975 2738 1031 Judmorum
2765 972 2990 1042 gratiam
3014 969 3244 1038 decepit.
3276 977 3323 1022 et
3355 981 3475 1022 cum
3506 979 3629 1034 pos-

2031 1084 2112 1129 set
2128 1070 2341 1126 illorum
2361 1069 2573 1123 divitias
2599 1067 2652 1120 in
2676 1079 2864 1118 manus
2887 1063 3229 1117 llebrazorum
3260 1060 3433 1130 palam
3457 1067 3629 1112 trans-

2029 1155 2186 1218 ferre,
2211 1153 2370 1209 -clam
2400 1153 2449 1206 id
2478 1165 2531 1207 et
2559 1169 2679 1208 cum
2711 1157 2904 1210 astutia
2937 1156 3050 1211 fieri
3077 1158 3229 1227 jubet
3263 1173 3277 1210 :
3313 1158 3362 1212 id
3393 1159 3535 1227 quod
3559 1161 3627 1214 il-

2028 1247 2136 1301 lum
2167 1262 2270 1318 non
2292 1247 2468 1301 minus
2491 1246 2882 1304 formidabilem
2914 1251 3154 1305 hostibus
3171 1251 3446 1315 reddebat,
3466 1268 3626 1323 quam

2025 1337 2125 1389 alia
2157 1338 2332 1405 signa.

2093 1429 2147 1482 2.
2194 1427 2483 1483 Potentiam
2508 1430 2599 1484 Dei
2622 1433 2677 1484 iri
2699 1431 3007 1501 decipiendis
3035 1433 3257 1488 hostibus
3287 1434 3480 1488 elucere
3503 1436 3627 1488 olim

2023 1521 2244 1590 confessi
2264 1533 2380 1575 sunt
2399 1523 2722 1576 Ascaloniae.
2751 1522 2800 1578 Η
2806 1524 3005 1577 credent
3033 1526 3213 1578 maluit
3237 1525 3375 1580 Deus
3397 1525 3628 1597 decipere

2020 1628 2173 1680 quam
2201 1616 2610 1684 perterrefacere.
2645 1614 2874 1669 Christus
2899 1631 2990 1668 cur
3014 1616 3068 1668 in
3099 1614 3390 1687 digyptum
3417 1621 3622 1672 missus.

2023 1731 2089 1741 -——
2108 1703 2429 1756 Asczilonitzn
2461 1719 2689 1773 namque
2713 1706 3001 1774 caeterique
3028 1722 3213 1762 omnes
3237 1689 3516 1778 postquam
3539 1726 3625 1763 ar-

2020 1807 2138 1846 eam
2184 1803 2460 1863 ceperant,
2497 1796 2735 1864 percussi
2764 1796 2958 1851 deinde
3005 1797 3360 1854 hortabantur
3395 1814 3525 1854 suos
3556 1817 3625 1856 ne

2021 1894 2338 1954 pugnarent,
2372 1902 2546 1956 neque
2592 1888 2877 1943 adversum
2909 1899 3135 1955 starent,
3167 1906 3229 1947 ac
3257 1907 3378 1947 cum
3409 1895 3624 1948 eatteris

2019 1977 2298 2033 miraculis
2329 1977 2432 2032 hoc
2457 1979 2618 2033 etiam
2644 1980 2694 2035 in
2726 1981 2960 2036 medium
2991 1982 3328 2052 proferebant
3348 1984 3619 2042 dicentes:

2020 2071 2194 2134 Quare
2213 2073 2499 2141 aggravatis
2519 2072 2676 2126 corda
2699 2084 2882 2139 vestra,
2901 2074 3029 2129 sicut
3045 2077 3336 2146 aggravavit
3355 2075 3623 2147 /quptus

2015 2173 2062 2216 et
2097 2161 2343 2216 Pharao?
2369 2181 2537 2218 nonne
2566 2173 2830 2235 postquam
2853 2166 3012 2220 illusit
3039 2169 3130 2232 eis,
3161 2177 3279 2221 tunc
3310 2168 3502 2221 dimisit
3529 2187 3621 2239 po-

2017 2256 2192 2323 pulum
2221 2271 2388 2319 suum,
2424 2265 2466 2310 et
2492 2257 2724 2311 abierunt
2752 2260 2826 2328 (l.
2855 2259 2983 2328 Reg.
3010 2262 3060 2313 t1.
3087 2258 3177 2330 6)?
3201 2259 3325 2314 ll:cc
3346 2260 3616 2324 dicebant,

2017 2355 2264 2413 putantes
2294 2346 2396 2400 hoc
2429 2359 2757 2416 postremum
2787 2350 2997 2418 signum
3027 2367 3131 2405 non
3160 2352 3338 2406 minus
3368 2369 3490 2408 esse
3513 2370 3620 2408 cu:-

2015 2436 2142 2489 tcris
2173 2436 2346 2504 palam
2373 2439 2562 2505 gestis,
2588 2439 2653 2492 ad
2683 2440 2802 2507 ejus
2823 2440 3296 2496 demonstrandam
3323 2447 3614 2512 potentiam

2015 2536 2171 2596 :tque
2199 2529 2640 2598 magnitudinem.
2673 2531 2724 2584 Id
2755 2531 2898 2600 quod
2939 2533 3099 2586 etiam
3149 2534 3235 2588 hic
3283 2534 3476 2590 factm:
3511 2548 3613 2604 est,

2014 2627 2327 2688 poteratque
2377 2629 2663 2692 tyrannum
2721 2626 3167 2692 perterret'acere.
3228 2627 3616 2685 Animadverte

1985 2728 2242 2782 namque
2275 2723 2471 2783 quanta
2507 2729 2746 2783 passum,
2777 2725 2828 2769 el
2860 2725 3059 2783 quanto
3091 2718 3440 2785 prietocatum
3474 2735 3612 2775 mm-
3653 2749 3662 2756 -

2013 2819 2131 2857 rore
2155 2803 2424 2858 Herodem
2458 2806 2619 2859 fuisse
2651 2806 2943 2861 verisimile
2965 2809 3053 2866 sit,
3091 2809 3166 2862 sic
3194 2825 3221 2862 a
3252 2812 3421 2878 magis
3452 2811 3615 2868 dece-

2011 2907 2158 2964 ptum
2187 2904 2238 2950 et
2271 2896 2506 2950 illusum.
2538 2897 2674 2965 Quid
2705 2899 2871 2962 enim,
2905 2901 2948 2953 si
2993 2916 3097 2954 neu
3130 2903 3323 2957 melior
3366 2907 3437 2958 sit
3479 2907 3611 2962 elic-

2011 2988 2164 3040 Cltts'.’
2194 2985 2242 3039 id
2277 2997 2423 3041 certe
2453 3004 2557 3040 non
2590 2987 2654 3040 ad
2683 3004 2806 3042 eum
2836 2990 2921 3058 qui
2958 2990 3073 3046 hare
3099 2991 3432 3063 dispensavit
3469 2998 3613 3051 refe-

2012 3078 2235 3130 rendum
2269 3087 2372 3141 est,
2409 3077 2500 3132 sed
2535 3078 2599 3130 ad
2629 3080 2899 3148 ingentem
2936 3083 3171 3137 furorem
3215 3086 3358 3142 illius
3382 3089 3472 3158 qui
3504 3106 3613 3144 non

2009 3169 2170 3218 cessit
2198 3168 2282 3232 iis,
2307 3184 2427 3236 qua:
2457 3169 2628 3236 ipsum
2656 3170 2921 3224 consolari
2946 3185 2999 3226 et
3023 3190 3053 3226 a
3083 3177 3317 3245 nequitia
3343 3180 3614 3236 abducere

2011 3257 2310 3321 debebant;
2344 3259 2437 3312 sed
2468 3259 2689 3314 ulterius
2738 3264 3022 3329 processit,
3072 3275 3129 3319 ut.
3178 3277 3340 3324 tanta:
3390 3272 3614 3331 insania:

2009 3347 2280 3417 graviores
2311 3350 2480 3402 lueret
2513 3365 2718 3418 punias.
2754 3353 2816 3404 Et
2841 3369 2958 3420 cur,
2979 3354 3210 3425 inquies,
3241 3360 3291 3412 in
3315 3359 3610 3432 Egyptuin

2008 3452 2140 3505 puer
2173 3439 2434 3493 mittitur?
2461 3441 2688 3493 Causam
2721 3443 2770 3494 in
2803 3444 2987 3510 primis
3034 3449 3252 3515 protulit
3282 3456 3610 3523 evangelista

2011 3529 2225 3584 dicens:
2255 3532 2340 3586 l5.
2360 3529 2427 3584 Ut
2455 3533 2751 3601 impleretur
2776 3535 2945 3589 illud:
2977 3536 3058 3592 Ea:
3084 3538 3318 3612 IEgypto
3344 3550 3517 3601 necavi
3543 3553 3612 3617 ﬁ-

2011 3620 2131 3674 lium
2157 3639 2321 3677 meum
2355 3623 2522 3694 (Osee.
2559 3627 2645 3679 ll.
2678 3627 2767 3696 l):
2798 3628 3066 3701 simulque
3098 3633 3249 3688 bona;
3275 3639 3390 3706 spei
3427 3656 3607 3708 prate-

2017 3723 2117 3773 ntia
2143 3723 2236 3776 toti
2260 3722 2374 3777 orbi
2406 3730 2922 3793 przenuntiahantur.
2950 3735 3082 3802 Quia
3122 3740 3265 3794 enim
3292 3742 3528 3816 Babylon
3563 3763 3615 3807 et

2014 3811 2279 3883 AEgyptus
2311 3815 2430 3884 plus
2475 3835 2633 3888 quam
2685 3823 2923 3893 reliquus
2952 3829 3099 3883 orbis
3132 3811 3425 3901 impietatis
3453 3842 3616 3898 arde-

2015 3904 2138 3956 hant
2163 3905 2399 3974 ﬂamma,
2429 3909 2494 3962 ab
2525 3913 2748 3967 exordio
2779 3915 3060 3974 declarans
3082 3938 3140 3975 se
3162 3927 3348 3981 ambas
3382 3929 3501 3986 illas
3531 3949 3613 3991 rc-

2008 3995 2196 4064 giones
2223 3999 2652 4068 emendaturum,
2687 4016 2736 4059 et
2764 4008 2829 4060 ad
2873 4011 3091 4067 meliora
3123 4014 3497 4087 deducturum,
3550 4028 3611 4079 si-

2010 4087 2224 4156 mulque
2255 4105 2349 4157 per
2376 4091 2490 4145 haec
2519 4095 2760 4152 indicans
2788 4101 2945 4154 etiam
2976 4107 3068 4157 toti
3091 4116 3351 4164 terrarum
3379 4114 3494 4170 orbi
3524 4117 3610 4170 lo-

2009 4191 2074 4229 na
2107 4181 2465 4248 exspectanda
2498 4199 2634 4250 esse,
2665 4197 2718 4240 et
2738 4205 2922 4256 magos
2948 4193 3110 4261 misit,
3136 4208 3189 4251 et
3213 4200 3324 4268 ipse
3349 4219 3472 4260 cum
3504 4224 3609 4261 ma-

2009 4276 2088 4321 tre
2119 4284 2212 4321 sua
2247 4272 2520 4338 profecws
2553 4284 2652 4329 est.
2702 4279 2780 4331 Ad
2813 4279 2928 4335 huic
2959 4299 3087 4340 vero
3118 4289 3259 4343 aliud
3291 4294 3450 4348 etiam
3487 4297 3614 4356 inde

2006 4355 2281 4426 docemur,
2309 4365 2451 4432 quod
2479 4381 2580 4418 non
2612 4382 2797 4435 parum
2827 4389 2923 4428 nos
2954 4375 3018 4429 ad
3050 4377 3442 4451 philosophiam
3477 4389 3612 4446 inci-

2009 4457 2101 4500 tet.
2131 4451 2418 4516 Quodnam
2447 4455 2773 4523 illud?Quod
2802 4461 2867 4514 ab
2888 4463 3002 4531 ipso
3034 4467 3184 4524 initio
3214 4476 3534 4534 tentationes
3562 4494 3614 4536 ιι

2007 4542 2241 4608 pericula
2275 4546 2383 4599 sint
2410 4550 2790 4616 exspectanda.
2818 4553 2943 4609 Vide
2965 4573 3194 4630 namque
3217 4564 3265 4618 id
3297 4567 3396 4635 ipsi
3427 4569 3494 4625 ab
3526 4572 3575 4626 in
3595 4607 3610 4615 -

2003 4633 2279 4687 (‘nnnli'dis
2308 4639 2585 4692 accidisse.
2618 4640 2748 4694 Nam
2772 4643 2859 4696 illo
2879 4657 3003 4701 nato
3031 4648 3156 4704 furit
3179 4633 3463 4724 tyrannus;
3488 4662 3614 4718 hinc

2006 4723 2121 4794 fuga
2150 4738 2201 4780 et
2227 4729 2621 4798 transmigratio
2654 4734 2704 4786 in
2730 4738 2902 4791 exsilii
2933 4741 3130 4804 locum,
3154 4723 3209 4799 et
3231 4749 3414 4805 insons
3440 4723 3610 4811 mater

2004 4815 2053 4867 in
2090 4817 2436 4872 barbarorum
2481 4822 2754 4892 regionem
2788 4843 2847 4882 se
2895 4832 3118 4901 proripit
3147 4853 3158 4889 :
3190 4847 3248 4890 ut
3280 4848 3332 4892 tu
3364 4841 3479 4898 iure
3509 4860 3608 4896 au-

2001 4909 2155 4962 diens
2183 4910 2362 4979 aliquo
2391 4913 2652 4981 Spirituali
2682 4919 2978 4976 ministerio
3019 4925 3284 4997 dignatus,
3331 4934 3374 4986 si
3409 4936 3609 4994 videris

2001 5010 2050 5050 te
2075 4999 2189 5052 dira
2217 5003 2506 5068 patientem
2541 5047 2555 5068 ,
2585 5017 2639 5060 et
2681 5008 2819 5063 inter
2844 5026 3094 5069 sexcenta
3127 5033 3430 5077 versantem
3466 5029 3608 5096 peri-

2000 5090 2139 5152 cnla,
2162 5105 2228 5144 ne
2258 5093 2508 5156 turberis,
2539 5112 2670 5152 neve
2695 5099 2843 5154 dicas
2866 5122 2877 5155 :
2901 5103 3163 5171 Quidnam
3189 5110 3287 5164 hoc
3309 5115 3426 5168 est?
3447 5090 3606 5185 opor-

2002 5182 2145 5233 te‘nat
2174 5182 2352 5251 utique
2381 5200 2467 5239 me
2492 5191 2759 5251 coronari,
2795 5193 3020 5259 laudari,
3046 5198 3249 5253 clarum
3271 5214 3323 5256 et
3343 5182 3604 5266 illustrem

1999 5284 2140 5335 esse,
2165 5273 2251 5341 qui
2277 5274 2586 5330 mandatum
2618 5280 2824 5336 Domini
2858 5284 3140 5353 impleam:
3166 5292 3259 5346 sed
3289 5293 3391 5349 hoc
3421 5313 3605 5354 exem-

1986 5362 2088 5453 ‘plo
2119 5360 2279 5416 fultus
2311 5364 2518 5421 fortiter
2548 5367 2707 5434 feras,
2738 5387 2953 5442 gnarus,
2981 5377 3116 5433 hanc
3137 5395 3255 5435 cum
3277 5386 3462 5452 primis
3481 5407 3603 5448 esse

2000 5451 2354 5519 spiritualium
2388 5457 2622 5512 virorum
2650 5472 2873 5530 sortem,
2906 5475 2966 5520 ut
2994 5468 3193 5540 ubique
3217 5451 3603 5535 tentationilius

2009 5551 2354 5619 impelantur.
2384 5559 2768 5615 Animadverte
2785 5562 2947 5632 igitur
2963 5565 3014 5620 id
3034 5581 3141 5621 non
3159 5569 3332 5624 solum
3360 5589 3526 5642 puero
3547 5589 3600 5633 ct

2008 5647 2165 5700 matri
2185 5649 2430 5704 accidere
2454 5652 2468 5681 ¹
2495 5670 2508 5718 ;
2543 5655 2634 5707 sed
2654 5655 2819 5709 etiam
2846 5657 3094 5714 barbaris
3114 5661 3237 5715 illis.
3279 5662 3408 5718 Nam
3434 5677 3486 5721 ct
3516 5669 3590 5723 till

2056 5865 2066 5893 ¹
2101 5863 2216 5922 Alii,
2247 5860 2294 5911 id
2329 5877 2420 5913 non
2448 5868 2600 5914 solum
2624 5867 2766 5916 matri
2788 5868 2927 5932 pueri
2954 5871 3190 5923 arridere.
