4082 6490
514 439 578 492 83
1703 425 1766 480 IN
1807 424 1895 478 MA
1906 418 2095 476 ΤἸΊΙᾹ

2203 417 2210 469 l
2252 413 2479 470 iiOM‘lL.
2523 411 2557 463 \'
2570 411 2660 464 ΙΝ..
3710 405 3780 460 86

504 565 638 618 clam
669 559 949 616 discedunt
967 555 1117 626 quasi
1142 548 1375 619 fugitivi;
1407 556 1461 600 et
1483 545 1615 602 haec,
1642 545 1762 609 qua:
1797 548 2080 604 numquam

510 674 540 710 e
567 654 724 708 domo
745 662 952 719 egressa
978 624 1166 707 iuerat,
1186 652 1288 694 tam
1313 639 1526 705 longum
1546 641 1597 685 et
1616 640 1967 702 atrumnosmu
1988 624 2085 677 iter

511 739 1034 814 susciperejubetur,
1067 735 1134 788 ob
1165 729 1458 786 mirabilem
1485 724 1622 777 hunc
1643 718 1838 772 editum
1863 727 2085 784 puerum

512 844 567 888 et
592 805 914 902 spiritualem
941 835 1172 894 partum.
1201 821 1332 874 item
1359 818 1545 869 iterum
1575 805 1886 878 stupendam
1914 805 2090 857 cousi-

515 893 664 977 dera.
709 893 990 974 Palzestina
1019 911 1314 970 insidiatur,
1346 903 1608 973 Egyptus
1653 912 1782 951 vero
1810 893 2012 962 excipit
2040 901 2094 946 et

518 1027 694 1075 servat
721 1013 924 1070 insidiis
953 1012 1266 1081 impolitum.
1297 1008 1478 1079 Neque
1498 1008 1636 1062 enim
1661 1015 1863 1061 tantum
1894 1006 1946 1059 in
1973 1005 2094 1060 ﬁliis

519 1106 852 1180 patriarcha,
882 1105 976 1160 sed
1005 1103 1162 1159 etiam
1196 1101 1246 1156 in
1280 1101 1501 1154 Domino
1531 1099 1638 1169 typi
1666 1108 1718 1153 ct
1747 1097 1923 1167 ﬁgurae
1961 1110 2092 1151 cou-

519 1204 770 1272 tigerunt.
798 1199 902 1254 Per
928 1211 989 1251 ea
1010 1196 1149 1250 enim
1191 1209 1308 1262 qua:
1332 1192 1399 1246 ab
1443 1193 1553 1260 ipso
1578 1199 1723 1259 gesta
1751 1195 1895 1253 sunt,
1929 1187 2094 1260 multa

521 1289 1010 1363 prmnuutinbunlur
1037 1302 1242 1345 eorum,
1277 1298 1393 1352 quae
1423 1292 1602 1350 postea
1631 1287 1884 1333 eventura
1909 1286 2094 1332 erant:

519 1385 660 1454 qqu
677 1393 730 1438 et
749 1384 803 1436 in
832 1381 980 1435 asina
1007 1388 1060 1433 et
1084 1379 1134 1430 in
1166 1376 1308 1444 pullo
1337 1373 1529 1429 factum
1559 1380 1658 1426 est.
1690 1369 1920 1438 Angelus
1941 1368 2096 1436 igitur

520 1476 609 1545 qui
636 1472 900 1542 apparuit,
934 1485 1036 1522 non
1069 1467 1305 1527 Mariam,
1338 1464 1435 1518 sed
1453 1459 1742 1532 Joscphuut
1770 1457 2092 1528 alloquitur:

521 1577 570 1617 et
604 1563 728 1631 quid
757 1560 923 1614 dicit?
967 1559 1189 1627 Surgeus
1219 1556 1389 1623 accipe
1417 1568 1628 1621 puerum
1665 1561 1714 1605 ct
1754 1559 1964 1604 matram
1988 1550 2097 1616 eius

523 1645 819 1722 (Matth/1.
853 1651 968 1718 90).
1014 1650 1108 1702 llic
1135 1663 1237 1702 non
1269 1648 1401 1700 ultra
1429 1646 1573 1706 dicit.
1607 1641 1882 1714 Conjugem
1923 1658 2098 1707 tuam;

523 1746 636 1809 sed,
665 1738 880 1795 Matrem
910 1742 1035 1810 ejus.
1063 1739 1193 1803 Quia
1225 1739 1364 1790 enim
1399 1746 1580 1804 partus
1603 1733 1840 1803 contigit,
1869 1734 2098 1804 suspicio

521 1836 695 1889 soluta
724 1838 827 1896 est,
859 1840 913 1884 et
932 1809 1053 1882 viro
1081 1827 1213 1881 ﬁdes
1240 1825 1374 1880 facta
1403 1834 1505 1890 est,
1538 1809 1704 1880 libere
1725 1824 1835 1894 jam
1867 1823 2099 1894 loquitur

525 1924 766 1993 angelus,
801 1937 972 1992 neque
998 1920 1159 1974 ﬁlium
1192 1933 1363 1988 neque
1399 1918 1677 1986 coniugi-tn
1727 1915 1843 1985 ejus
1884 1915 2099 1981 dicens;

524 2017 641 2082 sed,
674 2015 895 2069 Puerum
923 2023 968 2066 et
999 2021 1206 2066 matrem
1226 2011 1366 2080 ejus;
1391 2021 1437 2063 et
1456 2011 1576 2082 fuge
1595 2009 1647 2063 in
1673 2005 1994 2080 .Egyptum;
2023 2008 2104 2060 iu-

525 2119 710 2176 gisque
754 2119 965 2159 causam
1016 2101 1162 2156 addit
1196 2119 1210 2154 :
1241 2093 1492 2154 Futurum
1532 2109 1603 2155 est
1643 2100 1796 2165 enim,
1829 2097 2012 2167 inquit,
2051 2107 2102 2150 ut

511 2188 762 2251 ‘Ilerodes
784 2204 975 2264 qumat
999 2195 1221 2249 animam
1246 2191 1408 2263 pueri.

588 2379 640 2432 5.
659 2375 871 2446 Iosephi
886 2374 1188 2430 laus.—llis
1199 2371 1390 2427 auditis
1404 2369 1600 2439 Ioseph
1619 2382 1727 2423 non
1740 2366 1972 2422 olfensus
1993 2375 2095 2433 est,

521 2488 692 2543 neque
727 2470 860 2526 dixit
890 2488 902 2524 :
946 2468 1193 2538 Enigma
1239 2477 1322 2522 est
1355 2465 1479 2519 hoc.
1522 2462 1600 2517 Tu
1631 2475 1798 2530 nuper
1837 2457 2051 2514 dicebas
2083 2475 2097 2514 :

522 2563 730 2617 Salvum
749 2562 894 2633 [aciei
912 2558 1152 2630 pupulum
1168 2572 1315 2609 suum
1330 2551 1544 2623 (Matth.
1561 2552 1581 2604 1
1597 2590 1610 2604 .
1627 2550 1720 2622 21)
1741 2569 1752 2603 :
1774 2564 1910 2604 nunc
1925 2557 2101 2602 autem

521 2667 619 2707 nec
659 2651 889 2719 seipsum
924 2655 1094 2716 potest
1122 2658 1336 2699 servare
1356 2683 1371 2708 ,
1407 2641 1500 2694 sed
1524 2639 1643 2707 fuga
1672 2639 1823 2692 nobis
1855 2648 1938 2693 est
1969 2651 2103 2705 Opus

521 2752 571 2795 et
593 2739 1016 2810 peregrinatione
1034 2753 1097 2791 ac
1115 2735 1395 2806 longinqua
1429 2729 1890 2800 transmigratione
1915 2729 1937 2782 ?
1964 2728 2104 2783 Con-

521 2832 676 2885 traria
699 2841 821 2885 sunt
849 2829 961 2883 haec
988 2825 1323 2896 promissioni
1354 2833 1475 2876 tum.
1504 2821 1610 2878 Sed
1636 2820 1767 2875 nihil
1796 2819 2097 2888 hujusmodi

521 2921 695 2985 dixit;
730 2919 896 2972 ﬁdelis
927 2918 1068 2972 enim
1115 2919 1194 2969 vir
1229 2922 1383 2974 erat;
1419 2926 1588 2981 neque
1617 2911 1937 2966 reversionis
1968 2919 2101 2963 tem-

523 3025 619 3081 pus
645 3010 878 3077 inquirit,
902 3005 1106 3061 etiamsi
1123 3004 1340 3074 angelus
1361 3001 1633 3056 indeﬁnite
1657 2999 1907 3070 loquutus
1928 3010 2101 3065 esset;

523 3117 646 3157 nam
686 3101 760 3153 ait
791 3116 803 3151 :
840 3097 959 3151 Esto
988 3096 1049 3148 ibi
1080 3137 1092 3158 ,
1139 3094 1416 3164 usquedum
1444 3095 1607 3145 dicam
1638 3091 1746 3145 tibi.
1790 3091 1984 3146 Verum
2018 3092 2104 3146 ille

528 3207 632 3245 non
671 3191 792 3243 ideo
821 3186 1034 3256 segnior
1075 3185 1242 3238 factus
1273 3192 1386 3246 est,
1419 3182 1511 3235 sed
1551 3189 1704 3251 paret
1740 3190 1795 3235 et
1830 3181 2105 3251 obtempe—

528 3292 623 3346 rut,
661 3255 1082 3346 teutationesque
1109 3288 1296 3328 omnes
1320 3288 1439 3328 cum
1465 3255 1662 3342 gaudio
1686 3274 1897 3328 tolerat.
1925 3274 2106 3328 Enim-

529 3387 650 3433 mro
680 3371 937 3438 benignus
967 3371 1105 3422 Deus
1133 3368 1216 3419 his
1243 3365 1510 3420 laboribus
1551 3363 1728 3419 dulcia
1760 3365 1971 3420 miscuit
2007 3384 2020 3419 :
2055 3367 2104 3420 id

521 3476 661 3540 quod
691 3473 846 3524 etiam
877 3471 927 3522 in
965 3470 1161 3525 sanctis
1193 3469 1438 3524 omnibus
1481 3475 1729 3524 observat
1762 3487 1774 3523 :
1805 3484 1978 3540 neque
2003 3487 2094 3541 pe-

520 3563 705 3627 ricula,
739 3576 910 3631 neque
935 3561 1164 3629 quietem
1194 3561 1500 3614 continuam
1531 3567 1746 3629 priestat
1775 3600 1789 3624 ,
1819 3561 1910 3614 sed
1941 3572 1994 3613 et
2019 3563 2097 3614 liis

517 3666 572 3710 ct
607 3655 710 3710 illis
752 3655 1052 3724 permixtim
1090 3655 1278 3724 positis
1324 3655 1487 3708 vitam
1530 3652 1797 3723 justorum
1839 3653 2094 3707 ordinat:

517 3744 568 3800 id
597 3745 736 3815 quod
766 3745 923 3798 etiam
966 3744 1051 3799 hic
1073 3745 1194 3798 fecit
1228 3762 1240 3797 :
1275 3743 1432 3812 idque
1474 3743 1770 3812 perpendas
1800 3743 1979 3796 velim.
2015 3743 2099 3795 Vi-

517 3836 610 3892 det
643 3837 732 3891 ille
757 3836 1020 3905 Virginem
1052 3847 1258 3890 uterum
1288 3846 1584 3904 gestantem
1614 3853 1627 3888 :
1658 3849 1719 3889 ea
1748 3833 1814 3888 de
1839 3850 1896 3889 re
1926 3834 2099 3888 turba-

520 3937 624 3993 tur,
651 3935 704 3980 et
727 3926 1008 3982 admodum
1031 3927 1220 3981 anxius
1245 3935 1326 3979 est
1350 3941 1364 3977 :
1388 3925 1678 3978 adulteram
1703 3924 1845 3977 enim
1875 3923 2100 3992 puellam

517 4034 637 4074 esse
681 4018 1085 4087 suSpieabatur;
1133 4016 1227 4071 sed
1269 4016 1450 4070 statim
1489 4014 1692 4068 adstitit
1719 4014 1938 4084 angelus
1965 4055 1978 4078 ,
2009 4015 2096 4084 qui

514 4109 871 4178 suspicionem
897 4108 1126 4163 solveret
1156 4122 1217 4160 ac
1249 4118 1444 4161 metum
1477 4106 1797 4160 eliminaret.
1853 4103 1985 4158 Cum
2018 4107 2092 4156 vi-

516 4200 592 4252 ilit
614 4209 790 4253 natum
825 4213 1063 4268 puerum,
1091 4196 1284 4268 gaudio
1315 4211 1506 4264 magno
1531 4194 1776 4263 perfusus
1809 4203 1891 4247 est
1931 4213 1943 4246 :
1974 4210 2098 4246 rur-

517 4305 738 4358 sumque
777 4289 1022 4357 gaudium
1068 4283 1369 4354 hujusmodi
1413 4283 1702 4352 periculum
1733 4300 1836 4337 non
1870 4300 2094 4351 parvum

519 4383 752 4452 excipit,
792 4381 1005 4435 civitate
1056 4378 1355 4447 perturbata
1384 4416 1398 4440 ,
1443 4391 1506 4428 ac
1550 4390 1673 4445 rege
1701 4375 1932 4440 furente,
1973 4391 2100 4445 puc<

521 4489 742 4543 rumque
773 4473 1128 4541 perquirente.
1181 4470 1248 4522 At
1291 4466 1744 4538 perturbationem
1781 4465 1924 4518 illaut
1957 4465 2101 4518 aliud

519 4565 768 4634 gaudium
798 4562 1013 4629 excipit,
1043 4560 1194 4613 stella
1222 4573 1426 4627 nempe,
1454 4565 1508 4612 et
1538 4570 1810 4625 magorum
1836 4555 2090 4609 adot'atio.

525 4663 734 4716 Rursus
782 4675 907 4714 vero
952 4667 1072 4727 post
1109 4657 1250 4711 hanc
1276 4651 1534 4714 laetitiam,
1581 4651 1741 4704 timor
1781 4662 1842 4700 ac
1869 4645 2089 4714 pericu-

525 4755 667 4809 lum:
705 4750 904 4816 Quaerit
921 4749 1088 4813 enim,
1117 4747 1292 4813 inquit
1316 4785 1328 4808 ,
1360 4742 1596 4797 Herodes
1639 4739 1870 4792 animam
1906 4735 2090 4805 pueri;

526 4844 829 4904 iterumque
904 4839 1214 4907 fugiendum
1298 4843 1380 4888 est
1457 4843 1510 4886 et
1594 4824 2090 4895 transmigranduru

527 4937 766 4991 humano
832 4949 1010 4995 more;
1086 4929 1322 4984 nondum
1401 4926 1543 4978 enim
1613 4919 1873 4974 miracula
1935 4916 2095 4971 edere

529 5028 829 5098 oportebat.
922 5023 1054 5076 Nam
1100 5022 1143 5075 si
1197 5036 1224 5074 a
1270 5018 1440 5089 prima
1493 5021 1647 5068 aetate
1688 5007 1944 5063 miracula
1974 5006 2087 5060 edi-

529 5119 717 5184 disset,
748 5117 909 5172 homo
939 5131 1041 5168 non
1068 5112 1303 5168 creditus
1337 5108 1548 5163 fuisset.
1599 5102 1803 5159 idcirco
1835 5115 1938 5154 non
1960 5099 2089 5153 sim-

531 5211 741 5281 pliciter
769 5208 1024 5276 templum
1051 5205 1334 5267 formatur,
1358 5201 1448 5254 sed
1470 5197 1607 5252 uteri
1623 5206 1802 5248 tumor
1823 5191 2091 5259 conspici-

530 5311 637 5364 tur,
659 5308 713 5353 et
741 5313 928 5352 novem
966 5297 1232 5350 mensium
1255 5292 1510 5362 spatium,
1546 5296 1598 5343 et
1620 5295 1831 5356 partus,
1863 5292 1915 5336 et
1937 5283 2092 5333 lactis

532 5390 940 5452 nutrimentum,
972 5388 1126 5456 quies
1155 5400 1250 5454 per
1278 5383 1502 5436 multum
1541 5376 1822 5447 temporis;
1852 5383 1984 5427 astas
2013 5371 2092 5424 vi-

535 5477 651 5532 rilis
682 5482 1044 5544 exspectatur,
1078 5482 1137 5526 ut
1167 5488 1263 5542 per
1293 5472 1470 5524 omnia
1501 5467 1748 5523 cridbile
1775 5463 2093 5517 redderetur

535 5565 849 5622 meonomiaa
880 5563 1213 5634 mysterium.
1241 5560 1358 5626 Qua
1387 5575 1514 5629 ergo
1543 5558 1609 5610 ile
1646 5568 1830 5615 causa,
1856 5550 2092 5620 inquies,

537 5657 651 5712 haec
681 5657 750 5711 ab
797 5656 950 5711 initio
1002 5654 1141 5709 facta
1178 5660 1305 5708 sunt
1335 5648 1530 5721 signa?
1576 5646 1798 5715 Propter
1827 5649 2052 5696 matrem
2079 5680 2095 5708 ,

535 5756 753 5817 propter
780 5743 1091 5814 Josephum,
1114 5750 1333 5808 propter
1363 5739 1668 5794 Simeonem
1689 5733 1912 5805 jamjam
1936 5731 2103 5788 meri-

2200 549 2396 607 turum,
2447 549 2663 608 propter
2718 541 2984 602 pastores,
3036 537 3255 600 proptcr
3306 541 3509 596 magos,
3558 533 3775 596 propter

2197 631 2426 688 Iudaeos.
2459 628 2516 685 Si
2554 626 2696 683 enim
2724 625 2786 679 iis
2812 639 2930 694 quae
2956 621 3276 692 gerebantur
3303 628 3551 674 accurate
3579 616 3778 669 voluis-

2198 732 2318 777 sent
2341 718 2634 782 attendere,
2668 731 2773 772 non
2806 729 3024 785 parvum
3057 712 3179 766 hinc
3206 711 3274 765 ad
3305 710 3538 764 futurum
3567 716 3780 774 tempus

2201 814 2430 869 fructum
2473 810 2797 866 retulissent.
2832 806 2983 874 Quod
3028 805 3070 860 si
3103 803 3378 874 propheta:
3404 801 3470 856 de
3500 797 3669 868 magis
3701 797 3777 850 ni-

2201 906 2270 959 hil
2305 902 2614 974 prasdieant,
2657 917 2724 954 ne
2767 898 2884 954 ideo
2917 896 3180 960 turberis;
3217 908 3388 964 neque
3426 892 3569 948 enim
3599 887 3781 944 omnis

2198 996 2591 1066 prazdixerunt,
2642 1007 2814 1062 neque
2852 990 3007 1044 etiam
3063 987 3241 1042 omnia
3293 993 3589 1041 tacuerunt.
3633 980 3782 1036 Sicut

2197 1086 2339 1139 enim
2382 1083 2524 1139 trulla
2555 1098 2612 1138 re
2639 1093 2763 1136 ante
2787 1080 2962 1134 audita
2982 1121 2997 1144 ,
3045 1092 3134 1133 res
3162 1074 3466 1144 bujusmodi
3494 1083 3674 1145 gestas
3701 1071 3780 1125 ti—

2199 1175 2345 1240 dere,
2377 1191 2623 1245 magnum
2670 1184 2977 1243 stuporem,
3026 1183 3378 1240 magnamque
3429 1163 3784 1236 perturbatio-

2201 1283 2321 1322 nem
2367 1266 2708 1336 peperissct:
2755 1252 2903 1318 sicsi
2938 1261 3116 1316 omnia
3158 1259 3469 1314 didicissent
3511 1257 3784 1311 auditores

2200 1357 2478 1412 dormituri
2523 1366 2705 1418 erant,
2751 1371 2848 1409 nec
2898 1354 3183 1425 quidquam
3223 1350 3559 1421 evangelistis
3591 1345 3786 1402 fuisset

2201 1448 2464 1502 relictum.
2497 1447 2646 1516 Quod
2689 1447 2734 1500 si
2779 1445 2845 1500 de
2886 1444 3160 1513 pmphetia
3206 1442 3477 1509 ambigaut
3506 1437 3673 1493 Judazi
3703 1436 3787 1491 di-

2201 1549 2406 1605 centes,
2439 1538 2566 1594 illud
2591 1580 2604 1604 ,
2639 1535 2724 1591 Ea:
2764 1535 2997 1606 ﬁgyplo
3041 1533 3210 1588 vocavi
3252 1533 3414 1600 ﬁlium
3460 1545 3622 1582 meum
3648 1569 3660 1589 ,
3718 1526 3786 1581 de

2200 1631 2435 1700 seipsis‘
2481 1628 2684 1683 dictum
2733 1642 2853 1681 esse
2901 1644 2913 1677 :
2966 1624 3401 1694 respondebimus
3451 1621 3594 1680 illis.
3645 1617 3788 1671 hunc

2201 1719 2360 1775 etiam
2393 1734 2511 1774 esse
2541 1716 2836 1788 prophetia}
2869 1731 3093 1779 morem,
3126 1725 3186 1767 ut
3214 1713 3377 1766 multa
3409 1726 3552 1779 sa-pe
3578 1709 3646 1762 de
3666 1708 3788 1762 aliis

2202 1811 2465 1873 dicantur.
2496 1820 2552 1866 et
2592 1811 2642 1864 in
2689 1810 2810 1864 aliis
2836 1807 3180 1876 impleantur,
3229 1805 3386 1874 quale
3414 1801 3542 1857 illud
3577 1800 3646 1856 de
3683 1799 3786 1870 Sy-

2204 1914 2360 1956 meon
2407 1909 2462 1957 et
2488 1897 2615 1955 Levi
2657 1898 2854 1953 dictum
2888 1916 2900 1952 :
2930 1892 3170 1949 Dividam
3203 1910 3288 1949 eos
3329 1894 3381 1945 in
3423 1890 3606 1954 Jacob,
3630 1901 3679 1944 et
3705 1890 3786 1942 di-

2203 2009 2438 2067 spergam
2464 2008 2550 2046 eos
2596 1992 2649 2045 in
2693 1990 2860 2045 Israel
2888 1987 3054 2057 (ﬁeri.
3081 1985 3172 2040 49.
3197 1987 3228 2039 7
3254 1984 3273 2057 )
3305 2002 3318 2038 :
3347 1984 3399 2037 id
3424 1984 3566 2038 enim
3600 1997 3708 2036 non
3737 1981 3789 2036 in

2203 2081 2353 2154 ipsis,
2386 2083 2482 2138 sed
2521 2083 2572 2137 in
2603 2079 2834 2153 posteris
2865 2094 3050 2134 eorum
3084 2077 3357 2146 impletum
3402 2087 3485 2130 est
3520 2094 3532 2128 :
3565 2083 3620 2128 et
3661 2071 3790 2127 illud

2201 2176 2341 2249 quod
2369 2175 2436 2230 de
2460 2174 2712 2230 Chanaan
2739 2190 2767 2226 a
2799 2172 2912 2228 Noe
2938 2170 3332 2242 pronuntiatttm
3364 2177 3477 2232 est,
3524 2165 3794 2222 Gabaoni-

2206 2269 2270 2324 tis
2299 2284 2363 2324 ex
2409 2268 2575 2338 stirpe
2609 2266 2881 2322 Chanaani
2911 2262 3153 2332 contigit.
3199 2259 3352 2328 Quod
3386 2260 3559 2328 ipsum
3588 2256 3795 2312 Jacobo

2205 2360 2363 2416 etiam
2411 2359 2670 2414 accidisse
2714 2353 3130 2426 deprehenditur
3163 2371 3176 2404 :
3206 2351 3604 2406 benedictiones
3647 2349 3793 2404 enim

2206 2450 2328 2516 illa},
2358 2448 2480 2504 Esto
2509 2449 2745 2503 dominus
2765 2447 2938 2517 {rati-is
2972 2447 3080 2509 tui,
3116 2454 3162 2499 et
3200 2443 3410 2497 adorent
3434 2453 3481 2495 te
3502 2442 3595 2510 lilii
3634 2441 3798 2512 patris

2207 2542 2278 2595 tui
2321 2539 2491 2611 (Gen.
2528 2540 2620 2593 ετ.
2670 2537 2811 2607 29),
2861 2552 2965 2590 non
2999 2537 3050 2589 in
3083 2536 3198 2604 ipso
3234 2533 3394 2587 ﬁnem
3439 2541 3796 2604 acceperunt,

2205 2629 2520 2700 (quomodo
2566 2630 2712 2684 enim
2749 2628 2817 2681 ad
2871 2629 3043 2696 ipsum
3098 2627 3384 2694 pertineat,
3437 2623 3529 2694 qui
3571 2624 3793 2680 fratrem

2205 2721 2426 2776 timebat
2448 2719 2834 2788 tremebatque,
2867 2732 2932 2773 ac
2951 2719 3253 2773 sexcenties
3282 2717 3452 2785 ipsum
3481 2716 3793 2787 adoravit?)

2205 2811 2298 2867 sed
2335 2813 2404 2867 de
2445 2810 2596 2880 prole
2630 2809 2745 2879 ejus
2771 2809 2972 2864 dictum
3016 2817 3116 2862 est.
3160 2808 3313 2875 Quod
3350 2808 3509 2862 etiam
3542 2806 3647 2862 hoc
3673 2809 3796 2864 loco

2206 2902 2310 2959 dici
2339 2901 2525 2972 possit.
2553 2899 2686 2967 Quis
2708 2899 2852 2954 enim
2885 2898 3066 2953 verius
3097 2898 3185 2952 Dei
3215 2896 3356 2952 ﬁlius
3380 2898 3590 2953 dicatur
3619 2915 3634 2952 :
3659 2914 3727 2954 an
3749 2900 3794 2954 is

2207 3007 2297 3076 qui
2343 3003 2562 3057 vitulum
2611 3000 2869 3062 adoravit,
2898 3009 2954 3054 et
3001 2998 3346 3069 Beelphegori
3399 2999 3634 3052 initiatus
3682 3007 3788 3064 eat,

2208 3095 2405 3164 quique
2449 3092 2588 3147 ﬁlios
2631 3107 2756 3146 suos
2806 3090 3086 3146 daemoniis
3135 3089 3472 3154 immolavit;
3501 3105 3567 3143 an
3610 3089 3657 3144 is
3697 3087 3788 3159 qui

2209 3195 2396 3237 natura
2448 3182 2586 3236 ﬁlius
2635 3191 2784 3248 erat,
2830 3192 2884 3236 et
2926 3180 3224 3252 genitorem
3251 3179 3532 3234 honoravit
3561 3180 3585 3232 τ
3611 3178 3790 3250 Itaque

2211 3273 2310 3327 nisi
2350 3273 2439 3328 hic
2466 3272 2798 3338 advenisset,
2834 3270 3111 3342 prophetia
3143 3270 3360 3343 dignum
3407 3286 3515 3326 non
3546 3271 3788 3326 habitura

2211 3363 2370 3419 ﬁnem
2391 3375 2528 3419 erat.

2283 3537 2336 3588 4.
2382 3535 2512 3591 Vide
2566 3553 2692 3609 ergo
2747 3541 3016 3610 quomodo
3073 3541 3177 3599 hoc
3245 3544 3417 3612 ipsum
3466 3546 3793 3616 evangelista

2212 3627 2511 3683 subiudicet
2539 3631 2744 3697 dicens,
2782 3631 2851 3686 Ut
2895 3635 3208 3704 impleretur,
3248 3637 3536 3694 ostendens
3569 3639 3673 3693 nisi
3705 3655 3795 3696 ve-

2213 3718 2394 3782 nisset,
2429 3734 2534 3773 non
2583 3721 2910 3790 implendum
2957 3723 3085 3778 illud
3113 3725 3295 3781 fuisse.
3346 3727 3456 3783 Hoc
3496 3745 3624 3786 vero
3669 3730 3791 3785 Vir-

2209 3809 2387 3877 ginem
2429 3811 2600 3880 ipsam
2644 3829 2749 3868 non
2794 3815 3130 3870 mediocriter
3158 3817 3357 3873 claram
3386 3819 3550 3876 efﬁcit
3576 3831 3630 3877 et
3673 3822 3793 3878 illu-

2210 3909 2391 3954 strem.
2439 3901 2569 3957 Nam
2601 3905 2742 3972 quod
2775 3915 2916 3961 totus
2962 3908 3186 3976 papulas
3228 3911 3457 3965 encomii
3488 3911 3792 3968 locohabe-

2209 3990 2313 4057 bat,
2370 3995 2469 4048 hoc
2516 3996 2685 4064 ipsum
2741 3997 2936 4053 habere
2969 4001 3138 4068 potuit
3178 4010 3230 4056 et
3261 4003 3396 4071 ipsa.
3445 4003 3602 4072 Quod
3646 4007 3791 4060 enim

2206 4084 2368 4178 altum
2414 4088 2692 4178 sapiebant
2735 4101 2788 4144 et
2839 4105 2961 4145 sese
3009 4091 3284 4160 jnctabant
3338 4095 3406 4151 ob
3447 4096 3678 4152 reditum
3723 4115 3786 4154 cx

2208 4173 2461 4244 Egypto',
2499 4177 2517 4244 (
2553 4178 2603 4231 id
2654 4180 2804 4247 quod
2843 4181 3186 4236 subindicans
3232 4185 3484 4250 propheta
3533 4187 3784 4252 dicebat,

2209 4264 2393 4319 Nonne
2430 4268 2736 4337 alienigenas
2778 4273 2971 4325 adduxi
3008 4274 3073 4325 de
3108 4272 3453 4344 Cappadocia,
3478 4288 3526 4331 et
3557 4280 3788 4352 Assyrios

2206 4372 2269 4409 ea:
2293 4359 2431 4424 {om
2458 4359 2521 4429 ,⁷)
2569 4363 2586 4429 (
2618 4364 2769 4414 Amos
2802 4362 2854 4416 9.
2887 4365 2941 4433 7)
2998 4364 3122 4418 illud
3173 4365 3341 4435 ipsum
3381 4372 3785 4440 prterogativatn

2205 4447 2434 4517 Virginis
2463 4451 2602 4505 iacit.
2633 4453 2743 4507 imo
2770 4469 2898 4508 vero
2929 4465 2982 4509 et
3014 4457 3234 4524 potiulus
3261 4468 3314 4512 et
3356 4461 3656 4527 patriarcha
3685 4463 3782 4518 de-

2204 4540 2518 4596 scandentes
2544 4552 2596 4598 et
2621 4544 2970 4601 ascendentes
3025 4548 3164 4610 inde,
3213 4549 3363 4604 istius
3402 4567 3661 4608 ascensus
3689 4569 3785 4610 seu

2203 4630 2402 4685 reditus
2442 4641 2617 4703 typum
2651 4635 2962 4700 implebant.
3005 4638 3136 4692 Nam
3177 4640 3252 4694 illi
3280 4641 3694 4710 descenderunt,
3726 4658 3785 4702 ut

2201 4732 2429 4778 mortem
2480 4739 2543 4777 ex
2578 4725 2714 4779 fame
2759 4727 3126 4784 imminentem
3171 4731 3500 4802 eﬁugerent:
3531 4735 3617 4792 hic
3655 4753 3784 4794 vero

2201 4823 2258 4866 ut
2285 4814 2473 4867 vitaret
2508 4824 2730 4870 mortem
2757 4817 2964 4872 insidiis
2991 4833 3251 4887 paratam.
3281 4825 3350 4877 At
3375 4823 3450 4879 illi
3473 4840 3538 4880 eo
3568 4831 3780 4884 venien-

2201 4914 2280 4959 tes
2306 4921 2371 4960 ex
2401 4905 2567 4970 tame,
2597 4918 2720 4963 tunc
2749 4907 2958 4964 liberati
2997 4921 3118 4965 sunt
3145 4927 3160 4977 ;
3205 4914 3295 4968 ille
3329 4929 3458 4971 vero
3504 4928 3561 4972 ut
3591 4936 3657 4975 eo
3682 4897 3779 4977 de?

2196 4996 2423 5062 scendit,
2456 4997 2723 5065 regionem
2758 5008 2920 5054 totam
2953 5015 3050 5071 per
3077 5002 3361 5060 adventum
3392 5021 3546 5063 suum
3576 5013 3777 5068 sancti-

2195 5086 2389 5142 ﬁcavit.
2418 5089 2735 5146 Consideres
2761 5091 2938 5159 itaque
2970 5093 3128 5149 velim
3150 5097 3419 5164 quomodo
3440 5099 3580 5155 inter
3606 5102 3778 5158 humi.

2195 5179 2261 5233 lia
2297 5196 2412 5249 qua:
2441 5181 2506 5235 ad
2546 5181 2870 5238 divinitatem
2901 5185 3170 5254 pertinent
3203 5191 3527 5246 revelantur.
3568 5193 3774 5250 Etenim

2193 5284 2312 5322 cum
2345 5270 2477 5325 dixit
2502 5272 2758 5341 angelus,
2792 5271 2941 5347 Fuge
2963 5275 3017 5329 in
3059 5275 3366 5349 Egi/ptum,
3402 5295 3506 5336 non
3530 5285 3779 5352 promisit

2203 5479 2504 5586 ερέιρδῗοιξξξκ
2524 5481 2792 5586 eam
2810 5488 3790 5586 ‘L‘.l.‘3.§.f‘i';3?21‘;:.f"fﬂ‘lz.”$¥'£q"9

2220 5552 2351 5646 lilii
2374 5550 3037 5646 .i:‘f‘.2.€:‘£d.3;“..e'titss
3068 5554 3330 5646 £353.???
3353 5561 3527 5646 19932
3554 5550 3789 5646 939,817“?

2201 5600 2858 5688 9.'.E{‘,’.:.E€:€£'J_Pf‘_’3?09?fi
2879 5600 3036 5688 mea
3067 5600 3329 5688 ῑάέέίςῖέέῖὶὲἑ
3349 5600 3529 5688 εὲῖιῖὲῖὲ
3543 5600 3788 5688 ἔδειξε

2200 5664 2750 5747 Ξιὲιέριὶιῖιμιὲδιέξρςςφ
2771 5664 2889 5747 iero
2912 5664 3156 5742 dicebant,
3180 5664 3341 5734 iulia}:
3350 5664 3764 5747 'Jé’éﬁriéii’mﬁ

2199 5725 2314 5774 Cum
2339 5725 2499 5788 priore
2521 5739 2750 5783 consonat
2774 5734 3003 5786 Animus.
3039 5725 3066 5726 ﬂ
3087 5725 3155 5742 7—"
3182 5725 3227 5731 ’“
3247 5725 3341 5734 ”“”
3366 5725 3429 5736 “'
3456 5725 3540 5740 “"'
3558 5725 3653 5743 κ’νν
3669 5725 3786 5750 una.
