  <div class='ocr_page' id='page_1' title='image "/cluster/home/n/w/nwhite01/storage/ocr_20150623/57/uva.x004697226/102.png"; bbox 0 0 4082 6528; ppageno 0'>
   <div class='ocr_carea' id='block_1_1' title="bbox 333 476 3598 554">
    <p class='ocr_par' dir='ltr' id='par_1_1' title="bbox 333 476 3598 554">
     <span class='ocr_line' id='line_1_1' title="bbox 333 476 3598 554; baseline 0.004 -14"><span class='ocrx_word' id='word_1_1' title='bbox 333 484 402 541; x_wconf 74' lang='lat'><strong>37</strong></span> <span class='ocrx_word' id='word_1_2' title='bbox 1059 489 1115 544; x_wconf 87' lang='lat' dir='ltr'><strong>s.</strong></span> <span class='ocrx_word' id='word_1_3' title='bbox 1157 489 1446 546; x_wconf 74' lang='lat' dir='ltr'><strong>JOANNIS</strong></span> <span class='ocrx_word' id='word_1_4' title='bbox 1485 488 1973 547; x_wconf 71' lang='lat' dir='ltr'><strong>cuuvszisrout</strong></span> <span class='ocrx_word' id='word_1_5' title='bbox 2013 490 2332 550; x_wconf 76' lang='lat' dir='ltr'><strong>ARCHIEP.</strong></span> <span class='ocrx_word' id='word_1_6' title='bbox 2371 476 2920 554; x_wconf 75' lang='lat' dir='ltr'><strong>CONSTANTINOP.</strong></span> <span class='ocrx_word' id='word_1_7' title='bbox 3531 489 3598 544; x_wconf 64' lang='lat'><strong>98</strong></span> 
     </span>
    </p>
   </div>
   <div class='ocr_carea' id='block_1_2' title="bbox 323 616 1916 681">
    <p class='ocr_par' dir='ltr' id='par_1_2' title="bbox 323 616 1916 681">
     <span class='ocr_line' id='line_1_2' title="bbox 323 616 1916 681; baseline -0.004 0"><span class='ocrx_word' id='word_1_8' title='bbox 323 638 385 681; x_wconf 72' lang='lat' dir='ltr'><strong>se</strong></span> <span class='ocrx_word' id='word_1_9' title='bbox 413 622 630 678; x_wconf 87' lang='lat' dir='ltr'><strong>itineris</strong></span> <span class='ocrx_word' id='word_1_10' title='bbox 660 616 916 677; x_wconf 85' lang='lat' dir='ltr'><strong>comitem</strong></span> <span class='ocrx_word' id='word_1_11' title='bbox 951 617 1194 672; x_wconf 87' lang='lat' dir='ltr'><strong>futurum</strong></span> <span class='ocrx_word' id='word_1_12' title='bbox 1224 616 1310 673; x_wconf 91' lang='lat' dir='ltr'><strong>vel</strong></span> <span class='ocrx_word' id='word_1_13' title='bbox 1343 617 1803 674; x_wconf 78' lang='lat' dir='ltr'><strong>descendentibus</strong></span> <span class='ocrx_word' id='word_1_14' title='bbox 1833 621 1916 674; x_wconf 96' lang='lat' dir='ltr'><strong>vel</strong></span> 
     </span>
    </p>
   </div>
   <div class='ocr_carea' id='block_1_3' title="bbox 325 711 1913 781">
    <p class='ocr_par' dir='ltr' id='par_1_3' title="bbox 325 711 1913 781">
     <span class='ocr_line' id='line_1_3' title="bbox 325 711 1913 781; baseline -0.001 -8"><span class='ocrx_word' id='word_1_15' title='bbox 325 717 713 779; x_wconf 76' lang='lat' dir='ltr'><strong>redeuntibus,</strong></span> <span class='ocrx_word' id='word_1_16' title='bbox 745 711 1097 767; x_wconf 86' lang='lat' dir='ltr'><strong>subiudicans</strong></span> <span class='ocrx_word' id='word_1_17' title='bbox 1134 711 1253 767; x_wconf 89' lang='lat' dir='ltr'><strong>illos</strong></span> <span class='ocrx_word' id='word_1_18' title='bbox 1290 727 1542 781; x_wconf 87' lang='lat' dir='ltr'><strong>magnum</strong></span> <span class='ocrx_word' id='word_1_19' title='bbox 1583 713 1782 770; x_wconf 88' lang='lat' dir='ltr'><strong>habere</strong></span> <span class='ocrx_word' id='word_1_20' title='bbox 1815 731 1913 771; x_wconf 91' lang='lat' dir='ltr'><strong>co-</strong></span> 
     </span>
    </p>
   </div>
   <div class='ocr_carea' id='block_1_4' title="bbox 326 803 1915 874">
    <p class='ocr_par' dir='ltr' id='par_1_4' title="bbox 326 803 1915 874">
     <span class='ocr_line' id='line_1_4' title="bbox 326 803 1915 874; baseline -0.004 -10"><span class='ocrx_word' id='word_1_21' title='bbox 326 809 538 874; x_wconf 89' lang='lat' dir='ltr'><strong>mitem,</strong></span> <span class='ocrx_word' id='word_1_22' title='bbox 564 821 757 861; x_wconf 90' lang='lat' dir='ltr'><strong>recens</strong></span> <span class='ocrx_word' id='word_1_23' title='bbox 788 813 972 858; x_wconf 91' lang='lat' dir='ltr'><strong>natum</strong></span> <span class='ocrx_word' id='word_1_24' title='bbox 1007 819 1260 874; x_wconf 88' lang='lat' dir='ltr'><strong>puerum,</strong></span> <span class='ocrx_word' id='word_1_25' title='bbox 1286 803 1379 872; x_wconf 88' lang='lat' dir='ltr'><strong>qui</strong></span> <span class='ocrx_word' id='word_1_26' title='bbox 1409 803 1593 858; x_wconf 85' lang='lat' dir='ltr'><strong>statim</strong></span> <span class='ocrx_word' id='word_1_27' title='bbox 1627 815 1791 874; x_wconf 88' lang='lat' dir='ltr'><strong>atque</strong></span> <span class='ocrx_word' id='word_1_28' title='bbox 1820 820 1915 873; x_wconf 65' lang='lat' dir='ltr'><strong>apo</strong></span> 
     </span>
    </p>
   </div>
   <div class='ocr_carea' id='block_1_5' title="bbox 324 884 1922 974">
    <p class='ocr_par' dir='ltr' id='par_1_5' title="bbox 324 884 1922 974">
     <span class='ocr_line' id='line_1_5' title="bbox 324 884 1922 974; baseline -0.001 -21"><span class='ocrx_word' id='word_1_29' title='bbox 324 884 523 968; x_wconf 73' lang='lat' dir='ltr'><strong>paruit,</strong></span> <span class='ocrx_word' id='word_1_30' title='bbox 565 896 748 952; x_wconf 88' lang='lat' dir='ltr'><strong>omnia</strong></span> <span class='ocrx_word' id='word_1_31' title='bbox 794 896 1242 974; x_wconf 78' lang='lat' dir='ltr'><strong>ntutavit,atque</strong></span> <span class='ocrx_word' id='word_1_32' title='bbox 1283 895 1334 948; x_wconf 90' lang='lat' dir='ltr'><strong>id</strong></span> <span class='ocrx_word' id='word_1_33' title='bbox 1376 894 1572 959; x_wconf 72' lang='lat' dir='ltr'><strong>eﬂ‘eeit,</strong></span> <span class='ocrx_word' id='word_1_34' title='bbox 1614 904 1669 948; x_wconf 93' lang='lat' dir='ltr'><strong>ut</strong></span> <span class='ocrx_word' id='word_1_35' title='bbox 1710 896 1922 951; x_wconf 72' lang='lat' dir='ltr'><strong>inimici</strong></span> 
     </span>
    </p>
   </div>
   <div class='ocr_carea' id='block_1_6' title="bbox 324 987 1909 1046">
    <p class='ocr_par' dir='ltr' id='par_1_6' title="bbox 324 987 1909 1046">
     <span class='ocr_line' id='line_1_6' title="bbox 324 987 1909 1046; baseline -0.003 0"><span class='ocrx_word' id='word_1_36' title='bbox 324 993 389 1046; x_wconf 85' lang='lat' dir='ltr'><strong>ad</strong></span> <span class='ocrx_word' id='word_1_37' title='bbox 427 992 569 1044; x_wconf 91' lang='lat' dir='ltr'><strong>hanc</strong></span> <span class='ocrx_word' id='word_1_38' title='bbox 601 989 962 1046; x_wconf 73' lang='lat' dir='ltr'><strong>trconumiam</strong></span> <span class='ocrx_word' id='word_1_39' title='bbox 997 987 1283 1042; x_wconf 80' lang='lat' dir='ltr'><strong>admodum</strong></span> <span class='ocrx_word' id='word_1_40' title='bbox 1321 987 1665 1043; x_wconf 73' lang='lat' dir='ltr'><strong>inservirent.</strong></span> <span class='ocrx_word' id='word_1_41' title='bbox 1699 988 1909 1044; x_wconf 86' lang='lat' dir='ltr'><strong>Etenim</strong></span> 
     </span>
    </p>
   </div>
   <div class='ocr_carea' id='block_1_7' title="bbox 326 1080 1912 1154">
    <p class='ocr_par' dir='ltr' id='par_1_7' title="bbox 326 1080 1912 1154">
     <span class='ocr_line' id='line_1_7' title="bbox 326 1080 1912 1154; baseline -0.001 -17"><span class='ocrx_word' id='word_1_42' title='bbox 326 1084 462 1154; x_wconf 88' lang='lat' dir='ltr'><strong>magi</strong></span> <span class='ocrx_word' id='word_1_43' title='bbox 494 1093 550 1137; x_wconf 91' lang='lat' dir='ltr'><strong>et</strong></span> <span class='ocrx_word' id='word_1_44' title='bbox 582 1083 821 1149; x_wconf 88' lang='lat' dir='ltr'><strong>barbari,</strong></span> <span class='ocrx_word' id='word_1_45' title='bbox 856 1090 1080 1151; x_wconf 89' lang='lat' dir='ltr'><strong>paterna</strong></span> <span class='ocrx_word' id='word_1_46' title='bbox 1114 1080 1504 1148; x_wconf 88' lang='lat' dir='ltr'><strong>superstitione</strong></span> <span class='ocrx_word' id='word_1_47' title='bbox 1537 1080 1747 1146; x_wconf 87' lang='lat' dir='ltr'><strong>relicta,</strong></span> <span class='ocrx_word' id='word_1_48' title='bbox 1783 1081 1912 1136; x_wconf 80' lang='lat' dir='ltr'><strong>ado-</strong></span> 
     </span>
    </p>
   </div>
   <div class='ocr_carea' id='block_1_8' title="bbox 324 1169 1913 1242">
    <p class='ocr_par' dir='ltr' id='par_1_8' title="bbox 324 1169 1913 1242">
     <span class='ocr_line' id='line_1_8' title="bbox 324 1169 1913 1242; baseline -0.002 -14"><span class='ocrx_word' id='word_1_49' title='bbox 324 1175 495 1229; x_wconf 90' lang='lat' dir='ltr'><strong>raturi</strong></span> <span class='ocrx_word' id='word_1_50' title='bbox 527 1176 780 1242; x_wconf 89' lang='lat' dir='ltr'><strong>veniunt;</strong></span> <span class='ocrx_word' id='word_1_51' title='bbox 811 1174 1086 1242; x_wconf 87' lang='lat' dir='ltr'><strong>Augustus</strong></span> <span class='ocrx_word' id='word_1_52' title='bbox 1115 1169 1572 1226; x_wconf 86' lang='lat' dir='ltr'><strong>Bethlehemitico</strong></span> <span class='ocrx_word' id='word_1_53' title='bbox 1603 1173 1779 1241; x_wconf 84' lang='lat' dir='ltr'><strong>partui</strong></span> <span class='ocrx_word' id='word_1_54' title='bbox 1814 1172 1913 1225; x_wconf 85' lang='lat' dir='ltr'><strong>Ini-</strong></span> 
     </span>
    </p>
   </div>
   <div class='ocr_carea' id='block_1_9' title="bbox 321 1262 1913 1335">
    <p class='ocr_par' dir='ltr' id='par_1_9' title="bbox 321 1262 1913 1335">
     <span class='ocr_line' id='line_1_9' title="bbox 321 1262 1913 1335; baseline -0.003 -14"><span class='ocrx_word' id='word_1_55' title='bbox 321 1269 540 1333; x_wconf 88' lang='lat' dir='ltr'><strong>nistrat,</strong></span> <span class='ocrx_word' id='word_1_56' title='bbox 572 1270 698 1323; x_wconf 88' lang='lat' dir='ltr'><strong>dum</strong></span> <span class='ocrx_word' id='word_1_57' title='bbox 728 1281 952 1322; x_wconf 88' lang='lat' dir='ltr'><strong>censum</strong></span> <span class='ocrx_word' id='word_1_58' title='bbox 987 1265 1100 1320; x_wconf 83' lang='lat' dir='ltr'><strong>ﬁeri</strong></span> <span class='ocrx_word' id='word_1_59' title='bbox 1127 1265 1317 1332; x_wconf 81' lang='lat' dir='ltr'><strong>jubet;</strong></span> <span class='ocrx_word' id='word_1_60' title='bbox 1347 1262 1640 1335; x_wconf 65' lang='lat' dir='ltr'><strong>Egyptus,</strong></span> <span class='ocrx_word' id='word_1_61' title='bbox 1671 1267 1797 1318; x_wconf 90' lang='lat' dir='ltr'><strong>dum</strong></span> <span class='ocrx_word' id='word_1_62' title='bbox 1830 1265 1913 1318; x_wconf 87' lang='lat' dir='ltr'><strong>fn-</strong></span> 
     </span>
    </p>
   </div>
   <div class='ocr_carea' id='block_1_10' title="bbox 320 1357 1908 1430">
    <p class='ocr_par' dir='ltr' id='par_1_10' title="bbox 320 1357 1908 1430">
     <span class='ocr_line' id='line_1_10' title="bbox 320 1357 1908 1430; baseline -0.001 -20"><span class='ocrx_word' id='word_1_63' title='bbox 320 1360 556 1430; x_wconf 83' lang='lat' dir='ltr'><strong>gientem</strong></span> <span class='ocrx_word' id='word_1_64' title='bbox 585 1369 639 1412; x_wconf 91' lang='lat' dir='ltr'><strong>et</strong></span> <span class='ocrx_word' id='word_1_65' title='bbox 657 1357 885 1411; x_wconf 66' lang='lat' dir='ltr'><strong>.insidiis</strong></span> <span class='ocrx_word' id='word_1_66' title='bbox 918 1357 1216 1425; x_wconf 86' lang='lat' dir='ltr'><strong>appetitum</strong></span> <span class='ocrx_word' id='word_1_67' title='bbox 1245 1357 1471 1424; x_wconf 83' lang='lat' dir='ltr'><strong>excipit,</strong></span> <span class='ocrx_word' id='word_1_68' title='bbox 1499 1366 1682 1410; x_wconf 77' lang='lat' dir='ltr'><strong>servat</strong></span> <span class='ocrx_word' id='word_1_69' title='bbox 1712 1357 1908 1424; x_wconf 86' lang='lat' dir='ltr'><strong>ipsum,</strong></span> 
     </span>
    </p>
   </div>
   <div class='ocr_carea' id='block_1_11' title="bbox 321 1445 1912 1518">
    <p class='ocr_par' dir='ltr' id='par_1_11' title="bbox 321 1445 1912 1518">
     <span class='ocr_line' id='line_1_11' title="bbox 321 1445 1912 1518; baseline -0.001 -14"><span class='ocrx_word' id='word_1_70' title='bbox 321 1449 558 1518; x_wconf 85' lang='lat' dir='ltr'><strong>hincque</strong></span> <span class='ocrx_word' id='word_1_71' title='bbox 591 1449 880 1517; x_wconf 82' lang='lat' dir='ltr'><strong>quamdam</strong></span> <span class='ocrx_word' id='word_1_72' title='bbox 920 1445 1309 1502; x_wconf 74' lang='lat' dir='ltr'><strong>familiaritatis</strong></span> <span class='ocrx_word' id='word_1_73' title='bbox 1345 1463 1468 1501; x_wconf 92' lang='lat' dir='ltr'><strong>cum</strong></span> <span class='ocrx_word' id='word_1_74' title='bbox 1508 1448 1627 1516; x_wconf 91' lang='lat' dir='ltr'><strong>ipso</strong></span> <span class='ocrx_word' id='word_1_75' title='bbox 1659 1448 1912 1502; x_wconf 75' lang='lat' dir='ltr'><strong>occasio-</strong></span> 
     </span>
    </p>
   </div>
   <div class='ocr_carea' id='block_1_12' title="bbox 321 1539 1913 1610">
    <p class='ocr_par' dir='ltr' id='par_1_12' title="bbox 321 1539 1913 1610">
     <span class='ocr_line' id='line_1_12' title="bbox 321 1539 1913 1610; baseline -0.002 -14"><span class='ocrx_word' id='word_1_76' title='bbox 321 1558 443 1597; x_wconf 88' lang='lat' dir='ltr'><strong>nem</strong></span> <span class='ocrx_word' id='word_1_77' title='bbox 484 1541 703 1610; x_wconf 83' lang='lat' dir='ltr'><strong>accipit,</strong></span> <span class='ocrx_word' id='word_1_78' title='bbox 742 1549 800 1594; x_wconf 89' lang='lat' dir='ltr'><strong>ut</strong></span> <span class='ocrx_word' id='word_1_79' title='bbox 844 1555 966 1595; x_wconf 92' lang='lat' dir='ltr'><strong>cum</strong></span> <span class='ocrx_word' id='word_1_80' title='bbox 1009 1539 1158 1593; x_wconf 90' lang='lat' dir='ltr'><strong>illum</strong></span> <span class='ocrx_word' id='word_1_81' title='bbox 1201 1549 1387 1608; x_wconf 90' lang='lat' dir='ltr'><strong>postea</strong></span> <span class='ocrx_word' id='word_1_82' title='bbox 1428 1540 1638 1594; x_wconf 87' lang='lat' dir='ltr'><strong>audiret</strong></span> <span class='ocrx_word' id='word_1_83' title='bbox 1675 1539 1742 1593; x_wconf 86' lang='lat' dir='ltr'><strong>ab</strong></span> <span class='ocrx_word' id='word_1_84' title='bbox 1780 1553 1913 1609; x_wconf 86' lang='lat' dir='ltr'><strong>apo-</strong></span> 
     </span>
    </p>
   </div>
   <div class='ocr_carea' id='block_1_13' title="bbox 321 1631 1910 1704">
    <p class='ocr_par' dir='ltr' id='par_1_13' title="bbox 321 1631 1910 1704">
     <span class='ocr_line' id='line_1_13' title="bbox 321 1631 1910 1704; baseline -0.003 -15"><span class='ocrx_word' id='word_1_85' title='bbox 321 1634 480 1689; x_wconf 83' lang='lat' dir='ltr'><strong>stolis</strong></span> <span class='ocrx_word' id='word_1_86' title='bbox 528 1634 848 1703; x_wconf 63' lang='lat' dir='ltr'><strong>praedicari,</strong></span> <span class='ocrx_word' id='word_1_87' title='bbox 893 1634 959 1689; x_wconf 93' lang='lat' dir='ltr'><strong>de</strong></span> <span class='ocrx_word' id='word_1_88' title='bbox 1009 1633 1093 1688; x_wconf 90' lang='lat' dir='ltr'><strong>his</strong></span> <span class='ocrx_word' id='word_1_89' title='bbox 1140 1631 1488 1704; x_wconf 77' lang='lat' dir='ltr'><strong>gloriaretur,</strong></span> <span class='ocrx_word' id='word_1_90' title='bbox 1533 1633 1676 1702; x_wconf 88' lang='lat' dir='ltr'><strong>quod</strong></span> <span class='ocrx_word' id='word_1_91' title='bbox 1731 1632 1910 1702; x_wconf 88' lang='lat' dir='ltr'><strong>ipsum</strong></span> 
     </span>
    </p>
   </div>
   <div class='ocr_carea' id='block_1_14' title="bbox 323 1725 841 1794">
    <p class='ocr_par' dir='ltr' id='par_1_14' title="bbox 323 1725 841 1794">
     <span class='ocr_line' id='line_1_14' title="bbox 323 1725 841 1794; baseline 0 -15"><span class='ocrx_word' id='word_1_92' title='bbox 323 1725 497 1794; x_wconf 88' lang='lat' dir='ltr'><strong>prima</strong></span> <span class='ocrx_word' id='word_1_93' title='bbox 533 1725 841 1794; x_wconf 80' lang='lat' dir='ltr'><strong>excepisset</strong></span> 
     </span>
    </p>
   </div>
   <div class='ocr_carea' id='block_1_15' title="bbox 388 1876 1917 1955">
    <p class='ocr_par' dir='ltr' id='par_1_15' title="bbox 388 1876 1917 1955">
     <span class='ocr_line' id='line_1_15' title="bbox 388 1876 1917 1955; baseline -0.007 -15"><span class='ocrx_word' id='word_1_94' title='bbox 388 1886 456 1940; x_wconf 87' lang='lat' dir='ltr'><strong>In</strong></span> <span class='ocrx_word' id='word_1_95' title='bbox 504 1883 739 1955; x_wconf 63' lang='lat' dir='ltr'><strong>Egypto</strong></span> <span class='ocrx_word' id='word_1_96' title='bbox 780 1882 1017 1936; x_wconf 76' lang='lat' dir='ltr'><strong>monachi</strong></span> <span class='ocrx_word' id='word_1_97' title='bbox 1071 1890 1119 1935; x_wconf 83' lang='lat' dir='ltr'><strong>et</strong></span> <span class='ocrx_word' id='word_1_98' title='bbox 1162 1891 1317 1936; x_wconf 63' lang='lat' dir='ltr'><strong>carius</strong></span> <span class='ocrx_word' id='word_1_99' title='bbox 1361 1879 1634 1951; x_wconf 78' lang='lat' dir='ltr'><strong>virginum.</strong></span> <span class='ocrx_word' id='word_1_100' title='bbox 1662 1876 1917 1946; x_wconf 81' lang='lat' dir='ltr'><strong>—Atqui</strong></span> 
     </span>
    </p>
   </div>
   <div class='ocr_carea' id='block_1_16' title="bbox 316 1970 1918 2041">
    <p class='ocr_par' dir='ltr' id='par_1_16' title="bbox 316 1970 1918 2041">
     <span class='ocr_line' id='line_1_16' title="bbox 316 1970 1918 2041; baseline -0.006 -11"><span class='ocrx_word' id='word_1_101' title='bbox 316 1976 487 2030; x_wconf 88' lang='lat' dir='ltr'><strong>solius</strong></span> <span class='ocrx_word' id='word_1_102' title='bbox 537 1973 836 2029; x_wconf 61' lang='lat' dir='ltr'><strong>Palmstinaa</strong></span> <span class='ocrx_word' id='word_1_103' title='bbox 896 1982 1013 2027; x_wconf 89' lang='lat' dir='ltr'><strong>erat</strong></span> <span class='ocrx_word' id='word_1_104' title='bbox 1081 1972 1195 2026; x_wconf 72' lang='lat' dir='ltr'><strong>hmc</strong></span> <span class='ocrx_word' id='word_1_105' title='bbox 1257 1970 1612 2041; x_wconf 69' lang='lat' dir='ltr'><strong>prmrogativu</strong></span> <span class='ocrx_word' id='word_1_106' title='bbox 1658 1987 1671 2022; x_wconf 92' lang='lat'><strong>:</strong></span> <span class='ocrx_word' id='word_1_107' title='bbox 1731 1983 1918 2022; x_wconf 86' lang='lat' dir='ltr'><strong>verum</strong></span> 
     </span>
    </p>
   </div>
   <div class='ocr_carea' id='block_1_17' title="bbox 310 2060 1916 2137">
    <p class='ocr_par' dir='ltr' id='par_1_17' title="bbox 310 2060 1916 2137">
     <span class='ocr_line' id='line_1_17' title="bbox 310 2060 1916 2137; baseline -0.007 -15"><span class='ocrx_word' id='word_1_108' title='bbox 310 2065 584 2137; x_wconf 65' lang='lat' dir='ltr'><strong>lliigyptus</strong></span> <span class='ocrx_word' id='word_1_109' title='bbox 614 2063 906 2119; x_wconf 77' lang='lat' dir='ltr'><strong>ferventior</strong></span> <span class='ocrx_word' id='word_1_110' title='bbox 936 2063 1022 2117; x_wconf 88' lang='lat' dir='ltr'><strong>illa</strong></span> <span class='ocrx_word' id='word_1_111' title='bbox 1061 2060 1177 2116; x_wconf 87' lang='lat' dir='ltr'><strong>fuit.</strong></span> <span class='ocrx_word' id='word_1_112' title='bbox 1206 2061 1357 2115; x_wconf 88' lang='lat' dir='ltr'><strong>Nunc</strong></span> <span class='ocrx_word' id='word_1_113' title='bbox 1383 2070 1534 2115; x_wconf 88' lang='lat' dir='ltr'><strong>certe</strong></span> <span class='ocrx_word' id='word_1_114' title='bbox 1561 2060 1604 2114; x_wconf 92' lang='lat' dir='ltr'><strong>si</strong></span> <span class='ocrx_word' id='word_1_115' title='bbox 1632 2074 1820 2129; x_wconf 79' lang='lat' dir='ltr'><strong>pergas</strong></span> <span class='ocrx_word' id='word_1_116' title='bbox 1865 2060 1916 2111; x_wconf 90' lang='lat' dir='ltr'><strong>in</strong></span> 
     </span>
    </p>
   </div>
   <div class='ocr_carea' id='block_1_18' title="bbox 318 2150 1917 2224">
    <p class='ocr_par' dir='ltr' id='par_1_18' title="bbox 318 2150 1917 2224">
     <span class='ocr_line' id='line_1_18' title="bbox 318 2150 1917 2224; baseline -0.006 -13"><span class='ocrx_word' id='word_1_117' title='bbox 318 2157 596 2213; x_wconf 88' lang='lat' dir='ltr'><strong>desertum</strong></span> <span class='ocrx_word' id='word_1_118' title='bbox 646 2153 904 2224; x_wconf 64' lang='lat' dir='ltr'><strong>Egypti,</strong></span> <span class='ocrx_word' id='word_1_119' title='bbox 956 2153 1148 2221; x_wconf 89' lang='lat' dir='ltr'><strong>quovis</strong></span> <span class='ocrx_word' id='word_1_120' title='bbox 1194 2151 1441 2221; x_wconf 90' lang='lat' dir='ltr'><strong>paradiso</strong></span> <span class='ocrx_word' id='word_1_121' title='bbox 1489 2150 1917 2220; x_wconf 77' lang='lat' dir='ltr'><strong>przestantiorem</strong></span> 
     </span>
    </p>
   </div>
   <div class='ocr_carea' id='block_1_19' title="bbox 318 2235 1920 2310">
    <p class='ocr_par' dir='ltr' id='par_1_19' title="bbox 318 2235 1920 2310">
     <span class='ocr_line' id='line_1_19' title="bbox 318 2235 1920 2310; baseline -0.006 -7"><span class='ocrx_word' id='word_1_122' title='bbox 318 2246 664 2305; x_wconf 84' lang='lat' dir='ltr'><strong>solitudinem</strong></span> <span class='ocrx_word' id='word_1_123' title='bbox 709 2244 981 2307; x_wconf 85' lang='lat' dir='ltr'><strong>invenies,</strong></span> <span class='ocrx_word' id='word_1_124' title='bbox 1030 2235 1314 2297; x_wconf 84' lang='lat' dir='ltr'><strong>sexcentos</strong></span> <span class='ocrx_word' id='word_1_125' title='bbox 1363 2241 1676 2310; x_wconf 86' lang='lat' dir='ltr'><strong>angelorum</strong></span> <span class='ocrx_word' id='word_1_126' title='bbox 1725 2239 1920 2294; x_wconf 87' lang='lat' dir='ltr'><strong>choros</strong></span> 
     </span>
    </p>
   </div>
   <div class='ocr_carea' id='block_1_20' title="bbox 318 2332 1918 2405">
    <p class='ocr_par' dir='ltr' id='par_1_20' title="bbox 318 2332 1918 2405">
     <span class='ocr_line' id='line_1_20' title="bbox 318 2332 1918 2405; baseline -0.008 -10"><span class='ocrx_word' id='word_1_127' title='bbox 318 2338 551 2396; x_wconf 86' lang='lat' dir='ltr'><strong>humana</strong></span> <span class='ocrx_word' id='word_1_128' title='bbox 582 2338 769 2399; x_wconf 85' lang='lat' dir='ltr'><strong>forma,</strong></span> <span class='ocrx_word' id='word_1_129' title='bbox 812 2343 1105 2405; x_wconf 85' lang='lat' dir='ltr'><strong>martyrum</strong></span> <span class='ocrx_word' id='word_1_130' title='bbox 1138 2333 1386 2403; x_wconf 85' lang='lat' dir='ltr'><strong>populos,</strong></span> <span class='ocrx_word' id='word_1_131' title='bbox 1417 2342 1589 2387; x_wconf 71' lang='lat' dir='ltr'><strong>uetus</strong></span> <span class='ocrx_word' id='word_1_132' title='bbox 1629 2332 1918 2401; x_wconf 81' lang='lat' dir='ltr'><strong>virginum,</strong></span> 
     </span>
    </p>
   </div>
   <div class='ocr_carea' id='block_1_21' title="bbox 317 2407 1916 2498">
    <p class='ocr_par' dir='ltr' id='par_1_21' title="bbox 317 2407 1916 2498">
     <span class='ocr_line' id='line_1_21' title="bbox 317 2407 1916 2498; baseline -0.006 -11"><span class='ocrx_word' id='word_1_133' title='bbox 317 2432 549 2487; x_wconf 84' lang='lat' dir='ltr'><strong>solutam</strong></span> <span class='ocrx_word' id='word_1_134' title='bbox 577 2427 774 2483; x_wconf 88' lang='lat' dir='ltr'><strong>diaboli</strong></span> <span class='ocrx_word' id='word_1_135' title='bbox 803 2426 1143 2498; x_wconf 83' lang='lat' dir='ltr'><strong>tyrannidem</strong></span> <span class='ocrx_word' id='word_1_136' title='bbox 1180 2407 1364 2491; x_wconf 75' lang='lat' dir='ltr'><strong>totum,</strong></span> <span class='ocrx_word' id='word_1_137' title='bbox 1395 2425 1593 2480; x_wconf 82' lang='lat' dir='ltr'><strong>Christi</strong></span> <span class='ocrx_word' id='word_1_138' title='bbox 1623 2433 1800 2479; x_wconf 89' lang='lat' dir='ltr'><strong>autem</strong></span> <span class='ocrx_word' id='word_1_139' title='bbox 1829 2439 1916 2478; x_wconf 84' lang='lat' dir='ltr'><strong>re-</strong></span> 
     </span>
    </p>
   </div>
   <div class='ocr_carea' id='block_1_22' title="bbox 317 2517 1919 2594">
    <p class='ocr_par' dir='ltr' id='par_1_22' title="bbox 317 2517 1919 2594">
     <span class='ocr_line' id='line_1_22' title="bbox 317 2517 1919 2594; baseline -0.004 -17"><span class='ocrx_word' id='word_1_140' title='bbox 317 2540 482 2594; x_wconf 86' lang='lat' dir='ltr'><strong>gnum</strong></span> <span class='ocrx_word' id='word_1_141' title='bbox 516 2534 825 2577; x_wconf 88' lang='lat' dir='ltr'><strong>coruscans.</strong></span> <span class='ocrx_word' id='word_1_142' title='bbox 864 2518 1012 2573; x_wconf 83' lang='lat' dir='ltr'><strong>Illam</strong></span> <span class='ocrx_word' id='word_1_143' title='bbox 1036 2533 1162 2572; x_wconf 89' lang='lat' dir='ltr'><strong>vero</strong></span> <span class='ocrx_word' id='word_1_144' title='bbox 1196 2533 1316 2588; x_wconf 67' lang='lat' dir='ltr'><strong>quae</strong></span> <span class='ocrx_word' id='word_1_145' title='bbox 1347 2525 1646 2586; x_wconf 84' lang='lat' dir='ltr'><strong>poetarum,</strong></span> <span class='ocrx_word' id='word_1_146' title='bbox 1679 2517 1919 2586; x_wconf 77' lang='lat' dir='ltr'><strong>philoso-</strong></span> 
     </span>
    </p>
   </div>
   <div class='ocr_carea' id='block_1_23' title="bbox 318 2610 1921 2684">
    <p class='ocr_par' dir='ltr' id='par_1_23' title="bbox 318 2610 1921 2684">
     <span class='ocr_line' id='line_1_23' title="bbox 318 2610 1921 2684; baseline -0.001 -19"><span class='ocrx_word' id='word_1_147' title='bbox 318 2617 548 2684; x_wconf 82' lang='lat' dir='ltr'><strong>phorum</strong></span> <span class='ocrx_word' id='word_1_148' title='bbox 597 2623 651 2668; x_wconf 93' lang='lat' dir='ltr'><strong>et</strong></span> <span class='ocrx_word' id='word_1_149' title='bbox 690 2626 968 2683; x_wconf 87' lang='lat' dir='ltr'><strong>magorum</strong></span> <span class='ocrx_word' id='word_1_150' title='bbox 1009 2619 1182 2666; x_wconf 84' lang='lat' dir='ltr'><strong>mater</strong></span> <span class='ocrx_word' id='word_1_151' title='bbox 1220 2620 1353 2674; x_wconf 91' lang='lat' dir='ltr'><strong>erat,</strong></span> <span class='ocrx_word' id='word_1_152' title='bbox 1380 2627 1498 2682; x_wconf 73' lang='lat' dir='ltr'><strong>qua:</strong></span> <span class='ocrx_word' id='word_1_153' title='bbox 1525 2626 1686 2666; x_wconf 91' lang='lat' dir='ltr'><strong>omne</strong></span> <span class='ocrx_word' id='word_1_154' title='bbox 1711 2610 1921 2680; x_wconf 54' lang='lat' dir='ltr'><strong>praesti-</strong></span> 
     </span>
    </p>
   </div>
   <div class='ocr_carea' id='block_1_24' title="bbox 315 2702 1918 2776">
    <p class='ocr_par' dir='ltr' id='par_1_24' title="bbox 315 2702 1918 2776">
     <span class='ocr_line' id='line_1_24' title="bbox 315 2702 1918 2776; baseline -0.002 -20"><span class='ocrx_word' id='word_1_155' title='bbox 315 2708 525 2776; x_wconf 84' lang='lat' dir='ltr'><strong>giarum</strong></span> <span class='ocrx_word' id='word_1_156' title='bbox 570 2718 740 2773; x_wconf 81' lang='lat' dir='ltr'><strong>genus</strong></span> <span class='ocrx_word' id='word_1_157' title='bbox 783 2704 1079 2766; x_wconf 78' lang='lat' dir='ltr'><strong>invenerat,</strong></span> <span class='ocrx_word' id='word_1_158' title='bbox 1121 2702 1350 2771; x_wconf 81' lang='lat' dir='ltr'><strong>aliisque</strong></span> <span class='ocrx_word' id='word_1_159' title='bbox 1393 2702 1706 2767; x_wconf 85' lang='lat' dir='ltr'><strong>tradiderat,</strong></span> <span class='ocrx_word' id='word_1_160' title='bbox 1753 2703 1918 2767; x_wconf 86' lang='lat' dir='ltr'><strong>illam,</strong></span> 
     </span>
    </p>
   </div>
   <div class='ocr_carea' id='block_1_25' title="bbox 318 2792 1919 2868">
    <p class='ocr_par' dir='ltr' id='par_1_25' title="bbox 318 2792 1919 2868">
     <span class='ocr_line' id='line_1_25' title="bbox 318 2792 1919 2868; baseline -0.002 -17"><span class='ocrx_word' id='word_1_161' title='bbox 318 2801 568 2868; x_wconf 87' lang='lat' dir='ltr'><strong>inquam,</strong></span> <span class='ocrx_word' id='word_1_162' title='bbox 600 2795 804 2850; x_wconf 83' lang='lat' dir='ltr'><strong>videbis</strong></span> <span class='ocrx_word' id='word_1_163' title='bbox 843 2794 910 2849; x_wconf 91' lang='lat' dir='ltr'><strong>de</strong></span> <span class='ocrx_word' id='word_1_164' title='bbox 958 2792 1312 2863; x_wconf 73' lang='lat' dir='ltr'><strong>piscatoribus</strong></span> <span class='ocrx_word' id='word_1_165' title='bbox 1358 2794 1697 2863; x_wconf 87' lang='lat' dir='ltr'><strong>gloriantem,</strong></span> <span class='ocrx_word' id='word_1_166' title='bbox 1740 2803 1798 2849; x_wconf 91' lang='lat' dir='ltr'><strong>et</strong></span> <span class='ocrx_word' id='word_1_167' title='bbox 1833 2795 1919 2848; x_wconf 90' lang='lat' dir='ltr'><strong>illa</strong></span> 
     </span>
    </p>
   </div>
   <div class='ocr_carea' id='block_1_26' title="bbox 315 2883 1925 2958">
    <p class='ocr_par' dir='ltr' id='par_1_26' title="bbox 315 2883 1925 2958">
     <span class='ocr_line' id='line_1_26' title="bbox 315 2883 1925 2958; baseline -0.002 -16"><span class='ocrx_word' id='word_1_168' title='bbox 315 2889 533 2958; x_wconf 78' lang='lat' dir='ltr'><strong>quidem</strong></span> <span class='ocrx_word' id='word_1_169' title='bbox 561 2895 739 2940; x_wconf 83' lang='lat' dir='ltr'><strong>vetera</strong></span> <span class='ocrx_word' id='word_1_170' title='bbox 772 2885 953 2939; x_wconf 86' lang='lat' dir='ltr'><strong>omnia</strong></span> <span class='ocrx_word' id='word_1_171' title='bbox 995 2883 1402 2952; x_wconf 88' lang='lat' dir='ltr'><strong>despicientem,</strong></span> <span class='ocrx_word' id='word_1_172' title='bbox 1451 2884 1795 2952; x_wconf 83' lang='lat' dir='ltr'><strong>publicanum</strong></span> <span class='ocrx_word' id='word_1_173' title='bbox 1833 2899 1925 2938; x_wconf 86' lang='lat' dir='ltr'><strong>ve-</strong></span> 
     </span>
    </p>
   </div>
   <div class='ocr_carea' id='block_1_27' title="bbox 319 2973 1918 3042">
    <p class='ocr_par' dir='ltr' id='par_1_27' title="bbox 319 2973 1918 3042">
     <span class='ocr_line' id='line_1_27' title="bbox 319 2973 1918 3042; baseline -0.006 -7"><span class='ocrx_word' id='word_1_174' title='bbox 319 2997 379 3035; x_wconf 90' lang='lat' dir='ltr'><strong>ro</strong></span> <span class='ocrx_word' id='word_1_175' title='bbox 421 2988 478 3034; x_wconf 90' lang='lat' dir='ltr'><strong>et</strong></span> <span class='ocrx_word' id='word_1_176' title='bbox 521 2978 872 3032; x_wconf 87' lang='lat' dir='ltr'><strong>tentoriorum</strong></span> <span class='ocrx_word' id='word_1_177' title='bbox 913 2974 1171 3028; x_wconf 81' lang='lat' dir='ltr'><strong>artiﬁcem</strong></span> <span class='ocrx_word' id='word_1_178' title='bbox 1204 2973 1401 3042; x_wconf 89' lang='lat' dir='ltr'><strong>ubique</strong></span> <span class='ocrx_word' id='word_1_179' title='bbox 1427 2973 1918 3041; x_wconf 80' lang='lat' dir='ltr'><strong>circumferentem,</strong></span> 
     </span>
    </p>
   </div>
   <div class='ocr_carea' id='block_1_28' title="bbox 316 3066 1916 3138">
    <p class='ocr_par' dir='ltr' id='par_1_28' title="bbox 316 3066 1916 3138">
     <span class='ocr_line' id='line_1_28' title="bbox 316 3066 1916 3138; baseline -0.005 -13"><span class='ocrx_word' id='word_1_180' title='bbox 316 3087 379 3129; x_wconf 89' lang='lat' dir='ltr'><strong>ac</strong></span> <span class='ocrx_word' id='word_1_181' title='bbox 429 3085 646 3127; x_wconf 84' lang='lat' dir='ltr'><strong>crucem</strong></span> <span class='ocrx_word' id='word_1_182' title='bbox 693 3074 1215 3138; x_wconf 66' lang='lat' dir='ltr'><strong>prmmonstrantem.</strong></span> <span class='ocrx_word' id='word_1_183' title='bbox 1248 3066 1373 3118; x_wconf 65' lang='lat' dir='ltr'><strong>llaec</strong></span> <span class='ocrx_word' id='word_1_184' title='bbox 1406 3080 1565 3134; x_wconf 91' lang='lat' dir='ltr'><strong>porro</strong></span> <span class='ocrx_word' id='word_1_185' title='bbox 1596 3081 1702 3119; x_wconf 91' lang='lat' dir='ltr'><strong>non</strong></span> <span class='ocrx_word' id='word_1_186' title='bbox 1734 3066 1784 3118; x_wconf 92' lang='lat' dir='ltr'><strong>in</strong></span> <span class='ocrx_word' id='word_1_187' title='bbox 1824 3081 1916 3119; x_wconf 82' lang='lat' dir='ltr'><strong>ur-</strong></span> 
     </span>
    </p>
   </div>
   <div class='ocr_carea' id='block_1_29' title="bbox 316 3155 1920 3224">
    <p class='ocr_par' dir='ltr' id='par_1_29' title="bbox 316 3155 1920 3224">
     <span class='ocr_line' id='line_1_29' title="bbox 316 3155 1920 3224; baseline -0.005 -7"><span class='ocrx_word' id='word_1_188' title='bbox 316 3163 474 3218; x_wconf 85' lang='lat' dir='ltr'><strong>bibus</strong></span> <span class='ocrx_word' id='word_1_189' title='bbox 517 3170 746 3222; x_wconf 82' lang='lat' dir='ltr'><strong>tantum,</strong></span> <span class='ocrx_word' id='word_1_190' title='bbox 795 3157 887 3213; x_wconf 84' lang='lat' dir='ltr'><strong>sed</strong></span> <span class='ocrx_word' id='word_1_191' title='bbox 919 3157 1080 3210; x_wconf 91' lang='lat' dir='ltr'><strong>etiam</strong></span> <span class='ocrx_word' id='word_1_192' title='bbox 1125 3156 1179 3209; x_wconf 90' lang='lat' dir='ltr'><strong>in</strong></span> <span class='ocrx_word' id='word_1_193' title='bbox 1216 3155 1434 3210; x_wconf 88' lang='lat' dir='ltr'><strong>deserto</strong></span> <span class='ocrx_word' id='word_1_194' title='bbox 1465 3156 1635 3224; x_wconf 91' lang='lat' dir='ltr'><strong>magis</strong></span> <span class='ocrx_word' id='word_1_195' title='bbox 1677 3171 1836 3224; x_wconf 90' lang='lat' dir='ltr'><strong>quam</strong></span> <span class='ocrx_word' id='word_1_196' title='bbox 1869 3155 1920 3209; x_wconf 93' lang='lat' dir='ltr'><strong>in</strong></span> 
     </span>
    </p>
   </div>
   <div class='ocr_carea' id='block_1_30' title="bbox 317 3245 1917 3314">
    <p class='ocr_par' dir='ltr' id='par_1_30' title="bbox 317 3245 1917 3314">
     <span class='ocr_line' id='line_1_30' title="bbox 317 3245 1917 3314; baseline -0.003 -10"><span class='ocrx_word' id='word_1_197' title='bbox 317 3253 562 3307; x_wconf 88' lang='lat' dir='ltr'><strong>urbibus.</strong></span> <span class='ocrx_word' id='word_1_198' title='bbox 611 3250 712 3303; x_wconf 86' lang='lat' dir='ltr'><strong>Per</strong></span> <span class='ocrx_word' id='word_1_199' title='bbox 740 3255 905 3302; x_wconf 83' lang='lat' dir='ltr'><strong>tutam</strong></span> <span class='ocrx_word' id='word_1_200' title='bbox 934 3246 1079 3301; x_wconf 90' lang='lat' dir='ltr'><strong>enim</strong></span> <span class='ocrx_word' id='word_1_201' title='bbox 1126 3247 1404 3314; x_wconf 86' lang='lat' dir='ltr'><strong>regionem</strong></span> <span class='ocrx_word' id='word_1_202' title='bbox 1432 3245 1591 3299; x_wconf 90' lang='lat' dir='ltr'><strong>istam</strong></span> <span class='ocrx_word' id='word_1_203' title='bbox 1622 3246 1806 3300; x_wconf 86' lang='lat' dir='ltr'><strong>videre</strong></span> <span class='ocrx_word' id='word_1_204' title='bbox 1835 3256 1917 3301; x_wconf 89' lang='lat' dir='ltr'><strong>est</strong></span> 
     </span>
    </p>
   </div>
   <div class='ocr_carea' id='block_1_31' title="bbox 316 3338 1919 3407">
    <p class='ocr_par' dir='ltr' id='par_1_31' title="bbox 316 3338 1919 3407">
     <span class='ocr_line' id='line_1_31' title="bbox 316 3338 1919 3407; baseline -0.006 -8"><span class='ocrx_word' id='word_1_205' title='bbox 316 3344 516 3400; x_wconf 85' lang='lat' dir='ltr'><strong>Christi</strong></span> <span class='ocrx_word' id='word_1_206' title='bbox 548 3341 871 3402; x_wconf 82' lang='lat' dir='ltr'><strong>exercitum,</strong></span> <span class='ocrx_word' id='word_1_207' title='bbox 911 3338 1222 3407; x_wconf 87' lang='lat' dir='ltr'><strong>regiumque</strong></span> <span class='ocrx_word' id='word_1_208' title='bbox 1262 3350 1503 3405; x_wconf 82' lang='lat' dir='ltr'><strong>gregem,</strong></span> <span class='ocrx_word' id='word_1_209' title='bbox 1533 3341 1919 3406; x_wconf 78' lang='lat' dir='ltr'><strong>supernorum-</strong></span> 
     </span>
    </p>
   </div>
   <div class='ocr_carea' id='block_1_32' title="bbox 317 3429 1914 3506">
    <p class='ocr_par' dir='ltr' id='par_1_32' title="bbox 317 3429 1914 3506">
     <span class='ocr_line' id='line_1_32' title="bbox 317 3429 1914 3506; baseline -0.005 -16"><span class='ocrx_word' id='word_1_210' title='bbox 317 3452 421 3506; x_wconf 91' lang='lat' dir='ltr'><strong>que</strong></span> <span class='ocrx_word' id='word_1_211' title='bbox 450 3437 708 3490; x_wconf 84' lang='lat' dir='ltr'><strong>virtutum</strong></span> <span class='ocrx_word' id='word_1_212' title='bbox 740 3435 902 3488; x_wconf 84' lang='lat' dir='ltr'><strong>vitam</strong></span> <span class='ocrx_word' id='word_1_213' title='bbox 931 3451 946 3500; x_wconf 86' lang='lat'><strong>;</strong></span> <span class='ocrx_word' id='word_1_214' title='bbox 989 3433 1153 3502; x_wconf 84' lang='lat' dir='ltr'><strong>idque</strong></span> <span class='ocrx_word' id='word_1_215' title='bbox 1192 3447 1298 3485; x_wconf 90' lang='lat' dir='ltr'><strong>non</strong></span> <span class='ocrx_word' id='word_1_216' title='bbox 1328 3433 1469 3500; x_wconf 89' lang='lat' dir='ltr'><strong>apud</strong></span> <span class='ocrx_word' id='word_1_217' title='bbox 1499 3429 1645 3486; x_wconf 73' lang='lat' dir='ltr'><strong>viros</strong></span> <span class='ocrx_word' id='word_1_218' title='bbox 1683 3439 1914 3496; x_wconf 87' lang='lat' dir='ltr'><strong>tantum,</strong></span> 
     </span>
    </p>
   </div>
   <div class='ocr_carea' id='block_1_33' title="bbox 317 3520 1916 3594">
    <p class='ocr_par' dir='ltr' id='par_1_33' title="bbox 317 3520 1916 3594">
     <span class='ocr_line' id='line_1_33' title="bbox 317 3520 1916 3594; baseline -0.006 -11"><span class='ocrx_word' id='word_1_219' title='bbox 317 3530 411 3585; x_wconf 81' lang='lat' dir='ltr'><strong>sed</strong></span> <span class='ocrx_word' id='word_1_220' title='bbox 455 3538 512 3585; x_wconf 89' lang='lat' dir='ltr'><strong>et</strong></span> <span class='ocrx_word' id='word_1_221' title='bbox 540 3529 595 3582; x_wconf 88' lang='lat' dir='ltr'><strong>in</strong></span> <span class='ocrx_word' id='word_1_222' title='bbox 645 3526 891 3582; x_wconf 88' lang='lat' dir='ltr'><strong>muliebri</strong></span> <span class='ocrx_word' id='word_1_223' title='bbox 935 3540 1066 3580; x_wconf 84' lang='lat' dir='ltr'><strong>sexu</strong></span> <span class='ocrx_word' id='word_1_224' title='bbox 1115 3525 1374 3594; x_wconf 90' lang='lat' dir='ltr'><strong>reperias.</strong></span> <span class='ocrx_word' id='word_1_225' title='bbox 1413 3520 1625 3578; x_wconf 88' lang='lat' dir='ltr'><strong>Etenim</strong></span> <span class='ocrx_word' id='word_1_226' title='bbox 1669 3521 1773 3577; x_wconf 82' lang='lat' dir='ltr'><strong>illae</strong></span> <span class='ocrx_word' id='word_1_227' title='bbox 1810 3536 1916 3576; x_wconf 92' lang='lat' dir='ltr'><strong>non</strong></span> 
     </span>
    </p>
   </div>
   <div class='ocr_carea' id='block_1_34' title="bbox 320 3616 1918 3690">
    <p class='ocr_par' dir='ltr' id='par_1_34' title="bbox 320 3616 1918 3690">
     <span class='ocr_line' id='line_1_34' title="bbox 320 3616 1918 3690; baseline -0.006 -13"><span class='ocrx_word' id='word_1_228' title='bbox 320 3623 499 3677; x_wconf 91' lang='lat' dir='ltr'><strong>minus</strong></span> <span class='ocrx_word' id='word_1_229' title='bbox 545 3635 705 3690; x_wconf 87' lang='lat' dir='ltr'><strong>quam</strong></span> <span class='ocrx_word' id='word_1_230' title='bbox 737 3619 832 3672; x_wconf 91' lang='lat' dir='ltr'><strong>viri</strong></span> <span class='ocrx_word' id='word_1_231' title='bbox 879 3617 1358 3688; x_wconf 85' lang='lat' dir='ltr'><strong>philosophantur,</strong></span> <span class='ocrx_word' id='word_1_232' title='bbox 1395 3632 1506 3672; x_wconf 85' lang='lat' dir='ltr'><strong>non</strong></span> <span class='ocrx_word' id='word_1_233' title='bbox 1532 3626 1745 3670; x_wconf 90' lang='lat' dir='ltr'><strong>scutum</strong></span> <span class='ocrx_word' id='word_1_234' title='bbox 1774 3616 1918 3669; x_wconf 90' lang='lat' dir='ltr'><strong>acci-</strong></span> 
     </span>
    </p>
   </div>
   <div class='ocr_carea' id='block_1_35' title="bbox 322 3706 1921 3782">
    <p class='ocr_par' dir='ltr' id='par_1_35' title="bbox 322 3706 1921 3782">
     <span class='ocr_line' id='line_1_35' title="bbox 322 3706 1921 3782; baseline -0.004 -16"><span class='ocrx_word' id='word_1_235' title='bbox 322 3715 554 3782; x_wconf 83' lang='lat' dir='ltr'><strong>pientes,</strong></span> <span class='ocrx_word' id='word_1_236' title='bbox 582 3727 754 3781; x_wconf 91' lang='lat' dir='ltr'><strong>neque</strong></span> <span class='ocrx_word' id='word_1_237' title='bbox 776 3726 974 3779; x_wconf 89' lang='lat' dir='ltr'><strong>equum</strong></span> <span class='ocrx_word' id='word_1_238' title='bbox 1005 3708 1450 3772; x_wconf 87' lang='lat' dir='ltr'><strong>conscendentes,</strong></span> <span class='ocrx_word' id='word_1_239' title='bbox 1485 3715 1545 3764; x_wconf 91' lang='lat' dir='ltr'><strong>ut</strong></span> <span class='ocrx_word' id='word_1_240' title='bbox 1567 3707 1760 3777; x_wconf 89' lang='lat' dir='ltr'><strong>jubent</strong></span> <span class='ocrx_word' id='word_1_241' title='bbox 1788 3706 1921 3761; x_wconf 84' lang='lat' dir='ltr'><strong>clari</strong></span> 
     </span>
    </p>
   </div>
   <div class='ocr_carea' id='block_1_36' title="bbox 321 3796 1920 3872">
    <p class='ocr_par' dir='ltr' id='par_1_36' title="bbox 321 3796 1920 3872">
     <span class='ocr_line' id='line_1_36' title="bbox 321 3796 1920 3872; baseline -0.006 -12"><span class='ocrx_word' id='word_1_242' title='bbox 321 3806 397 3860; x_wconf 90' lang='lat' dir='ltr'><strong>illi</strong></span> <span class='ocrx_word' id='word_1_243' title='bbox 424 3805 738 3861; x_wconf 74' lang='lat' dir='ltr'><strong>Grzecorum</strong></span> <span class='ocrx_word' id='word_1_244' title='bbox 787 3800 1118 3872; x_wconf 86' lang='lat' dir='ltr'><strong>legislatores</strong></span> <span class='ocrx_word' id='word_1_245' title='bbox 1154 3809 1210 3855; x_wconf 89' lang='lat' dir='ltr'><strong>et</strong></span> <span class='ocrx_word' id='word_1_246' title='bbox 1257 3796 1600 3869; x_wconf 86' lang='lat' dir='ltr'><strong>philosophi;</strong></span> <span class='ocrx_word' id='word_1_247' title='bbox 1653 3797 1748 3854; x_wconf 84' lang='lat' dir='ltr'><strong>sed</strong></span> <span class='ocrx_word' id='word_1_248' title='bbox 1779 3797 1920 3852; x_wconf 87' lang='lat' dir='ltr'><strong>aliud</strong></span> 
     </span>
    </p>
   </div>
   <div class='ocr_carea' id='block_1_37' title="bbox 323 3885 1927 3965">
    <p class='ocr_par' dir='ltr' id='par_1_37' title="bbox 323 3885 1927 3965">
     <span class='ocr_line' id='line_1_37' title="bbox 323 3885 1927 3965; baseline -0.004 -15"><span class='ocrx_word' id='word_1_249' title='bbox 323 3895 483 3965; x_wconf 84' lang='lat' dir='ltr'><strong>longe</strong></span> <span class='ocrx_word' id='word_1_250' title='bbox 520 3894 737 3964; x_wconf 83' lang='lat' dir='ltr'><strong>gravius</strong></span> <span class='ocrx_word' id='word_1_251' title='bbox 768 3891 966 3945; x_wconf 87' lang='lat' dir='ltr'><strong>bellum</strong></span> <span class='ocrx_word' id='word_1_252' title='bbox 1011 3891 1331 3960; x_wconf 88' lang='lat' dir='ltr'><strong>suscipiunt.</strong></span> <span class='ocrx_word' id='word_1_253' title='bbox 1368 3885 1666 3944; x_wconf 87' lang='lat' dir='ltr'><strong>Commune</strong></span> <span class='ocrx_word' id='word_1_254' title='bbox 1695 3887 1838 3942; x_wconf 90' lang='lat' dir='ltr'><strong>enim</strong></span> <span class='ocrx_word' id='word_1_255' title='bbox 1870 3897 1927 3943; x_wconf 75' lang='lat' dir='ltr'><strong>et</strong></span> 
     </span>
    </p>
   </div>
   <div class='ocr_carea' id='block_1_38' title="bbox 323 3979 1925 4055">
    <p class='ocr_par' dir='ltr' id='par_1_38' title="bbox 323 3979 1925 4055">
     <span class='ocr_line' id='line_1_38' title="bbox 323 3979 1925 4055; baseline -0.006 -14"><span class='ocrx_word' id='word_1_256' title='bbox 323 3987 454 4055; x_wconf 86' lang='lat' dir='ltr'><strong>ipsis</strong></span> <span class='ocrx_word' id='word_1_257' title='bbox 497 3994 550 4040; x_wconf 89' lang='lat' dir='ltr'><strong>et</strong></span> <span class='ocrx_word' id='word_1_258' title='bbox 577 3985 708 4038; x_wconf 88' lang='lat' dir='ltr'><strong>viris</strong></span> <span class='ocrx_word' id='word_1_259' title='bbox 737 3984 931 4038; x_wconf 87' lang='lat' dir='ltr'><strong>bellum</strong></span> <span class='ocrx_word' id='word_1_260' title='bbox 972 3990 1057 4036; x_wconf 86' lang='lat' dir='ltr'><strong>est</strong></span> <span class='ocrx_word' id='word_1_261' title='bbox 1085 3991 1268 4036; x_wconf 88' lang='lat' dir='ltr'><strong>contra</strong></span> <span class='ocrx_word' id='word_1_262' title='bbox 1301 3979 1574 4035; x_wconf 86' lang='lat' dir='ltr'><strong>diabolum</strong></span> <span class='ocrx_word' id='word_1_263' title='bbox 1601 3989 1656 4034; x_wconf 93' lang='lat' dir='ltr'><strong>et</strong></span> <span class='ocrx_word' id='word_1_264' title='bbox 1688 3988 1925 4050; x_wconf 85' lang='lat' dir='ltr'><strong>potesta-</strong></span> 
     </span>
    </p>
   </div>
   <div class='ocr_carea' id='block_1_39' title="bbox 326 4069 1921 4142">
    <p class='ocr_par' dir='ltr' id='par_1_39' title="bbox 326 4069 1921 4142">
     <span class='ocr_line' id='line_1_39' title="bbox 326 4069 1921 4142; baseline -0.007 -9"><span class='ocrx_word' id='word_1_265' title='bbox 326 4088 406 4133; x_wconf 88' lang='lat' dir='ltr'><strong>tes</strong></span> <span class='ocrx_word' id='word_1_266' title='bbox 435 4077 777 4132; x_wconf 85' lang='lat' dir='ltr'><strong>tenebrarum</strong></span> <span class='ocrx_word' id='word_1_267' title='bbox 809 4093 822 4128; x_wconf 90' lang='lat'><strong>:</strong></span> <span class='ocrx_word' id='word_1_268' title='bbox 855 4073 921 4127; x_wconf 86' lang='lat' dir='ltr'><strong>ad</strong></span> <span class='ocrx_word' id='word_1_269' title='bbox 952 4071 1256 4142; x_wconf 83' lang='lat' dir='ltr'><strong>hujusmodi</strong></span> <span class='ocrx_word' id='word_1_270' title='bbox 1288 4085 1416 4125; x_wconf 87' lang='lat' dir='ltr'><strong>vero</strong></span> <span class='ocrx_word' id='word_1_271' title='bbox 1453 4069 1735 4125; x_wconf 75' lang='lat' dir='ltr'><strong>condictus</strong></span> <span class='ocrx_word' id='word_1_272' title='bbox 1761 4084 1921 4123; x_wconf 81' lang='lat' dir='ltr'><strong>num-</strong></span> 
     </span>
    </p>
   </div>
   <div class='ocr_carea' id='block_1_40' title="bbox 325 4159 1924 4237">
    <p class='ocr_par' dir='ltr' id='par_1_40' title="bbox 325 4159 1924 4237">
     <span class='ocr_line' id='line_1_40' title="bbox 325 4159 1924 4237; baseline -0.006 -17"><span class='ocrx_word' id='word_1_273' title='bbox 325 4183 490 4237; x_wconf 89' lang='lat' dir='ltr'><strong>quam</strong></span> <span class='ocrx_word' id='word_1_274' title='bbox 516 4166 620 4220; x_wconf 86' lang='lat' dir='ltr'><strong>illis</strong></span> <span class='ocrx_word' id='word_1_275' title='bbox 648 4179 810 4219; x_wconf 85' lang='lat' dir='ltr'><strong>sexus</strong></span> <span class='ocrx_word' id='word_1_276' title='bbox 831 4163 1076 4218; x_wconf 86' lang='lat' dir='ltr'><strong>debilitas</strong></span> <span class='ocrx_word' id='word_1_277' title='bbox 1099 4159 1480 4232; x_wconf 88' lang='lat' dir='ltr'><strong>impedimento</strong></span> <span class='ocrx_word' id='word_1_278' title='bbox 1503 4169 1583 4214; x_wconf 88' lang='lat' dir='ltr'><strong>est</strong></span> <span class='ocrx_word' id='word_1_279' title='bbox 1606 4174 1623 4225; x_wconf 82' lang='lat'><strong>;</strong></span> <span class='ocrx_word' id='word_1_280' title='bbox 1648 4175 1752 4213; x_wconf 89' lang='lat' dir='ltr'><strong>non</strong></span> <span class='ocrx_word' id='word_1_281' title='bbox 1780 4161 1924 4214; x_wconf 88' lang='lat' dir='ltr'><strong>enim</strong></span> 
     </span>
    </p>
   </div>
   <div class='ocr_carea' id='block_1_41' title="bbox 327 4249 1926 4328">
    <p class='ocr_par' dir='ltr' id='par_1_41' title="bbox 327 4249 1926 4328">
     <span class='ocr_line' id='line_1_41' title="bbox 327 4249 1926 4328; baseline -0.005 -16"><span class='ocrx_word' id='word_1_282' title='bbox 327 4259 567 4328; x_wconf 89' lang='lat' dir='ltr'><strong>corporis</strong></span> <span class='ocrx_word' id='word_1_283' title='bbox 597 4267 801 4320; x_wconf 87' lang='lat' dir='ltr'><strong>natura,</strong></span> <span class='ocrx_word' id='word_1_284' title='bbox 841 4253 934 4310; x_wconf 92' lang='lat' dir='ltr'><strong>sed</strong></span> <span class='ocrx_word' id='word_1_285' title='bbox 966 4253 1129 4307; x_wconf 88' lang='lat' dir='ltr'><strong>animi</strong></span> <span class='ocrx_word' id='word_1_286' title='bbox 1162 4253 1437 4322; x_wconf 90' lang='lat' dir='ltr'><strong>proposito</strong></span> <span class='ocrx_word' id='word_1_287' title='bbox 1465 4249 1771 4320; x_wconf 85' lang='lat' dir='ltr'><strong>bujusmodi</strong></span> <span class='ocrx_word' id='word_1_288' title='bbox 1791 4265 1926 4319; x_wconf 69' lang='lat' dir='ltr'><strong>pra:-</strong></span> 
     </span>
    </p>
   </div>
   <div class='ocr_carea' id='block_1_42' title="bbox 329 4340 1929 4415">
    <p class='ocr_par' dir='ltr' id='par_1_42' title="bbox 329 4340 1929 4415">
     <span class='ocr_line' id='line_1_42' title="bbox 329 4340 1929 4415; baseline -0.004 -12"><span class='ocrx_word' id='word_1_289' title='bbox 329 4351 398 4403; x_wconf 91' lang='lat' dir='ltr'><strong>lia</strong></span> <span class='ocrx_word' id='word_1_290' title='bbox 421 4349 804 4403; x_wconf 90' lang='lat' dir='ltr'><strong>decernuntur.</strong></span> <span class='ocrx_word' id='word_1_291' title='bbox 830 4345 1059 4415; x_wconf 85' lang='lat' dir='ltr'><strong>ideoque</strong></span> <span class='ocrx_word' id='word_1_292' title='bbox 1076 4359 1220 4412; x_wconf 69' lang='lat' dir='ltr'><strong>same</strong></span> <span class='ocrx_word' id='word_1_293' title='bbox 1245 4343 1499 4397; x_wconf 87' lang='lat' dir='ltr'><strong>mulieres</strong></span> <span class='ocrx_word' id='word_1_294' title='bbox 1529 4340 1720 4397; x_wconf 80' lang='lat' dir='ltr'><strong>fortius</strong></span> <span class='ocrx_word' id='word_1_295' title='bbox 1766 4356 1929 4411; x_wconf 88' lang='lat' dir='ltr'><strong>quam</strong></span> 
     </span>
    </p>
   </div>
   <div class='ocr_carea' id='block_1_43' title="bbox 329 4434 1925 4510">
    <p class='ocr_par' dir='ltr' id='par_1_43' title="bbox 329 4434 1925 4510">
     <span class='ocr_line' id='line_1_43' title="bbox 329 4434 1925 4510; baseline -0.004 -17"><span class='ocrx_word' id='word_1_296' title='bbox 329 4440 434 4494; x_wconf 83' lang='lat' dir='ltr'><strong>viri</strong></span> <span class='ocrx_word' id='word_1_297' title='bbox 485 4447 896 4510; x_wconf 86' lang='lat' dir='ltr'><strong>pugnaverunt,</strong></span> <span class='ocrx_word' id='word_1_298' title='bbox 945 4445 1000 4490; x_wconf 93' lang='lat' dir='ltr'><strong>et</strong></span> <span class='ocrx_word' id='word_1_299' title='bbox 1040 4434 1328 4506; x_wconf 88' lang='lat' dir='ltr'><strong>insigniora</strong></span> <span class='ocrx_word' id='word_1_300' title='bbox 1376 4445 1571 4505; x_wconf 74' lang='lat' dir='ltr'><strong>tropaea</strong></span> <span class='ocrx_word' id='word_1_301' title='bbox 1617 4443 1925 4488; x_wconf 89' lang='lat' dir='ltr'><strong>erexerunt.</strong></span> 
     </span>
    </p>
   </div>
   <div class='ocr_carea' id='block_1_44' title="bbox 331 4525 1929 4598">
    <p class='ocr_par' dir='ltr' id='par_1_44' title="bbox 331 4525 1929 4598">
     <span class='ocr_line' id='line_1_44' title="bbox 331 4525 1929 4598; baseline -0.005 -11"><span class='ocrx_word' id='word_1_302' title='bbox 331 4532 447 4587; x_wconf 78' lang='lat' dir='ltr'><strong>Non</strong></span> <span class='ocrx_word' id='word_1_303' title='bbox 493 4533 564 4584; x_wconf 89' lang='lat' dir='ltr'><strong>ita</strong></span> <span class='ocrx_word' id='word_1_304' title='bbox 597 4530 785 4584; x_wconf 66' lang='lat' dir='ltr'><strong>catlum</strong></span> <span class='ocrx_word' id='word_1_305' title='bbox 827 4527 1165 4598; x_wconf 79' lang='lat' dir='ltr'><strong>Splendidum</strong></span> <span class='ocrx_word' id='word_1_306' title='bbox 1214 4537 1295 4583; x_wconf 89' lang='lat' dir='ltr'><strong>est</strong></span> <span class='ocrx_word' id='word_1_307' title='bbox 1327 4526 1474 4581; x_wconf 82' lang='lat' dir='ltr'><strong>vario</strong></span> <span class='ocrx_word' id='word_1_308' title='bbox 1510 4525 1605 4580; x_wconf 91' lang='lat' dir='ltr'><strong>illo</strong></span> <span class='ocrx_word' id='word_1_309' title='bbox 1651 4527 1929 4580; x_wconf 85' lang='lat' dir='ltr'><strong>stellarum</strong></span> 
     </span>
    </p>
   </div>
   <div class='ocr_carea' id='block_1_45' title="bbox 331 4617 1927 4694">
    <p class='ocr_par' dir='ltr' id='par_1_45' title="bbox 331 4617 1927 4694">
     <span class='ocr_line' id='line_1_45' title="bbox 331 4617 1927 4694; baseline -0.003 -15"><span class='ocrx_word' id='word_1_310' title='bbox 331 4625 522 4689; x_wconf 89' lang='lat' dir='ltr'><strong>choro,</strong></span> <span class='ocrx_word' id='word_1_311' title='bbox 549 4632 603 4677; x_wconf 89' lang='lat' dir='ltr'><strong>ut</strong></span> <span class='ocrx_word' id='word_1_312' title='bbox 629 4621 849 4694; x_wconf 66' lang='lat' dir='ltr'><strong>Egypti</strong></span> <span class='ocrx_word' id='word_1_313' title='bbox 880 4620 1113 4675; x_wconf 87' lang='lat' dir='ltr'><strong>solitudo</strong></span> <span class='ocrx_word' id='word_1_314' title='bbox 1133 4661 1149 4686; x_wconf 88' lang='lat'><strong>,</strong></span> <span class='ocrx_word' id='word_1_315' title='bbox 1179 4635 1298 4690; x_wconf 72' lang='lat' dir='ltr'><strong>qua:</strong></span> <span class='ocrx_word' id='word_1_316' title='bbox 1331 4617 1562 4690; x_wconf 89' lang='lat' dir='ltr'><strong>undique</strong></span> <span class='ocrx_word' id='word_1_317' title='bbox 1593 4618 1747 4676; x_wconf 86' lang='lat' dir='ltr'><strong>nobis</strong></span> <span class='ocrx_word' id='word_1_318' title='bbox 1773 4618 1927 4674; x_wconf 75' lang='lat' dir='ltr'><strong>exhi-</strong></span> 
     </span>
    </p>
   </div>
   <div class='ocr_carea' id='block_1_46' title="bbox 335 4709 1231 4772">
    <p class='ocr_par' dir='ltr' id='par_1_46' title="bbox 335 4709 1231 4772">
     <span class='ocr_line' id='line_1_46' title="bbox 335 4709 1231 4772; baseline -0.009 0"><span class='ocrx_word' id='word_1_319' title='bbox 335 4717 423 4772; x_wconf 89' lang='lat' dir='ltr'><strong>bet</strong></span> <span class='ocrx_word' id='word_1_320' title='bbox 454 4713 793 4770; x_wconf 82' lang='lat' dir='ltr'><strong>labernacula</strong></span> <span class='ocrx_word' id='word_1_321' title='bbox 823 4709 1231 4766; x_wconf 83' lang='lat' dir='ltr'><strong>monachorum.</strong></span> 
     </span>
    </p>
   </div>
   <div class='ocr_carea' id='block_1_47' title="bbox 405 4878 1920 4953">
    <p class='ocr_par' dir='ltr' id='par_1_47' title="bbox 405 4878 1920 4953">
     <span class='ocr_line' id='line_1_47' title="bbox 405 4878 1920 4953; baseline -0.003 -13"><span class='ocrx_word' id='word_1_322' title='bbox 405 4887 459 4940; x_wconf 82' lang='lat'><strong>5.</strong></span> <span class='ocrx_word' id='word_1_323' title='bbox 498 4885 553 4940; x_wconf 88' lang='lat' dir='ltr'><strong>Si</strong></span> <span class='ocrx_word' id='word_1_324' title='bbox 586 4883 706 4953; x_wconf 90' lang='lat' dir='ltr'><strong>quis</strong></span> <span class='ocrx_word' id='word_1_325' title='bbox 729 4891 963 4937; x_wconf 85' lang='lat' dir='ltr'><strong>veterem</strong></span> <span class='ocrx_word' id='word_1_326' title='bbox 995 4882 1138 4936; x_wconf 88' lang='lat' dir='ltr'><strong>illam</strong></span> <span class='ocrx_word' id='word_1_327' title='bbox 1167 4878 1456 4953; x_wconf 65' lang='lat' dir='ltr'><strong>Egyptum</strong></span> <span class='ocrx_word' id='word_1_328' title='bbox 1488 4883 1654 4948; x_wconf 87' lang='lat' dir='ltr'><strong>novit,</strong></span> <span class='ocrx_word' id='word_1_329' title='bbox 1693 4882 1784 4936; x_wconf 88' lang='lat' dir='ltr'><strong>Dei</strong></span> <span class='ocrx_word' id='word_1_330' title='bbox 1819 4883 1920 4937; x_wconf 84' lang='lat' dir='ltr'><strong>ini-</strong></span> 
     </span>
    </p>
   </div>
   <div class='ocr_carea' id='block_1_48' title="bbox 334 4972 1930 5044">
    <p class='ocr_par' dir='ltr' id='par_1_48' title="bbox 334 4972 1930 5044">
     <span class='ocr_line' id='line_1_48' title="bbox 334 4972 1930 5044; baseline -0.001 -14"><span class='ocrx_word' id='word_1_331' title='bbox 334 4976 530 5030; x_wconf 85' lang='lat' dir='ltr'><strong>micam</strong></span> <span class='ocrx_word' id='word_1_332' title='bbox 557 4985 608 5028; x_wconf 92' lang='lat' dir='ltr'><strong>et</strong></span> <span class='ocrx_word' id='word_1_333' title='bbox 635 4973 920 5034; x_wconf 87' lang='lat' dir='ltr'><strong>furentem,</strong></span> <span class='ocrx_word' id='word_1_334' title='bbox 947 4972 1124 5029; x_wconf 85' lang='lat' dir='ltr'><strong>felium</strong></span> <span class='ocrx_word' id='word_1_335' title='bbox 1151 4973 1451 5039; x_wconf 87' lang='lat' dir='ltr'><strong>cultricem,</strong></span> <span class='ocrx_word' id='word_1_336' title='bbox 1478 4987 1597 5044; x_wconf 66' lang='lat' dir='ltr'><strong>qua:</strong></span> <span class='ocrx_word' id='word_1_337' title='bbox 1628 4989 1788 5043; x_wconf 84' lang='lat' dir='ltr'><strong>cepas</strong></span> <span class='ocrx_word' id='word_1_338' title='bbox 1816 4974 1930 5028; x_wconf 87' lang='lat' dir='ltr'><strong>fur-</strong></span> 
     </span>
    </p>
   </div>
   <div class='ocr_carea' id='block_1_49' title="bbox 338 5061 1928 5134">
    <p class='ocr_par' dir='ltr' id='par_1_49' title="bbox 338 5061 1928 5134">
     <span class='ocr_line' id='line_1_49' title="bbox 338 5061 1928 5134; baseline -0.001 -13"><span class='ocrx_word' id='word_1_339' title='bbox 338 5065 574 5121; x_wconf 90' lang='lat' dir='ltr'><strong>midabat</strong></span> <span class='ocrx_word' id='word_1_340' title='bbox 616 5075 669 5117; x_wconf 91' lang='lat' dir='ltr'><strong>et</strong></span> <span class='ocrx_word' id='word_1_341' title='bbox 723 5064 1010 5128; x_wconf 90' lang='lat' dir='ltr'><strong>tremebat,</strong></span> <span class='ocrx_word' id='word_1_342' title='bbox 1058 5063 1145 5118; x_wconf 90' lang='lat' dir='ltr'><strong>hic</strong></span> <span class='ocrx_word' id='word_1_343' title='bbox 1189 5065 1391 5134; x_wconf 92' lang='lat' dir='ltr'><strong>optime</strong></span> <span class='ocrx_word' id='word_1_344' title='bbox 1427 5061 1626 5120; x_wconf 83' lang='lat' dir='ltr'><strong>Christi</strong></span> <span class='ocrx_word' id='word_1_345' title='bbox 1680 5065 1928 5120; x_wconf 89' lang='lat' dir='ltr'><strong>virtutem</strong></span> 
     </span>
    </p>
   </div>
   <div class='ocr_carea' id='block_1_50' title="bbox 337 5154 1932 5228">
    <p class='ocr_par' dir='ltr' id='par_1_50' title="bbox 337 5154 1932 5228">
     <span class='ocr_line' id='line_1_50' title="bbox 337 5154 1932 5228; baseline -0.002 -14"><span class='ocrx_word' id='word_1_346' title='bbox 337 5162 493 5214; x_wconf 90' lang='lat' dir='ltr'><strong>sciet.</strong></span> <span class='ocrx_word' id='word_1_347' title='bbox 527 5158 638 5212; x_wconf 91' lang='lat' dir='ltr'><strong>lmo</strong></span> <span class='ocrx_word' id='word_1_348' title='bbox 660 5172 788 5211; x_wconf 90' lang='lat' dir='ltr'><strong>vero</strong></span> <span class='ocrx_word' id='word_1_349' title='bbox 824 5172 926 5212; x_wconf 89' lang='lat' dir='ltr'><strong>non</strong></span> <span class='ocrx_word' id='word_1_350' title='bbox 956 5171 1090 5228; x_wconf 87' lang='lat' dir='ltr'><strong>opus</strong></span> <span class='ocrx_word' id='word_1_351' title='bbox 1120 5167 1201 5212; x_wconf 84' lang='lat' dir='ltr'><strong>est</strong></span> <span class='ocrx_word' id='word_1_352' title='bbox 1241 5154 1393 5213; x_wconf 86' lang='lat' dir='ltr'><strong>nobis</strong></span> <span class='ocrx_word' id='word_1_353' title='bbox 1417 5159 1641 5214; x_wconf 84' lang='lat' dir='ltr'><strong>vetustis</strong></span> <span class='ocrx_word' id='word_1_354' title='bbox 1670 5159 1932 5213; x_wconf 89' lang='lat' dir='ltr'><strong>narratio-</strong></span> 
     </span>
    </p>
   </div>
   <div class='ocr_carea' id='block_1_51' title="bbox 338 5247 1930 5320">
    <p class='ocr_par' dir='ltr' id='par_1_51' title="bbox 338 5247 1930 5320">
     <span class='ocr_line' id='line_1_51' title="bbox 338 5247 1930 5320; baseline -0.001 -14"><span class='ocrx_word' id='word_1_355' title='bbox 338 5252 496 5306; x_wconf 85' lang='lat' dir='ltr'><strong>nibus</strong></span> <span class='ocrx_word' id='word_1_356' title='bbox 532 5267 544 5302; x_wconf 91' lang='lat'>:</span> <span class='ocrx_word' id='word_1_357' title='bbox 575 5264 698 5303; x_wconf 87' lang='lat' dir='ltr'><strong>nam</strong></span> <span class='ocrx_word' id='word_1_358' title='bbox 757 5247 1021 5318; x_wconf 88' lang='lat' dir='ltr'><strong>hodieque</strong></span> <span class='ocrx_word' id='word_1_359' title='bbox 1080 5248 1278 5304; x_wconf 61' lang='lat' dir='ltr'><strong>insanae</strong></span> <span class='ocrx_word' id='word_1_360' title='bbox 1335 5249 1472 5304; x_wconf 91' lang='lat' dir='ltr'><strong>illius</strong></span> <span class='ocrx_word' id='word_1_361' title='bbox 1513 5251 1688 5320; x_wconf 88' lang='lat' dir='ltr'><strong>gentis</strong></span> <span class='ocrx_word' id='word_1_362' title='bbox 1731 5266 1930 5305; x_wconf 90' lang='lat' dir='ltr'><strong>monu-</strong></span> 
     </span>
    </p>
   </div>
   <div class='ocr_carea' id='block_1_52' title="bbox 338 5328 1936 5410">
    <p class='ocr_par' dir='ltr' id='par_1_52' title="bbox 338 5328 1936 5410">
     <span class='ocr_line' id='line_1_52' title="bbox 338 5328 1936 5410; baseline 0 -14"><span class='ocrx_word' id='word_1_363' title='bbox 338 5349 518 5396; x_wconf 89' lang='lat' dir='ltr'><strong>menta</strong></span> <span class='ocrx_word' id='word_1_364' title='bbox 539 5328 848 5410; x_wconf 84' lang='lat' dir='ltr'><strong>supersunt,</strong></span> <span class='ocrx_word' id='word_1_365' title='bbox 877 5353 994 5408; x_wconf 63' lang='lat' dir='ltr'><strong>qua:</strong></span> <span class='ocrx_word' id='word_1_366' title='bbox 1023 5341 1250 5408; x_wconf 90' lang='lat' dir='ltr'><strong>priscam</strong></span> <span class='ocrx_word' id='word_1_367' title='bbox 1278 5340 1443 5410; x_wconf 88' lang='lat' dir='ltr'><strong>ipsius</strong></span> <span class='ocrx_word' id='word_1_368' title='bbox 1469 5342 1758 5397; x_wconf 86' lang='lat' dir='ltr'><strong>amentiam</strong></span> <span class='ocrx_word' id='word_1_369' title='bbox 1786 5343 1936 5396; x_wconf 88' lang='lat' dir='ltr'><strong>testi-</strong></span> 
     </span>
    </p>
   </div>
   <div class='ocr_carea' id='block_1_53' title="bbox 342 5430 1929 5502">
    <p class='ocr_par' dir='ltr' id='par_1_53' title="bbox 342 5430 1929 5502">
     <span class='ocr_line' id='line_1_53' title="bbox 342 5430 1929 5502; baseline -0.001 -14"><span class='ocrx_word' id='word_1_370' title='bbox 342 5437 586 5489; x_wconf 83' lang='lat' dir='ltr'><strong>ficantur.</strong></span> <span class='ocrx_word' id='word_1_371' title='bbox 626 5434 876 5486; x_wconf 84' lang='lat' dir='ltr'><strong>Attamen</strong></span> <span class='ocrx_word' id='word_1_372' title='bbox 905 5430 957 5485; x_wconf 89' lang='lat' dir='ltr'><strong>hi</strong></span> <span class='ocrx_word' id='word_1_373' title='bbox 983 5431 1078 5501; x_wconf 90' lang='lat' dir='ltr'><strong>qui</strong></span> <span class='ocrx_word' id='word_1_374' title='bbox 1108 5433 1236 5488; x_wconf 91' lang='lat' dir='ltr'><strong>olim</strong></span> <span class='ocrx_word' id='word_1_375' title='bbox 1269 5447 1459 5488; x_wconf 87' lang='lat' dir='ltr'><strong>omnes</strong></span> <span class='ocrx_word' id='word_1_376' title='bbox 1500 5434 1552 5487; x_wconf 91' lang='lat' dir='ltr'><strong>in</strong></span> <span class='ocrx_word' id='word_1_377' title='bbox 1582 5442 1779 5487; x_wconf 89' lang='lat' dir='ltr'><strong>tantam</strong></span> <span class='ocrx_word' id='word_1_378' title='bbox 1811 5449 1929 5502; x_wconf 87' lang='lat' dir='ltr'><strong>pro-</strong></span> 
     </span>
    </p>
   </div>
   <div class='ocr_carea' id='block_1_54' title="bbox 307 5523 1936 5597">
    <p class='ocr_par' dir='ltr' id='par_1_54' title="bbox 307 5523 1936 5597">
     <span class='ocr_line' id='line_1_54' title="bbox 307 5523 1936 5597; baseline -0.001 -16"><span class='ocrx_word' id='word_1_379' title='bbox 307 5526 310 5527; x_wconf 60' lang='grc'><strong><em>⁷</em></strong></span> <span class='ocrx_word' id='word_1_380' title='bbox 340 5525 596 5596; x_wconf 84' lang='lat' dir='ltr'><strong>ruperant</strong></span> <span class='ocrx_word' id='word_1_381' title='bbox 624 5525 934 5590; x_wconf 89' lang='lat' dir='ltr'><strong>amentiam,</strong></span> <span class='ocrx_word' id='word_1_382' title='bbox 967 5524 1034 5578; x_wconf 89' lang='lat' dir='ltr'><strong>de</strong></span> <span class='ocrx_word' id='word_1_383' title='bbox 1064 5524 1214 5589; x_wconf 70' lang='lat' dir='ltr'><strong>cado,</strong></span> <span class='ocrx_word' id='word_1_384' title='bbox 1245 5524 1418 5597; x_wconf 89' lang='lat' dir='ltr'><strong>deque</strong></span> <span class='ocrx_word' id='word_1_385' title='bbox 1448 5523 1750 5582; x_wconf 79' lang='lat' dir='ltr'><strong>caelestibus</strong></span> <span class='ocrx_word' id='word_1_386' title='bbox 1773 5526 1936 5581; x_wconf 86' lang='lat' dir='ltr'><strong>rebus</strong></span> 
     </span>
    </p>
   </div>
   <div class='ocr_carea' id='block_1_55' title="bbox 349 5628 1937 5698">
    <p class='ocr_par' dir='ltr' id='par_1_55' title="bbox 349 5628 1937 5698">
     <span class='ocr_line' id='line_1_55' title="bbox 349 5628 1937 5698; baseline -0.003 -14"><span class='ocrx_word' id='word_1_387' title='bbox 349 5628 826 5698; x_wconf 82' lang='lat' dir='ltr'><strong>philosophantur,</strong></span> <span class='ocrx_word' id='word_1_388' title='bbox 879 5635 1237 5696; x_wconf 87' lang='lat' dir='ltr'><strong>paternosqne</strong></span> <span class='ocrx_word' id='word_1_389' title='bbox 1280 5644 1456 5682; x_wconf 83' lang='lat' dir='ltr'><strong>mores</strong></span> <span class='ocrx_word' id='word_1_390' title='bbox 1495 5629 1756 5695; x_wconf 88' lang='lat' dir='ltr'><strong>derident,</strong></span> <span class='ocrx_word' id='word_1_391' title='bbox 1809 5644 1937 5681; x_wconf 81' lang='lat' dir='ltr'><strong>avus</strong></span> 
     </span>
    </p>
   </div>
   <div class='ocr_carea' id='block_1_56' title="bbox 346 5717 1936 5788">
    <p class='ocr_par' dir='ltr' id='par_1_56' title="bbox 346 5717 1936 5788">
     <span class='ocr_line' id='line_1_56' title="bbox 346 5717 1936 5788; baseline -0.001 -11"><span class='ocrx_word' id='word_1_392' title='bbox 346 5736 471 5777; x_wconf 77' lang='lat' dir='ltr'><strong>suos</strong></span> <span class='ocrx_word' id='word_1_393' title='bbox 514 5720 742 5775; x_wconf 86' lang='lat' dir='ltr'><strong>miseros</strong></span> <span class='ocrx_word' id='word_1_394' title='bbox 778 5717 1091 5788; x_wconf 73' lang='lat' dir='ltr'><strong>prmdicant,</strong></span> <span class='ocrx_word' id='word_1_395' title='bbox 1140 5728 1192 5771; x_wconf 91' lang='lat' dir='ltr'><strong>et</strong></span> <span class='ocrx_word' id='word_1_396' title='bbox 1235 5717 1580 5788; x_wconf 85' lang='lat' dir='ltr'><strong>philosophos</strong></span> <span class='ocrx_word' id='word_1_397' title='bbox 1624 5721 1746 5775; x_wconf 90' lang='lat' dir='ltr'><strong>illos</strong></span> <span class='ocrx_word' id='word_1_398' title='bbox 1787 5721 1936 5776; x_wconf 87' lang='lat' dir='ltr'><strong>nihili</strong></span> 
     </span>
    </p>
   </div>
   <div class='ocr_carea' id='block_1_57' title="bbox 346 5809 1933 5883">
    <p class='ocr_par' dir='ltr' id='par_1_57' title="bbox 346 5809 1933 5883">
     <span class='ocr_line' id='line_1_57' title="bbox 346 5809 1933 5883; baseline -0.003 -11"><span class='ocrx_word' id='word_1_399' title='bbox 346 5811 607 5883; x_wconf 76' lang='lat' dir='ltr'><strong>pendunt.</strong></span> <span class='ocrx_word' id='word_1_400' title='bbox 642 5809 717 5866; x_wconf 78' lang='lat' dir='ltr'><strong>Ex</strong></span> <span class='ocrx_word' id='word_1_401' title='bbox 765 5809 893 5880; x_wconf 86' lang='lat' dir='ltr'><strong>ipsis</strong></span> <span class='ocrx_word' id='word_1_402' title='bbox 915 5810 1059 5866; x_wconf 91' lang='lat' dir='ltr'><strong>enim</strong></span> <span class='ocrx_word' id='word_1_403' title='bbox 1087 5809 1246 5866; x_wconf 88' lang='lat' dir='ltr'><strong>rebus</strong></span> <span class='ocrx_word' id='word_1_404' title='bbox 1275 5811 1608 5867; x_wconf 88' lang='lat' dir='ltr'><strong>edidiccrunt</strong></span> <span class='ocrx_word' id='word_1_405' title='bbox 1635 5812 1836 5881; x_wconf 86' lang='lat' dir='ltr'><strong>priscas</strong></span> <span class='ocrx_word' id='word_1_406' title='bbox 1870 5814 1933 5867; x_wconf 84' lang='lat' dir='ltr'><strong>il-</strong></span> 
     </span>
    </p>
   </div>
   <div class='ocr_carea' id='block_1_58' title="bbox 2023 599 3615 663">
    <p class='ocr_par' dir='ltr' id='par_1_58' title="bbox 2023 599 3615 663">
     <span class='ocr_line' id='line_1_58' title="bbox 2023 599 3615 663; baseline -0.001 -8"><span class='ocrx_word' id='word_1_407' title='bbox 2023 604 2099 657; x_wconf 90' lang='lat' dir='ltr'><strong>las</strong></span> <span class='ocrx_word' id='word_1_408' title='bbox 2137 601 2310 657; x_wconf 90' lang='lat' dir='ltr'><strong>aniles</strong></span> <span class='ocrx_word' id='word_1_409' title='bbox 2342 600 2553 656; x_wconf 81' lang='lat' dir='ltr'><strong>fabulas</strong></span> <span class='ocrx_word' id='word_1_410' title='bbox 2576 601 2847 655; x_wconf 90' lang='lat' dir='ltr'><strong>ebriorum</strong></span> <span class='ocrx_word' id='word_1_411' title='bbox 2887 613 3007 654; x_wconf 84' lang='lat' dir='ltr'><strong>esse</strong></span> <span class='ocrx_word' id='word_1_412' title='bbox 3035 599 3270 663; x_wconf 82' lang='lat' dir='ltr'><strong>iuventa,</strong></span> <span class='ocrx_word' id='word_1_413' title='bbox 3307 613 3486 654; x_wconf 83' lang='lat' dir='ltr'><strong>veram</strong></span> <span class='ocrx_word' id='word_1_414' title='bbox 3517 614 3615 655; x_wconf 82' lang='lat' dir='ltr'><strong>au-</strong></span> 
     </span>
    </p>
   </div>
   <div class='ocr_carea' id='block_1_59' title="bbox 2024 691 3616 766">
    <p class='ocr_par' dir='ltr' id='par_1_59' title="bbox 2024 691 3616 766">
     <span class='ocr_line' id='line_1_59' title="bbox 2024 691 3616 766; baseline -0.003 -17"><span class='ocrx_word' id='word_1_415' title='bbox 2024 705 2130 751; x_wconf 90' lang='lat' dir='ltr'><strong>tem</strong></span> <span class='ocrx_word' id='word_1_416' title='bbox 2163 695 2476 766; x_wconf 84' lang='lat' dir='ltr'><strong>sapientiam</strong></span> <span class='ocrx_word' id='word_1_417' title='bbox 2505 694 2653 749; x_wconf 67' lang='lat' dir='ltr'><strong>uelis</strong></span> <span class='ocrx_word' id='word_1_418' title='bbox 2695 708 2815 748; x_wconf 90' lang='lat' dir='ltr'><strong>esse</strong></span> <span class='ocrx_word' id='word_1_419' title='bbox 2855 691 3089 763; x_wconf 86' lang='lat' dir='ltr'><strong>dignam.</strong></span> <span class='ocrx_word' id='word_1_420' title='bbox 3125 691 3250 747; x_wconf 82' lang='lat' dir='ltr'><strong>Haec</strong></span> <span class='ocrx_word' id='word_1_421' title='bbox 3294 702 3378 746; x_wconf 86' lang='lat' dir='ltr'><strong>est</strong></span> <span class='ocrx_word' id='word_1_422' title='bbox 3421 707 3543 761; x_wconf 63' lang='lat' dir='ltr'><strong>quae</strong></span> <span class='ocrx_word' id='word_1_423' title='bbox 3585 705 3616 744; x_wconf 86' lang='lat' dir='ltr'><strong>a</strong></span> 
     </span>
    </p>
   </div>
   <div class='ocr_carea' id='block_1_60' title="bbox 2025 781 3619 856">
    <p class='ocr_par' dir='ltr' id='par_1_60' title="bbox 2025 781 3619 856">
     <span class='ocr_line' id='line_1_60' title="bbox 2025 781 3619 856; baseline -0.001 -19"><span class='ocrx_word' id='word_1_424' title='bbox 2025 784 2378 856; x_wconf 79' lang='lat' dir='ltr'><strong>piscatoribus</strong></span> <span class='ocrx_word' id='word_1_425' title='bbox 2404 785 2717 839; x_wconf 88' lang='lat' dir='ltr'><strong>annuntiata</strong></span> <span class='ocrx_word' id='word_1_426' title='bbox 2747 783 2875 853; x_wconf 86' lang='lat' dir='ltr'><strong>ipsis</strong></span> <span class='ocrx_word' id='word_1_427' title='bbox 2903 781 3023 836; x_wconf 91' lang='lat' dir='ltr'><strong>fuit.</strong></span> <span class='ocrx_word' id='word_1_428' title='bbox 3054 781 3286 852; x_wconf 82' lang='lat' dir='ltr'><strong>Ideoque</strong></span> <span class='ocrx_word' id='word_1_429' title='bbox 3310 797 3430 836; x_wconf 90' lang='lat' dir='ltr'><strong>cum</strong></span> <span class='ocrx_word' id='word_1_430' title='bbox 3458 797 3619 836; x_wconf 88' lang='lat' dir='ltr'><strong>aecu-</strong></span> 
     </span>
    </p>
   </div>
   <div class='ocr_carea' id='block_1_61' title="bbox 2027 874 3618 947">
    <p class='ocr_par' dir='ltr' id='par_1_61' title="bbox 2027 874 3618 947">
     <span class='ocr_line' id='line_1_61' title="bbox 2027 874 3618 947; baseline -0.001 -17"><span class='ocrx_word' id='word_1_431' title='bbox 2027 888 2139 931; x_wconf 78' lang='lat' dir='ltr'><strong>rata</strong></span> <span class='ocrx_word' id='word_1_432' title='bbox 2164 876 2474 947; x_wconf 83' lang='lat' dir='ltr'><strong>dogmatum</strong></span> <span class='ocrx_word' id='word_1_433' title='bbox 2520 877 2745 931; x_wconf 84' lang='lat' dir='ltr'><strong>veritate</strong></span> <span class='ocrx_word' id='word_1_434' title='bbox 2789 875 3007 929; x_wconf 89' lang='lat' dir='ltr'><strong>multam</strong></span> <span class='ocrx_word' id='word_1_435' title='bbox 3051 874 3308 930; x_wconf 76' lang='lat' dir='ltr'><strong>exhibent</strong></span> <span class='ocrx_word' id='word_1_436' title='bbox 3351 876 3485 929; x_wconf 87' lang='lat' dir='ltr'><strong>bene</strong></span> <span class='ocrx_word' id='word_1_437' title='bbox 3532 875 3618 928; x_wconf 86' lang='lat' dir='ltr'><strong>vi-</strong></span> 
     </span>
    </p>
   </div>
   <div class='ocr_carea' id='block_1_62' title="bbox 2023 966 3620 1039">
    <p class='ocr_par' dir='ltr' id='par_1_62' title="bbox 2023 966 3620 1039">
     <span class='ocr_line' id='line_1_62' title="bbox 2023 966 3620 1039; baseline -0.002 -17"><span class='ocrx_word' id='word_1_438' title='bbox 2023 968 2179 1022; x_wconf 89' lang='lat' dir='ltr'><strong>vendi</strong></span> <span class='ocrx_word' id='word_1_439' title='bbox 2208 967 2559 1038; x_wconf 88' lang='lat' dir='ltr'><strong>diligentiam.</strong></span> <span class='ocrx_word' id='word_1_440' title='bbox 2593 966 2866 1038; x_wconf 88' lang='lat' dir='ltr'><strong>Siquidem</strong></span> <span class='ocrx_word' id='word_1_441' title='bbox 2890 967 3032 1021; x_wconf 83' lang='lat' dir='ltr'><strong>exuti</strong></span> <span class='ocrx_word' id='word_1_442' title='bbox 3057 966 3221 1039; x_wconf 81' lang='lat' dir='ltr'><strong>rebus</strong></span> <span class='ocrx_word' id='word_1_443' title='bbox 3249 967 3457 1021; x_wconf 85' lang='lat' dir='ltr'><strong>eunetis</strong></span> <span class='ocrx_word' id='word_1_444' title='bbox 3479 980 3620 1034; x_wconf 75' lang='lat' dir='ltr'><strong>pra:-</strong></span> 
     </span>
    </p>
   </div>
   <div class='ocr_carea' id='block_1_63' title="bbox 2022 1056 3616 1129">
    <p class='ocr_par' dir='ltr' id='par_1_63' title="bbox 2022 1056 3616 1129">
     <span class='ocr_line' id='line_1_63' title="bbox 2022 1056 3616 1129; baseline -0.003 -15"><span class='ocrx_word' id='word_1_445' title='bbox 2022 1060 2283 1127; x_wconf 87' lang='lat' dir='ltr'><strong>sentibus,</strong></span> <span class='ocrx_word' id='word_1_446' title='bbox 2307 1059 2615 1129; x_wconf 82' lang='lat' dir='ltr'><strong>mundoque</strong></span> <span class='ocrx_word' id='word_1_447' title='bbox 2645 1059 2906 1120; x_wconf 86' lang='lat' dir='ltr'><strong>crucilixi,</strong></span> <span class='ocrx_word' id='word_1_448' title='bbox 2931 1058 3067 1110; x_wconf 89' lang='lat' dir='ltr'><strong>ultra</strong></span> <span class='ocrx_word' id='word_1_449' title='bbox 3098 1059 3258 1112; x_wconf 90' lang='lat' dir='ltr'><strong>etiam</strong></span> <span class='ocrx_word' id='word_1_450' title='bbox 3292 1056 3616 1127; x_wconf 84' lang='lat' dir='ltr'><strong>procedunt,</strong></span> 
     </span>
    </p>
   </div>
   <div class='ocr_carea' id='block_1_64' title="bbox 2020 1149 3700 1220">
    <p class='ocr_par' dir='ltr' id='par_1_64' title="bbox 2020 1149 3700 1220">
     <span class='ocr_line' id='line_1_64' title="bbox 2020 1149 3700 1220; baseline -0.004 -15"><span class='ocrx_word' id='word_1_451' title='bbox 2020 1151 2205 1206; x_wconf 90' lang='lat' dir='ltr'><strong>labore</strong></span> <span class='ocrx_word' id='word_1_452' title='bbox 2230 1151 2472 1220; x_wconf 90' lang='lat' dir='ltr'><strong>corporis</strong></span> <span class='ocrx_word' id='word_1_453' title='bbox 2513 1160 2724 1205; x_wconf 88' lang='lat' dir='ltr'><strong>utentes</strong></span> <span class='ocrx_word' id='word_1_454' title='bbox 2763 1149 2829 1202; x_wconf 88' lang='lat' dir='ltr'><strong>ad</strong></span> <span class='ocrx_word' id='word_1_455' title='bbox 2858 1149 3055 1202; x_wconf 84' lang='lat' dir='ltr'><strong>victum</strong></span> <span class='ocrx_word' id='word_1_456' title='bbox 3088 1149 3271 1218; x_wconf 85' lang='lat' dir='ltr'><strong>egenis</strong></span> <span class='ocrx_word' id='word_1_457' title='bbox 3300 1161 3620 1218; x_wconf 75' lang='lat' dir='ltr'><strong>comparan-</strong></span> <span class='ocrx_word' id='word_1_458' title='bbox 3684 1199 3700 1212; x_wconf 61' lang='lat'><strong>,</strong></span> 
     </span>
    </p>
   </div>
   <div class='ocr_carea' id='block_1_65' title="bbox 2023 1239 3620 1312">
    <p class='ocr_par' dir='ltr' id='par_1_65' title="bbox 2023 1239 3620 1312">
     <span class='ocr_line' id='line_1_65' title="bbox 2023 1239 3620 1312; baseline -0.003 -14"><span class='ocrx_word' id='word_1_459' title='bbox 2023 1242 2171 1298; x_wconf 89' lang='lat' dir='ltr'><strong>dum.</strong></span> <span class='ocrx_word' id='word_1_460' title='bbox 2204 1241 2388 1312; x_wconf 88' lang='lat' dir='ltr'><strong>Neque</strong></span> <span class='ocrx_word' id='word_1_461' title='bbox 2409 1241 2551 1296; x_wconf 90' lang='lat' dir='ltr'><strong>enim</strong></span> <span class='ocrx_word' id='word_1_462' title='bbox 2574 1242 2695 1310; x_wconf 88' lang='lat' dir='ltr'><strong>quia</strong></span> <span class='ocrx_word' id='word_1_463' title='bbox 2714 1240 2957 1310; x_wconf 87' lang='lat' dir='ltr'><strong>jejunaut</strong></span> <span class='ocrx_word' id='word_1_464' title='bbox 2981 1250 3037 1295; x_wconf 86' lang='lat' dir='ltr'><strong>et</strong></span> <span class='ocrx_word' id='word_1_465' title='bbox 3066 1241 3304 1310; x_wconf 85' lang='lat' dir='ltr'><strong>vigilant,</strong></span> <span class='ocrx_word' id='word_1_466' title='bbox 3334 1253 3393 1294; x_wconf 86' lang='lat' dir='ltr'><strong>se</strong></span> <span class='ocrx_word' id='word_1_467' title='bbox 3419 1239 3620 1293; x_wconf 84' lang='lat' dir='ltr'><strong>idcirco</strong></span> 
     </span>
    </p>
   </div>
   <div class='ocr_carea' id='block_1_66' title="bbox 2019 1330 3620 1403">
    <p class='ocr_par' dir='ltr' id='par_1_66' title="bbox 2019 1330 3620 1403">
     <span class='ocr_line' id='line_1_66' title="bbox 2019 1330 3620 1403; baseline -0.002 -12"><span class='ocrx_word' id='word_1_468' title='bbox 2019 1335 2223 1391; x_wconf 87' lang='lat' dir='ltr'><strong>dedunt</strong></span> <span class='ocrx_word' id='word_1_469' title='bbox 2259 1334 2391 1398; x_wconf 88' lang='lat' dir='ltr'><strong>otio,</strong></span> <span class='ocrx_word' id='word_1_470' title='bbox 2441 1333 2536 1389; x_wconf 86' lang='lat' dir='ltr'><strong>sed</strong></span> <span class='ocrx_word' id='word_1_471' title='bbox 2584 1343 2770 1388; x_wconf 88' lang='lat' dir='ltr'><strong>noctes</strong></span> <span class='ocrx_word' id='word_1_472' title='bbox 2809 1334 3026 1403; x_wconf 84' lang='lat' dir='ltr'><strong>hymnis</strong></span> <span class='ocrx_word' id='word_1_473' title='bbox 3069 1347 3134 1386; x_wconf 92' lang='lat' dir='ltr'><strong>ac</strong></span> <span class='ocrx_word' id='word_1_474' title='bbox 3160 1332 3470 1402; x_wconf 82' lang='lat' dir='ltr'><strong>pervigiliis,</strong></span> <span class='ocrx_word' id='word_1_475' title='bbox 3500 1330 3620 1387; x_wconf 86' lang='lat' dir='ltr'><strong>dies</strong></span> 
     </span>
    </p>
   </div>
   <div class='ocr_carea' id='block_1_67' title="bbox 2023 1422 3616 1498">
    <p class='ocr_par' dir='ltr' id='par_1_67' title="bbox 2023 1422 3616 1498">
     <span class='ocr_line' id='line_1_67' title="bbox 2023 1422 3616 1498; baseline -0.004 -17"><span class='ocrx_word' id='word_1_476' title='bbox 2023 1428 2272 1498; x_wconf 88' lang='lat' dir='ltr'><strong>precibus</strong></span> <span class='ocrx_word' id='word_1_477' title='bbox 2291 1435 2347 1484; x_wconf 81' lang='lat' dir='ltr'><strong>et</strong></span> <span class='ocrx_word' id='word_1_478' title='bbox 2369 1427 2520 1498; x_wconf 90' lang='lat' dir='ltr'><strong>operi</strong></span> <span class='ocrx_word' id='word_1_479' title='bbox 2539 1441 2791 1481; x_wconf 88' lang='lat' dir='ltr'><strong>manuum</strong></span> <span class='ocrx_word' id='word_1_480' title='bbox 2822 1425 3101 1493; x_wconf 88' lang='lat' dir='ltr'><strong>deputant,</strong></span> <span class='ocrx_word' id='word_1_481' title='bbox 3130 1425 3356 1491; x_wconf 87' lang='lat' dir='ltr'><strong>apostoli</strong></span> <span class='ocrx_word' id='word_1_482' title='bbox 3383 1422 3616 1477; x_wconf 87' lang='lat' dir='ltr'><strong>studium</strong></span> 
     </span>
    </p>
   </div>
   <div class='ocr_carea' id='block_1_68' title="bbox 2019 1515 3616 1588">
    <p class='ocr_par' dir='ltr' id='par_1_68' title="bbox 2019 1515 3616 1588">
     <span class='ocr_line' id='line_1_68' title="bbox 2019 1515 3616 1588; baseline -0.003 -15"><span class='ocrx_word' id='word_1_483' title='bbox 2019 1520 2309 1574; x_wconf 84' lang='lat' dir='ltr'><strong>imitantes.</strong></span> <span class='ocrx_word' id='word_1_484' title='bbox 2338 1519 2396 1574; x_wconf 85' lang='lat' dir='ltr'><strong>Si</strong></span> <span class='ocrx_word' id='word_1_485' title='bbox 2422 1519 2591 1585; x_wconf 84' lang='lat' dir='ltr'><strong>enim,</strong></span> <span class='ocrx_word' id='word_1_486' title='bbox 2622 1516 2889 1588; x_wconf 78' lang='lat' dir='ltr'><strong>inquiunt,</strong></span> <span class='ocrx_word' id='word_1_487' title='bbox 2922 1516 3029 1580; x_wconf 90' lang='lat' dir='ltr'><strong>ille,</strong></span> <span class='ocrx_word' id='word_1_488' title='bbox 3057 1525 3166 1568; x_wconf 84' lang='lat' dir='ltr'><strong>tutu</strong></span> <span class='ocrx_word' id='word_1_489' title='bbox 3197 1515 3328 1569; x_wconf 89' lang='lat' dir='ltr'><strong>orbe</strong></span> <span class='ocrx_word' id='word_1_490' title='bbox 3348 1515 3414 1568; x_wconf 91' lang='lat' dir='ltr'><strong>ad</strong></span> <span class='ocrx_word' id='word_1_491' title='bbox 3443 1516 3616 1584; x_wconf 84' lang='lat' dir='ltr'><strong>ipsum</strong></span> 
     </span>
    </p>
   </div>
   <div class='ocr_carea' id='block_1_69' title="bbox 2019 1605 3619 1679">
    <p class='ocr_par' dir='ltr' id='par_1_69' title="bbox 2019 1605 3619 1679">
     <span class='ocr_line' id='line_1_69' title="bbox 2019 1605 3619 1679; baseline -0.004 -14"><span class='ocrx_word' id='word_1_492' title='bbox 2019 1610 2364 1679; x_wconf 86' lang='lat' dir='ltr'><strong>respiciente,</strong></span> <span class='ocrx_word' id='word_1_493' title='bbox 2414 1619 2471 1664; x_wconf 88' lang='lat' dir='ltr'><strong>ut</strong></span> <span class='ocrx_word' id='word_1_494' title='bbox 2523 1608 2716 1679; x_wconf 76' lang='lat' dir='ltr'><strong>inopes</strong></span> <span class='ocrx_word' id='word_1_495' title='bbox 2753 1607 2942 1673; x_wconf 88' lang='lat' dir='ltr'><strong>aleret,</strong></span> <span class='ocrx_word' id='word_1_496' title='bbox 2985 1605 3253 1660; x_wconf 80' lang='lat' dir='ltr'><strong>ofﬁcinam</strong></span> <span class='ocrx_word' id='word_1_497' title='bbox 3307 1606 3512 1671; x_wconf 81' lang='lat' dir='ltr'><strong>habuit,</strong></span> <span class='ocrx_word' id='word_1_498' title='bbox 3565 1613 3619 1661; x_wconf 90' lang='lat' dir='ltr'><strong>et</strong></span> 
     </span>
    </p>
   </div>
   <div class='ocr_carea' id='block_1_70' title="bbox 2019 1697 3612 1765">
    <p class='ocr_par' dir='ltr' id='par_1_70' title="bbox 2019 1697 3612 1765">
     <span class='ocr_line' id='line_1_70' title="bbox 2019 1697 3612 1765; baseline -0.003 -11"><span class='ocrx_word' id='word_1_499' title='bbox 2019 1713 2188 1758; x_wconf 86' lang='lat' dir='ltr'><strong>artem</strong></span> <span class='ocrx_word' id='word_1_500' title='bbox 2239 1701 2504 1765; x_wconf 81' lang='lat' dir='ltr'><strong>tractavit,</strong></span> <span class='ocrx_word' id='word_1_501' title='bbox 2561 1700 2834 1755; x_wconf 83' lang='lat' dir='ltr'><strong>insomnes</strong></span> <span class='ocrx_word' id='word_1_502' title='bbox 2875 1700 3086 1752; x_wconf 88' lang='lat' dir='ltr'><strong>interim</strong></span> <span class='ocrx_word' id='word_1_503' title='bbox 3136 1708 3319 1753; x_wconf 89' lang='lat' dir='ltr'><strong>noctes</strong></span> <span class='ocrx_word' id='word_1_504' title='bbox 3371 1697 3612 1752; x_wconf 85' lang='lat' dir='ltr'><strong>ducens:</strong></span> 
     </span>
    </p>
   </div>
   <div class='ocr_carea' id='block_1_71' title="bbox 2021 1789 3617 1862">
    <p class='ocr_par' dir='ltr' id='par_1_71' title="bbox 2021 1789 3617 1862">
     <span class='ocr_line' id='line_1_71' title="bbox 2021 1789 3617 1862; baseline -0.003 -15"><span class='ocrx_word' id='word_1_505' title='bbox 2021 1793 2190 1847; x_wconf 90' lang='lat' dir='ltr'><strong>multo</strong></span> <span class='ocrx_word' id='word_1_506' title='bbox 2221 1793 2390 1862; x_wconf 87' lang='lat' dir='ltr'><strong>magis</strong></span> <span class='ocrx_word' id='word_1_507' title='bbox 2417 1805 2536 1856; x_wconf 87' lang='lat' dir='ltr'><strong>nos,</strong></span> <span class='ocrx_word' id='word_1_508' title='bbox 2568 1792 2656 1860; x_wconf 90' lang='lat' dir='ltr'><strong>qui</strong></span> <span class='ocrx_word' id='word_1_509' title='bbox 2687 1790 2740 1844; x_wconf 91' lang='lat' dir='ltr'><strong>in</strong></span> <span class='ocrx_word' id='word_1_510' title='bbox 2780 1790 2992 1844; x_wconf 87' lang='lat' dir='ltr'><strong>deserto</strong></span> <span class='ocrx_word' id='word_1_511' title='bbox 3023 1789 3343 1855; x_wconf 88' lang='lat' dir='ltr'><strong>habitamus,</strong></span> <span class='ocrx_word' id='word_1_512' title='bbox 3376 1789 3617 1858; x_wconf 88' lang='lat' dir='ltr'><strong>nihilque</strong></span> 
     </span>
    </p>
   </div>
   <div class='ocr_carea' id='block_1_72' title="bbox 2018 1880 3615 1946">
    <p class='ocr_par' dir='ltr' id='par_1_72' title="bbox 2018 1880 3615 1946">
     <span class='ocr_line' id='line_1_72' title="bbox 2018 1880 3615 1946; baseline -0.004 -7"><span class='ocrx_word' id='word_1_513' title='bbox 2018 1898 2303 1939; x_wconf 88' lang='lat' dir='ltr'><strong>commune</strong></span> <span class='ocrx_word' id='word_1_514' title='bbox 2329 1883 2589 1936; x_wconf 83' lang='lat' dir='ltr'><strong>habemus</strong></span> <span class='ocrx_word' id='word_1_515' title='bbox 2608 1896 2729 1936; x_wconf 93' lang='lat' dir='ltr'><strong>cum</strong></span> <span class='ocrx_word' id='word_1_516' title='bbox 2761 1881 2971 1935; x_wconf 87' lang='lat' dir='ltr'><strong>urbium</strong></span> <span class='ocrx_word' id='word_1_517' title='bbox 3012 1880 3348 1946; x_wconf 84' lang='lat' dir='ltr'><strong>tumultibus,</strong></span> <span class='ocrx_word' id='word_1_518' title='bbox 3375 1880 3615 1933; x_wconf 87' lang='lat' dir='ltr'><strong>vacatio-</strong></span> 
     </span>
    </p>
   </div>
   <div class='ocr_carea' id='block_1_73' title="bbox 2020 1970 3614 2043">
    <p class='ocr_par' dir='ltr' id='par_1_73' title="bbox 2020 1970 3614 2043">
     <span class='ocr_line' id='line_1_73' title="bbox 2020 1970 3614 2043; baseline -0.003 -14"><span class='ocrx_word' id='word_1_519' title='bbox 2020 1977 2101 2030; x_wconf 90' lang='lat' dir='ltr'><strong>nis</strong></span> <span class='ocrx_word' id='word_1_520' title='bbox 2144 1976 2256 2030; x_wconf 90' lang='lat' dir='ltr'><strong>otio</strong></span> <span class='ocrx_word' id='word_1_521' title='bbox 2301 1973 2369 2028; x_wconf 92' lang='lat' dir='ltr'><strong>ad</strong></span> <span class='ocrx_word' id='word_1_522' title='bbox 2411 1974 2707 2042; x_wconf 88' lang='lat' dir='ltr'><strong>spiritualia</strong></span> <span class='ocrx_word' id='word_1_523' title='bbox 2754 1988 2915 2043; x_wconf 88' lang='lat' dir='ltr'><strong>opera</strong></span> <span class='ocrx_word' id='word_1_524' title='bbox 2955 1973 3029 2026; x_wconf 92' lang='lat' dir='ltr'><strong>uti</strong></span> <span class='ocrx_word' id='word_1_525' title='bbox 3062 1988 3156 2041; x_wconf 89' lang='lat' dir='ltr'><strong>par</strong></span> <span class='ocrx_word' id='word_1_526' title='bbox 3184 1981 3286 2026; x_wconf 92' lang='lat' dir='ltr'><strong>est.</strong></span> <span class='ocrx_word' id='word_1_527' title='bbox 3320 1970 3614 2026; x_wconf 86' lang='lat' dir='ltr'><strong>Erubesca-</strong></span> 
     </span>
    </p>
   </div>
   <div class='ocr_carea' id='block_1_74' title="bbox 2019 2059 3616 2135">
    <p class='ocr_par' dir='ltr' id='par_1_74' title="bbox 2019 2059 3616 2135">
     <span class='ocr_line' id='line_1_74' title="bbox 2019 2059 3616 2135; baseline -0.002 -18"><span class='ocrx_word' id='word_1_528' title='bbox 2019 2082 2136 2120; x_wconf 90' lang='lat' dir='ltr'><strong>mus</strong></span> <span class='ocrx_word' id='word_1_529' title='bbox 2176 2065 2355 2135; x_wconf 91' lang='lat' dir='ltr'><strong>itaque</strong></span> <span class='ocrx_word' id='word_1_530' title='bbox 2396 2078 2605 2126; x_wconf 89' lang='lat' dir='ltr'><strong>omnes,</strong></span> <span class='ocrx_word' id='word_1_531' title='bbox 2655 2073 2709 2118; x_wconf 83' lang='lat' dir='ltr'><strong>et</strong></span> <span class='ocrx_word' id='word_1_532' title='bbox 2737 2063 2949 2128; x_wconf 87' lang='lat' dir='ltr'><strong>divites,</strong></span> <span class='ocrx_word' id='word_1_533' title='bbox 2995 2073 3045 2116; x_wconf 90' lang='lat' dir='ltr'><strong>et</strong></span> <span class='ocrx_word' id='word_1_534' title='bbox 3089 2077 3372 2130; x_wconf 87' lang='lat' dir='ltr'><strong>pauperes,</strong></span> <span class='ocrx_word' id='word_1_535' title='bbox 3401 2059 3616 2130; x_wconf 87' lang='lat' dir='ltr'><strong>quando</strong></span> 
     </span>
    </p>
   </div>
   <div class='ocr_carea' id='block_1_75' title="bbox 2023 2155 3616 2229">
    <p class='ocr_par' dir='ltr' id='par_1_75' title="bbox 2023 2155 3616 2229">
     <span class='ocr_line' id='line_1_75' title="bbox 2023 2155 3616 2229; baseline -0.001 -19"><span class='ocrx_word' id='word_1_536' title='bbox 2023 2160 2097 2211; x_wconf 89' lang='lat' dir='ltr'><strong>illi</strong></span> <span class='ocrx_word' id='word_1_537' title='bbox 2140 2158 2267 2212; x_wconf 90' lang='lat' dir='ltr'><strong>nihil</strong></span> <span class='ocrx_word' id='word_1_538' title='bbox 2308 2172 2529 2229; x_wconf 75' lang='lat' dir='ltr'><strong>prorsus</strong></span> <span class='ocrx_word' id='word_1_539' title='bbox 2581 2157 2865 2222; x_wconf 83' lang='lat' dir='ltr'><strong>habentes,</strong></span> <span class='ocrx_word' id='word_1_540' title='bbox 2911 2155 3012 2210; x_wconf 86' lang='lat' dir='ltr'><strong>nisi</strong></span> <span class='ocrx_word' id='word_1_541' title='bbox 3053 2170 3249 2222; x_wconf 89' lang='lat' dir='ltr'><strong>corpus</strong></span> <span class='ocrx_word' id='word_1_542' title='bbox 3304 2163 3510 2209; x_wconf 87' lang='lat' dir='ltr'><strong>tantum</strong></span> <span class='ocrx_word' id='word_1_543' title='bbox 3560 2161 3616 2210; x_wconf 91' lang='lat' dir='ltr'><strong>et</strong></span> 
     </span>
    </p>
   </div>
   <div class='ocr_carea' id='block_1_76' title="bbox 2019 2243 3612 2313">
    <p class='ocr_par' dir='ltr' id='par_1_76' title="bbox 2019 2243 3612 2313">
     <span class='ocr_line' id='line_1_76' title="bbox 2019 2243 3612 2313; baseline -0.004 -12"><span class='ocrx_word' id='word_1_544' title='bbox 2019 2263 2230 2311; x_wconf 87' lang='lat' dir='ltr'><strong>manus,</strong></span> <span class='ocrx_word' id='word_1_545' title='bbox 2278 2256 2539 2302; x_wconf 87' lang='lat' dir='ltr'><strong>conantur</strong></span> <span class='ocrx_word' id='word_1_546' title='bbox 2579 2254 2634 2300; x_wconf 90' lang='lat' dir='ltr'><strong>et</strong></span> <span class='ocrx_word' id='word_1_547' title='bbox 2673 2244 3005 2300; x_wconf 88' lang='lat' dir='ltr'><strong>contendunt</strong></span> <span class='ocrx_word' id='word_1_548' title='bbox 3037 2253 3092 2297; x_wconf 92' lang='lat' dir='ltr'><strong>ut</strong></span> <span class='ocrx_word' id='word_1_549' title='bbox 3136 2244 3260 2298; x_wconf 90' lang='lat' dir='ltr'><strong>hinc</strong></span> <span class='ocrx_word' id='word_1_550' title='bbox 3288 2243 3484 2298; x_wconf 86' lang='lat' dir='ltr'><strong>victum</strong></span> <span class='ocrx_word' id='word_1_551' title='bbox 3515 2259 3612 2313; x_wconf 89' lang='lat' dir='ltr'><strong>pa-</strong></span> 
     </span>
    </p>
   </div>
   <div class='ocr_carea' id='block_1_77' title="bbox 2017 2336 3615 2410">
    <p class='ocr_par' dir='ltr' id='par_1_77' title="bbox 2017 2336 3615 2410">
     <span class='ocr_line' id='line_1_77' title="bbox 2017 2336 3615 2410; baseline -0.003 -16"><span class='ocrx_word' id='word_1_552' title='bbox 2017 2351 2135 2395; x_wconf 84' lang='lat' dir='ltr'><strong>rcnt</strong></span> <span class='ocrx_word' id='word_1_553' title='bbox 2172 2341 2485 2410; x_wconf 80' lang='lat' dir='ltr'><strong>egentibus:</strong></span> <span class='ocrx_word' id='word_1_554' title='bbox 2513 2354 2612 2395; x_wconf 90' lang='lat' dir='ltr'><strong>nos</strong></span> <span class='ocrx_word' id='word_1_555' title='bbox 2643 2354 2791 2401; x_wconf 82' lang='lat' dir='ltr'><strong>vero,</strong></span> <span class='ocrx_word' id='word_1_556' title='bbox 2837 2339 2962 2391; x_wconf 89' lang='lat' dir='ltr'><strong>dum</strong></span> <span class='ocrx_word' id='word_1_557' title='bbox 3013 2339 3290 2390; x_wconf 74' lang='lat' dir='ltr'><strong>innumera</strong></span> <span class='ocrx_word' id='word_1_558' title='bbox 3341 2336 3485 2390; x_wconf 88' lang='lat' dir='ltr'><strong>domi</strong></span> <span class='ocrx_word' id='word_1_559' title='bbox 3528 2351 3615 2390; x_wconf 54' lang='lat' dir='ltr'><strong>re-</strong></span> 
     </span>
    </p>
   </div>
   <div class='ocr_carea' id='block_1_78' title="bbox 2015 2427 3610 2499">
    <p class='ocr_par' dir='ltr' id='par_1_78' title="bbox 2015 2427 3610 2499">
     <span class='ocr_line' id='line_1_78' title="bbox 2015 2427 3610 2499; baseline -0.004 -12"><span class='ocrx_word' id='word_1_560' title='bbox 2015 2432 2230 2487; x_wconf 91' lang='lat' dir='ltr'><strong>condita</strong></span> <span class='ocrx_word' id='word_1_561' title='bbox 2279 2441 2423 2496; x_wconf 90' lang='lat' dir='ltr'><strong>sunt,</strong></span> <span class='ocrx_word' id='word_1_562' title='bbox 2474 2447 2540 2485; x_wconf 92' lang='lat' dir='ltr'><strong>ne</strong></span> <span class='ocrx_word' id='word_1_563' title='bbox 2585 2429 2851 2499; x_wconf 82' lang='lat' dir='ltr'><strong>superﬂua</strong></span> <span class='ocrx_word' id='word_1_564' title='bbox 2885 2427 3100 2498; x_wconf 81' lang='lat' dir='ltr'><strong>quidem</strong></span> <span class='ocrx_word' id='word_1_565' title='bbox 3145 2428 3226 2481; x_wconf 84' lang='lat' dir='ltr'><strong>his</strong></span> <span class='ocrx_word' id='word_1_566' title='bbox 3272 2427 3610 2482; x_wconf 84' lang='lat' dir='ltr'><strong>adhibemus.</strong></span> 
     </span>
    </p>
   </div>
   <div class='ocr_carea' id='block_1_79' title="bbox 2015 2518 3614 2592">
    <p class='ocr_par' dir='ltr' id='par_1_79' title="bbox 2015 2518 3614 2592">
     <span class='ocr_line' id='line_1_79' title="bbox 2015 2518 3614 2592; baseline -0.001 -19"><span class='ocrx_word' id='word_1_567' title='bbox 2015 2522 2185 2589; x_wconf 78' lang='lat' dir='ltr'><strong>Quam</strong></span> <span class='ocrx_word' id='word_1_568' title='bbox 2239 2522 2436 2591; x_wconf 79' lang='lat' dir='ltr'><strong>igitur,</strong></span> <span class='ocrx_word' id='word_1_569' title='bbox 2494 2535 2711 2592; x_wconf 64' lang='lat' dir='ltr'><strong>qiuarso,</strong></span> <span class='ocrx_word' id='word_1_570' title='bbox 2781 2520 3180 2574; x_wconf 79' lang='lat' dir='ltr'><strong>excusationem</strong></span> <span class='ocrx_word' id='word_1_571' title='bbox 3235 2518 3614 2588; x_wconf 85' lang='lat' dir='ltr'><strong>proferemus?</strong></span> 
     </span>
    </p>
   </div>
   <div class='ocr_carea' id='block_1_80' title="bbox 2017 2610 3610 2684">
    <p class='ocr_par' dir='ltr' id='par_1_80' title="bbox 2017 2610 3610 2684">
     <span class='ocr_line' id='line_1_80' title="bbox 2017 2610 3610 2684; baseline -0.001 -17"><span class='ocrx_word' id='word_1_572' title='bbox 2017 2630 2177 2683; x_wconf 89' lang='lat' dir='ltr'><strong>quam</strong></span> <span class='ocrx_word' id='word_1_573' title='bbox 2232 2628 2622 2684; x_wconf 85' lang='lat' dir='ltr'><strong>consequemur</strong></span> <span class='ocrx_word' id='word_1_574' title='bbox 2675 2611 2929 2666; x_wconf 76' lang='lat' dir='ltr'><strong>veniam?</strong></span> <span class='ocrx_word' id='word_1_575' title='bbox 2982 2611 3139 2679; x_wconf 82' lang='lat' dir='ltr'><strong>Atqui</strong></span> <span class='ocrx_word' id='word_1_576' title='bbox 3193 2610 3397 2680; x_wconf 84' lang='lat' dir='ltr'><strong>cogites</strong></span> <span class='ocrx_word' id='word_1_577' title='bbox 3452 2611 3610 2665; x_wconf 90' lang='lat' dir='ltr'><strong>velim</strong></span> 
     </span>
    </p>
   </div>
   <div class='ocr_carea' id='block_1_81' title="bbox 2013 2703 3608 2774">
    <p class='ocr_par' dir='ltr' id='par_1_81' title="bbox 2013 2703 3608 2774">
     <span class='ocr_line' id='line_1_81' title="bbox 2013 2703 3608 2774; baseline 0.001 -20"><span class='ocrx_word' id='word_1_578' title='bbox 2013 2715 2267 2774; x_wconf 88' lang='lat' dir='ltr'><strong>quantum</strong></span> <span class='ocrx_word' id='word_1_579' title='bbox 2308 2705 2392 2758; x_wconf 89' lang='lat' dir='ltr'><strong>isti</strong></span> <span class='ocrx_word' id='word_1_580' title='bbox 2421 2705 2546 2758; x_wconf 85' lang='lat' dir='ltr'><strong>olim</strong></span> <span class='ocrx_word' id='word_1_581' title='bbox 2579 2703 2819 2772; x_wconf 80' lang='lat' dir='ltr'><strong>pecuni:e</strong></span> <span class='ocrx_word' id='word_1_582' title='bbox 2845 2713 3112 2756; x_wconf 90' lang='lat' dir='ltr'><strong>amatores</strong></span> <span class='ocrx_word' id='word_1_583' title='bbox 3139 2712 3313 2763; x_wconf 85' lang='lat' dir='ltr'><strong>erant,</strong></span> <span class='ocrx_word' id='word_1_584' title='bbox 3348 2711 3608 2771; x_wconf 87' lang='lat' dir='ltr'><strong>quantum</strong></span> 
     </span>
    </p>
   </div>
   <div class='ocr_carea' id='block_1_82' title="bbox 2012 2793 3610 2866">
    <p class='ocr_par' dir='ltr' id='par_1_82' title="bbox 2012 2793 3610 2866">
     <span class='ocr_line' id='line_1_82' title="bbox 2012 2793 3610 2866; baseline -0.001 -18"><span class='ocrx_word' id='word_1_585' title='bbox 2012 2798 2149 2866; x_wconf 73' lang='lat' dir='ltr'><strong>gulze</strong></span> <span class='ocrx_word' id='word_1_586' title='bbox 2175 2796 2359 2860; x_wconf 89' lang='lat' dir='ltr'><strong>dediti,</strong></span> <span class='ocrx_word' id='word_1_587' title='bbox 2393 2811 2515 2849; x_wconf 81' lang='lat' dir='ltr'><strong>cum</strong></span> <span class='ocrx_word' id='word_1_588' title='bbox 2544 2796 2753 2850; x_wconf 70' lang='lat' dir='ltr'><strong>cmteris</strong></span> <span class='ocrx_word' id='word_1_589' title='bbox 2779 2795 2938 2848; x_wconf 81' lang='lat' dir='ltr'><strong>vitiis.</strong></span> <span class='ocrx_word' id='word_1_590' title='bbox 2989 2793 3062 2846; x_wconf 92' lang='lat' dir='ltr'><strong>lbi</strong></span> <span class='ocrx_word' id='word_1_591' title='bbox 3109 2794 3253 2847; x_wconf 90' lang='lat' dir='ltr'><strong>enim</strong></span> <span class='ocrx_word' id='word_1_592' title='bbox 3296 2801 3450 2847; x_wconf 80' lang='lat' dir='ltr'><strong>erant</strong></span> <span class='ocrx_word' id='word_1_593' title='bbox 3486 2794 3610 2847; x_wconf 74' lang='lat' dir='ltr'><strong>olla:</strong></span> 
     </span>
    </p>
   </div>
   <div class='ocr_carea' id='block_1_83' title="bbox 2015 2889 3615 2968">
    <p class='ocr_par' dir='ltr' id='par_1_83' title="bbox 2015 2889 3615 2968">
     <span class='ocr_line' id='line_1_83' title="bbox 2015 2889 3615 2968; baseline -0.007 -14"><span class='ocrx_word' id='word_1_594' title='bbox 2015 2899 2255 2954; x_wconf 89' lang='lat' dir='ltr'><strong>carnium</strong></span> <span class='ocrx_word' id='word_1_595' title='bbox 2305 2897 2497 2968; x_wconf 74' lang='lat' dir='ltr'><strong>(Exod.</strong></span> <span class='ocrx_word' id='word_1_596' title='bbox 2527 2897 2614 2951; x_wconf 81' lang='lat' dir='ltr'><strong>l6.</strong></span> <span class='ocrx_word' id='word_1_597' title='bbox 2646 2896 2713 2965; x_wconf 78' lang='grc' dir='ltr'><strong>ὅ)</strong></span> <span class='ocrx_word' id='word_1_598' title='bbox 2736 2935 2749 2957; x_wconf 89' lang='grc'><em>,</em></span> <span class='ocrx_word' id='word_1_599' title='bbox 2789 2907 2921 2962; x_wconf 85' lang='lat' dir='ltr'><strong>quas</strong></span> <span class='ocrx_word' id='word_1_600' title='bbox 2969 2901 3269 2946; x_wconf 89' lang='lat' dir='ltr'><strong>memorant</strong></span> <span class='ocrx_word' id='word_1_601' title='bbox 3296 2890 3467 2946; x_wconf 69' lang='lat' dir='ltr'><strong>Judaei</strong></span> <span class='ocrx_word' id='word_1_602' title='bbox 3499 2909 3513 2945; x_wconf 87' lang='lat'><strong>:</strong></span> <span class='ocrx_word' id='word_1_603' title='bbox 3544 2889 3615 2943; x_wconf 90' lang='lat' dir='ltr'><strong>ibi</strong></span> 
     </span>
    </p>
   </div>
   <div class='ocr_carea' id='block_1_84' title="bbox 2019 2983 3618 3065">
    <p class='ocr_par' dir='ltr' id='par_1_84' title="bbox 2019 2983 3618 3065">
     <span class='ocr_line' id='line_1_84' title="bbox 2019 2983 3618 3065; baseline -0.006 -22"><span class='ocrx_word' id='word_1_604' title='bbox 2019 3005 2206 3061; x_wconf 85' lang='lat' dir='ltr'><strong>magna</strong></span> <span class='ocrx_word' id='word_1_605' title='bbox 2230 2988 2430 3044; x_wconf 90' lang='lat' dir='ltr'><strong>ventris</strong></span> <span class='ocrx_word' id='word_1_606' title='bbox 2453 2986 2712 3058; x_wconf 85' lang='lat' dir='ltr'><strong>tyrannis.</strong></span> <span class='ocrx_word' id='word_1_607' title='bbox 2746 2987 2995 3039; x_wconf 80' lang='lat' dir='ltr'><strong>Attamen</strong></span> <span class='ocrx_word' id='word_1_608' title='bbox 3023 2983 3143 3053; x_wconf 89' lang='lat' dir='ltr'><strong>quia</strong></span> <span class='ocrx_word' id='word_1_609' title='bbox 3167 2984 3472 3065; x_wconf 79' lang='lat' dir='ltr'><strong>voluerupt,</strong></span> <span class='ocrx_word' id='word_1_610' title='bbox 3499 2997 3589 3035; x_wconf 89' lang='lat' dir='ltr'><strong>mu</strong></span> <span class='ocrx_word' id='word_1_611' title='bbox 3606 3009 3618 3020; x_wconf 87' lang='lat'><strong>-</strong></span> 
     </span>
    </p>
   </div>
   <div class='ocr_carea' id='block_1_85' title="bbox 2020 3075 3616 3149">
    <p class='ocr_par' dir='ltr' id='par_1_85' title="bbox 2020 3075 3616 3149">
     <span class='ocr_line' id='line_1_85' title="bbox 2020 3075 3616 3149; baseline -0.005 -15"><span class='ocrx_word' id='word_1_612' title='bbox 2020 3083 2110 3135; x_wconf 86' lang='lat' dir='ltr'><strong>tati</strong></span> <span class='ocrx_word' id='word_1_613' title='bbox 2136 3090 2278 3146; x_wconf 90' lang='lat' dir='ltr'><strong>sunt,</strong></span> <span class='ocrx_word' id='word_1_614' title='bbox 2311 3089 2362 3134; x_wconf 93' lang='lat' dir='ltr'><strong>et</strong></span> <span class='ocrx_word' id='word_1_615' title='bbox 2396 3081 2514 3149; x_wconf 86' lang='lat' dir='ltr'><strong>igne</strong></span> <span class='ocrx_word' id='word_1_616' title='bbox 2541 3077 2736 3132; x_wconf 87' lang='lat' dir='ltr'><strong>Christi</strong></span> <span class='ocrx_word' id='word_1_617' title='bbox 2774 3084 3046 3144; x_wconf 89' lang='lat' dir='ltr'><strong>suscepto,</strong></span> <span class='ocrx_word' id='word_1_618' title='bbox 3095 3075 3144 3129; x_wconf 89' lang='lat' dir='ltr'><strong>in</strong></span> <span class='ocrx_word' id='word_1_619' title='bbox 3173 3075 3364 3129; x_wconf 61' lang='lat' dir='ltr'><strong>caelum</strong></span> <span class='ocrx_word' id='word_1_620' title='bbox 3393 3082 3616 3143; x_wconf 87' lang='lat' dir='ltr'><strong>repente</strong></span> 
     </span>
    </p>
   </div>
   <div class='ocr_carea' id='block_1_86' title="bbox 2018 3167 3615 3239">
    <p class='ocr_par' dir='ltr' id='par_1_86' title="bbox 2018 3167 3615 3239">
     <span class='ocr_line' id='line_1_86' title="bbox 2018 3167 3615 3239; baseline -0.003 -15"><span class='ocrx_word' id='word_1_621' title='bbox 2018 3171 2335 3226; x_wconf 88' lang='lat' dir='ltr'><strong>advolarunt</strong></span> <span class='ocrx_word' id='word_1_622' title='bbox 2386 3189 2399 3223; x_wconf 92' lang='lat'>:</span> <span class='ocrx_word' id='word_1_623' title='bbox 2437 3174 2636 3239; x_wconf 87' lang='lat' dir='ltr'><strong>quippe</strong></span> <span class='ocrx_word' id='word_1_624' title='bbox 2677 3169 2824 3236; x_wconf 80' lang='lat' dir='ltr'><strong>prius</strong></span> <span class='ocrx_word' id='word_1_625' title='bbox 2870 3167 3206 3221; x_wconf 82' lang='lat' dir='ltr'><strong>ardentiores</strong></span> <span class='ocrx_word' id='word_1_626' title='bbox 3254 3167 3374 3219; x_wconf 90' lang='lat' dir='ltr'><strong>aliis</strong></span> <span class='ocrx_word' id='word_1_627' title='bbox 3427 3173 3615 3220; x_wconf 88' lang='lat' dir='ltr'><strong>erant.</strong></span> 
     </span>
    </p>
   </div>
   <div class='ocr_carea' id='block_1_87' title="bbox 2018 3256 3613 3332">
    <p class='ocr_par' dir='ltr' id='par_1_87' title="bbox 2018 3256 3613 3332">
     <span class='ocr_line' id='line_1_87' title="bbox 2018 3256 3613 3332; baseline -0.003 -17"><span class='ocrx_word' id='word_1_628' title='bbox 2018 3274 2178 3332; x_wconf 89' lang='lat' dir='ltr'><strong>atque</strong></span> <span class='ocrx_word' id='word_1_629' title='bbox 2218 3261 2282 3315; x_wconf 89' lang='lat' dir='ltr'><strong>ad</strong></span> <span class='ocrx_word' id='word_1_630' title='bbox 2312 3261 2445 3314; x_wconf 89' lang='lat' dir='ltr'><strong>iram</strong></span> <span class='ocrx_word' id='word_1_631' title='bbox 2489 3269 2544 3313; x_wconf 89' lang='lat' dir='ltr'><strong>et</strong></span> <span class='ocrx_word' id='word_1_632' title='bbox 2573 3259 2637 3313; x_wconf 91' lang='lat' dir='ltr'><strong>ad</strong></span> <span class='ocrx_word' id='word_1_633' title='bbox 2667 3257 2912 3326; x_wconf 88' lang='lat' dir='ltr'><strong>corporis</strong></span> <span class='ocrx_word' id='word_1_634' title='bbox 2942 3259 3268 3325; x_wconf 86' lang='lat' dir='ltr'><strong>voluptatem</strong></span> <span class='ocrx_word' id='word_1_635' title='bbox 3301 3256 3613 3324; x_wconf 58' lang='lat' dir='ltr'><strong>propensio</strong></span> 
     </span>
    </p>
   </div>
   <div class='ocr_carea' id='block_1_88' title="bbox 2020 3347 3617 3420">
    <p class='ocr_par' dir='ltr' id='par_1_88' title="bbox 2020 3347 3617 3420">
     <span class='ocr_line' id='line_1_88' title="bbox 2020 3347 3617 3420; baseline -0.005 -14"><span class='ocrx_word' id='word_1_636' title='bbox 2020 3369 2128 3419; x_wconf 89' lang='lat' dir='ltr'><strong>res,</strong></span> <span class='ocrx_word' id='word_1_637' title='bbox 2168 3354 2513 3420; x_wconf 88' lang='lat' dir='ltr'><strong>incorporeas</strong></span> <span class='ocrx_word' id='word_1_638' title='bbox 2548 3357 2839 3419; x_wconf 90' lang='lat' dir='ltr'><strong>potestates</strong></span> <span class='ocrx_word' id='word_1_639' title='bbox 2882 3347 3292 3401; x_wconf 86' lang='lat' dir='ltr'><strong>mansuetudine</strong></span> <span class='ocrx_word' id='word_1_640' title='bbox 3331 3356 3385 3401; x_wconf 90' lang='lat' dir='ltr'><strong>et</strong></span> <span class='ocrx_word' id='word_1_641' title='bbox 3412 3347 3617 3412; x_wconf 78' lang='lat' dir='ltr'><strong>reliqua</strong></span> 
     </span>
    </p>
   </div>
   <div class='ocr_carea' id='block_1_89' title="bbox 2022 3438 3627 3512">
    <p class='ocr_par' dir='ltr' id='par_1_89' title="bbox 2022 3438 3627 3512">
     <span class='ocr_line' id='line_1_89' title="bbox 2022 3438 3627 3512; baseline 0 -17"><span class='ocrx_word' id='word_1_642' title='bbox 2022 3443 2373 3512; x_wconf 59' lang='lat' dir='ltr'><strong>philosophia</strong></span> <span class='ocrx_word' id='word_1_643' title='bbox 2397 3457 2508 3495; x_wconf 77' lang='lat' dir='ltr'><strong>sua:</strong></span> <span class='ocrx_word' id='word_1_644' title='bbox 2531 3439 2813 3494; x_wconf 87' lang='lat' dir='ltr'><strong>tolerantia</strong></span> <span class='ocrx_word' id='word_1_645' title='bbox 2836 3439 3133 3492; x_wconf 89' lang='lat' dir='ltr'><strong>imitantur.</strong></span> <span class='ocrx_word' id='word_1_646' title='bbox 3163 3438 3416 3507; x_wconf 68' lang='lat' dir='ltr'><strong>Quisquis</strong></span> <span class='ocrx_word' id='word_1_647' title='bbox 3443 3438 3493 3492; x_wconf 91' lang='lat' dir='ltr'><strong>in</strong></span> <span class='ocrx_word' id='word_1_648' title='bbox 3522 3439 3627 3495; x_wconf 90' lang='lat' dir='ltr'><strong>hac</strong></span> 
     </span>
    </p>
   </div>
   <div class='ocr_carea' id='block_1_90' title="bbox 2022 3529 2861 3613">
    <p class='ocr_par' dir='ltr' id='par_1_90' title="bbox 2022 3529 2861 3613">
     <span class='ocr_line' id='line_1_90' title="bbox 2022 3529 2861 3613; baseline -0.008 -25"><span class='ocrx_word' id='word_1_649' title='bbox 2022 3535 2240 3604; x_wconf 87' lang='lat' dir='ltr'><strong>regione</strong></span> <span class='ocrx_word' id='word_1_650' title='bbox 2271 3533 2388 3600; x_wconf 86' lang='lat' dir='ltr'><strong>fuit,</strong></span> <span class='ocrx_word' id='word_1_651' title='bbox 2421 3548 2539 3613; x_wconf 77' lang='lat' dir='ltr'><strong>qua:</strong></span> <span class='ocrx_word' id='word_1_652' title='bbox 2570 3529 2689 3586; x_wconf 88' lang='lat' dir='ltr'><strong>dico</strong></span> <span class='ocrx_word' id='word_1_653' title='bbox 2712 3529 2861 3584; x_wconf 85' lang='lat' dir='ltr'><strong>novit</strong></span> 
     </span>
    </p>
   </div>
   <div class='ocr_carea' id='block_1_91' title="bbox 2095 3708 3623 3783">
    <p class='ocr_par' dir='ltr' id='par_1_91' title="bbox 2095 3708 3623 3783">
     <span class='ocr_line' id='line_1_91' title="bbox 2095 3708 3623 3783; baseline 0.001 -18"><span class='ocrx_word' id='word_1_654' title='bbox 2095 3712 2302 3766; x_wconf 79' lang='lat' dir='ltr'><strong>Antonii</strong></span> <span class='ocrx_word' id='word_1_655' title='bbox 2358 3710 2539 3783; x_wconf 80' lang='lat' dir='ltr'><strong>Magni</strong></span> <span class='ocrx_word' id='word_1_656' title='bbox 2587 3710 2952 3764; x_wconf 77' lang='lat' dir='ltr'><strong>monachorum</strong></span> <span class='ocrx_word' id='word_1_657' title='bbox 3009 3709 3169 3780; x_wconf 79' lang='lat' dir='ltr'><strong>patris</strong></span> <span class='ocrx_word' id='word_1_658' title='bbox 3219 3708 3414 3764; x_wconf 73' lang='lat' dir='ltr'><strong>laudes.</strong></span> <span class='ocrx_word' id='word_1_659' title='bbox 3458 3741 3527 3751; x_wconf 96' lang='lat'><em>—</em></span> <span class='ocrx_word' id='word_1_660' title='bbox 3565 3711 3623 3767; x_wconf 84' lang='lat' dir='ltr'><strong>Si</strong></span> 
     </span>
    </p>
   </div>
   <div class='ocr_carea' id='block_1_92' title="bbox 2021 3802 3622 3875">
    <p class='ocr_par' dir='ltr' id='par_1_92' title="bbox 2021 3802 3622 3875">
     <span class='ocr_line' id='line_1_92' title="bbox 2021 3802 3622 3875; baseline -0.005 -17"><span class='ocrx_word' id='word_1_661' title='bbox 2021 3805 2140 3875; x_wconf 90' lang='lat' dir='ltr'><strong>quis</strong></span> <span class='ocrx_word' id='word_1_662' title='bbox 2163 3821 2291 3860; x_wconf 91' lang='lat' dir='ltr'><strong>vero</strong></span> <span class='ocrx_word' id='word_1_663' title='bbox 2320 3802 2663 3858; x_wconf 87' lang='lat' dir='ltr'><strong>tabernacula</strong></span> <span class='ocrx_word' id='word_1_664' title='bbox 2705 3802 2792 3856; x_wconf 85' lang='lat' dir='ltr'><strong>illa</strong></span> <span class='ocrx_word' id='word_1_665' title='bbox 2821 3817 3111 3871; x_wconf 89' lang='lat' dir='ltr'><strong>numquam</strong></span> <span class='ocrx_word' id='word_1_666' title='bbox 3156 3802 3305 3865; x_wconf 90' lang='lat' dir='ltr'><strong>adiit,</strong></span> <span class='ocrx_word' id='word_1_667' title='bbox 3334 3803 3532 3871; x_wconf 90' lang='lat' dir='ltr'><strong>cogitet</strong></span> <span class='ocrx_word' id='word_1_668' title='bbox 3561 3803 3622 3856; x_wconf 87' lang='lat' dir='ltr'><strong>il.</strong></span> 
     </span>
    </p>
   </div>
   <div class='ocr_carea' id='block_1_93' title="bbox 2021 3892 3618 3966">
    <p class='ocr_par' dir='ltr' id='par_1_93' title="bbox 2021 3892 3618 3966">
     <span class='ocr_line' id='line_1_93' title="bbox 2021 3892 3618 3966; baseline 0 -18"><span class='ocrx_word' id='word_1_669' title='bbox 2021 3897 2128 3950; x_wconf 92' lang='lat' dir='ltr'><strong>lum</strong></span> <span class='ocrx_word' id='word_1_670' title='bbox 2161 3896 2250 3966; x_wconf 92' lang='lat' dir='ltr'><strong>qui</strong></span> <span class='ocrx_word' id='word_1_671' title='bbox 2279 3895 2537 3949; x_wconf 89' lang='lat' dir='ltr'><strong>hactenus</strong></span> <span class='ocrx_word' id='word_1_672' title='bbox 2578 3893 2632 3947; x_wconf 91' lang='lat' dir='ltr'><strong>in</strong></span> <span class='ocrx_word' id='word_1_673' title='bbox 2679 3893 2916 3946; x_wconf 88' lang='lat' dir='ltr'><strong>omnium</strong></span> <span class='ocrx_word' id='word_1_674' title='bbox 2950 3892 3120 3946; x_wconf 82' lang='lat' dir='ltr'><strong>fertur</strong></span> <span class='ocrx_word' id='word_1_675' title='bbox 3155 3907 3270 3957; x_wconf 88' lang='lat' dir='ltr'><strong>ore,</strong></span> <span class='ocrx_word' id='word_1_676' title='bbox 3314 3909 3472 3962; x_wconf 88' lang='lat' dir='ltr'><strong>quem</strong></span> <span class='ocrx_word' id='word_1_677' title='bbox 3501 3904 3618 3963; x_wconf 88' lang='lat' dir='ltr'><strong>post</strong></span> 
     </span>
    </p>
   </div>
   <div class='ocr_carea' id='block_1_94' title="bbox 2019 3986 3617 4058">
    <p class='ocr_par' dir='ltr' id='par_1_94' title="bbox 2019 3986 3617 4058">
     <span class='ocr_line' id='line_1_94' title="bbox 2019 3986 3617 4058; baseline 0 -18"><span class='ocrx_word' id='word_1_678' title='bbox 2019 3988 2293 4055; x_wconf 89' lang='lat' dir='ltr'><strong>apostolos</strong></span> <span class='ocrx_word' id='word_1_679' title='bbox 2338 3986 2602 4058; x_wconf 64' lang='lat' dir='ltr'><strong>[Egyptus</strong></span> <span class='ocrx_word' id='word_1_680' title='bbox 2649 3987 2766 4040; x_wconf 89' lang='lat' dir='ltr'><strong>tulit</strong></span> <span class='ocrx_word' id='word_1_681' title='bbox 2796 3986 3007 4039; x_wconf 86' lang='lat' dir='ltr'><strong>beatum</strong></span> <span class='ocrx_word' id='word_1_682' title='bbox 3053 3995 3104 4038; x_wconf 89' lang='lat' dir='ltr'><strong>et</strong></span> <span class='ocrx_word' id='word_1_683' title='bbox 3149 4001 3397 4055; x_wconf 76' lang='lat' dir='ltr'><strong>magnum</strong></span> <span class='ocrx_word' id='word_1_684' title='bbox 3448 3987 3617 4040; x_wconf 83' lang='lat' dir='ltr'><strong>Anto-</strong></span> 
     </span>
    </p>
   </div>
   <div class='ocr_carea' id='block_1_95' title="bbox 2023 4077 3616 4148">
    <p class='ocr_par' dir='ltr' id='par_1_95' title="bbox 2023 4077 3616 4148">
     <span class='ocr_line' id='line_1_95' title="bbox 2023 4077 3616 4148; baseline 0.002 -17"><span class='ocrx_word' id='word_1_685' title='bbox 2023 4081 2194 4144; x_wconf 88' lang='lat' dir='ltr'><strong>nium,</strong></span> <span class='ocrx_word' id='word_1_686' title='bbox 2237 4088 2292 4133; x_wconf 90' lang='lat' dir='ltr'><strong>et</strong></span> <span class='ocrx_word' id='word_1_687' title='bbox 2340 4093 2522 4133; x_wconf 88' lang='lat' dir='ltr'><strong>secum</strong></span> <span class='ocrx_word' id='word_1_688' title='bbox 2577 4084 2791 4146; x_wconf 90' lang='lat' dir='ltr'><strong>reputet</strong></span> <span class='ocrx_word' id='word_1_689' title='bbox 2849 4077 3000 4130; x_wconf 89' lang='lat' dir='ltr'><strong>illum</strong></span> <span class='ocrx_word' id='word_1_690' title='bbox 3058 4079 3108 4130; x_wconf 91' lang='lat' dir='ltr'><strong>iu</strong></span> <span class='ocrx_word' id='word_1_691' title='bbox 3155 4077 3341 4131; x_wconf 89' lang='lat' dir='ltr'><strong>eadem</strong></span> <span class='ocrx_word' id='word_1_692' title='bbox 3401 4078 3616 4148; x_wconf 73' lang='lat' dir='ltr'><strong>regione</strong></span> 
     </span>
    </p>
   </div>
   <div class='ocr_carea' id='block_1_96' title="bbox 2023 4165 3615 4234">
    <p class='ocr_par' dir='ltr' id='par_1_96' title="bbox 2023 4165 3615 4234">
     <span class='ocr_line' id='line_1_96' title="bbox 2023 4165 3615 4234; baseline 0.001 -14"><span class='ocrx_word' id='word_1_693' title='bbox 2023 4169 2204 4232; x_wconf 83' lang='lat' dir='ltr'><strong>fuisse,</strong></span> <span class='ocrx_word' id='word_1_694' title='bbox 2240 4168 2292 4220; x_wconf 91' lang='lat' dir='ltr'><strong>in</strong></span> <span class='ocrx_word' id='word_1_695' title='bbox 2319 4181 2419 4234; x_wconf 90' lang='lat' dir='ltr'><strong>qua</strong></span> <span class='ocrx_word' id='word_1_696' title='bbox 2449 4167 2678 4219; x_wconf 81' lang='lat' dir='ltr'><strong>Pharao.</strong></span> <span class='ocrx_word' id='word_1_697' title='bbox 2711 4166 2960 4219; x_wconf 85' lang='lat' dir='ltr'><strong>Attamen</strong></span> <span class='ocrx_word' id='word_1_698' title='bbox 2994 4167 3128 4219; x_wconf 87' lang='lat' dir='ltr'><strong>nihil</strong></span> <span class='ocrx_word' id='word_1_699' title='bbox 3160 4165 3282 4219; x_wconf 89' lang='lat' dir='ltr'><strong>hinc</strong></span> <span class='ocrx_word' id='word_1_700' title='bbox 3306 4166 3615 4222; x_wconf 86' lang='lat' dir='ltr'><strong>detrimenti</strong></span> 
     </span>
    </p>
   </div>
   <div class='ocr_carea' id='block_1_97' title="bbox 2021 4255 3615 4327">
    <p class='ocr_par' dir='ltr' id='par_1_97' title="bbox 2021 4255 3615 4327">
     <span class='ocr_line' id='line_1_97' title="bbox 2021 4255 3615 4327; baseline 0.004 -20"><span class='ocrx_word' id='word_1_701' title='bbox 2021 4259 2248 4327; x_wconf 85' lang='lat' dir='ltr'><strong>accepit,</strong></span> <span class='ocrx_word' id='word_1_702' title='bbox 2280 4257 2376 4312; x_wconf 91' lang='lat' dir='ltr'><strong>sed</strong></span> <span class='ocrx_word' id='word_1_703' title='bbox 2404 4258 2565 4311; x_wconf 89' lang='lat' dir='ltr'><strong>etiam</strong></span> <span class='ocrx_word' id='word_1_704' title='bbox 2589 4257 2768 4311; x_wconf 84' lang='lat' dir='ltr'><strong>divina</strong></span> <span class='ocrx_word' id='word_1_705' title='bbox 2796 4255 3002 4311; x_wconf 86' lang='lat' dir='ltr'><strong>visione</strong></span> <span class='ocrx_word' id='word_1_706' title='bbox 3031 4256 3283 4326; x_wconf 82' lang='lat' dir='ltr'><strong>dignatus</strong></span> <span class='ocrx_word' id='word_1_707' title='bbox 3317 4268 3418 4320; x_wconf 84' lang='lat' dir='ltr'><strong>est,</strong></span> <span class='ocrx_word' id='word_1_708' title='bbox 3451 4267 3503 4312; x_wconf 90' lang='lat' dir='ltr'><strong>et</strong></span> <span class='ocrx_word' id='word_1_709' title='bbox 3536 4267 3615 4313; x_wconf 90' lang='lat' dir='ltr'><strong>ta-</strong></span> 
     </span>
    </p>
   </div>
   <div class='ocr_carea' id='block_1_98' title="bbox 2024 4345 3615 4417">
    <p class='ocr_par' dir='ltr' id='par_1_98' title="bbox 2024 4345 3615 4417">
     <span class='ocr_line' id='line_1_98' title="bbox 2024 4345 3615 4417; baseline 0.002 -16"><span class='ocrx_word' id='word_1_710' title='bbox 2024 4348 2131 4402; x_wconf 89' lang='lat' dir='ltr'><strong>lem</strong></span> <span class='ocrx_word' id='word_1_711' title='bbox 2159 4348 2320 4402; x_wconf 87' lang='lat' dir='ltr'><strong>vitam</strong></span> <span class='ocrx_word' id='word_1_712' title='bbox 2368 4346 2637 4410; x_wconf 80' lang='lat' dir='ltr'><strong>exhibuit,</strong></span> <span class='ocrx_word' id='word_1_713' title='bbox 2670 4346 2880 4416; x_wconf 91' lang='lat' dir='ltr'><strong>qualem</strong></span> <span class='ocrx_word' id='word_1_714' title='bbox 2923 4345 3121 4400; x_wconf 81' lang='lat' dir='ltr'><strong>Christi</strong></span> <span class='ocrx_word' id='word_1_715' title='bbox 3153 4347 3298 4417; x_wconf 85' lang='lat' dir='ltr'><strong>leges</strong></span> <span class='ocrx_word' id='word_1_716' title='bbox 3326 4349 3615 4417; x_wconf 86' lang='lat' dir='ltr'><strong>postulant.</strong></span> 
     </span>
    </p>
   </div>
   <div class='ocr_carea' id='block_1_99' title="bbox 2024 4438 3616 4511">
    <p class='ocr_par' dir='ltr' id='par_1_99' title="bbox 2024 4438 3616 4511">
     <span class='ocr_line' id='line_1_99' title="bbox 2024 4438 3616 4511; baseline 0.001 -17"><span class='ocrx_word' id='word_1_717' title='bbox 2024 4440 2090 4494; x_wconf 83' lang='lat' dir='ltr'><strong>Et</strong></span> <span class='ocrx_word' id='word_1_718' title='bbox 2119 4439 2221 4493; x_wconf 91' lang='lat' dir='ltr'><strong>hoc</strong></span> <span class='ocrx_word' id='word_1_719' title='bbox 2245 4439 2379 4493; x_wconf 89' lang='lat' dir='ltr'><strong>sciet</strong></span> <span class='ocrx_word' id='word_1_720' title='bbox 2408 4438 2650 4508; x_wconf 87' lang='lat' dir='ltr'><strong>quisquis</strong></span> <span class='ocrx_word' id='word_1_721' title='bbox 2679 4448 2929 4493; x_wconf 90' lang='lat' dir='ltr'><strong>accurate</strong></span> <span class='ocrx_word' id='word_1_722' title='bbox 2961 4439 3154 4493; x_wconf 90' lang='lat' dir='ltr'><strong>librum</strong></span> <span class='ocrx_word' id='word_1_723' title='bbox 3189 4439 3397 4510; x_wconf 88' lang='lat' dir='ltr'><strong>legerit,</strong></span> <span class='ocrx_word' id='word_1_724' title='bbox 3432 4442 3482 4495; x_wconf 92' lang='lat' dir='ltr'><strong>in</strong></span> <span class='ocrx_word' id='word_1_725' title='bbox 3512 4458 3616 4511; x_wconf 85' lang='lat' dir='ltr'><strong>quo</strong></span> 
     </span>
    </p>
   </div>
   <div class='ocr_carea' id='block_1_100' title="bbox 2021 4529 3616 4602">
    <p class='ocr_par' dir='ltr' id='par_1_100' title="bbox 2021 4529 3616 4602">
     <span class='ocr_line' id='line_1_100' title="bbox 2021 4529 3616 4602; baseline 0.001 -18"><span class='ocrx_word' id='word_1_726' title='bbox 2021 4540 2104 4585; x_wconf 89' lang='lat' dir='ltr'><strong>est</strong></span> <span class='ocrx_word' id='word_1_727' title='bbox 2142 4531 2363 4584; x_wconf 87' lang='lat' dir='ltr'><strong>historia</strong></span> <span class='ocrx_word' id='word_1_728' title='bbox 2393 4531 2517 4583; x_wconf 72' lang='lat' dir='ltr'><strong>vita:</strong></span> <span class='ocrx_word' id='word_1_729' title='bbox 2558 4530 2677 4599; x_wconf 86' lang='lat' dir='ltr'><strong>ejus</strong></span> <span class='ocrx_word' id='word_1_730' title='bbox 2702 4530 2802 4599; x_wconf 74' lang='grc' dir='ltr'><strong>(υ),</strong></span> <span class='ocrx_word' id='word_1_731' title='bbox 2853 4529 2940 4584; x_wconf 91' lang='lat' dir='ltr'><strong>ubi</strong></span> <span class='ocrx_word' id='word_1_732' title='bbox 2989 4531 3208 4586; x_wconf 83' lang='lat' dir='ltr'><strong>multant</strong></span> <span class='ocrx_word' id='word_1_733' title='bbox 3253 4532 3616 4602; x_wconf 83' lang='lat' dir='ltr'><strong>deprehendet</strong></span> 
     </span>
    </p>
   </div>
   <div class='ocr_carea' id='block_1_101' title="bbox 2021 4621 3622 4698">
    <p class='ocr_par' dir='ltr' id='par_1_101' title="bbox 2021 4621 3622 4698">
     <span class='ocr_line' id='line_1_101' title="bbox 2021 4621 3622 4698; baseline 0.003 -21"><span class='ocrx_word' id='word_1_734' title='bbox 2021 4623 2378 4694; x_wconf 80' lang='lat' dir='ltr'><strong>prophetiam.</strong></span> <span class='ocrx_word' id='word_1_735' title='bbox 2423 4621 2556 4676; x_wconf 75' lang='lat' dir='ltr'><strong>Nam</strong></span> <span class='ocrx_word' id='word_1_736' title='bbox 2601 4622 2687 4676; x_wconf 89' lang='lat' dir='ltr'><strong>illa</strong></span> <span class='ocrx_word' id='word_1_737' title='bbox 2727 4638 2848 4692; x_wconf 75' lang='lat' dir='ltr'><strong>qua:</strong></span> <span class='ocrx_word' id='word_1_738' title='bbox 2900 4623 3153 4679; x_wconf 83' lang='lat' dir='ltr'><strong>Arianico</strong></span> <span class='ocrx_word' id='word_1_739' title='bbox 3200 4626 3387 4681; x_wconf 77' lang='lat' dir='ltr'><strong>morbo</strong></span> <span class='ocrx_word' id='word_1_740' title='bbox 3436 4637 3622 4698; x_wconf 87' lang='lat' dir='ltr'><strong>captos</strong></span> 
     </span>
    </p>
   </div>
   <div class='ocr_carea' id='block_1_102' title="bbox 2021 4713 3616 4783">
    <p class='ocr_par' dir='ltr' id='par_1_102' title="bbox 2021 4713 3616 4783">
     <span class='ocr_line' id='line_1_102' title="bbox 2021 4713 3616 4783; baseline 0.004 -15"><span class='ocrx_word' id='word_1_741' title='bbox 2021 4716 2372 4783; x_wconf 86' lang='lat' dir='ltr'><strong>spectabant,</strong></span> <span class='ocrx_word' id='word_1_742' title='bbox 2430 4727 2638 4768; x_wconf 89' lang='lat' dir='ltr'><strong>necnon</strong></span> <span class='ocrx_word' id='word_1_743' title='bbox 2684 4713 3064 4769; x_wconf 88' lang='lat' dir='ltr'><strong>detrimentum</strong></span> <span class='ocrx_word' id='word_1_744' title='bbox 3117 4716 3240 4771; x_wconf 87' lang='lat' dir='ltr'><strong>inde</strong></span> <span class='ocrx_word' id='word_1_745' title='bbox 3283 4732 3616 4774; x_wconf 85' lang='lat' dir='ltr'><strong>emersurum</strong></span> 
     </span>
    </p>
   </div>
   <div class='ocr_carea' id='block_1_103' title="bbox 2021 4807 3621 4880">
    <p class='ocr_par' dir='ltr' id='par_1_103' title="bbox 2021 4807 3621 4880">
     <span class='ocr_line' id='line_1_103' title="bbox 2021 4807 3621 4880; baseline 0.002 -16"><span class='ocrx_word' id='word_1_746' title='bbox 2021 4808 2420 4878; x_wconf 68' lang='lat' dir='ltr'><strong>praenuntiavit,</strong></span> <span class='ocrx_word' id='word_1_747' title='bbox 2471 4807 2581 4861; x_wconf 90' lang='lat' dir='ltr'><strong>Deo</strong></span> <span class='ocrx_word' id='word_1_748' title='bbox 2624 4807 2809 4876; x_wconf 91' lang='lat' dir='ltr'><strong>utique</strong></span> <span class='ocrx_word' id='word_1_749' title='bbox 2857 4808 3149 4873; x_wconf 85' lang='lat' dir='ltr'><strong>revelante,</strong></span> <span class='ocrx_word' id='word_1_750' title='bbox 3199 4819 3252 4864; x_wconf 83' lang='lat' dir='ltr'><strong>et</strong></span> <span class='ocrx_word' id='word_1_751' title='bbox 3295 4812 3471 4865; x_wconf 84' lang='lat' dir='ltr'><strong>omnia</strong></span> <span class='ocrx_word' id='word_1_752' title='bbox 3503 4828 3621 4880; x_wconf 81' lang='lat' dir='ltr'><strong>qu;e</strong></span> 
     </span>
    </p>
   </div>
   <div class='ocr_carea' id='block_1_104' title="bbox 2022 4900 3616 4974">
    <p class='ocr_par' dir='ltr' id='par_1_104' title="bbox 2022 4900 3616 4974">
     <span class='ocr_line' id='line_1_104' title="bbox 2022 4900 3616 4974; baseline 0.001 -18"><span class='ocrx_word' id='word_1_753' title='bbox 2022 4901 2196 4956; x_wconf 83' lang='lat' dir='ltr'><strong>futura</strong></span> <span class='ocrx_word' id='word_1_754' title='bbox 2242 4909 2395 4954; x_wconf 87' lang='lat' dir='ltr'><strong>erant</strong></span> <span class='ocrx_word' id='word_1_755' title='bbox 2426 4916 2534 4967; x_wconf 64' lang='lat' dir='ltr'><strong>pra:</strong></span> <span class='ocrx_word' id='word_1_756' title='bbox 2576 4901 2747 4954; x_wconf 87' lang='lat' dir='ltr'><strong>oculis</strong></span> <span class='ocrx_word' id='word_1_757' title='bbox 2788 4900 2886 4969; x_wconf 81' lang='lat' dir='ltr'><strong>ipsi</strong></span> <span class='ocrx_word' id='word_1_758' title='bbox 2931 4912 3161 4968; x_wconf 89' lang='lat' dir='ltr'><strong>ponente</strong></span> <span class='ocrx_word' id='word_1_759' title='bbox 3192 4919 3205 4955; x_wconf 88' lang='lat'><strong>:</strong></span> <span class='ocrx_word' id='word_1_760' title='bbox 3243 4903 3293 4957; x_wconf 89' lang='lat' dir='ltr'><strong>id</strong></span> <span class='ocrx_word' id='word_1_761' title='bbox 3324 4905 3466 4974; x_wconf 81' lang='lat' dir='ltr'><strong>quod</strong></span> <span class='ocrx_word' id='word_1_762' title='bbox 3498 4920 3616 4960; x_wconf 85' lang='lat' dir='ltr'><strong>enm</strong></span> 
     </span>
    </p>
   </div>
   <div class='ocr_carea' id='block_1_105' title="bbox 2023 4991 3617 5066">
    <p class='ocr_par' dir='ltr' id='par_1_105' title="bbox 2023 4991 3617 5066">
     <span class='ocr_line' id='line_1_105' title="bbox 2023 4991 3617 5066; baseline -0.001 -19"><span class='ocrx_word' id='word_1_763' title='bbox 2023 4994 2142 5048; x_wconf 88' lang='lat' dir='ltr'><strong>aliis</strong></span> <span class='ocrx_word' id='word_1_764' title='bbox 2170 4991 2330 5047; x_wconf 89' lang='lat' dir='ltr'><strong>etiam</strong></span> <span class='ocrx_word' id='word_1_765' title='bbox 2354 4991 2619 5060; x_wconf 88' lang='lat' dir='ltr'><strong>adjunctis</strong></span> <span class='ocrx_word' id='word_1_766' title='bbox 2647 4993 2936 5046; x_wconf 88' lang='lat' dir='ltr'><strong>maximum</strong></span> <span class='ocrx_word' id='word_1_767' title='bbox 2962 5005 3044 5047; x_wconf 89' lang='lat' dir='ltr'><strong>est</strong></span> <span class='ocrx_word' id='word_1_768' title='bbox 3067 4994 3305 5048; x_wconf 86' lang='lat' dir='ltr'><strong>veritatis</strong></span> <span class='ocrx_word' id='word_1_769' title='bbox 3329 5011 3617 5066; x_wconf 86' lang='lat' dir='ltr'><strong>argumen-</strong></span> 
     </span>
    </p>
   </div>
   <div class='ocr_carea' id='block_1_106' title="bbox 2027 5082 3613 5153">
    <p class='ocr_par' dir='ltr' id='par_1_106' title="bbox 2027 5082 3613 5153">
     <span class='ocr_line' id='line_1_106' title="bbox 2027 5082 3613 5153; baseline 0.003 -16"><span class='ocrx_word' id='word_1_770' title='bbox 2027 5094 2158 5150; x_wconf 89' lang='lat' dir='ltr'><strong>tum,</strong></span> <span class='ocrx_word' id='word_1_771' title='bbox 2190 5083 2331 5153; x_wconf 90' lang='lat' dir='ltr'><strong>quod</strong></span> <span class='ocrx_word' id='word_1_772' title='bbox 2373 5082 2621 5137; x_wconf 86' lang='lat' dir='ltr'><strong>videlicet</strong></span> <span class='ocrx_word' id='word_1_773' title='bbox 2658 5082 2803 5136; x_wconf 88' lang='lat' dir='ltr'><strong>nulla</strong></span> <span class='ocrx_word' id='word_1_774' title='bbox 2852 5082 3074 5137; x_wconf 71' lang='lat' dir='ltr'><strong>haeresis</strong></span> <span class='ocrx_word' id='word_1_775' title='bbox 3119 5085 3278 5138; x_wconf 91' lang='lat' dir='ltr'><strong>talem</strong></span> <span class='ocrx_word' id='word_1_776' title='bbox 3310 5085 3506 5141; x_wconf 85' lang='lat' dir='ltr'><strong>habeat</strong></span> <span class='ocrx_word' id='word_1_777' title='bbox 3533 5089 3613 5142; x_wconf 85' lang='lat' dir='ltr'><strong>vi-</strong></span> 
     </span>
    </p>
   </div>
   <div class='ocr_carea' id='block_1_107' title="bbox 2025 5175 3621 5250">
    <p class='ocr_par' dir='ltr' id='par_1_107' title="bbox 2025 5175 3621 5250">
     <span class='ocr_line' id='line_1_107' title="bbox 2025 5175 3621 5250; baseline 0.003 -20"><span class='ocrx_word' id='word_1_778' title='bbox 2025 5192 2163 5230; x_wconf 91' lang='lat' dir='ltr'><strong>rum.</strong></span> <span class='ocrx_word' id='word_1_779' title='bbox 2192 5175 2298 5231; x_wconf 91' lang='lat' dir='ltr'><strong>Sed</strong></span> <span class='ocrx_word' id='word_1_780' title='bbox 2325 5191 2393 5230; x_wconf 88' lang='lat' dir='ltr'><strong>ne</strong></span> <span class='ocrx_word' id='word_1_781' title='bbox 2423 5176 2562 5230; x_wconf 91' lang='lat' dir='ltr'><strong>ultra</strong></span> <span class='ocrx_word' id='word_1_782' title='bbox 2598 5175 2713 5230; x_wconf 63' lang='lat' dir='ltr'><strong>haec</strong></span> <span class='ocrx_word' id='word_1_783' title='bbox 2742 5191 2773 5229; x_wconf 89' lang='lat' dir='ltr'><strong>a</strong></span> <span class='ocrx_word' id='word_1_784' title='bbox 2798 5176 2953 5232; x_wconf 91' lang='lat' dir='ltr'><strong>nobis</strong></span> <span class='ocrx_word' id='word_1_785' title='bbox 2978 5177 3166 5234; x_wconf 86' lang='lat' dir='ltr'><strong>audire</strong></span> <span class='ocrx_word' id='word_1_786' title='bbox 3188 5182 3444 5250; x_wconf 82' lang='lat' dir='ltr'><strong>pergulis,</strong></span> <span class='ocrx_word' id='word_1_787' title='bbox 3482 5182 3526 5235; x_wconf 92' lang='lat' dir='ltr'><strong>si</strong></span> <span class='ocrx_word' id='word_1_788' title='bbox 3557 5183 3621 5236; x_wconf 86' lang='lat' dir='ltr'><strong>li-</strong></span> 
     </span>
    </p>
   </div>
   <div class='ocr_carea' id='block_1_108' title="bbox 2028 5266 3617 5338">
    <p class='ocr_par' dir='ltr' id='par_1_108' title="bbox 2028 5266 3617 5338">
     <span class='ocr_line' id='line_1_108' title="bbox 2028 5266 3617 5338; baseline -0.003 -14"><span class='ocrx_word' id='word_1_789' title='bbox 2028 5269 2181 5324; x_wconf 90' lang='lat' dir='ltr'><strong>brum</strong></span> <span class='ocrx_word' id='word_1_790' title='bbox 2211 5270 2263 5322; x_wconf 89' lang='lat' dir='ltr'><strong>in</strong></span> <span class='ocrx_word' id='word_1_791' title='bbox 2289 5285 2395 5338; x_wconf 90' lang='lat' dir='ltr'><strong>quo</strong></span> <span class='ocrx_word' id='word_1_792' title='bbox 2416 5267 2532 5323; x_wconf 69' lang='lat' dir='ltr'><strong>hrec</strong></span> <span class='ocrx_word' id='word_1_793' title='bbox 2559 5268 2757 5338; x_wconf 89' lang='lat' dir='ltr'><strong>scripta</strong></span> <span class='ocrx_word' id='word_1_794' title='bbox 2779 5277 2903 5322; x_wconf 91' lang='lat' dir='ltr'><strong>sunt</strong></span> <span class='ocrx_word' id='word_1_795' title='bbox 2929 5266 3139 5338; x_wconf 87' lang='lat' dir='ltr'><strong>legatis,</strong></span> <span class='ocrx_word' id='word_1_796' title='bbox 3173 5284 3420 5326; x_wconf 88' lang='lat' dir='ltr'><strong>accurate</strong></span> <span class='ocrx_word' id='word_1_797' title='bbox 3443 5277 3617 5326; x_wconf 76' lang='lat' dir='ltr'><strong>munia</strong></span> 
     </span>
    </p>
   </div>
   <div class='ocr_carea' id='block_1_109' title="bbox 2040 5366 3615 5439">
    <p class='ocr_par' dir='ltr' id='par_1_109' title="bbox 2040 5366 3615 5439">
     <span class='ocr_line' id='line_1_109' title="bbox 2040 5366 3615 5439; baseline -0.005 -8"><span class='ocrx_word' id='word_1_798' title='bbox 2040 5373 2283 5431; x_wconf 88' lang='lat' dir='ltr'><strong>ediscere</strong></span> <span class='ocrx_word' id='word_1_799' title='bbox 2311 5366 2585 5439; x_wconf 89' lang='lat' dir='ltr'><strong>poteritis,</strong></span> <span class='ocrx_word' id='word_1_800' title='bbox 2621 5375 2674 5420; x_wconf 88' lang='lat' dir='ltr'><strong>et</strong></span> <span class='ocrx_word' id='word_1_801' title='bbox 2707 5367 2936 5421; x_wconf 87' lang='lat' dir='ltr'><strong>multam</strong></span> <span class='ocrx_word' id='word_1_802' title='bbox 2982 5367 3104 5423; x_wconf 87' lang='lat' dir='ltr'><strong>inde</strong></span> <span class='ocrx_word' id='word_1_803' title='bbox 3137 5368 3352 5422; x_wconf 89' lang='lat' dir='ltr'><strong>haurire</strong></span> <span class='ocrx_word' id='word_1_804' title='bbox 3381 5370 3615 5439; x_wconf 82' lang='lat' dir='ltr'><strong>philoso-</strong></span> 
     </span>
    </p>
   </div>
   <div class='ocr_carea' id='block_1_110' title="bbox 2041 5460 3650 5537">
    <p class='ocr_par' dir='ltr' id='par_1_110' title="bbox 2041 5460 3650 5537">
     <span class='ocr_line' id='line_1_110' title="bbox 2041 5460 3650 5537; baseline -0.001 -17"><span class='ocrx_word' id='word_1_805' title='bbox 2041 5466 2247 5537; x_wconf 87' lang='lat' dir='ltr'><strong>phiam.</strong></span> <span class='ocrx_word' id='word_1_806' title='bbox 2270 5460 2383 5514; x_wconf 85' lang='lat' dir='ltr'><strong>lloc</strong></span> <span class='ocrx_word' id='word_1_807' title='bbox 2407 5467 2586 5513; x_wconf 86' lang='lat' dir='ltr'><strong>autem</strong></span> <span class='ocrx_word' id='word_1_808' title='bbox 2617 5475 2749 5529; x_wconf 84' lang='lat' dir='ltr'><strong>rogo</strong></span> <span class='ocrx_word' id='word_1_809' title='bbox 2779 5476 2886 5514; x_wconf 83' lang='lat' dir='ltr'><strong>non</strong></span> <span class='ocrx_word' id='word_1_810' title='bbox 2913 5472 2970 5514; x_wconf 92' lang='lat' dir='ltr'><strong>ut</strong></span> <span class='ocrx_word' id='word_1_811' title='bbox 2999 5460 3192 5514; x_wconf 83' lang='lat' dir='ltr'><strong>librum</strong></span> <span class='ocrx_word' id='word_1_812' title='bbox 3226 5461 3491 5519; x_wconf 77' lang='lat' dir='ltr'><strong>adeamus</strong></span> <span class='ocrx_word' id='word_1_813' title='bbox 3511 5471 3650 5518; x_wconf 70' lang='lat' dir='ltr'><strong>tan-</strong></span> 
     </span>
    </p>
   </div>
   <div class='ocr_carea' id='block_1_111' title="bbox 2086 5755 3616 5831">
    <p class='ocr_par' dir='ltr' id='par_1_111' title="bbox 2086 5755 3616 5831">
     <span class='ocr_line' id='line_1_111' title="bbox 2086 5755 3616 5831; baseline 0.012 -30"><span class='ocrx_word' id='word_1_814' title='bbox 2086 5755 2158 5831; x_wconf 68' lang='grc' dir='ltr'>((ι)</span> <span class='ocrx_word' id='word_1_815' title='bbox 2193 5757 2276 5803; x_wconf 80' lang='lat' dir='ltr'><strong>uie</strong></span> <span class='ocrx_word' id='word_1_816' title='bbox 2298 5756 2598 5831; x_wconf 38' lang='lat' dir='ltr'><strong>llztolldtllllllc</strong></span> <span class='ocrx_word' id='word_1_817' title='bbox 2624 5758 2834 5831; x_wconf 78' lang='lat' dir='ltr'><strong>loquitur</strong></span> <span class='ocrx_word' id='word_1_818' title='bbox 2857 5759 3047 5831; x_wconf 65' lang='lat' dir='ltr'><strong>devita</strong></span> <span class='ocrx_word' id='word_1_819' title='bbox 3071 5768 3116 5811; x_wconf 85' lang='lat' dir='ltr'><strong>S.</strong></span> <span class='ocrx_word' id='word_1_820' title='bbox 3146 5771 3332 5817; x_wconf 77' lang='lat' dir='ltr'><strong>Adtonit</strong></span> <span class='ocrx_word' id='word_1_821' title='bbox 3363 5783 3450 5831; x_wconf 78' lang='lat' dir='ltr'><strong>per</strong></span> <span class='ocrx_word' id='word_1_822' title='bbox 3474 5775 3616 5824; x_wconf 60' lang='lat' dir='ltr'><strong>Atha.</strong></span> 
     </span>
    </p>
   </div>
   <div class='ocr_carea' id='block_1_112' title="bbox 2024 5819 3074 5881">
    <p class='ocr_par' dir='ltr' id='par_1_112' title="bbox 2024 5819 3074 5881">
     <span class='ocr_line' id='line_1_112' title="bbox 2024 5819 3074 5881; baseline 0.007 -17"><span class='ocrx_word' id='word_1_823' title='bbox 2024 5819 2210 5866; x_wconf 85' lang='lat' dir='ltr'><strong>nasittm</strong></span> <span class='ocrx_word' id='word_1_824' title='bbox 2234 5819 2653 5881; x_wconf 77' lang='lat' dir='ltr'><strong>archiepiscoptmi</strong></span> <span class='ocrx_word' id='word_1_825' title='bbox 2679 5819 3074 5872; x_wconf 78' lang='lat' dir='ltr'><strong>Alexandrinum.</strong></span> 
     </span>
    </p>
   </div>
  </div>
