4082 6494
545 431 748 501 ωΛπς

557 572 694 624 tum,
726 560 824 616 sed
875 569 931 614 et
986 575 1046 613 en
1077 573 1198 627 qua:
1251 556 1324 610 ibi
1372 554 1572 625 scripta
1612 562 1744 609 sunt
1799 553 2101 611 imitemur,

546 679 728 734 neque
766 665 969 726 locum,
1011 663 1097 718 vel
1133 661 1517 728 educationem
1540 703 1555 728 ,
1582 662 1666 716 vel
1701 660 1970 730 majorum
2005 670 2107 711 no-

539 775 783 824 strorum
829 767 1128 837 nequitiam
1170 766 1556 822 obtendamus.
1606 765 1662 821 Si
1693 765 1840 820 enim
1871 761 2104 817 velimus

545 875 855 939 attendere,
890 873 1028 928 nihil
1081 873 1274 928 horum
1326 873 1488 928 nobis
1521 870 1915 942 impedimento
1973 868 2100 924 erit.

543 978 678 1034 Nam
729 977 1003 1032 Abraham
1051 977 1280 1046 impium
1337 985 1547 1054 patrem
1587 975 1803 1040 habuit,
1851 973 1948 1028 sed
1991 973 2111 1044 ejus

546 1081 852 1151 nequitiam
882 1097 990 1135 non
1023 1082 1272 1151 excepit;
1302 1080 1565 1135 Erechias
1587 1078 1732 1132 (ilius
1751 1078 1954 1133 Achazi
1986 1077 2109 1140 fuit,

545 1193 602 1238 et
649 1193 833 1238 tamen
862 1184 959 1238 Dei
988 1184 1198 1239 amicus
1224 1184 1456 1239 effectus
1495 1194 1616 1250 est;
1659 1182 1864 1252 Joseplt
1895 1197 2024 1237 vero
2053 1181 2110 1236 in

547 1286 728 1341 media
756 1285 987 1358 Egypto
1021 1287 1286 1342 castitatis
1319 1302 1523 1342 corona
1563 1286 1853 1342 redimitus
1887 1295 2003 1351 est;
2046 1301 2111 1341 ac

542 1397 654 1445 tres
680 1391 838 1461 pueri
860 1391 916 1446 in
950 1391 1128 1447 media
1151 1391 1447 1463 Babylone,
1473 1391 1639 1462 inque
1665 1391 1864 1447 mediis
1876 1390 2106 1456 aedibus,

554 1505 676 1546 cum
715 1492 1017 1564 Sybaritica
1070 1511 1259 1550 mensa
1304 1506 1561 1567 apparata
1614 1506 1779 1563 esset,
1841 1512 2107 1552 summam

538 1586 840 1652 exhibuere
870 1597 1302 1669 philosophiam;
1330 1593 1389 1654 ul
1410 1607 1466 1655 et
1493 1598 1703 1670 Moyses
1726 1601 1780 1654 in
1799 1597 2030 1672 Egypto
2052 1609 2108 1655 et

1288 416 1346 472 Β.
1385 415 1670 474 JOANNIS
1708 412 2197 477 CllllYSOSTOlll
2239 417 2553 477 ABCIIIEP.
2594 403 3143 473 CONSTANTISOP.

3568 398 3654 451 90.
3673 396 3767 454 I73

2210 545 2413 601 Paulus
2452 546 2508 599 in
2542 542 2676 599 orbe
2703 559 2718 596 :
2743 540 2994 608 nihilque
3035 539 3121 591 his
3152 534 3415 590 omnibus
3444 533 3512 586 ad
3554 532 3773 588 virtutis

2212 666 2438 705 cursum
2475 650 2579 704 fuit
2612 645 3036 718 impedimento.
3064 642 3188 697 llaec
3209 641 3393 710 itaque
3413 636 3596 692 omnia
3623 638 3772 708 cogi-

2207 763 2404 818 tantes,
2439 753 2757 808 occasiones
2801 759 2858 804 et
2899 747 3160 802 obtentus
3197 742 3510 814 hujusmodi
3558 741 3627 796 de
3660 755 3776 795 me-

2202 860 2294 916 dio
2328 860 2602 921 tollamus,
2648 855 2986 924 sudoresque
3013 867 3114 922 pro
3141 849 3349 904 virtute
3382 845 3642 902 sectanda
3670 843 3772 899 ad-

2210 979 2420 1021 eamus.
2443 963 2535 1019 Sic
2554 963 2701 1018 enim
2740 961 2911 1015 Deum
2941 957 3009 1014 ad
3038 957 3302 1027 majorem
3328 967 3457 1022 erga
3485 967 3584 1004 nos
3607 949 3777 1005 bene-

2211 1070 2508 1125 volentiam
2565 1065 2954 1130 attraltemus,
3016 1057 3540 1132 impetrabimusqne
3605 1065 3669 1109 ut
3724 1055 3777 1109 in

2211 1173 2608 1230 certaminibus
2652 1171 2812 1225 nobis
2837 1167 3158 1240 Opituletur,
3191 1173 3356 1233 atque
3390 1158 3614 1216 :cternis
3635 1157 3788 1212 frue-

2212 1300 2336 1338 mur
2369 1281 2634 1338 coronis:
2666 1295 2804 1350 quas
2860 1277 3070 1333 utinam
3123 1286 3315 1328 onmcs
3355 1281 3780 1337 consequamur,

2221 1389 2396 1460 gratia
2443 1397 2501 1443 et
2548 1385 2887 1456 benignitate
2950 1379 3166 1438 Domini
3220 1375 3394 1432 nostri
3446 1372 3576 1429 Jcsu
3624 1369 3782 1426 Chri-

2214 1495 2306 1560 sti,
2348 1493 2436 1549 cui
2482 1491 2656 1562 gloria
2686 1499 2742 1545 et
2769 1488 3060 1559 imperium
3092 1486 3145 1539 in
3176 1481 3373 1539 sarcula
3431 1476 3783 1534 saeculorum.

2212 1600 2413 1656 Amen.

543 2625 1085 2645 wm—a
1097 2626 1132 2636 ο

1914 2851 2260 2912 HOMILIA
2305 2852 2419 2912 1X.

539 3096 668 3154 Car.
696 3096 751 3164 2,
787 3113 839 3151 ν.
873 3097 961 3151 l6.
1011 3095 1153 3150 Tunc
1202 3095 1433 3152 Herodes
1473 3095 1651 3148 videns
1696 3091 1946 3162 quoniam
1985 3088 2112 3143 illu-

608 3217 697 3256 sus
734 3210 863 3254 esset
907 3219 939 3255 α
999 3201 1188 3268 magis,
1226 3201 1397 3253 iratus
1440 3207 1516 3252 est
1562 3195 1716 3250 valde
1755 3205 1849 3250 :et
1905 3197 2114 3247 mittens

624 3305 810 3358 occidit
852 3319 1029 3356 omnes
1062 3318 1272 3372 pueros,
1307 3303 1399 3372 qui
1435 3311 1587 3355 erant
1623 3301 1676 3354 in
1712 3298 2030 3362 Bethleltem,
2067 3308 2114 3350 ct

612 3406 670 3460 in
705 3406 938 3464 omnibus
972 3405 1166 3472 ﬁnibus
1193 3405 1324 3474 ejus,
1366 3423 1396 3458 α
1427 3405 1625 3457 bimam
1664 3412 1713 3454 et
1736 3404 1900 3470 infra,
1936 3418 2118 3455 senm-

623 3510 748 3563 dum
789 3519 992 3579 tempus
1025 3508 1164 3578 quod
1189 3508 1508 3578 exquisierat
1549 3526 1580 3560 η
1617 3507 1806 3572 magis.

625 3727 677 3782 l.
714 3725 874 3788 Certe
909 3740 1018 3793 non
1055 3722 1343 3793 oportebat
1372 3722 1525 3776 illum
1574 3721 1757 3786 irasci,
1800 3720 1894 3774 sed
1934 3719 2118 3791 potius

559 3829 756 3882 timere
781 3835 834 3881 ct
865 3826 1175 3895 comprimi,
1213 3833 1378 3894 atque
1411 3823 1715 3893 intelligere
1750 3839 1808 3877 se
1844 3838 1959 3877 rem
2002 3831 2119 3877 ten-

549 3940 688 3994 tare,
718 3945 880 3998 quam
904 3944 1013 3983 non
1049 3939 1234 3999 posset
1262 3927 1526 3998 perlicere
1548 3929 1588 3980 ί.
1621 3926 1691 3982 At
1718 3927 1810 3981 ille
1832 3941 1940 3981 non
1963 3941 2118 3981 coer-

555 4044 732 4090 cetur.
757 4033 986 4099 Quando
1019 4021 1164 4106 enim
1195 4031 1478 4101 improbus
1506 4020 1722 4085 animus
1752 4039 1808 4085 et.
1837 4031 2115 4085 insanabi-

555 4139 628 4194 lis
658 4146 761 4199 est.
797 4137 933 4192 nulli
963 4135 1160 4190 cedita
1184 4135 1297 4189 Deo
1327 4149 1601 4189 concessa:
1638 4132 1942 4188 medicinae.
1977 4133 2110 4189 Vide

555 4241 726 4312 igitur
750 4240 902 4294 illum
931 4238 1214 4309 prioribus
1257 4236 1596 4291 insistentem
1619 4277 1633 4300 ,
1676 4245 1730 4290 et
1756 4238 1955 4291 eaedem
1979 4237 2112 4292 cadi

543 4348 888 4418 jungentem,
921 4352 1084 4411 atque
1108 4357 1205 4412 per
1233 4341 1529 4411 praecipitia
1558 4341 1801 4410 undique
1839 4351 2111 4396 ruentem.

544 4452 680 4509 Nam
715 4450 871 4520 quasi
902 4466 930 4503 a
961 4449 1197 4518 quodam
1235 4448 1480 4503 daemone
1517 4447 1619 4502 hac
1670 4449 1750 4501 ira
1799 4449 2110 4518 invidiaque

547 4554 808 4624 percitus,
835 4553 984 4608 nulla
1029 4553 1240 4606 ratione
1277 4551 1545 4615 frenatur,
1580 4551 1675 4606 sed
1709 4560 1896 4606 contra
1933 4552 2105 4620 ipsane.

546 4661 682 4716 furit
706 4669 976 4724 naturam,
1014 4657 1280 4726 iramque,
1311 4671 1471 4726 quam
1492 4666 1681 4711 contra
1701 4671 1883 4726 magos
1908 4656 2009 4711 sibi
2043 4658 2103 4712 il-

546 4765 799 4820 ludentes
818 4770 1161 4832 conceperat,
1189 4773 1376 4816 contra
1408 4759 1654 4816 insontes
1683 4774 1885 4830 pueros
1908 4775 2107 4816 exone—

548 4876 649 4931 rat,
679 4865 857 4921 simile
903 4865 1115 4920 facinus
1143 4865 1198 4919 in
1224 4865 1510 4920 Palaestina
1545 4879 1832 4935 aggressus
1859 4864 1908 4919 ei
1957 4866 2103 4936 quod

547 4971 683 5027 olim
717 4971 773 5024 in
802 4968 1033 5040 Egypto
1057 4978 1430 5039 perpetratum
1464 4967 1666 5022 fuerat.
1690 4965 1824 5022 Nam
1857 4967 1952 5032 ait,
1979 4968 2103 5023 Mit-

545 5086 660 5132 tens
689 5076 874 5132 occidit
897 5091 1074 5130 omnes
1099 5092 1285 5142 pueros
1309 5077 1364 5130 in
1386 5073 1704 5138 Bethlelicm,
1728 5076 1851 5129 etin
1869 5076 2105 5132 omnibus

543 5181 735 5249 ﬁnibus
791 5185 927 5251 ejus,
971 5199 1004 5235 α
1041 5179 1239 5234 bimatu
1271 5187 1320 5232 ct
1363 5180 1528 5248 infra,
1579 5180 1863 5235 secundum
1903 5193 2105 5254 tempus

545 5284 682 5355 quod
733 5287 1055 5352 exquisicrat
1099 5301 1128 5336 a
1166 5283 1353 5353 magis.
1391 5282 1489 5338 llic
1520 5283 1657 5339 mihi
1703 5284 1993 5356 diligenter
2022 5295 2104 5342 at-

608 5547 624 5578 ¹
669 5543 955 5619 Sic‘Sull.‘
977 5552 1032 5619 et
1069 5559 1242 5616 omnes
1275 5560 1403 5619 pene
1437 5547 1764 5619 Llsslhlorel.
1802 5550 2026 5619 μεεὶρ...
2052 5565 2104 5602 se

542 5614 872 5720 ,νεηηῖίᾶξωαη
912 5607 1132 5670 stattam;
1172 5607 1244 5660 sic
1274 5607 1423 5661 etiam
1464 5609 1591 5674 legit
1632 5607 1881 5674 Georgius
1916 5613 2106 5677 Trape'

2218 3088 2445 3146 tendite.
2486 3089 2703 3146 Etenim
2738 3091 2898 3146 multi
2947 3092 3180 3168 plurima
3231 3096 3376 3152 circa
3417 3111 3626 3166 pueros
3650 3100 3789 3155 istos

2217 3203 2512 3264 nugantur,
2543 3197 2869 3266 injustitiam
2891 3199 3021 3253 facti
3047 3199 3433 3269 criminantes;
3454 3203 3546 3258 alii
3565 3203 3790 3275 quidem

2215 3299 2522 3355 modestius
2572 3301 2676 3354 hac
2708 3301 2776 3354 de
2826 3316 2885 3356 re
2931 3301 3098 3357 dubia
3140 3315 3492 3375 proponunt;
3527 3308 3621 3362 alii
3662 3324 3791 3364 vero

2219 3404 2482 3460 audacius
2511 3415 2567 3460 et
2617 3406 2900 3462 furiosius.
2955 3409 3026 3464 Ut
3070 3409 3237 3479 igitur
3279 3411 3382 3466 hos
3410 3413 3480 3466 ab
3525 3416 3788 3478 amentia,

2216 3506 2354 3562 alios
2385 3525 2415 3562 a
2435 3509 2784 3564 dubitatione
2822 3511 3143 3577 liberemus,
3176 3515 3451 3583 patienter
3477 3531 3577 3572 nos
3601 3518 3789 3574 audite

2215 3612 2283 3666 de
2315 3612 2406 3665 tali
2440 3622 2762 3682 argumento
2794 3613 3037 3669 breviter
3069 3615 3433 3686 disputantes.
3472 3619 3606 3673 Nam
3641 3621 3685 3677 si
3724 3639 3786 3676 ea

2214 3719 2284 3774 de
2316 3735 2373 3774 re
2405 3719 2795 3783 criminantur,
2826 3722 2972 3790 quod
2998 3737 3293 3792 puerorum
3327 3724 3505 3778 czedes
3545 3726 3788 3796 neglecta

2217 3823 2405 3884 fuerit,
2437 3823 2804 3877 criminentur
2829 3823 2994 3877 etiam
3014 3824 3084 3878 ob
3112 3824 3344 3880 militum
3365 3827 3586 3882 Petrum
3603 3839 3791 3886 custo-

2215 3926 2485 3981 dientium
2537 3942 2750 3983 necem.
2789 3926 3260 3994 Quemadmodum
3296 3930 3450 3986 enim
3481 3930 3574 3986 hic
3611 3948 3787 4002 puero

2214 4019 2478 4099 fugiente,
2511 4031 2601 4084 alii
2634 4030 2789 4101 pueri
2822 4046 2924 4101 pro
2961 4047 3028 4086 eo
3067 4032 3161 4103 qui
3197 4033 3550 4104 qua-rebatur
3579 4035 3790 4091 interfi-

2217 4134 2476 4188 ciuntur:
2500 4135 2571 4190 ita
2593 4144 2722 4189 tunc
2739 4152 2861 4191 cum
2877 4137 3076 4192 Petrus
3100 4154 3165 4192 ex
3179 4154 3400 4194 carcere
3422 4151 3479 4195 et
3501 4156 3568 4195 ex
3580 4143 3789 4196 catenis

2215 4238 2283 4292 ab
2307 4238 2499 4307 angelo
2531 4239 2791 4293 liberatus
2814 4249 2979 4304 esset,
2999 4239 3218 4309 quidam
3245 4248 3478 4312 tyranno
3496 4243 3718 4298 nomine
3731 4253 3789 4300 ct

2219 4342 2468 4397 moribus
2485 4343 2706 4410 similis,
2726 4359 2856 4398 eum
2873 4361 2998 4398 eum
3013 4345 3322 4414 quaesisset,
3344 4362 3448 4402 nec
3463 4348 3784 4416 invenisset,

2218 4444 2425 4500 milites
2462 4445 2555 4515 qui
2579 4460 2706 4501 eum
2739 4446 3127 4502 custodiebant
3145 4463 3246 4519 pro
3264 4450 3357 4504 illo
3375 4450 3656 4506 interfecit
3683 4450 3778 4523 (α).

2213 4552 2279 4605 Et.
2307 4551 2440 4621 quid
2465 4552 2601 4608 hoc?
2627 4553 2878 4622 inquies;
2901 4554 3017 4610 haec
3046 4569 3157 4610 non
3176 4557 3495 4620 estsolutio,
3514 4546 3608 4613 sed
3629 4559 3781 4613 addi.

2215 4664 2518 4711 tamentam
2546 4656 2611 4711 ad
2633 4658 3014 4728 quit-stionem.
3045 4657 3161 4715 Hoc
3189 4660 3326 4714 bene.
3351 4661 3477 4714 novi
3503 4676 3604 4731 ego
3624 4680 3638 4715 :
3660 4664 3780 4719 ideo

2213 4767 2326 4824 hare
2346 4767 2522 4823 omnia
2548 4771 2601 4822 ln
2630 4765 2864 4823 medium
2889 4766 3122 4838 profero,
3151 4775 3208 4822 ut
3230 4769 3477 4825 omnibus
3501 4789 3662 4829 unam
3690 4770 3781 4828 ad-

2211 4860 2332 4915 dam
2360 4859 2695 4914 solutionem.
2722 4857 2976 4927 Qitmtiant
3009 4858 3169 4928 igitur
3209 4867 3285 4913 est
3333 4858 3418 4912 illa
3460 4858 3697 4914 solutio?
3731 4870 3783 4916 et

2212 4965 2365 5021 quam
2390 4949 2714 5022 probabilem
2731 4951 3052 5006 solutionem
3072 4949 3263 5006 afferre
3289 4953 3605 5019 possumus?
3629 4953 3782 5007 Chri-

2213 5073 2356 5119 stum
2383 5064 2591 5118 scilicet
2613 5078 2721 5118 non
2743 5061 2913 5116 fuisse
2935 5060 3069 5130 ipsis
3087 5059 3237 5112 necis
3257 5072 3498 5121 causam,
3518 5057 3614 5112 sed
3638 5055 3778 5116 regis

2213 5171 2616 5236 crudelitatem,
2631 5167 3281 5240 quemadmodunmeque
3299 5165 3404 5220 illis
3421 5164 3667 5228 Petrum,
3684 5160 3780 5218 sed

2274 5425 2344 5486 (α)
2367 5422 2503 5486 Quod
2526 5421 2606 5471 hic
2629 5421 2746 5486 dicit
2764 5419 3157 5486 Chrysestomus,
3182 5414 3463 5486 Herodem.
3480 5412 3651 5486 elapso
3676 5407 3774 5486 ἰξε-

2210 5471 2304 5544 υγῖ,
2329 5471 2514 5534 milites
2539 5481 2771 5544 custodes
2796 5471 3068 5544 occidisse,
3102 5471 3410 5544 eumtimeo
3439 5471 3674 5544 Λριειυτιι,ἱ
3700 5471 3773 5527 t2,

2213 5537 2568 5605 l9,'consonat.
2593 5544 2678 5593 uhi
2707 5540 2910 5605 dicitur,
2946 5537 3193 5605 ᾁκέᾈένιῃγ
3221 5537 3776 5605 ἀπῃθήναειᾎηίξςοε

2206 5591 2814 5674 έιᾶ’ρὰῇρὶἰέῇᾲιίι,ξᾶι›άιιςί.
2834 5591 2909 5672 ρι’
2923 5603 2998 5653 sic
3029 5591 3407 5664 intelligendum
3432 5591 3632 5646 videtur
3653 5591 3776 5645 illa-3

2211 5665 2710 5733 Vulgit'c,jt1ssiteos
2731 5665 2862 5715 duci.
