4082 6504
295 364 382 414 i4)

293 485 522 542 llerodis
541 494 853 541 amentiam.
877 484 1007 540 Nam
1033 486 1078 540 si
1111 485 1363 540 effossum
1388 501 1600 540 murum
1627 489 1870 557 vidisset,

286 580 368 635 vel
397 588 580 651 portas
607 593 843 637 eversas,
867 577 990 647 jure
1034 577 1170 633 forte
1221 578 1482 648 potuisset
1530 579 1750 645 milites,
1783 582 1873 652 qui

280 673 580 740 apostolum
631 669 1024 738 custodiebant,
1072 671 1406 741 negligentia:
1452 686 1744 728 accusare:
1778 689 1871 725 vc-

281 779 394 816 rum
427 764 497 817 ibi
527 761 708 815 omnia
731 762 780 815 iu
805 777 902 818 suo
931 772 1068 817 statu
1099 762 1384 818 manebant
1412 780 1425 816 :
1466 763 1644 833 jauuze
1675 765 1871 819 clausa:

279 865 450 915 erant,
481 863 685 909 catena:
710 856 1126 909 custodientium
1152 856 1405 929 inanibus
1433 857 1660 926 alligata:
1684 857 1872 927 (erant

280 947 414 1000 enim
447 946 519 999 illi
555 947 714 1001 simul
744 963 864 1003 cum
892 947 1053 1001 Petro
1079 948 1299 1015 vincti),
1342 957 1654 1019 poteratque
1680 963 1744 1003 ex
1788 947 1869 1003 his

279 1052 454 1092 secum
486 1051 756 1109 reputare,
787 1039 829 1094 si
857 1039 1071 1110 quidem
1101 1051 1246 1095 recte
1271 1040 1586 1109 judicasset,
1613 1040 1750 1111 quod
1777 1055 1870 1112 ge-

277 1139 411 1183 stum
443 1131 618 1185 fuerat
663 1147 768 1186 non
815 1130 1041 1189 humana
1078 1134 1293 1196 virtute,
1326 1148 1497 1203 neque
1543 1132 1729 1188 fraude
1773 1134 1868 1188 ali-

275 1238 396 1289 qua,
432 1224 529 1278 sed
561 1225 736 1279 divina
765 1225 990 1294 quadam
1024 1240 1086 1279 ac
1119 1227 1344 1280 mirabili
1382 1229 1615 1294 potentia
1663 1227 1858 1282 factum

275 1315 452 1381 fuisse,
496 1325 654 1385 atque
707 1316 852 1371 illum
901 1317 1148 1383 adorare,
1197 1318 1283 1386 qui
1331 1317 1445 1372 lucc
1495 1319 1731 1383 fecisset,
1763 1335 1863 1375 nec

274 1421 455 1475 paruas
475 1407 542 1463 de
570 1408 882 1462 custodibus
903 1419 1182 1477 expetere.
1201 1408 1342 1463 Deus
1369 1410 1564 1479 quippe
1589 1410 1659 1463 ita
1687 1411 1864 1464 omnia

271 1493 410 1559 fecit,
443 1506 503 1551 ut
529 1513 635 1553 nou
659 1498 817 1552 modo
846 1498 1096 1553 custodes
1125 1515 1229 1552 non
1255 1501 1538 1569 proderet;
1568 1501 1661 1556 sed
1702 1503 1862 1556 etiam

270 1599 325 1643 ut
353 1605 448 1659 per
484 1591 608 1645 illos
638 1606 818 1661 regem
850 1592 915 1645 ad
946 1592 1222 1647 veritatem
1254 1592 1565 1648 adduceret.
1597 1595 1651 1649 Si
1682 1603 1862 1650 autem

269 1680 355 1736 ille
405 1682 686 1751 improbus
740 1683 1084 1754 ingratusque
1132 1685 1248 1751 fuit,
1281 1686 1406 1756 quid
1454 1687 1519 1740 ad
1566 1689 1860 1756 sapientem

267 1773 568 1828 animarum
600 1773 892 1838 medicum,
913 1776 1001 1844 qui
1024 1777 1199 1829 omnia
1229 1777 1417 1846 agebat
1445 1777 1509 1831 ad
1543 1778 1858 1834 beneficium

266 1865 627 1932 praestandum
659 1867 729 1932 ei,
761 1868 848 1937 qui
881 1869 1068 1922 morbo
1098 1869 1518 1939 inobsequcntire
1551 1871 1859 1928 laborabat?

257 1955 494 2028 Idipsum
528 1958 617 2014 hic
655 1974 865 2029 quoque
890 1960 1172 2016 dicendum
1221 1971 1321 2017 est.
1357 1961 1482 2027 Cur,
1517 1979 1549 2016 o
1593 1964 1854 2030 llcrodcs,

259 2057 287 2097 3
318 2051 488 2121 magis
516 2051 707 2106 illusus
739 2052 904 2106 iratus
939 2053 1042 2106 cs?
1074 2069 1177 2107 non
1209 2069 1436 2108 noveras
1466 2055 1710 2110 divinum
1737 2073 1859 2114 esse

264 2143 509 2209 partum?
541 2159 720 2197 annon
773 2153 825 2198 tu
871 2145 1139 2213 principes
1179 2145 1520 2200 sacerdotum
1553 2147 1855 2204 advocave-

261 2234 381 2289 ras?
406 2250 589 2289 annon
632 2237 836 2290 scribas
857 2238 1324 2306 congregaveras?
1364 2252 1542 2292 annon
1585 2239 1756 2293 vocati
1780 2239 1852 2294 illi

260 2328 596 2398 prophetam,
621 2329 709 2399 qui
740 2329 854 2385 Ιιωο
874 2331 1002 2385 olim
1038 2331 1506 2399 prainuntiaverat,
1531 2332 1596 2386 ad
1622 2333 1852 2388 tribunal

259 2429 401 2475 tuum
433 2421 817 2476 adduxerunt?
848 2437 1022 2476 annon
1066 2422 1243 2476 vidisti
1273 2432 1452 2477 vetera
1484 2424 1633 2478 novis
1659 2439 1853 2479 conso-

256 2509 423 2565 nare?
451 2526 634 2565 annon
664 2511 856 2565 audisti
878 2511 1085 2565 stellam
1116 2513 1197 2566 his
1217 2513 1642 2568 ministravisse?
1672 2530 1848 2569 annon

261 2601 526 2658 reveritus
557 2616 618 2657 es
646 2601 996 2657 barbarorum
1025 2604 1390 2674 diligentiam?
1415 2622 1592 2661 annon
1625 2609 1850 2662 miratus

253 2706 307 2746 es
331 2706 522 2746 eorum
570 2691 821 2748 ﬁduciam
861 2707 926 2748 ac
974 2693 1224 2764 loquendi
1271 2695 1614 2751 libertatem?
1669 2713 1846 2753 annon

257 2774 524 2832 horruisti
575 2779 644 2833 ad
691 2796 878 2834 veram
926 2785 1214 2853 prepheta:
1261 2790 1491 2841 vocem?
1541 2807 1725 2847 annon
1782 2810 1849 2849 ex

257 2868 540 2936 prioribus
591 2879 871 2940 postrema
919 2875 1072 2944 sequi
1124 2876 1414 2947 cogitasti?
1451 2879 1564 2933 Cur
1618 2897 1727 2934 non
1785 2899 1852 2936 ex

261 2959 342 3014 his
389 2963 654 3016 omnibus
708 2974 887 3019 tecum
938 2968 1236 3035 reputasti,
1291 2985 1398 3022 non
1449 2984 1515 3022 ex
1567 2987 1850 3040 magorum

260 3052 450 3110 fraude
488 3055 607 3109 hinc
647 3056 920 3120 evenisse,
959 3058 1052 3111 sed
1088 3059 1273 3112 divina
1315 3061 1519 3114 virtute
1554 3063 1761 3125 omnia,
1793 3072 1855 3117 ut

258 3158 354 3211 par
406 3153 548 3208 erat,
597 3147 965 3214 providente?
1019 3147 1248 3202 Etiamsi
1306 3165 1439 3204 vero
1495 3150 1689 3205 illusus
1748 3152 1854 3206 fui-

255 3232 322 3283 sti
363 3247 391 3284 a
433 3234 643 3303 magis,
701 3237 832 3305 quid
891 3238 1023 3290 illud
1071 3239 1140 3292 ad
1195 3255 1433 3308 pueros,
1475 3241 1569 3310 qui
1609 3242 1748 3297 nihil
1799 3252 1850 3299 te

257 3320 546 3377 besem-ant?

317 3528 368 3581 2.
412 3527 518 3582 Cur
559 3527 706 3584 Deus
750 3528 1032 3597 permiserit
1074 3528 1294 3599 infantes
1333 3532 1514 3584 occidi.
1560 3532 1660 3597 Qui
1706 3533 1844 3587 mala

248 3619 440 3687 fortiter
458 3620 634 3689 ferunt
662 3636 762 3674 non
790 3619 1169 3685 lcduntur,etsi
1190 3621 1308 3674 laedi
1332 3621 1615 3674 videantur.
1653 3622 1840 3691 Recte,

251 3710 486 3781 inquies;
529 3711 625 3766 sed
685 3711 948 3766 Herodem
976 3711 1190 3782 quidem
1220 3714 1361 3767 omni
1394 3713 1706 3770 defensione
1752 3731 1843 3770 va-

249 3819 440 3872 cuum,
498 3814 554 3860 et.
613 3805 1015 3874 sanguinarium
1071 3805 1236 3874 probe
1286 3807 1565 3860 Ostendisti
1611 3824 1623 3860 :
1669 3823 1842 3878 neque

251 3906 419 3952 tamen
451 3897 634 3953 adhuc
666 3898 870 3952 Solvisti
900 3899 1257 3967 objectioueni
1286 3899 1427 3953 circa
1476 3898 1599 3955 facti
1634 3900 1842 3970 injusti-

250 3988 391 4042 tiam.
417 3987 548 4042 Nam
579 3990 626 4042 si
659 3988 747 4043 ille
777 3989 972 4055 injuste
1012 3989 1138 4058 egit,
1170 4005 1267 4052 cur
1303 3989 1439 4042 Deus
1483 3990 1531 4044 id
1564 3994 1856 4059 permisit?

250 4079 381 4148 Quid
407 4097 536 4151 ergo
567 4082 636 4134 ad
663 4081 777 4134 lucc
803 4079 1074 4135 dixerim?
1118 4081 1348 4149 Idipsum
1378 4078 1519 4150 quod
1549 4097 1763 4151 semper
1787 4093 1841 4139 et

249 4171 298 4223 iu
327 4172 572 4234 ecclesia,
601 4181 655 4225 et
687 4171 739 4223 in
789 4170 924 4232 foro,
955 4181 1008 4226 et
1041 4171 1235 4240 ubique
1275 4171 1454 4227 dicere
1494 4187 1598 4225 non
1626 4171 1837 4239 desino,

247 4263 380 4331 quod
413 4264 573 4318 velim
607 4278 700 4317 vos
733 4263 1012 4332 diligenter
1042 4262 1368 4318 observare:
1402 4279 1523 4316 nam
1548 4265 1728 4333 regula
1758 4274 1841 4320 est

248 4355 308 4407 ad
341 4371 556 4410 omnem
587 4354 955 4424 hujuscemodi
989 4355 1338 4423 quaestionem
1370 4355 1841 4422 adliibemla.Qtt:e

249 4447 441 4515 regula,
476 4461 671 4515 qurere
702 4446 838 4499 ratio
865 4445 986 4500 est?
1016 4445 1114 4512 Qui
1159 4447 1355 4500 laidant
1385 4447 1602 4511 multos,
1630 4446 1718 4514 qui
1751 4446 1840 4500 la:-

247 4535 398 4591 datur
434 4538 651 4591 nullum
678 4551 817 4589 esse.
846 4535 912 4588 Et
941 4551 1008 4589 ne
1030 4535 1130 4589 hoc
1158 4537 1383 4605 :cuigma
1414 4550 1509 4589 vos
1535 4536 1838 4603 conturbet,

246 4628 349 4683 cito
379 4628 712 4685 solutionem
741 4625 1023 4680 adhibebo.
1052 4626 1183 4680 Nam
1213 4642 1303 4679 cas
1331 4642 1462 4695 quas
1481 4642 1508 4679 a
1532 4629 1720 4696 quovis
1745 4628 1839 4682 ho-

248 4719 386 4774 mine
416 4721 618 4788 injuste
651 4719 882 4786 patimur
927 4718 1170 4786 injurias,
1198 4719 1336 4772 Deus
1386 4719 1537 4772 nobis
1567 4729 1843 4788 computat

248 4816 333 4860 aut
362 4809 414 4862 in
447 4817 800 4878 peccatorum
831 4807 1226 4873 remissionem,
1261 4816 1355 4861 aut
1385 4808 1434 4861 iu
1468 4810 1727 4864 mercedis
1753 4827 1842 4865 reo

250 4899 618 4954 tributionem.
674 4901 847 4968 Atque
892 4908 949 4953 ut
994 4899 1047 4952 id
1094 4900 1234 4969 quod
1283 4900 1483 4955 dictum
1532 4913 1615 4956 est
1647 4902 1844 4959 clarius

250 4991 455 5056 evadat,
489 4992 556 5046 ad
588 4993 898 5059 exemplum
920 4991 1219 5046 veniamus.
1257 4993 1521 5048 Ponamus
1553 4995 1695 5050 enim
1723 5011 1843 5051 esse

251 5094 458 5135 servum
491 5077 956 5154 aliquem’multas
986 5082 1240 5152 pecunias
1268 5083 1487 5137 domino
1513 5101 1609 5138 suo
1639 5086 1842 5141 deben-

256 5183 381 5225 tem:
403 5174 491 5242 qui
521 5186 718 5228 servus
735 5171 801 5225 ab
822 5173 1016 5242 iniquis
1041 5173 1344 5228 hominibus
1373 5176 1674 5243 impetatur,
1694 5182 1763 5231 ita
1788 5189 1843 5232 ut

257 5261 510 5320 bonorum
541 5274 699 5335 parte
721 5265 892 5334 aliqua
923 5267 1227 5321 mulctetur.
1251 5268 1305 5322 Si
1337 5283 1464 5338 ergo
1483 5269 1732 5325 dominus
1754 5271 1843 5340 qui

258 5364 517 5421 raptorem
538 5355 799 5410 cohibere
823 5356 1009 5425 potuit,
1028 5366 1204 5426 raptas
1225 5357 1438 5427 quidem
1458 5361 1706 5427 pecunias
1737 5375 1842 5415 non

259 5444 515 5508 restituat,
533 5447 633 5501 sed
660 5458 835 5515 raptas
852 5455 1029 5501 tamen
1054 5448 1192 5502 inter
1209 5465 1299 5503 eas
1316 5467 1432 5519 qua?
1454 5451 1553 5506 sibi
1571 5452 1843 5508 debeban-

263 5543 341 5587 tur
359 5547 662 5603 computet:
682 5553 750 5591 an
779 5538 938 5593 linsus
959 5538 1055 5593 fuit
1073 5543 1292 5595 servus?
1321 5542 1681 5607 Nequaquam.
1702 5547 1838 5614 Quid

259 5638 380 5679 \cto
399 5630 442 5680 si
471 5632 624 5697 plura
655 5633 755 5701 ipsi
774 5636 1023 5689 tlotninus
1047 5636 1291 5692 dederit?
1319 5655 1495 5696 annon
1522 5645 1640 5714 plus
1671 5650 1844 5706 lucra-

261 5723 341 5770 tus
365 5727 468 5786 est,
499 5736 661 5791 quam
697 5726 1032 5794 perdiderit?
1062 5726 1118 5783 ld
1147 5731 1392 5789 omnibus
1416 5734 1595 5806 palam
1625 5748 1726 5797 est.
1761 5740 1844 5798 ld~

1477 392 1543 446 lN
1581 391 1988 448 MATTIUEUM
2029 392 2262 449 llOMlL.
2310 400 2398 459 ΙΧ.

3477 407 3577 464 17.5

1987 500 2159 570 ipsum
2203 511 2256 557 et
2287 517 2386 557 nos
2435 514 2681 573 putemus
2723 521 2842 561 cum
2889 507 3087 579 aliquid
3138 513 3387 582 patimur.
3430 516 3583 586 Quod

1983 595 2129 648 enim
2161 609 2257 664 per
2285 611 2554 651 arruinnas
2600 598 2737 662 illas,
2783 609 2874 654 aut
2917 612 3127 669 peceata
3175 606 3460 674 diluamus,
3491 621 3585 665 aut

1984 683 2027 736 si
2062 699 2166 738 non
2196 684 2484 762 admodum
2516 691 2750 757 peccatis
2777 690 2992 745 obnoxii
3026 696 3224 762 simus,
3250 699 3583 766 splendidio-

1982 790 2071 830 res
2097 778 2424 846 accipiamus
2469 797 2719 848 coronas,
2752 785 2874 838 audi
2927 786 3146 842 Paulum
3197 789 3465 849 dicentem
3514 796 3584 852 de

1981 864 2271 923 foraicario
2318 887 2331 924 :
2381 870 2586 928 Tradite
2641 875 2932 946 Itujusmodi
3003 889 3171 934 atatim
3225 883 3278 935 in
3321 884 3580 939 interitum

1980 960 2168 1026 carnis,
2215 972 2269 1016 ut
2309 965 2520 1034 spiritus
2558 968 2728 1022 salvus
2768 969 2833 1020 sit
2877 970 2956 1037 (Ι.
2988 969 3107 1025 Cor.
3138 974 3187 1028 5.
3221 975 3298 1039 5).
3335 975 3410 1031 Et
3448 979 3576 1047 quid

1981 1052 2083 1110 hoc
2102 1055 2127 1106 ?
2154 1054 2286 1110 Nam
2308 1056 2375 1111 de
2401 1058 2467 1111 iis
2487 1059 2578 1126 qui
2609 1059 2874 1114 iteduntur
2903 1061 2972 1117 ab
2995 1064 3116 1117 aliis
3137 1081 3317 1120 sermo
3341 1079 3444 1132 est,
3469 1085 3575 1124 non

1978 1143 2045 1200 de
2076 1145 2140 1200 iis
2169 1147 2258 1218 qui
2285 1134 2313 1200 a
2346 1148 2657 1204 doctoribus
2685 1153 3042 1222 corriguntur.
3081 1152 3237 1210 Certe
3265 1158 3466 1212 nullum
3495 1170 3579 1214 est

1977 1234 2120 1290 inter
2154 1237 2240 1292 illa
2271 1239 2547 1294 medium:
2582 1257 2702 1294 nam
2735 1243 2802 1298 de
2844 1244 2988 1299 dicto
3033 1245 3336 1314 hujusmodi
3362 1265 3575 1319 quiore-

1973 1325 2152 1392 batur,
2201 1329 2260 1383 ln
2304 1332 2560 1387 zerumnis
2614 1334 2817 1388 nullum
2875 1337 3124 1405 patientis
3173 1340 3424 1395 damnum
3467 1354 3569 1398 est.

1972 1417 2079 1474 Sed
2119 1429 2174 1474 ut
2200 1436 2505 1476 sermonem
2556 1424 2872 1480 transferam
2915 1427 2981 1481 ad
3030 1427 3078 1482 id
3111 1429 3250 1498 quod
3284 1433 3450 1503 magis
3479 1449 3572 1488 ac-

1972 1513 2115 1567 cedit
2148 1514 2213 1568 ad
2245 1517 2629 1585 qua-Stimiem;
2677 1519 2963 1575 recordare
2994 1522 3227 1590 Davidis,
3258 1523 3349 1594 qui
3390 1527 3571 1581 Semei

1972 1606 2163 1663 videns
2192 1608 2477 1664 instantem
2505 1620 2558 1665 et
2583 1611 2870 1666 calamitati
2903 1629 3015 1669 sua:
3046 1615 3412 1681 insultantem,
3446 1634 3570 1673 sex-

1971 1702 2249 1771 centisque
2301 1703 2515 1772 probris
2562 1715 2970 1775 aspcrgentcm,
3021 1723 3140 1762 cum
3199 1710 3396 1764 vellent
3445 1728 3567 1765 eum

1970 1789 2134 1847 duces
2162 1794 2431 1848 exercitus
2463 1794 2787 1863 interficere,
2831 1798 3065 1853 cohibuit
3095 1799 3178 1854 his
3224 1802 3437 1856 verbis:
3468 1800 3568 1855 Di-

1969 1883 2151 1937 mittite
2171 1884 2317 1938 illum
2345 1886 2667 1955 maledicere,
2688 1898 2743 1942 ut
2769 1890 2933 1943 rideat
2958 1890 3204 1947 Dominus
3237 1894 3569 1949 humilitatem

1968 1994 2152 2042 mcmn,
2186 1989 2230 2033 et
2273 1980 2514 2034 retribuat
2545 1983 2673 2036 milii
2700 1983 2829 2037 bona
2860 2001 2952 2053 pro
2982 1985 3075 2038 hoc
3107 1987 3374 2041 maledicto
3400 1989 3451 2040 in
3473 1989 3568 2043 hac

1969 2070 2052 2123 die
2079 2069 2156 2140 (2.
2192 2071 2321 2141 Reg.
2353 2073 2440 2128 16.
2475 2074 2562 2128 ll.
2598 2074 2710 2147 12).
2756 2075 2815 2129 Et
2846 2076 2896 2128 in
2928 2075 3154 2129 Psalmis
3181 2093 3380 2132 canens
3414 2079 3564 2133 diee-

1967 2164 2050 2217 hat
2077 2184 2087 2216 ;
2123 2165 2336 2233 Respice
2362 2169 2591 2223 inimicos
2619 2186 2775 2236 meos,
2808 2170 3048 2241 quoniam
3084 2170 3407 2242 multiplicati
3426 2182 3562 2234 sum,

1965 2265 2011 2308 et
2038 2257 2154 2308 odio
2186 2257 2359 2326 iniquo
2385 2258 2600 2312 oderunt
2641 2277 2720 2314 me
2751 2277 2769 2314 :
2811 2270 2858 2315 et
2905 2262 3100 2316 dimitte
3143 2263 3313 2316 omnia
3354 2275 3562 2336 peccata

1963 2363 2071 2400 mea
2103 2345 2256 2417 (Psal
2292 2347 2379 2402 2t.
2410 2350 2490 2404 l9.
2522 2349 2630 2422 t8).
2657 2351 2720 2405 Et
2749 2351 2986 2407 Lazarus
3013 2353 3245 2423 quietem
3265 2370 3565 2425 consequu-

1965 2447 2047 2494 tus
2072 2439 2320 2510 est(l.uc.
2357 2441 2463 2509 lG).
2496 2442 2615 2512 quia
2647 2443 2923 2498 innumera
2950 2446 3083 2499 mala
3119 2463 3212 2515 per
3243 2446 3380 2502 hanc
3397 2447 3558 2502 vitam

1968 2544 2253 2598 perpessus
2284 2541 2384 2584 est.
2418 2531 2531 2585 Non
2561 2548 2690 2603 ergo
2718 2534 3110 2608 la‘duntur,qui
3139 2537 3258 2592 laedi
3288 2537 3553 2604 videntur,

1959 2620 2003 2674 si
2039 2623 2172 2674 mala
2206 2625 2383 2678 omnia
2416 2624 2624 2680 fortiter
2651 2628 2852 2693 ferant;
2887 2628 2994 2683 imo
3025 2631 3195 2700 majus
3237 2631 3444 2689 lucrum
3471 2647 3561 2688 re-

1962 2722 2193 2778 portant,
2223 2715 2334 2768 sive
2372 2731 2400 2768 a
2433 2716 2540 2769 Deo
2573 2719 2964 2785 percutiantur,
2994 2722 3106 2775 sive
3135 2738 3163 2775 a
3193 2721 3406 2782 diabolo
3434 2741 3558 2780 ver-

1961 2801 2232 2856 bereatur.
2269 2805 2485 2874 Ecquod
2533 2818 2809 2875 peceatum
2845 2808 3079 2866 habuere
3110 2815 3281 2881 pueri,
3324 2815 3556 2885 inquies,

1957 2891 2095 2958 quod
2147 2893 2428 2949 CiUtTCill?
2467 2895 2534 2951 de
2583 2896 2647 2951 iis
2690 2898 2833 2952 cnim
2885 2900 2976 2970 qui
3025 2912 3237 2959 mtatem
3285 2908 3559 2977 assequuti

1959 2990 2172 3048 peccata
2213 2984 2436 3050 plurima
2472 2998 2872 3056 perpetrarunt,
2893 2991 3014 3060 jure
3043 2996 3163 3063 quis
3195 2982 3549 3066 lnee'dixerit;

1955 3071 2042 3139 qui
2083 3087 2212 3125 vero
2245 3083 2350 3127 tam
2403 3075 2688 3130 immatura
2741 3091 2916 3136 morte
2965 3085 3213 3151 prmrepti
3261 3095 3406 3154 sunt,
3429 3103 3551 3158 qua!

1959 3171 2173 3228 peccata
2216 3162 2279 3216 iis
2307 3162 2480 3218 affecti
2515 3166 2670 3219 malis
2701 3166 3061 3226 deleverunt?
3086 3171 3200 3228 Non
3245 3176 3438 3232 audisti
3471 3195 3558 3236 me

1953 3251 2239 3314 dicentem,
2275 3254 2482 3308 etiamsi
2513 3257 2658 3309 nulla
2690 3256 2798 3310 sint
2825 3271 3062 3328 peccata,
3096 3267 3362 3321 mercedis
3394 3270 3556 3322 retri-

1953 3341 2223 3396 butionem
2246 3343 2312 3395 ibi
2330 3360 2549 3399 manere
2563 3362 2656 3399 eos
2669 3346 2760 3416 qui
2779 3347 2867 3416 hic
2881 3351 3034 3406 malis
3052 3363 3176 3408 sunt
3193 3355 3553 3426 affeeti‘fQuid

1953 3446 2082 3502 ergo
2111 3432 2416 3488 detrimenti
2454 3450 2712 3505 accepere
2746 3440 2896 3507 pueri
2934 3456 3030 3510 pro
3060 3444 3150 3498 tali
3179 3460 3338 3501 causa
3365 3450 3554 3514 occisi,

1953 3526 2039 3593 qui
2083 3525 2260 3579 statim
2306 3526 2371 3579 ad
2417 3529 2760 3597 tranquillum
2815 3541 3026 3600 portum
3073 3538 3439 3605 appulerunt?
3486 3543 3558 3597 At

1953 3615 2136 3681 multa,
2167 3617 2395 3685 inquies,
2423 3617 2561 3673 forte
2593 3619 2729 3674 bona
2773 3621 2972 3678 edituri
2998 3635 3170 3694 erant,
3201 3630 3246 3683 si
3273 3631 3552 3688 vixissent.

1949 3705 2053 3761 Sed
2083 3708 2202 3762 ideo
2228 3724 2332 3762 non
2365 3726 2459 3778 par
2486 3711 2616 3780 ipsis
2648 3729 2855 3768 merces
2884 3719 3118 3786 reposita
3151 3730 3254 3787 est,
3284 3725 3426 3792 quod
3456 3742 3555 3796 pro

1950 3799 2038 3852 tali
2083 3814 2242 3853 causa
2293 3801 2545 3856 obierint.
2595 3802 2844 3875 Alioquin
2895 3823 3023 3862 vero
3070 3825 3176 3865 non
3223 3816 3552 3882 permisisset

1950 3906 2144 3961 pueros
2199 3904 2518 3961 praematura
2577 3906 2751 3952 morte
2800 3898 3002 3969 abripi,
3054 3903 3098 3955 si
3155 3905 3331 3975 magni
3388 3906 3553 3966 futuri

1948 3994 2124 4038 erant.
2187 3984 2321 4039 Nam
2375 3987 2417 4040 si
2465 4002 2556 4041 eos
2605 3988 2694 4058 qui
2745 3989 2796 4043 in
2847 3993 3084 4060 nequitia
3135 3994 3328 4051 victuri
3389 4011 3550 4067 sunt,

1945 4089 2067 4127 cum
2098 4083 2239 4128 tanta
2289 4076 2391 4129 fert
2433 4076 2708 4144 patientia,
2752 4070 2924 4134 multo
2973 4085 3139 4153 magis
3184 4086 3282 4141 hos
3322 4105 3428 4143 non
3476 4092 3555 4146 si-

1947 4176 2098 4218 neret
2128 4166 2200 4220 ita
2245 4166 2467 4231 auferri,
2489 4168 2534 4221 si
2579 4184 2768 4238 magna
2798 4171 3043 4240 quaedam
3074 4176 3316 4234 edituros
3355 4184 3550 4251 prteri-

1946 4254 2123 4310 deret?

2028 4451 2178 4505 5..Et
2206 4453 2257 4503 hi
2291 4454 2504 4519 quidem
2540 4454 2708 4507 nostri
2738 4463 2862 4509 sunt
2892 4470 3206 4524 sermones;
3253 4475 3352 4514 nec
3381 4471 3557 4519 tamen

1951 4539 2005 4594 bi
2036 4542 2136 4595 soli
2168 4552 2392 4610 possunt
2423 4542 2623 4609 atierri,
2654 4545 2748 4598 sed
2791 4556 2915 4600 sunt
2941 4547 3102 4602 etiam
3146 4550 3235 4603 alii
3285 4551 3369 4606 bis
3401 4554 3559 4624 longe

1951 4631 2335 4697 abstrusiores,
2357 4648 2490 4702 quos
2520 4635 2654 4690 bene
2686 4637 2835 4690 novit
2866 4639 2910 4691 is
2937 4640 3026 4708 qui
3063 4639 3178 4694 huic
3201 4642 3557 4711 dispensavit.

1953 4727 2056 4796 ipsi
2102 4729 2280 4797 itaque
2324 4732 2658 4785 accuratiore
2692 4732 2945 4788 harumce
2992 4751 3169 4789 rerum
3200 4739 3562 4808 comprehen-

1952 4821 2104 4874 sione
2135 4836 2411 4886 concessa,
2447 4824 2510 4876 iis
2539 4839 2657 4892 qua:
2707 4834 3004 4893 sequuntur
3050 4826 3369 4896 limi-eamus,
3413 4840 3467 4884 et
3493 4846 3561 4886 ex

1954 4912 2180 4965 aliorum
2214 4914 2604 4969 calamitatibus
2649 4916 2713 4970 ad
2767 4919 2944 4972 omnia
2992 4919 3200 4975 fortiter
3233 4921 3450 4977 ferenda
3479 4927 3562 4978 in-

1952 5005 2259 5059 stituainur.
2290 5006 2405 5061 Non
2437 5024 2592 5076 parva
2625 5011 2768 5063 enim
2805 5013 3058 5081 tragcedia
3092 5023 3218 5069 tunc
3241 5015 3556 5073 Betlzlehem

1955 5098 2258 5164 occupavit,
2286 5099 2464 5166 pueris
2495 5114 2557 5153 ex
2590 5101 2716 5170 ipsis
2741 5112 2972 5156 matrum
3009 5089 3270 5159 uberibus
3293 5109 3556 5176 abreptis,

1955 5195 2010 5241 et
2038 5186 2103 5240 ad
2154 5187 2290 5242 hanc
2323 5190 2555 5258 iniquam
2586 5192 2786 5246 caulem
2829 5195 3095 5249 abductis.
3127 5198 3278 5264 Quod
3311 5200 3355 5252 si
3386 5200 3562 5256 adhuc

1956 5281 2130 5349 pusilli
2161 5296 2218 5334 es
2246 5283 2430 5347 animi,
2460 5299 2556 5338 nec
2601 5294 2800 5338 tantam
2850 5299 3001 5354 potes
3045 5287 3438 5360 philosotthiam
3482 5303 3561 5346 at-

1959 5373 2184 5442 tingere,
2216 5374 2362 5429 disce
2403 5376 2562 5431 finem
2611 5379 2752 5432 illius
2781 5380 2868 5448 qui
2919 5380 3033 5436 hch
3074 5397 3238 5438 ausus
3268 5394 3370 5451 est,
3403 5384 3561 5454 spiri-

1957 5479 2172 5537 tumque
2206 5469 2746 5526 resume.Cclcrrinta
2767 5477 2964 5544 quippe
2993 5473 3139 5528 illum
3163 5474 3414 5530 facinoris
3445 5477 3558 5530 vin.

1959 5557 2096 5612 dicta
2124 5561 2401 5628 corripuit.
2438 5567 2676 5632 tantique
2704 5566 2927 5620 sceleris
2954 5566 3142 5635 dignas
3167 5567 3316 5621 dedit
3344 5583 3556 5636 poenas.

1954 5648 2068 5702 dira
2116 5660 2287 5704 morte
2332 5663 2386 5706 et
2430 5667 2490 5705 ca
2536 5669 2692 5722 quam
2743 5654 2921 5708 intulit
2971 5658 3363 5712 miserabiliorc
3393 5661 3555 5713 vitam

1958 5742 2232 5810 claudens,
2268 5744 2652 5817 iitnuuicraquc
2693 5747 2794 5800 alia
2844 5764 3030 5818 passus
3081 5750 3216 5804 niala
3253 5767 3267 5804 :
3316 5767 3432 5822 quae
3476 5751 3554 5806 di-
