4082 6508
517 405 609 461 179
1236 406 1291 458 s.
1332 395 1606 455 JUANNlS
1642 381 2105 449 caussas-rom
2145 376 2459 437 AitClllEP.
2501 365 3032 427 coxsrax'nxor.

513 538 664 581 scere
715 517 958 592 poteritis
1021 513 1066 566 si
1113 506 1330 576 .lOsephi
1378 500 1662 558 Historiam
1707 489 1963 550 evolvatis
1980 487 2076 563 (ο),

513 630 694 687 quam,
716 584 794 667 ne
825 600 1060 678 longiore
1087 611 1299 658 utamur
1327 606 1598 663 sermone,
1625 604 1728 644 neu
1752 584 1949 643 seriem
1981 593 2085 687 po-

514 670 693 763 s‘tram'
726 670 1143 768 intercipiamus,
1190 686 1540 760 pereuntibus
1593 695 1698 735 non
1748 670 2084 768 inserendam

516 812 634 853 esse
662 765 978 866 putavimus.
1014 786 1102 842 i7.
1145 781 1292 837 Tunc
1335 776 1594 847 impletum
1634 779 1706 825 est
1735 765 2086 866 quod-dictum

515 897 586 944 est
632 854 719 955 per
759 881 1034 936 Jerentiam
1082 875 1372 946 prophetam
1415 867 1708 920 dicentem:
1748 859 1834 915 18.
1872 854 1985 910 Vos:
2037 855 2096 908 in

513 950 680 1036 flama
704 977 878 1032 audita
906 983 1000 1039 est,
1035 973 1280 1041 ploratus,
1307 973 1353 1020 et
1376 966 1524 1033 ﬂetus
1549 969 1595 1014 et
1621 957 1842 1012 ululatus
1861 950 2085 1041 multas;

518 1071 712 1130 Rachel
764 1069 968 1139 plorans
1007 1040 1141 1134 filios
1186 1075 1324 1125 suos,
1352 1065 1400 1111 et
1447 1052 1611 1108 uoluit
1656 1045 1928 1139 consolari,
1970 1040 2088 1139 quia

521 1181 620 1218 non
637 1170 750 1215 sunt
764 1132 899 1231 '(Jcr.
919 1157 978 1211 3t
995 1132 1140 1224 .715).
1160 1149 1420 1216 Quoniam
1437 1143 1580 1200 enim
1601 1137 1895 1231 auditorem
1913 1132 2090 1231 reple-

518 1256 594 1309 vit
617 1222 860 1315 horrore,
883 1249 981 1302 hac
1001 1222 1249 1307 violenta,
1272 1235 1639 1294 crudelissima
1667 1240 1722 1286 et
1740 1229 1918 1298 iniqua
1944 1222 2091 1280 aede

519 1351 761 1405 narrata,
815 1342 986 1410 ipsum
1033 1334 1356 1396 consolatur,
1409 1327 1630 1392 docens,
1672 1323 1790 1379 lucc
1820 1335 1925 1375 non
1971 1317 2092 1372 ideo

521 1433 796 1498 accidisse,
826 1429 965 1500 quod
1001 1429 1136 1482 Deus
1163 1437 1262 1479 nec
1307 1428 1487 1491 posset
1513 1415 1792 1485 impedire,
1825 1425 1922 1465 nec
1951 1422 2090 1478 pra:-

519 1526 755 1588 vidisset,
790 1522 881 1578 sed
911 1535 1032 1576 cum
1063 1519 1177 1572 lucc
1203 1526 1256 1570 ct
1297 1514 1476 1568 futura
1503 1510 1739 1572 novisse,
1765 1515 1821 1562 et
1846 1514 2093 1573 przcnun-

522 1619 680 1671 tiasse
705 1630 796 1685 per
819 1611 1149 1683 prophetam.
1175 1607 1252 1663 Ne
1275 1608 1452 1674 itaque
1480 1599 1726 1662 tut-beris,
1748 1605 1801 1651 et
1819 1591 2089 1655 concidas,

520 1711 571 1762 iu
621 1706 1000 1779 providentiam
1050 1703 1164 1772 ejus
1218 1697 1536 1755 ineffabilem
1583 1692 1896 1763 respiciens,
1933 1700 2090 1756 quam

520 1776 636 1854 tum
673 1815 736 1853 ex
782 1799 845 1852 iis
886 1811 1002 1865 quae
1034 1803 1305 1863 Operatur,
1337 1800 1446 1843 tum
1487 1802 1552 1840 ex
1597 1783 1661 1839 iis
1688 1797 1807 1852 qua:
1839 1776 2094 1848 permittit

517 1890 697 1945 videre
729 1897 809 1943 cst
841 1904 854 1939 :
900 1886 949 1939 id
978 1883 1119 1953 quod
1153 1883 1311 1936 etiam
1339 1878 1468 1933 alibi
1493 1874 1784 1944 discipulos
1811 1870 2092 1938 alloquens

519 1979 890 2034 subiudiravit.
941 1976 1074 2042 Quia
1123 1973 1265 2028 enim
1319 1967 1622 2029 tribunalia,
1655 1963 1998 2018 abductiones
2026 1958 2093 2012 ad

519 2081 765 2134 mortem,
795 2069 940 2124 orbis
968 2068 1102 2122 bella
1134 2062 1567 2130 interuecinaque
1593 2058 1773 2129 prielia
1806 2054 1932 2125 ipsis
1964 2066 2097 2120 prm-

521 2163 870 2221 nuntiaverat,
899 2174 1084 2213 eorum
1114 2156 1321 2211 animos
1362 2155 1596 2222 erigens,
1625 2161 1678 2206 et
1708 2159 1765 2204 ut
1789 2146 2096 2203 consoletur

521 2256 636 2312 illos
664 2253 737 2306 ait
766 2269 778 2306 :
813 2249 998 2305 Nonne
1022 2251 1121 2302 duo
1153 2262 1380 2316 passeres
1407 2261 1520 2299 asse
1545 2249 1776 2303 veneunt,
1805 2247 1850 2292 et
1878 2253 2008 2290 unus
2029 2250 2092 2288 ea:

519 2344 620 2398 illis
647 2359 747 2396 non
786 2341 929 2394 cadet
973 2355 1125 2409 super
1155 2346 1343 2391 terram
1382 2337 1489 2388 sine
1521 2333 1675 2387 Patre
1720 2337 1903 2391 oestro,
1929 2327 2012 2394 qui
2042 2327 2096 2377 in

520 2436 655 2490 cwlis
676 2445 748 2489 est
763 2433 976 2506 (Matth.
993 2430 1219 2500 10.39)?
1238 2429 1349 2484 Hoc
1371 2435 1546 2480 autem
1563 2423 1791 2487 dicebat,
1807 2417 2096 2474 OStcudcns

521 2529 611 2584 illo
633 2529 912 2598 ignorante
949 2523 1079 2578 nihil
1111 2523 1262 2586 ﬂeri;
1292 2520 1387 2574 sed
1415 2518 1552 2572 scire
1599 2515 1744 2569 illum
1773 2510 1972 2574 omnia,
1999 2522 2099 2562 nec

521 2629 696 2672 tamen
726 2625 913 2672 cuncta
937 2615 1129 2668 facere.
1152 2611 1228 2666 Ne
1255 2611 1431 2679 igitur,
1457 2605 1645 2675 inquit,
1672 2598 1978 2665 turbemiui,
1998 2611 2096 2652 nec

519 2705 979 2763 commoveamini.
1007 2703 1139 2759 Nam
1168 2702 1256 2772 qui
1285 2699 1385 2754 scit
1411 2713 1472 2752 ca
1499 2710 1618 2766 quae
1644 2691 1935 2754 sustinetis,
1958 2695 2012 2742 ct
2032 2701 2096 2741 ea

518 2805 695 2869 potest
742 2795 1020 2866 impedire,
1070 2794 1186 2847 sine
1228 2789 1395 2844 dubio
1433 2803 1536 2841 non
1587 2783 1808 2852 impedit
1833 2781 1954 2849 quia
1999 2793 2094 2833 vc-

521 2901 690 2945 strum
715 2904 898 2944 curam
925 2895 980 2940 et
1024 2883 1408 2953 providentiam
1447 2877 1584 2948 gerit
1613 2893 1626 2930 :
1658 2873 1799 2943 quod
1839 2871 1996 2926 etiam
2044 2869 2096 2922 in

523 2979 900 3038 tentatiunibus
940 2976 1176 3045 cogitare
1205 2979 1448 3041 Oportet,
1481 2968 1705 3036 hincque
1749 2980 1853 3018 non
1884 2975 2097 3032 parvam

523 3071 940 3126 consolationem
986 3065 1330 3132 accipiemus.
1381 3061 1446 3115 Et
1474 3059 1599 3129 quid
1629 3069 1912 3111 commune
1941 3053 2101 3132 habet

528 3160 726 3216 Rachel
769 3174 887 3213 cum
929 3131 1280 3211 Bethlehcm?
1322 3151 1522 3206 dixerit
1549 3150 1773 3202 fortasse
1801 3131 2094 3214 quispiam;

529 3251 738 3314 Rachel,
779 3248 967 3319 inquit,
998 3246 1202 3314 plorans
1234 3243 1368 3309 ﬁlios
1409 3258 1545 3295 suos.
1585 3238 1720 3306 Quid
1765 3238 1891 3293 item
1931 3234 2098 3290 Rama

521 3359 644 3399 cum
671 3340 942 3396 Rachclel
969 3337 1163 3392 Rachel
1191 3346 1362 3389 mater
1391 3344 1506 3387 erat
1533 3331 1865 3400 Benjamini;
1903 3329 2100 3398 ipsam-

523 3449 627 3503 quo
653 3440 915 3487 mortuam
942 3427 1265 3498 sepelierunt
1295 3426 1347 3480 in
1389 3423 1737 3494 hippodromo
1767 3435 1930 3490 prope
1961 3422 2100 3472 hunc

528 3527 718 3579 locum.
749 3521 879 3590 Quia
904 3519 1062 3591 igitur
1082 3517 1385 3588 sepulcrum
1416 3529 1580 3583 pr0pe
1601 3522 1734 3574 erat,
1757 3520 1812 3566 et
1840 3510 1954 3564 Iure
1980 3524 2098 3564 sors

524 3625 638 3671 erat
667 3612 957 3682 Benjamiui
987 3610 1076 3666 filii
1105 3612 1220 3678 ejus
1255 3625 1268 3664 ι
1302 3622 1422 3661 nam
1447 3605 1612 3660 llama
1637 3604 1701 3656 ad
1731 3602 1924 3657 tribum
1958 3601 2096 3655 Ben-

520 3707 684 3774 jamiu
727 3704 1058 3778 pertinebat;
1086 3713 1140 3758 ct
1178 3717 1206 3756 a
1239 3700 1476 3770 principe
1518 3699 1706 3760 tribus,
1735 3705 1784 3749 et
1813 3710 1842 3749 a
1870 3693 2096 3762 sepulcri

525 3802 673 3864 loco,
724 3808 980 3852 mactatos
1035 3807 1232 3865 pueros
1274 3792 1394 3861 jure
1443 3787 1693 3844 Rachelis
1741 3785 1877 3838 ﬁlios
1925 3791 2098 3836 vocat.

529 3889 730 3947 Deinde
755 3886 1042 3943 ostendens
1063 3882 1360 3940 insanabile
1384 3896 1502 3936 esse
1526 3891 1630 3933 tam
1648 3876 1864 3931 crudele
1892 3873 2098 3937 vulnus,

525 3984 638 4037 ait:
674 3978 855 4033 Noluit
880 3976 1151 4039 consolari,
1187 3975 1304 4042 quia
1332 3989 1432 4026 non
1457 3978 1592 4023 sunt.
1631 3967 1724 4021 His
1755 3979 1962 4018 rursum
2000 3962 2100 4016 hoc

526 4075 695 4143 ipsum
738 4068 1009 4129 docemur,
1044 4063 1183 4134 quod
1214 4061 1359 4130 prius
1401 4058 1663 4121 dicebam,
1698 4071 1804 4108 non
1850 4061 2101 4122 oportere

529 4164 745 4226 turbari,
776 4177 896 4215 cum
921 4174 981 4214 ea
1012 4171 1129 4227 qum
1155 4153 1424 4216 accidunt,
1467 4149 1564 4201 Dei
1591 4145 1930 4216 promissioni
1969 4159 2100 4196 con-

529 4258 688 4311 traria
710 4255 976 4307 videntur.
1005 4249 1144 4303 Ecce
1173 4245 1313 4299 enim
1342 4257 1462 4296 cum
1490 4239 1706 4294 advenit
1731 4238 1842 4306 ipse
1870 4235 1936 4288 ad
1964 4234 2106 4287 salu-

530 4355 633 4400 tem
659 4341 857 4415 populi,
881 4343 988 4394 imo
1015 4337 1081 4391 ad
1106 4336 1328 4390 salutem
1347 4330 1514 4392 orbis,
1531 4344 1648 4398 qua:
1675 4325 1891 4382 exordia
1923 4323 2104 4378 fuere?

529 4437 694 4492 Mater
733 4433 881 4503 fugit,
916 4429 1082 4500 patria
1109 4427 1225 4497 ejus
1255 4421 1675 4478 intolerabilibus
1713 4416 2102 4474 calamitatibus

530 4527 798 4598 afﬂigitur,
845 4521 1021 4576 caedes
1075 4525 1408 4587 perpetratur
1449 4513 1685 4570 omnium
1734 4509 2100 4573 acerbissima,

533 4617 771 4688 ploratus
817 4621 870 4667 et
898 4610 1129 4665 ululatus
1179 4606 1375 4662 multus
1424 4613 1581 4674 atque
1629 4600 1855 4671 ejulatus
1883 4600 2099 4669 ubique.

536 4707 731 4761 Verum
758 4718 824 4758 ne
867 4701 1096 4755 turberis
1128 4715 1142 4750 :
1179 4695 1314 4750 solet
1342 4695 1485 4749 enim
1536 4708 1631 4762 per
1659 4691 1925 4746 contraria
1953 4705 2102 4746 osco-

535 4794 765 4852 nomiam
804 4801 954 4845 suam
1000 4788 1241 4857 implere,
1275 4785 1560 4838 maximam
1603 4780 1727 4837 inde
1757 4781 1963 4835 virtutis
1992 4796 2104 4834 sum

537 4886 688 4941 nobis
717 4881 956 4952 prrebens
985 4875 1515 4934 demonstrationem.
1542 4872 1629 4928 Sic
1658 4872 1948 4940 discipulos
1980 4885 2105 4926 suos

536 4975 738 5035 induxit
767 4981 924 5042 atque
944 4967 1192 5032 instituit,
1225 4975 1280 5021 ut
1306 4967 1376 5020 ita
1405 4963 1582 5020 omnia
1613 4971 1948 5032 peragerent,
1976 4977 2106 5017 con-

537 5066 698 5123 traria
743 5062 1024 5120 contrariis
1066 5060 1401 5128 dispensans,
1431 5072 1538 5127 quo
1582 5055 1756 5125 majus
1793 5054 2103 5110 miraculum

538 5159 791 5214 elucerct.
826 5151 1098 5223 Flagellati
1128 5151 1303 5220 itaque
1331 5149 1426 5210 illi,
1456 5158 1511 5202 et
1539 5147 1694 5217 pulsi,
1725 5154 1777 5201 et
1806 5146 2107 5200 innumeras

537 5250 802 5321 [sitientes
839 5257 1121 5308 aerumnas,
1151 5242 1231 5298 sic
1268 5240 1652 5311 flagellantibus
1680 5248 1838 5309 atque
1864 5238 2107 5308 pelleuti-

541 5342 637 5395 bus
665 5332 967 5407 superiores
991 5341 1291 5390 evaserunt.
1315 5332 1398 5387 19.
1423 5329 1670 5402 Defuncto
1694 5340 1860 5383 autem
1887 5329 2105 5394 Ila-ode,

541 5441 654 5483 ecce
687 5427 896 5498 mystas
948 5425 1151 5479 Domini
1189 5423 1427 5493 apparuit
1465 5423 1516 5475 in
1559 5424 1749 5476 somnis
1776 5420 1985 5492 Ioseph,
2016 5422 2104 5476 20.

544 5521 712 5576 diosus
745 5533 766 5573 :
821 5518 1045 5590 Serpens
1096 5515 1268 5585 accipe
1311 5529 1521 5584 puerum
1561 5525 1604 5567 et
1643 5523 1851 5566 matrem
1891 5514 2018 5579 ejus,
2063 5521 2108 5567 et

629 5780 702 5839 (al
723 5779 970 5842 Iosephus
985 5781 1031 5828 in
1053 5777 1265 5828 Historia
1288 5787 1374 5825 sua
1398 5769 1598 5823 Herulis
1629 5773 1773 5821 vitam
1795 5770 2044 5822 describit.

3664 341 3682 397 l
3693 345 3760 405 8')

2189 482 2316 542 uade
2361 480 2414 534 in
2457 486 2645 531 terram
2693 472 2878 529 Israel.
2930 471 3045 527 Non
3082 469 3192 539 jam
3240 467 3388 531 dicit,
3435 462 3605 532 Fuge,
3652 465 3767 528 sed,

2202 569 2358 626 Vade.
3047 581 3062 588 “

2261 662 2314 717 6.
2357 657 2545 714 Viden‘
2577 671 2788 712 rursum
2833 653 3066 725 quietem
3099 661 3219 722 post
3252 650 3599 705 tentationem
3623 645 3650 697 ν
3679 643 3772 700 de-

2192 752 2314 807 inde
2340 759 2458 823 post
2495 748 2729 819 quietem
2768 760 2955 802 rursus
2984 742 3317 814 periculum?
3343 739 3475 795 Nam
3518 745 3640 809 post
3667 737 3778 793 esi-

2192 844 2319 900 lium
2364 841 2648 904 dimissus,
2676 847 2731 894 et
2765 839 2818 892 in
2865 823 3018 892 suam
3071 834 3342 903 regionem
3383 845 3633 887 reversus
3661 837 3776 890 est.

2192 934 2428 1004 viditque
2477 945 2760 1002 puerorum
2824 926 3221 983 interfectorem
3273 924 3636 993 exstinctum;
3691 920 3782 976 ubi

2193 1040 2323 1080 vero
2352 1025 2404 1078 in
2435 1023 2658 1096 patriam
2689 1019 2964 1090 pervenit,
3001 1016 3254 1087 reliquias
3280 1015 3474 1071 iterum
3523 1012 3780 1082 pristino-

2193 1132 2313 1173 rum
2342 1115 2694 1186 periculorum
2740 1110 2961 1179 reperit,
2995 1107 3158 1162 lilium
3191 1105 3402 1178 tyranni
3433 1105 3699 1158 viventem
3730 1109 3784 1156 et

2195 1215 2526 1279 regnantem.
2556 1205 2622 1260 Et
2663 1201 2932 1275 quomodo
2976 1199 3269 1256 Archelaus
3311 1196 3570 1268 regnabat
3611 1196 3664 1250 in
3690 1193 3786 1249 Ju-

2196 1300 2310 1354 data
2333 1338 2349 1362 ,
2377 1313 2498 1354 cum
2527 1295 2745 1353 Pontius
2773 1293 2972 1349 Pilatus
3001 1305 3204 1363 praeses
3231 1289 3417 1345 esset?
3451 1289 3659 1343 Recens
3683 1285 3784 1341 ad-

2199 1391 2301 1446 huc
2337 1399 2454 1445 erat
2493 1403 2639 1443 mors
2668 1386 2927 1454 Herodis,
2959 1385 3186 1441 necdum
3235 1397 3456 1453 regnum
3495 1381 3548 1435 in
3593 1379 3787 1434 multas

2198 1492 2377 1553 partes
2402 1480 2629 1536 divisum
2658 1480 2832 1535 fuerat
2859 1496 2872 1531 :
2903 1477 2998 1532 sed
3026 1479 3154 1550 quia
3177 1489 3346 1544 nuper
3372 1471 3610 1528 llerodes
3637 1471 3788 1525 obie-

2199 1585 2302 1640 rat,
2333 1572 2542 1628 intcrim
2586 1571 2726 1626 ﬁlius
2755 1567 2985 1625 Herodis
3020 1565 3300 1637 imperium
3339 1563 3590 1625 tenebat;
3622 1561 3788 1617 frater

2198 1666 2396 1736 quippe
2427 1662 2672 1718 Archelai
2721 1659 2960 1716 llerodes
2986 1670 3040 1714 et
3068 1659 3182 1727 ipse
3223 1653 3591 1726 appellabatur
3624 1669 3638 1704 :
3670 1651 3790 1707 idco

2197 1755 2402 1810 addidit
2424 1753 2747 1824 evangelista
2770 1793 2786 1817 ,
2815 1751 2909 1806 2‘2.
2931 1749 3038 1804 Pro
3067 1747 3272 1803 Herode
3298 1756 3442 1816 patre
3465 1760 3575 1799 suo.
3605 1742 3714 1799 Sed
3745 1743 3787 1797 si

2200 1847 2437 1902 .ludzeam
2479 1846 2624 1900 adire
2653 1841 2970 1898 formidabat
2997 1848 3213 1910 propter
3244 1837 3562 1894 Archelaum
3587 1875 3604 1902 ,
3631 1849 3790 1904 opor-

2201 1942 2346 1994 tebat
2387 1947 2441 1992 et
2485 1936 2755 1992 Galiheam
2804 1941 3045 1988 metuere
3097 1939 3312 2000 propter
3359 1927 3648 1983 Herodem.
3684 1925 3790 1981 Sed

2202 2031 2290 2086 ubi
2316 2030 2488 2084 locum
2517 2026 2760 2091 mutavit,
2781 2039 2867 2080 res
2893 2035 3077 2094 postea
3110 2023 3162 2076 in
3193 2022 3422 2076 obscuro
3452 2020 3681 2074 mansit:
3710 2027 3791 2072 to-

2203 2129 2287 2173 tus
2314 2119 2509 2189 quippe
2556 2117 2786 2186 impetus
2827 2123 3016 2168 contra
3048 2110 3360 2167 Bethlehem
3406 2118 3524 2164 erat
3566 2118 3621 2163 et
3658 2107 3794 2162 lines

2200 2213 2336 2282 ejus.
2365 2209 2524 2266 (Iade
2554 2211 2730 2278 itaque
2757 2217 2984 2278 patrata,
3016 2205 3308 2264 Archelaus
3338 2202 3475 2256 filius
3501 2215 3614 2256 rem
3647 2214 3793 2271 pera-

2199 2313 2338 2358 ctam
2367 2301 2623 2371 putabat,
2663 2310 2822 2368 atque
2848 2313 2968 2353 eum
2996 2296 3085 2365 qui
3115 2295 3455 2363 quzcrcbatur
3483 2292 3622 2346 inter
3653 2292 3791 2345 mul-

2202 2405 2284 2450 tos
2309 2395 2542 2449 occisum
2571 2391 2757 2446 fuisse.
2788 2389 3034 2458 Alioquin
3065 2401 3188 2442 cum
3220 2386 3438 2440 vidisset
3465 2393 3672 2454 patrem
3701 2383 3792 2439 tali

2203 2497 2373 2542 morte
2395 2479 3136 2552 consumptum,moderatior
3162 2477 3278 2541 fuit,
3302 2491 3460 2546 quam
3488 2485 3545 2529 ut
3572 2475 3794 2530 ulterius

2201 2575 2536 2647 procederet,
2559 2581 2614 2630 et
2632 2573 2700 2628 de
2731 2571 3006 2641 iniquitate
3029 2567 3403 2624 contenderet.
3427 2566 3588 2622 Venit
3616 2567 3794 2638 itaque

2201 2670 2399 2740 Ioseph
2430 2669 2672 2734 Nazarct,
2705 2677 2768 2726 ut
2813 2681 2915 2720 una
2945 2673 3000 2720 et
3027 2663 3317 2735 periculum
3347 2661 3558 2732 lugeret
3578 2701 3594 2725 ,
3622 2669 3680 2716 et
3715 2659 3794 2714 di-

2201 2759 2392 2815 lectam
2423 2760 2644 2828 patriam
2668 2758 2942 2812 incoleret.
2967 2755 3036 2811 Ut
3063 2753 3249 2824 majori
3278 2754 3631 2808 instrueretur
3662 2750 3794 2806 [idn-

2202 2851 2282 2904 cia
2311 2892 2325 2915 ,
2354 2850 2628 2912 oraculum
2672 2846 2740 2901 ab
2781 2845 2972 2917 angelo
3010 2845 3109 2900 bac
3151 2846 3218 2899 de
3245 2858 3305 2898 re
3331 2843 3537 2912 accepit
3568 2860 3582 2897 :
3608 2856 3792 2912 quam-

2203 2957 2360 3012 quam
2421 2940 2591 2996 Lucas
2640 2953 2746 2994 non
2809 2937 2950 2992 dicat
3010 2937 3181 3007 ipsum
3235 2951 3329 3006 per
3377 2935 3651 2991 oraculmn
3705 2935 3793 2988 illo

2203 3032 2443 3096 venisse;
2496 3030 2590 3085 sed
2639 3029 2901 3099 completa
2943 3028 3312 3098 purificatione
3357 3028 3408 3082 in
3453 3027 3680 3082 Naearet
3711 3042 3790 3088 re-

2201 3138 2386 3178 versos
2433 3121 2551 3178 illos
2599 3136 2739 3177 esse.
2770 3120 2908 3188 Quid
2953 3120 3112 3190 igitur
3157 3118 3440 3173 dicendum
3489 3117 3789 3188 estiQuod

2201 3215 2406 3269 scilicet
2443 3212 2614 3267 Lucas
2658 3211 2760 3266 hoc
2798 3210 2976 3274 dicat,
3011 3220 3220 3280 tempus
3259 3209 3568 3265 describens
3621 3210 3747 3265 illud
3773 3253 3787 3273 ,

2202 3303 2341 3374 quod
2365 3302 2638 3372 prmcessit
2663 3302 2981 3357 descensum
3007 3301 3060 3354 in
3092 3299 3406 3372 Egyptum.
3433 3299 3618 3370 Neque
3645 3300 3789 3360 enim

2203 3403 2328 3446 ante
2355 3391 2778 3462 purificationem
2801 3406 2894 3446 eos
2935 3391 3056 3444 illuc
3082 3389 3303 3444 deduxit
3321 3430 3336 3456 ,
3364 3405 3432 3444 ne
3458 3391 3583 3460 quid
3606 3401 3790 3446 contra

2205 3483 2373 3554 legem
2400 3483 2788 3543 admitteretur,
2816 3482 2910 3536 sed
2932 3481 3258 3550 exspectavit
3297 3482 3468 3538 donec
3494 3483 3793 3552 puriﬁcatio

2203 3575 2376 3640 fieret,
2404 3588 2470 3629 ac
2507 3573 2746 3629 redirent
2773 3572 2996 3628 Nazaret
3017 3614 3032 3635 ,
3064 3582 3296 3643 tuncque
3320 3573 3708 3629 descenderent
3741 3577 3791 3628 in

2204 3664 2515 3734 Egyptum.
2538 3662 2739 3718 Deinde
2764 3678 2831 3727 ex
2862 3662 3095 3732 A'ngpto
3123 3663 3552 3732 profectosjubet
3570 3665 3795 3720 Nazaret

2206 3754 2400 3808 redire.
2431 3756 2600 3807 Antea
2631 3767 2758 3807 vero
2788 3767 2890 3807 non
2920 3753 3104 3807 moniti
3133 3753 3349 3808 oraculo
3374 3752 3600 3820 fuerant,
3626 3766 3683 3810 ut
3706 3757 3796 3810 illo

2204 3843 2479 3907 redirent;
2513 3845 2607 3900 sed
2635 3859 2700 3898 ex
2736 3843 3005 3898 voluntate
3045 3844 3257 3914 propria
3301 3844 3353 3899 in‘
3402 3845 3652 3902 dilectam
3699 3865 3795 3918 pa-

2206 3938 2358 3991 triam
2380 3951 2440 3992 se
2465 3936 2822 3992 contulerant.
2853 3935 2984 4003 Quia
3015 3936 3157 3992 enim
3187 3953 3293 3993 non
3325 3938 3425 3994 nisi
3453 3954 3551 4009 pro
3590 3940 3796 3995 descri-

2205 4030 2389 4099 ptioue
2415 4037 2469 4084 et
2494 4043 2657 4085 censu
2701 4029 2793 4084 illo
2832 4039 3109 4094 venerant,
3145 4045 3244 4085 nec
3269 4031 3419 4086 locus
3443 4031 3512 4086 ibi
3543 4033 3793 4089 manendi

2207 4132 2350 4183 crat,
2397 4135 2457 4174 re
2505 4120 2776 4189 perfecta,
2803 4136 2900 4188 pro
2952 4136 3055 4188 qua
3097 4132 3374 4182 venerant.
3424 4124 3624 4178 reversi
3671 4139 3798 4180 sunt

2208 4207 2448 4264 Nazaret.
2499 4208 2622 4264 Ideo
2667 4211 2887 4278 angelus
2939 4209 3056 4264 illos
3101 4209 3317 4264 domum
3360 4211 3581 4276 reducit,
3619 4223 3677 4267 ut
3724 4215 3795 4269 ibi

2210 4309 2503 4362 manerent,
2537 4315 2708 4370 neque
2753 4299 2879 4355 illud
2917 4304 3030 4354 sine
3055 4315 3235 4366 causa,
3267 4301 3358 4356 sed
3397 4303 3538 4372 quod
3569 4304 3639 4357 ita
3668 4319 3790 4372 pro-

2207 4391 2385 4462 phetia
2432 4392 2592 4446 ferret
2621 4409 2632 4443 :
2665 4407 2785 4444 nam
2818 4393 2928 4445 ait:
2963 4391 3050 4445 ⁸ὲὸ.
3087 4391 3155 4446 Ut
3202 4393 3496 4463 impleretur
3529 4396 3666 4463 quod
3711 4397 3766 4448 di
3777 4424 3795 4437 ο

2208 4494 2343 4538 ctum
2369 4491 2440 4536 est
2465 4497 2551 4551 per
2567 4483 3102 4552 prophetas,quoniam
3118 4481 3402 4538 Nasara’us
3424 4487 3680 4538 vocabitur
3696 4487 3794 4557 (a).

2282 4571 2506 4626 Christus
2535 4589 2623 4624 cur
2650 4569 2931 4626 Naaarwus
2960 4582 3184 4631 vocatus.
3212 4605 3283 4614 —
3310 4575 3505 4644 Ecquis
3537 4575 3795 4645 propheta

2210 4666 2312 4721 hoc
2335 4665 2516 4720 dixit?
2545 4664 2620 4720 Ne
2647 4665 2911 4736 enriosips
2943 4667 3176 4734 inquiras
3216 4669 3296 4720 vel
3345 4669 3620 4723 scruteris.
3652 4670 3797 4725 Multi

2210 4761 2350 4815 enim
2382 4757 2668 4829 prophetici
2712 4758 2833 4812 libri
2874 4758 3150 4828 perierunt
3184 4777 3196 4813 :
3230 4759 3281 4813 id
3309 4759 3448 4828 quod
3477 4775 3542 4815 ex
3577 4760 3796 4817 historia

2211 4853 2648 4922 Paralipomenon
2690 4851 2871 4906 videre
2913 4860 3015 4904 est.
3045 4850 3178 4906 Nam
3208 4865 3398 4922 segnes
3446 4867 3567 4908 cum
3616 4863 3802 4909 essent

2209 4943 2398 5006 Judzei,
2428 4952 2478 4998 et
2508 4941 2807 5011 frequenter
2839 4941 3146 4997 deciderent
3187 4943 3237 4995 in
3269 4942 3593 5010 impietatem
3615 4987 3630 5010 ,
3663 4945 3801 5000 alios

2213 5040 2410 5094 incuria
2454 5037 2830 5108 perdiderunt,
2858 5037 2988 5090 alios
3019 5046 3072 5090 et
3121 5036 3218 5108 ipsi
3262 5038 3674 5093 oombusserunt
3714 5038 3793 5092 vel

2214 5129 2530 5186 lacerarunt.
2551 5128 2746 5183 llorum
2763 5129 2986 5184 alterum
3007 5126 3266 5182 Jeremias
3292 5136 3472 5183 narrat
3502 5128 3634 5198 (Cap
3672 5128 3762 5200 36)

2276 5305 2348 5366 (η)
2370 5303 2466 5366 ᾉπίο
2489 5302 2556 5366 ait
2575 5308 2785 5352 Joannes
2823 5300 3209 5366 Chrysostomus,
3251 5303 3519 5366 prophetas
3552 5300 3680 5366 illos,
3716 5302 3805 5357 ubi

2214 5363 2318 5415 haec
2331 5363 2570 5422 clausula,
2606 5372 2865 5414 Nasonem
2902 5363 3162 5424 malum,
3200 5363 3492 5424 habebatur,
3525 5364 3808 5415 .tndzeotum

2213 5427 2398 5493 incuria
2430 5426 2630 5493 amissos
2646 5424 2817 5493 fuisse.
2845 5424 2938 5475 Alii
2960 5425 3154 5493 dicunt,_
3184 5427 3292 5493 hinc
3314 5439 3430 5493 non_
3447 5425 3565 5493 ipsis
3602 5425 3806 5493 quidem

2214 5485 2395 5552 verbis,
2421 5485 2511 5535 sed
2532 5487 2660 5547 quod
2683 5487 2742 5535 ad
2764 5500 2961 5552 sensttm
2989 5487 3200 5552 reperiri
3221 5492 3273 5552 tu
3295 5485 3566 5552 prophetis,
3592 5485 3678 5552 qui
3711 5487 3803 5537 lto-

2214 5547 2396 5621 dteque
2420 5553 2630 5621 exstant.
2656 5555 2751 5597 Nec
2768 5547 3063 5621 desunt'qui'
3084 5547 3399 5621 cristiment,‘
3416 5549 3522 5621 haec
3718 5562 3805 5599 re-

2215 5608 2409 5673 spicere
2432 5609 2563 5659 hunc
2586 5608 2739 5659 locum
2773 5608 2911 5659 Isaiae
2931 5608 3014 5661 ΧΓ.
3038 5613 3081 5668 t,
3107 5612 3189 5661 ubi
3221 5611 3270 5659 in
3309 5609 3550 5661 Hebr-sieo
3595 5609 3800 5674 legitur,

2369 5687 2620 5755 jus-sm
2642 5685 2787 5738 ‘Iim,
2818 5682 2975 5755 opus
3005 5684 3066 5734 de
3089 5682 3338 5754 radicibus
3355 5698 3462 5748 ejus
3485 5685 3778 5755 germinum

2221 5745 2313 5799 Ubi
2348 5746 2491 5807 illud,
2515 5757 2620 5805 ’πῃ
2640 5787 2654 5811 ,
2685 5759 2840 5806 neser,
2867 5743 3146 5796 Naramum
3174 5743 3461 5809 exprimcre
3484 5743 3798 5798 Existimant.
