4082 6504
292 538 525 592 alterum
569 534 614 589 is
650 532 739 604 qui
779 537 1026 602 quartum
1071 527 1376 599 Regnorum
1407 519 1600 583 librum
1632 525 1893 598 (Cap.22l

291 628 500 692 edidit,
531 628 658 681 dum
688 624 792 686 ait,
825 632 945 692 post
989 622 1211 676 multum
1261 618 1519 689 temporis
1558 619 1644 673 vix
1677 617 1891 673 tandem

297 717 769 774 lieuterouontium
833 713 1084 771 effossum
1147 712 1311 766 fuisse
1368 719 1525 766 antea
1598 711 1892 784 perditum.

292 813 349 867 Si
381 825 544 882 porro
574 807 722 864 nullo
769 809 1000 863 instante
1049 805 1276 861 barbaro
1306 803 1384 858 sic
1431 802 1598 858 libros
1638 801 1889 872 prodide-

292 913 438 968 runt,
467 902 637 955 multo
664 899 833 971 magis
861 905 1143 969 postquam
1173 896 1385 952 barbari
1417 897 1740 966 irruperant.
1768 895 1888 951 Ca»

291 1001 468 1049 terum
499 991 622 1061 quia
666 991 716 1046 id
755 991 1026 1061 propheta:
1054 987 1443 1059 praedixerant,
1474 986 1702 1056 apostoli
1746 1001 1890 1056 smpe

289 1081 438 1139 illum
466 1081 802 1137 Nazareuum
831 1088 1045 1136 vocant.
1075 1075 1188 1134 Hoc
1208 1092 1336 1148 ergo
1357 1085 1460 1143 est,
1485 1077 1716 1147 inquies,
1745 1076 1887 1146 quod

287 1175 620 1246 prophetiam
667 1175 736 1230 de
781 1172 1096 1230 Bethlehem
1137 1171 1420 1226 obscuram
1463 1169 1726 1224 reddidit?
1776 1168 1884 1224 Ne-

283 1282 598 1338 quaquam:
641 1265 735 1322 sed
783 1264 914 1320 illud
957 1264 1128 1334 ipsum
1173 1261 1410 1316 maxime
1449 1259 1698 1316 movebat
1722 1269 1779 1315 et
1817 1259 1885 1314 ad

282 1360 611 1431 exploranda
655 1375 716 1414 ea
763 1374 883 1429 qua:
914 1357 980 1411 de
1024 1356 1116 1410 illo
1159 1354 1301 1409 dicta
1349 1354 1559 1408 fuerant
1588 1350 1883 1407 excitabat.

282 1452 372 1507 Sic
412 1461 471 1508 et
512 1449 806 1506 Natltanael
846 1447 911 1502 ad
969 1446 1407 1517 perquisitionem
1451 1445 1521 1500 de
1560 1445 1652 1500 illo
1683 1442 1884 1498 facien-

280 1543 403 1598 dam
455 1543 598 1598 venit
647 1541 873 1596 dicens:
909 1537 993 1593 Ea:
1043 1535 1267 1592 Nazaret
1312 1545 1473 1607 potest
1531 1535 1725 1605 aliquid
1765 1535 1885 1588 boni

278 1652 386 1688 esse
411 1635 435 1705 (
451 1635 609 1689 Ioan.
639 1635 691 1688 1.
723 1632 793 1688 46
817 1632 872 1702 )ἳ
902 1631 1034 1685 Nam
1064 1630 1269 1684 viculus
1299 1637 1415 1684 erat
1439 1628 1589 1693 vilis;
1618 1628 1726 1681 imo
1775 1643 1879 1682 non

279 1725 488 1779 vienlus
514 1725 601 1780 ille
630 1731 833 1778 tantum
853 1763 869 1788 ,
901 1723 996 1776 sed
1037 1728 1145 1774 tota
1175 1719 1411 1775 Gallltete
1441 1719 1605 1788 regio.
1633 1718 1758 1773 Ideo
1799 1718 1880 1772 di-

276 1817 475 1872 cebant
501 1815 757 1871 Phariszni
793 1833 808 1869 :
843 1813 1133 1882 Interroga,
1166 1820 1212 1866 et
1237 1811 1350 1866 vide
1370 1854 1384 1875 ,
1412 1811 1650 1882 quoniam
1681 1827 1742 1864 ex
1771 1809 1876 1863 Ga-

275 1911 414 1964 liltra
444 1907 690 1978 praplteta
714 1921 814 1960 non
842 1905 1064 1958 surrexit
1089 1901 1266 1974 (Joan.
1295 1903 1349 1956 7.
1372 1902 1486 1969 52).
1517 1902 1765 1956 Attamen
1789 1903 1878 1957 ille

272 2016 338 2056 ex
386 2001 478 2055 tali
527 1999 696 2070 patria
735 2005 954 2052 vocatus
999 2012 1104 2051 non
1144 1994 1453 2060 erubescit,
1485 1996 1776 2049 ostendens
1819 2010 1878 2049 se

274 2092 416 2146 nulla
453 2106 511 2146 re
543 2089 771 2144 humana
803 2102 964 2159 egere
993 2107 1006 2141 :
1038 2086 1438 2157 discipulosque
1478 2099 1605 2140 suos
1635 2102 1699 2139 ex
1731 2085 1878 2141 Gali—

273 2183 367 2236 l;ea
396 2182 566 2252 eligit,
599 2180 832 2250 undique
862 2179 1174 2235 oceasiones
1215 2187 1268 2232 et
1297 2177 1550 2231 obtentus
1590 2175 1875 2232 succideus

272 2273 336 2328 iis
382 2273 476 2342 qni
526 2280 740 2341 torpere
790 2270 1032 2335 vellent,
1077 2267 1474 2337 ostendensth
1517 2282 1614 2322 nos
1653 2276 1870 2322 externa

270 2363 414 2418 nulla
460 2378 518 2418 re
544 2376 706 2432 egere
729 2403 744 2426 ,
771 2362 816 2416 si
861 2360 1110 2414 virtutem
1139 2373 1508 2414 exerceamus.
1543 2357 1775 2427 ldeoipte
1807 2374 1874 2413 ne

267 2454 487 2510 domum
518 2454 732 2524 quidem
755 2453 852 2507 sibi
875 2452 1076 2523 delegit
1106 2470 1118 2506 :
1145 2467 1265 2508 nam
1293 2452 1405 2507 ait:
1442 2449 1610 2506 Filius
1654 2451 1872 2506 hominis

268 2565 368 2603 non
399 2549 548 2601 habet
580 2548 662 2601 ubi
691 2557 844 2614 caput
873 2548 1078 2600 recline!
1104 2545 1123 2618 (
1148 2545 1271 2598 Luc.
1307 2546 1360 2600 9.
1393 2545 1487 2614 58)
1514 2559 1528 2610 ;
1560 2556 1721 2615 atque
1763 2545 1869 2600 lle-

267 2640 398 2693 rode
427 2639 709 2696 insidiante
742 2638 891 2708 fugit,
921 2638 972 2690 in
1003 2638 1262 2706 prmsepio
1289 2637 1602 2698 collocatur,
1627 2645 1681 2690 et
1709 2636 1761 2690 itt
1787 2635 1869 2690 di-

266 2731 511 2786 versorio
561 2723 738 2783 nxanet
763 2769 778 2795 ,
809 2738 1141 2797 matremque
1183 2727 1331 2796 eligit
1379 2728 1590 2796 inopem
1617 2767 1630 2789 ,
1666 2735 1723 2781 ut
1771 2743 1867 2782 nos

263 2821 475 2886 doceat,
508 2836 578 2876 ne
606 2820 874 2890 quidpiam
907 2818 1210 2888 ltujusmodi
1239 2828 1393 2888 turpe
1422 2832 1542 2871 esse
1573 2828 1822 2887 putemus
1847 2857 1861 2882 ,

263 2915 391 2967 dum
425 2916 477 2967 itt
513 2911 820 2983 primordiis
863 2913 976 2981 ipse
1024 2911 1313 2964 humanum
1359 2911 1529 2964 calcat
1558 2910 1749 2964 fastum
1773 2951 1787 2975 ,
1813 2921 1863 2964 ct

263 3006 353 3060 uni
387 3005 572 3060 virtuti
605 3003 848 3059 addictos
871 3017 993 3058 esse
1019 3001 1192 3070 jubet.

330 3095 382 3150 5.
422 3095 647 3149 Sanctus
680 3092 875 3147 Paulus
913 3109 1013 3146 non
1053 3092 1188 3145 dedit
1236 3107 1414 3144 ansam
1468 3093 1532 3144 de
1570 3092 1736 3159 patria
1777 3101 1866 3143 aut

260 3189 491 3256 patribus
534 3188 693 3239 altum
744 3186 996 3253 sapiendi.
1048 3183 1261 3237 Patrum
1300 3181 1535 3236 nobilitas
1577 3199 1675 3236 non
1716 3184 1863 3253 juvat

259 3279 536 3347 improbas,
563 3276 850 3346 ignobilitas
879 3291 979 3328 non
1012 3285 1153 3328 nocet
1180 3274 1367 3342 probis.
1402 3303 1471 3312 -—
1500 3270 1606 3326 Cur
1628 3274 1768 3327 enim
1796 3273 1864 3326 de

259 3369 426 3436 patria
452 3367 621 3421 altum
652 3366 818 3434 sapis,
841 3364 1054 3433 quando
1080 3378 1201 3433 ego,
1230 3361 1419 3432 inquit,
1438 3363 1491 3416 in
1516 3372 1625 3416 toto
1653 3362 1783 3417 orbe
1812 3372 1862 3418 te

258 3458 603 3527 peregrinum
634 3469 754 3511 esse
775 3454 938 3525 jubeo
966 3454 990 3507 ?
1015 3452 1228 3524 quando
1258 3453 1379 3507 licet
1408 3453 1498 3507 tibi
1533 3452 1690 3507 talem
1718 3467 1854 3517 esse,

257 3559 314 3602 ut
344 3557 490 3602 totus
520 3546 750 3602 mundus
799 3557 850 3601 te
895 3560 999 3599 non
1048 3545 1117 3598 sit
1161 3543 1392 3614 dignus?
1423 3544 1546 3598 llzec
1591 3545 1734 3598 enim
1790 3545 1858 3599 ita

253 3638 649 3694 mntemuenda
681 3646 828 3704 sunt,
857 3647 913 3690 ut
940 3651 1008 3692 ne
1051 3652 1078 3689 τι
1113 3635 1444 3705 philoSOpItis
1469 3636 1681 3704 quidem
1710 3636 1862 3691 Gne-

254 3745 441 3785 eorum
486 3730 671 3799 aliquo
706 3730 757 3783 in
789 3728 960 3798 pretio
992 3727 1319 3792 habeantur,
1350 3728 1443 3782 sed
1474 3737 1727 3783 extranea
1760 3745 1857 3782 vo-

251 3835 462 3889 centur,
497 3833 907 3892 extremumque
937 3821 1109 3876 locum
1138 3831 1418 3891 occupent.
1454 3823 1611 3891 Atqui
1663 3821 1860 3876 Paulus

254 3918 368 3974 hare
392 3917 757 3988 ampieuitur.
791 3915 1020 3985 inquies,
1043 3914 1119 3969 sic
1151 3915 1374 3983 loquens
1399 3932 1412 3967 :
1436 3915 1727 3968 Secundum
1753 3915 1857 3969 ele-

248 4013 490 4072 ctionem,
517 4009 769 4063 carissimi
797 4049 810 4074 ,
842 4017 1046 4078 propter
1076 4018 1242 4077 patres
1273 4007 1448 4075 (Rom.
1481 4008 1567 4061 ll.
1599 4007 1717 4070 28).
1751 4008 1855 4062 Sed

249 4101 356 4166 die,
385 4101 627 4172 quando,
659 4100 728 4154 de
757 4100 971 4168 quibus,
1001 4109 1055 4152 et
1079 4111 1212 4167 quos
1239 4099 1539 4165 alloquens.
1571 4098 1689 4165 Agit
1713 4097 1856 4151 enim

247 4209 367 4248 cum
397 4195 464 4247 iis
491 4192 586 4262 qui
615 4206 679 4246 ex
724 4190 971 4260 gentibus
1001 4191 1246 4244 conversi
1270 4233 1284 4252 ,
1314 4189 1382 4243 de
1423 4188 1528 4242 fide
1561 4189 1726 4242 altum
1767 4203 1858 4244 sa-

250 4285 468 4353 piohant
497 4294 553 4338 et
587 4283 859 4335 tumebant
883 4321 900 4347 ,
931 4290 1116 4335 contra
1148 4279 1361 4334 Judatos
1402 4279 1746 4349 insurgehant
1766 4321 1779 4342 ,
1804 4288 1859 4334 et

250 4375 348 4430 hac
379 4374 448 4429 de
483 4388 650 4427 causa
685 4372 852 4442 magis
883 4372 1001 4425 illos
1030 4388 1058 4425 a
1097 4387 1156 4425 se
1199 4372 1611 4440 sequestrabant
1641 4387 1651 4420 :
1687 4370 1856 4440 repri-

248 4482 400 4522 mens
443 4466 610 4534 i{litor
654 4463 862 4516 illorum
894 4472 1188 4526 tumorenn
1223 4462 1317 4515 lim
1345 4462 1505 4513 “me”
1538 4501 1552 4524 ν
1588 4473 1634 4513 ⁸⁸
1681 4465 1748 4514 δά
1777 4460 1856 4513 Μ’

249 4556 422 4625 ipsum
451 4553 694 4608 studium
723 4552 937 4605 euitat.
967 4551 1094 4605 Nam
1127 4567 1245 4605 corr
1279 4549 1346 4604 de
1391 4550 1597 4619 magnis
1642 4551 1749 4605 illis
1795 4566 1857 4606 ac

247 4645 484 4700 strenuis
512 4643 644 4697 viris
686 4643 921 4710 loquitur
945 4683 959 4703 ,
991 4641 1111 4695 audi
1153 4641 1280 4711 quid
1325 4640 1468 4694 dicat
1500 4659 1508 4692 :
1543 4643 1644 4704 Qui
1688 4653 1856 4695 mitem

249 4739 355 4791 Iure
382 4738 584 4798 dicunt,
610 4729 902 4803 signiﬁcant
921 4751 974 4786 se
1003 4735 1222 4800 pati-iant
1260 4734 1532 4801 inquirere.
1572 4733 1634 4785 Ιίι
1665 4736 1706 4788 δὲ
1743 4735 1856 4802 qui-

247 4832 360 4881 dem
389 4827 534 4881 illius
552 4825 918 4889 metninissent,
939 4825 1000 4876 de
1025 4841 1123 4888 qua
1151 4824 1394 4882 exierant.
1417 4825 1703 4878 habuissent
1731 4835 1855 4877 tem-

251 4939 344 4991 pus
371 4917 662 4975 revertendi
687 4932 705 4969 :
735 4929 1053 4969 imae-autent
1076 4917 1286 4969 alteram
1314 4917 1569 4970 meliorem
1608 4926 1854 4986 appetunt

249 5012 435 5082 (Hebr.
466 5013 557 5066 11.
591 5007 806 5076 M-lli).
841 5009 907 5062 Et
935 5023 1143 5062 rursum
1178 5025 1192 5060 :
1223 5007 1515 5063 Secundum
1542 5008 1695 5075 [idem
1721 5025 1856 5062 mor-

250 5103 322 5154 tui
359 5111 478 5157 sunt
527 5101 585 5154 hi
623 5114 828 5162 omnes,
863 5113 965 5150 non
998 5108 1312 5167 reportantes
1359 5101 1735 5168 proittissiones,
1767 5103 1856 5156 sed

252 5196 427 5264 procul
455 5197 602 5264 ipsa:
631 5191 850 5246 ridentes
875 5199 920 5244 et
947 5190 1220 5243 salutantes
1238 5190 1399 5260 (Ibid.
1419 5206 1465 5242 ε.
1486 5191 1592 5261 15).
1622 5192 1856 5248 Joannes

254 5301 377 5341 vero
405 5287 472 5341 ad
504 5302 567 5341 se
598 5271 937 5339 venientibus
961 5282 1172 5336 dicebat
1196 5301 1208 5336 :
1243 5282 1322 5336 Ne
1347 5285 1506 5338 velitis
1529 5286 1709 5349 dicere,
1743 5285 1854 5339 Pa-

255 5389 376 5430 treus
399 5380 650 5430 habemus
679 5375 935 5428 Abraham
966 5374 984 5443 (
1011 5372 1135 5426 Luc.
1169 5375 1220 5427 5.
1253 5375 1284 5428 8
1311 5374 1353 5444 ).
1383 5373 1685 5446 iterumque
1717 5378 1855 5431 Pauo

254 5470 333 5522 lus
360 5486 373 5522 :
410 5469 533 5522 Non
565 5468 701 5520 enim
732 5482 904 5519 omnes
929 5465 1014 5535 qui
1038 5481 1102 5519 ea:
1132 5463 1317 5529 Israel,
1347 5468 1400 5520 hi
1432 5478 1549 5521 sunt
1578 5468 1852 5536 Israelita,

255 5576 410 5626 neque
435 5560 524 5630 qui
553 5557 655 5628 ﬁlii
691 5558 860 5612 carnis
885 5597 900 5623 ,
932 5559 982 5609 hi
1023 5557 1118 5626 ﬁlii
1149 5556 1242 5610 Dei
1275 5559 1294 5628 (
1329 5558 1479 5612 Rom.
1504 5559 1555 5613 9.
1588 5561 1686 5630 6.).
1719 5560 1853 5628 Quid

241 5656 414 5720 enim,
445 5664 659 5725 quaso,
707 5650 903 5718 profuit
934 5649 1057 5704 filiis
1095 5648 1359 5705 Samuelis
1390 5654 1551 5720 patris
1582 5654 1852 5721 nobilitas,

255 5745 406 5814 cujus
451 5759 561 5799 non
617 5741 830 5798 fuerunt
865 5741 1077 5795 virtutis
1118 5742 1384 5798 heredes?
1411 5744 1560 5809 Quod
1591 5745 1750 5798 etiam
1780 5748 1857 5798 lu-

257 5851 400 5892 crum
431 5837 558 5892 liliis
599 5835 762 5890 Hosis
798 5833 895 5888 fuit
920 5873 936 5899 ,
965 5834 1113 5903 cujus
1153 5834 1476 5904 diligentiam
1516 5845 1569 5890 et
1603 5836 1849 5892 virtutem

1484 412 1549 469 ΙΝ
1589 412 1993 471 ΜᾹΤΤΗΑΞΙΙΜ
2036 414 2266 472 ΗΟΜΙΙ⁴⁸
2313 417 2400 472 IX.

3505 437 3606 489 ιιισι

2003 543 2109 584 non
2140 541 2263 586 sunt
2295 531 2526 588 imitati?
2553 533 2732 605 Neque
2775 539 3057 609 imperium
3102 554 3225 615 post
3256 545 3402 601 illum
3444 563 3602 604 esce-

2003 629 2238 692 perunt:
2267 623 2360 678 sed
2402 623 2529 678 dum
2565 637 2768 696 patrem
2803 631 2974 700 ipsum
3009 633 3393 702 inscriberent,
3422 644 3600 708 populi

2002 709 2315 780 przefectura
2348 714 2414 768 ad
2445 717 2606 771 alium
2637 720 2916 786 transivit,
2947 725 3035 793 qtti
3068 727 3263 783 virtute
3293 728 3431 782 illius
3458 729 3602 786 illius

1999 811 2133 856 erat.
2161 802 2298 870 Quid
2323 816 2502 862 autem
2532 810 2710 865 nocuit
2737 810 3041 880 Timotheo,
3070 816 3212 886 quod
3234 827 3389 889 patre
3413 821 3599 891 gentili

2000 904 2154 949 natus
2180 897 2368 952 esset!
2392 899 2518 969 quid
2547 910 2735 958 contra
2762 903 2891 959 Nom
2935 905 3075 962 Illius
3104 908 3170 964 de
3199 910 3394 966 virtute
3431 914 3600 981 patris

1997 985 2232 1044 lucratus
2261 999 2364 1055 est,
2390 993 2479 1061 qui
2509 1009 2697 1050 servus
2721 996 2789 1050 de
2818 998 2989 1054 libero
3017 1000 3186 1058 factus
3211 1005 3335 1059 est?
3357 1004 3598 1061 Vidistiu'

1994 1082 2268 1150 quomodo
2298 1085 2461 1140 patris
2489 1085 2739 1144 nobilitas
2769 1105 2875 1144 non
2919 1092 3048 1145 satis
3080 1092 3331 1149 idoneum
3361 1098 3432 1152 sit
3461 1097 3596 1153 ﬁlio-

1996 1185 2114 1225 rum
2144 1175 2497 1243 patrocinium
2521 1178 2543 1231 ?
2569 1178 2702 1233 Nam
2735 1184 2991 1252 propositi
3020 1185 3255 1256 nequitia
3282 1197 3488 1244 natura:
3517 1192 3596 1264 leg

1992 1279 2089 1334 ges
2117 1267 2243 1322 vicit
2268 1285 2284 1332 ;
2318 1284 2416 1324 nec
2444 1273 2604 1326 modo
2631 1273 2778 1329 illum
2809 1292 2872 1331 ex
2908 1276 3182 1335 nobilitate
3206 1289 3426 1351 paterna
3453 1321 3473 1350 ,
3500 1285 3596 1340 sed

1992 1356 2153 1412 etiam
2205 1374 2271 1414 ex
2318 1359 2566 1418 libertate
2606 1365 2822 1435 dejecit.
2873 1367 3062 1423 Nonne
3103 1379 3158 1426 et
3204 1371 3345 1428 Esait
3381 1390 3596 1446 quoque

1992 1447 2133 1504 illius
2157 1461 2276 1506 erat
2307 1449 2492 1520 lsaaci,
2516 1454 2604 1524 qui
2637 1457 2736 1510 sibi
2758 1459 3238 1528 patrocinabatur?
3269 1463 3478 1518 Etenim
3504 1481 3596 1533 pa-

1991 1549 2071 1596 ter
2099 1545 2216 1612 ejus
2261 1543 2312 1598 id
2358 1547 2618 1611 curabat,
2654 1548 2705 1603 id
2751 1553 3018 1622 cupiebat,
3053 1565 3110 1609 ut
3153 1556 3593 1638 benedictionem

1989 1632 2258 1703 particeps
2283 1645 2460 1700 esset,
2489 1647 2541 1692 et
2574 1653 2671 1708 pro
2716 1640 2814 1695 hac
2856 1658 2913 1697 re
2958 1644 3074 1713 ipse
3112 1661 3229 1715 qua:
3269 1632 3596 1716 jubebantur

1987 1723 2167 1778 omnia
2190 1726 2603 1796 exsequebatur.
2641 1731 2888 1786 Attamen
2918 1736 3037 1804 quia
3073 1750 3267 1804 pravus
3301 1747 3436 1804 erat,
3469 1740 3592 1794 nul-

1988 1813 2096 1867 lum
2125 1831 2191 1870 ex
2225 1816 2289 1870 iis
2320 1816 2546 1873 fructum
2580 1823 2818 1891 percepit
2848 1841 2862 1887 ;
2894 1824 2989 1878 sed
3012 1829 3110 1880 etsi
3140 1835 3264 1881 natu
3293 1828 3456 1897 prior,
3491 1833 3591 1884 etsi

1989 1915 2191 1974 patrem
2225 1906 2440 1964 haberet
2469 1910 2568 1966 sibi
2597 1912 2648 1965 in
2673 1912 2926 1968 omnibus
2955 1913 3242 1977 faventem.
3268 1918 3390 1988 quia
3422 1920 3590 1974 Deum

1985 2010 2091 2050 non
2122 1998 2304 2053 habuit
2330 2001 2680 2071 opitulantent
2707 2045 2720 2068 ,
2764 2005 3016 2061 omnibus
3060 2007 3287 2062 excidit.
3315 2008 3422 2064 Sed
3461 2009 3592 2080 quid

1985 2080 2233 2138 homines
2261 2099 2629 2142 commemoro
2655 2089 2678 2143 ?
2705 2087 2822 2145 Filii
2852 2090 2945 2146 Dei
2978 2091 3125 2147 fuere
3152 2092 3345 2164 Judaij,
3374 2105 3428 2149 et
3457 2096 3588 2149 nihil

1983 2188 2047 2227 ex
2078 2175 2167 2230 tali
2201 2177 2479 2234 nobilitate
2510 2180 2698 2235 luerati
2731 2193 2876 2238 sunt.
2908 2183 2963 2238 Si
2990 2186 3148 2256 igitur
3171 2187 3291 2256 quis
3322 2188 3463 2243 lilins
3496 2190 3587 2248 Dei

1981 2264 2225 2332 effectus,
2254 2269 2356 2323 nisi
2389 2270 2668 2328 nobilitate
2699 2275 2787 2328 illa
2814 2276 3027 2348 dignam
3051 2279 3303 2336 virtutem
3331 2282 3587 2338 exhibue~

1981 2357 2070 2421 rit,
2103 2359 2307 2426 majore
2334 2360 2566 2416 afficitur
2591 2365 2854 2434 supplicio
2877 2407 2894 2431 ,
2920 2369 3046 2436 quid
3076 2371 3206 2424 mihi
3242 2373 3502 2443 majorum
3531 2385 3586 2429 et

1978 2461 2201 2502 avorum
2231 2451 2563 2507 nobilitatem
2613 2455 2822 2524 profers
2853 2458 2903 2513 in
2949 2459 3222 2515 medium?
3250 2463 3363 2518 lloc
3406 2473 3586 2520 autem

1979 2555 2084 2593 non
2113 2541 2164 2594 in
2194 2540 2373 2597 Veteri
2416 2554 2643 2613 tantum,
2677 2547 2774 2603 sed
2797 2549 2957 2604 etiam
2987 2552 3037 2605 in
3067 2551 3217 2609 Novo
3241 2554 3586 2611 Testamento
3655 2596 3659 2600 -

1977 2631 2266 2700 Contigisse
2308 2631 2727 2704 deprehendas:
2769 2653 2891 2694 nam
2935 2642 3011 2696 ait
3057 2660 3070 2697 :
3118 2643 3372 2716 Quotquot
3416 2662 3584 2724 animi

1977 2731 2272 2789 receperunt
2297 2714 2410 2777 eum
2435 2766 2451 2791 ,
2486 2725 2625 2779 dedit
2661 2731 2734 2783 eis
2784 2740 3081 2797 potestatem
3133 2714 3270 2801 ﬁlios
3319 2734 3413 2789 Dei
3471 2717 3585 2801 ﬁeri

1975 2812 2169 2882 (Joan.
2205 2815 2254 2867 l.
2289 2816 2357 2870 12
2385 2816 2426 2887 ).
2459 2818 2706 2873 Attamen
2753 2821 2933 2877 multis
2981 2822 3281 2892 hujnsmodi
3313 2828 3456 2894 liliis,
3493 2845 3584 2895 pa-

1976 2913 2109 2958 trem
2137 2907 2264 2960 nihil
2289 2910 2550 2976 profuisse
2566 2911 2693 2965 dicit
2721 2911 2917 2969 Paulus
2949 2934 2962 2969 :
2997 2916 3057 2969 Si
3082 2919 3216 2970 enim
3241 2921 3580 2974 circumcida-

1973 2998 2118 3064 miui,
2152 2998 2354 3068 inquit,
2383 2999 2612 3055 Christus
2637 3004 2776 3058 vobis
2803 3006 2931 3058 nihil
2960 3007 3187 3076 proderit
3228 3008 3248 3081 (
3272 2987 3389 3064 (iul.
3418 3014 3471 3066 5.
3499 3014 3577 3080 Ξ).

1973 3091 2028 3145 Si
2061 3107 2189 3146 vero
2219 3092 2465 3147 Christus
2498 3096 2626 3148 nihil
2658 3099 2874 3165 prodest
2905 3099 2968 3152 iis
2993 3100 3081 3168 qui
3115 3101 3217 3156 sibi
3264 3103 3452 3158 nolunt
3499 3115 3591 3159 at-.

1974 3183 2363 3253 tcnderc,quo
2419 3197 2573 3254 pacto
2625 3189 2753 3254 ipsis
2800 3191 3222 3257 patrocinabitur
3265 3194 3468 3250 homo?
3500 3198 3580 3253 Ne

1973 3275 2129 3341 igitur
2154 3274 2233 3328 vel
2259 3277 2322 3328 de
2339 3278 2634 3336 nobilitate.
2661 3281 2742 3333 vel
2761 3281 2829 3334 de
2856 3281 3052 3336 divitiis
3075 3285 3242 3339 altum
3264 3288 3534 3357 sapiamus
3560 3309 3574 3353 ;

1971 3365 2078 3417 into
2106 3380 2198 3420 eos
2225 3367 2313 3435 qui
2360 3367 2430 3420 ita
2472 3377 2596 3422 sunt
2645 3367 2822 3424 affecti
2852 3372 3215 3442 despiciatnus
3247 3393 3260 3431 :
3302 3393 3477 3450 neque
3507 3383 3578 3435 ob

1971 3466 2338 3526 paupertatem
2367 3458 2682 3528 dejiciamur
2701 3501 2716 3526 ,
2745 3461 2839 3516 sed
2867 3463 2989 3517 illas
3008 3481 3312 3536 qumramus
3338 3471 3572 3534 divitias.

1967 3564 2086 3618 qua:
2133 3549 2287 3604 bouis
2334 3552 2586 3620 operibus
2615 3562 2909 3609 constant:
2940 3556 3084 3612 illam
3132 3559 3395 3630 fugiamus
3441 3580 3571 3634 pan--

1970 3651 2250 3709 pcrtatem,
2282 3658 2402 3713 qua:
2447 3659 2543 3697 nos
2575 3646 2625 3699 in
2669 3647 2960 3716 nequitiam
2998 3651 3253 3719 conjicit,
3284 3670 3386 3724 qua
3420 3656 3572 3711 dives

1969 3731 2080 3797 ille,
2112 3746 2316 3801 pauper
2345 3745 2454 3787 erat
2485 3778 2498 3797 ,
2528 3737 2615 3805 qui
2645 3752 2712 3791 ne
2753 3738 2952 3794 stillam
2980 3741 3194 3811 quidem
3226 3759 3378 3816 aqua:
3406 3747 3573 3816 impe-

1968 3824 2145 3887 travit,
2176 3824 2274 3878 etsi
2325 3825 2503 3880 multis
2547 3827 2801 3885 adhibitis
2829 3832 3076 3901 precibus
3106 3835 3126 3902 (
3155 3833 3278 3889 Luc.
3313 3838 3400 3892 16.
3431 3838 3501 3893 21
3528 3838 3567 3911 ).

1964 3912 2298 3985 Quamquam
2356 3918 2476 3987 quis
2523 3919 2662 3974 inter
2715 3937 2815 3976 nos
2868 3923 2938 3978 ita
2991 3939 3196 3996 pauper
3238 3938 3358 3992 est,
3394 3940 3451 3985 ut
3504 3948 3571 3985 ne

1965 4019 2155 4073 aquam
2202 4006 2417 4073 quidem
2465 4008 2702 4081 habent?
2732 4010 2902 4066 Nemo
2928 4027 3079 4069 sane.
3112 4015 3245 4072 Nam
3284 4019 3355 4072 illi
3406 4023 3567 4078 etiam

1964 4096 2054 4164 qui
2098 4107 2337 4151 extrema
2372 4099 2510 4153 fame
2540 4102 2823 4157 tabcscunt
2848 4146 2865 4169 ,
2911 4107 3070 4164 stillis
3109 4125 3261 4181 aqua:
3292 4113 3392 4168 fini
3444 4131 3568 4184 pos-

1964 4196 2088 4240 sunt
2120 4203 2134 4251 ;
2164 4203 2263 4243 nec
2289 4189 2448 4243 stillis
2477 4204 2629 4260 aqua:
2658 4194 2832 4248 solum
2854 4235 2873 4262 ,
2906 4197 3000 4251 sed
3038 4200 3204 4255 etiam
3247 4206 3450 4274 majore
3476 4223 3570 4260 so~

1967 4277 2112 4331 latio.
2144 4277 2312 4332 Secus
2340 4289 2518 4335 autem
2548 4281 2699 4337 dives
2727 4284 2815 4338 ille
2841 4325 2856 4352 ,
2887 4289 2976 4356 qui
3005 4289 3070 4342 ad
3098 4306 3216 4346 eam
3247 4310 3416 4364 usque
3443 4315 3570 4368 pau-

1964 4378 2224 4437 pertatem
2256 4371 2486 4430 devenit.
2521 4381 2577 4425 ut
2608 4373 2813 4429 nullum
2841 4390 3024 4445 posset
3054 4381 3294 4441 invenire
3341 4403 3569 4460 pauper.

1965 4461 2088 4514 tatis
2125 4461 2396 4516 solatium.
2425 4459 2532 4518 Cur
2558 4464 2738 4534 itaque
2767 4467 2968 4524 divitiis
2996 4471 3288 4540 inhiamus,
3322 4459 3570 4549 qtminos

1920 4544 1928 4549 ”
1966 4553 2015 4606 in
2047 4554 2234 4607 ca‘lum
2283 4555 2536 4611 inducere
2566 4561 2881 4627 nequeunt?
2912 4562 3006 4620 Dic
3032 4567 3162 4622 mihi
3199 4587 3211 4623 :
3241 4569 3285 4624 si
3311 4574 3430 4639 quis
3475 4591 3566 4628 rev

1964 4653 2209 4700 terrenus
2239 4645 2444 4701 (liceret
2466 4688 2482 4712 ,
2513 4649 2718 4703 nullum
2749 4651 2967 4708 divitem
3013 4671 3171 4726 posse
3203 4660 3256 4714 in
3288 4665 3431 4731 regia
3471 4665 3564 4720 fui-

1961 4751 2109 4806 gere.
2133 4746 2220 4790 aut
2265 4735 2470 4792 hooorc
2498 4738 2621 4803 frui,
2651 4757 2830 4796 annon
2859 4747 3034 4801 cuncti
3063 4747 3279 4806 divitias
3322 4753 3553 4825 deSpice-

1963 4830 2090 4881 retis
2120 4837 2176 4882 et
2207 4827 2550 4898 abjiceretis?
2579 4833 2777 4902 Atqui,
2811 4836 2854 4888 si
2887 4853 2950 4891 ex
2982 4847 3213 4897 terrente
3244 4845 3382 4900 illius
3411 4851 3519 4916 regi
3542 4869 3568 4900 ιε

1965 4918 2169 4973 honore
2195 4933 2293 4973 nos
2317 4919 2593 4989 dejiciaut,
2622 4931 2952 4998 contemptui
2982 4942 3140 4989 erunt
3170 4952 3185 5002 ;
3215 4935 3362 5005 Rege
3387 4951 3567 4994 autem

1962 5009 2212 5064 caelorum
2244 5011 2487 5080 quotidie
2524 5014 2789 5072 clamante
2816 5033 2879 5074 ac
2923 5020 3174 5093 dicente,
3201 5027 3417 5085 diliicile
3447 5047 3570 5086 esse

1962 5117 2083 5155 cum
2115 5101 2316 5156 divitiis
2341 5103 2392 5158 in
2425 5118 2574 5160 sacra
2603 5107 2692 5161 illa
2724 5112 2858 5165 atria
2887 5113 3091 5183 ingredi
3121 5159 3134 5181 ,
3166 5133 3343 5176 annon
3388 5127 3566 5178 omnia

1962 5195 2307 5266 projiciemus
2331 5239 2345 5262 ,
2368 5211 2547 5252 annon
2597 5214 2727 5269 opes
2755 5206 3129 5264 amovebimus
3158 5254 3172 5277 ,
3203 5223 3260 5266 ut
3288 5214 3339 5267 io
3367 5218 3567 5287 regiam

1964 5288 2104 5341 illam
2138 5286 2304 5342 libere
2334 5289 2742 5358 ingrediantur?

2033 5379 2085 5434 6.
2137 5380 2313 5451 Ecqua
2358 5397 2544 5437 sumus
2590 5385 2746 5439 venia
2792 5385 2974 5458 digni,
3015 5393 3107 5461 qui
3134 5408 3194 5447 ea
3242 5411 3362 5464 qum
3411 5400 3569 5454 nobis

1963 5471 2162 5525 aditum
2199 5472 2346 5526 illum
2377 5475 2731 5544 prmcludunt,
2757 5486 2905 5535 tanto
2934 5484 3112 5537 studio
3139 5489 3561 5558 complectimur,

1964 5574 2016 5618 et
2047 5580 2151 5618 non
2183 5567 2352 5620 solum
2379 5569 2429 5621 in
2460 5569 2621 5637 arcis,
2655 5572 2747 5625 sed
2774 5574 2934 5631 etiam
2966 5578 3017 5631 itt
3044 5589 3180 5633 terra
3212 5585 3561 5651 occultamns,

1961 5656 2088 5709 dum
2122 5657 2242 5712 licet
2264 5672 2327 5711 ea
2354 5659 2405 5712 in
2429 5660 2576 5715 cmlis
2597 5663 2947 5720 custodienda
2972 5671 3300 5728 recondere?
3331 5675 3558 5745 ldipsutr.

1960 5757 2106 5801 certe
2138 5764 2275 5801 nunc
2305 5749 2452 5817 lacis,
2483 5765 2544 5803 ac
2566 5753 2609 5805 si
2634 5754 2752 5822 quis
2774 5759 3005 5824 agricola
3031 5771 3307 5831 acceptum
3332 5767 3562 5823 frumen-

1965 5849 2074 5895 tum
2103 5840 2156 5895 in
2188 5841 2346 5896 fertili
2377 5855 2504 5913 agro
2528 5845 2924 5917 seminandum,
2966 5849 3188 5906 dimisso
3219 5869 3367 5923 agro,
3396 5858 3448 5911 in
3483 5860 3558 5912 la.
