4082 6492
564 416 661 474 I85

558 543 678 583 cum
706 518 1024 583 frumciﬁum
1056 533 1214 577 omne
1234 519 1524 587 demergat,
1552 522 1608 569 ut
1620 526 1791 581 neque
1816 510 1907 564 illo
1924 507 2127 563 fruatur

558 619 691 686 ipse,
722 624 776 671 et
820 606 1138 681 frumentum
1166 619 1468 677 corruptum
1494 611 1688 674 pereat.
1725 599 1829 656 Sed
1856 612 2013 669 quam
2045 610 2128 686 raf

560 684 761 761 tionem
802 703 1117 775 proferunt,
1160 715 1280 755 cum
1326 698 1443 752 illos
1475 696 1571 748 hac
1609 693 1676 748 de
1713 707 1772 747 re
1821 684 2128 760 culpamus?

557 796 673 851 Non
713 810 926 866 parvam
979 791 1393 848 consolationem
1433 786 1481 840 id
1526 785 1698 846 aliert,
1732 781 1869 853 quod
1898 781 2128 835 sciamus

558 888 674 942 haec
703 886 858 941 nobis
884 893 998 940 tuto
1029 879 1296 938 recondita
1336 891 1477 932 esse.
1504 875 1751 942 Quinimo
1785 871 1988 926 nescire
2013 866 2129 923 haec

557 977 829 1034 recondita
882 989 1032 1039 esse,
1082 971 1132 1026 id
1178 968 1592 1024 consolationem
1631 965 1862 1018 all'erret.
1909 958 2127 1014 Etiamsi

558 1069 699 1123 enim
739 1066 931 1121 famem
960 1079 1065 1118 non
1094 1063 1303 1126 timeas,
1337 1060 1497 1113 multa
1530 1058 1626 1111 alia
1668 1055 1907 1125 graviora
1939 1050 2009 1107 ob
2032 1051 2123 1105 de-

556 1160 781 1229 positum
797 1158 903 1214 tale
924 1154 1178 1223 timemla,
1202 1167 1364 1218 mors,
1391 1151 1604 1214 bellum,
1633 1146 1853 1201 insidiae.
1882 1144 1935 1198 Si
1966 1144 2132 1196 fames

558 1250 781 1319 ingruat,
812 1246 1038 1319 populus
1064 1260 1093 1299 a
1125 1250 1308 1299 ventre
1348 1238 1652 1310 compulsus
1688 1244 1888 1289 armata
1915 1236 2131 1289 dextera

557 1339 773 1395 domum
803 1346 944 1393 tuam
985 1333 1213 1391 invadet.
1258 1332 1365 1386 lmo
1415 1330 1541 1384 dum
1571 1329 1648 1383 sic
1685 1328 1822 1396 agis,
1857 1326 2046 1380 famem
2078 1322 2132 1375 in

560 1432 717 1487 urbes
748 1428 993 1495 invehis,
1026 1436 1079 1484 te
1106 1426 1208 1482 hoc
1236 1426 1372 1480 fame
1401 1423 1613 1494 gravius
1644 1420 1933 1491 periculum
1961 1418 2012 1470 iu
2038 1418 2133 1469 du-

557 1538 702 1577 mum
748 1528 892 1575 tuam
934 1517 1159 1574 inducis.
1191 1517 1397 1571 Etenim
1440 1515 1591 1567 famis
1632 1510 1931 1566 calamitate
1958 1506 2131 1561 nullos

558 1612 678 1666 novi
708 1608 883 1665 statim
910 1615 1255 1677 consumptos
1280 1622 1293 1657 :
1324 1605 1484 1659 multa
1506 1602 1696 1672 quippe
1718 1598 1947 1667 undique
1972 1610 2127 1650 exeo.

555 1702 707 1771 gitari
762 1707 980 1771 possunt
1022 1698 1089 1753 ad
1141 1697 1268 1752 tanti
1312 1694 1435 1749 mali
1487 1694 1766 1757 solatium;
1797 1690 1865 1744 ob
1887 1687 2135 1757 pecunias

556 1801 755 1856 autem,
788 1789 1017 1855 divitias,
1050 1802 1243 1857 resque
1274 1781 1669 1855 hujuscemodi,
1704 1780 1958 1850 plurimos
1991 1777 2135 1831 indi-

557 1897 680 1939 care
703 1881 921 1951 possim,
946 1894 1042 1935 seu
1063 1879 1221 1942 clam,
1250 1890 1343 1932 seu
1380 1874 1588 1944 publice
1608 1874 1974 1940 interemptos.
2004 1867 2136 1922 Mul-

558 1973 627 2026 tis
672 1985 833 2040 porro
860 1967 1164 2039 hujusmodi
1186 1965 1441 2034 exemplis
1466 1964 1637 2033 plenae
1674 1968 1795 2016 sunt
1830 1962 1949 2025 vise,
1983 1958 2136 2029 plena

558 2062 835 2131 iudiciaria
867 2059 1147 2116 tribunalia
1162 2067 1215 2112 et
1241 2057 1373 2110 fora.
1396 2054 1593 2123 Ecquid
1614 2053 1735 2107 dico
1756 2052 1886 2113 vias,
1908 2050 2134 2119 judicia-

560 2154 637 2207 ria
670 2151 949 2206 tribunalia
979 2158 1032 2205 et
1060 2149 1213 2203 fora?
1260 2146 1432 2215 Ipsum
1474 2159 1622 2198 mare
1650 2141 1853 2196 videbis
1881 2140 2136 2209 sanguine

567 2245 798 2314 plenum.
834 2239 959 2294 Haec
982 2238 1175 2309 quippe
1223 2234 1459 2308 tyrannis
1486 2248 1590 2288 non
1622 2242 1819 2287 terram
1848 2230 2019 2285 solum
2048 2244 2137 2283 oc-

558 2331 770 2401 cupavit
793 2371 808 2397 ,
837 2328 930 2384 sed
956 2330 1116 2384 etiam
1156 2327 1209 2381 in
1263 2327 1452 2395 pelago
1481 2339 1601 2379 cum
1629 2324 1794 2376 multo
1820 2321 1993 2375 furore
2016 2321 2139 2374 bac-

558 2424 713 2478 chata
744 2429 846 2477 est.
892 2420 960 2475 Et
988 2419 1124 2473 alius
1153 2416 1368 2489 quidem
1413 2415 1621 2482 navigat
1667 2427 1880 2483 propter
1917 2426 2137 2475 aurum,

547 2515 699 2568 .alius
725 2512 795 2568 ob
820 2512 921 2566 hoc
957 2510 1127 2580 ipsum
1152 2506 1461 2577 jugulatu'r:
1492 2503 1784 2571 eademque
1809 2504 1916 2569 ipsa
1963 2510 2139 2571 tyran-

563 2606 647 2659 nis
674 2603 815 2656 huuc
863 2608 1245 2662 mercatorem,
1286 2596 1435 2651 illum
1479 2592 1799 2648 homicidam
1838 2590 1974 2645 fecit.
2002 2590 2139 2656 Quid

561 2693 728 2763 magis
768 2692 986 2747 inﬁdum
1033 2689 1193 2745 fuerit
1246 2702 1404 2757 quam
1440 2700 1722 2748 mamona,
1756 2698 1875 2737 cum
1925 2692 2141 2751 pr0pter

561 2786 732 2855 ipsum
783 2782 995 2853 plurimi
1036 2780 1470 2851 peregrinentur,
1523 2776 1886 2845 periclitentur
1925 2782 1977 2825 et
2002 2774 2143 2826 occi-

562 2874 795 2928 dantur?
832 2872 935 2927 Sed
981 2871 1103 2935 Quis
1148 2868 1489 2930 miserebitur,
1530 2864 1727 2935 inquit,
1784 2862 2138 2926 incantatoris,

562 2983 710 3038 quem
752 2980 957 3030 serpens
1018 2961 1285 3015 momordit
1332 2957 1530 3029 (Eccli.
1564 2957 1651 3011 l2.
1684 2956 1780 3025 l3)
1805 2957 1828 3007 ‘I
1856 2954 2142 3023 Oportebat

566 3055 706 3111 enim
764 3052 893 3105 dira:
950 3048 1245 3122 tyrannidis
1308 3060 1500 3118 gnaros
1570 3048 1875 3099 servitutem
1930 3043 2139 3110 fugere,

565 3144 889 3212 noxiumque
925 3153 1161 3194 antorem
1203 3136 1577 3205 comprimere.
1616 3134 1686 3189 Et
1726 3131 1993 3203 quomodo
2015 3183 2027 3196 ,
2060 3131 2141 3184 in-

560 3234 735 3306 quies,
768 3232 822 3286 id
843 3230 955 3286 lieri
985 3228 1189 3299 ρ)εεὶιῖ
1229 3226 1287 3283 Si
1315 3227 1537 3281 alterum
1566 3238 1799 3279 amorem
1830 3220 2099 3277 induxeris
2122 3261 2137 3286 ,

562 3336 756 3391 nempe
783 3319 1053 3374 calorum.
1078 3317 1211 3371 Nam
1231 3314 1320 3387 qui
1346 3313 1668 3383 concupiscit
1690 3327 1928 3382 regnum,
1952 3310 2140 3365 irride‘

564 3414 642 3465 bit
668 3411 943 3466 avaritiam
972 3428 985 3459 :
1015 3408 1104 3479 qui
1148 3406 1345 3462 Christi
1386 3420 1570 3461 servus
1619 3403 1839 3459 effectus
1892 3402 1982 3466 sit,
2034 3414 2138 3455 non

565 3504 666 3560 erit
702 3516 963 3556 mamonae
990 3512 1207 3565 servus,
1237 3496 1330 3553 sed
1360 3506 1413 3552 et
1436 3499 1553 3565 ejus
1581 3496 1683 3550 erit
1702 3493 1949 3548 dominus
1981 3510 1993 3544 :
2020 3508 2139 3546 nam

564 3593 852 3663 ﬂigientem
894 3589 1098 3660 insequi
1139 3588 1297 3653 solet,
1350 3596 1402 3642 ct
1451 3594 1855 3655 persequentem
1912 3582 2139 3653 fugere:

562 3698 734 3754 neque
755 3682 827 3737 ita
857 3688 1264 3751 persequentem
1288 3678 1529 3742 honorat,
1562 3687 1619 3732 ut
1638 3693 1696 3731 se
1721 3676 2140 3745 despicientem;

564 3778 764 3837 nullum
797 3776 867 3829 ita
898 3772 1121 3836 deridet,
1170 3782 1226 3826 ut
1282 3770 1361 3824 sui
1407 3769 1682 3837 cupidum;
1736 3783 1908 3836 neque
1959 3765 2143 3820 irridet

564 3866 721 3920 modo
745 3907 760 3929 ,
797 3864 889 3919 sed
918 3862 1210 3917 innumeris
1248 3859 1562 3928 constringit
1593 3858 1830 3912 vinculis.
1864 3858 2140 3911 Solvamus

564 3958 719 4025 igitur
742 3956 825 4011 vel
865 3968 985 4010 sero
1028 3952 1237 4007 tandem
1280 3951 1438 4006 hasce
1486 3950 1671 4004 noxias
1721 3958 1955 4003 catenas.
2003 3948 2135 4015 Quid

556 4046 928 4101 rationabilem
957 4046 1189 4098 animam
1213 4042 1505 4096 irrationali
1538 4042 1792 4106 materiae,
1831 4041 2137 4094 innumero~

1296 407 1352 463 S.
1392 400 1665 462 JOANNIS
1700 389 2174 453 CllRYSOSTOMl
2213 386 2523 445 ARClllEP.
2563 382 3093 443 CONSTANTINOP.

3712 384 3811 440 181

2232 518 2348 558 rum
2397 500 2657 559 malorum
2710 498 2888 566 matri,
2933 500 3136 554 servire
3160 497 3343 569 cOgisl-
3370 494 3475 553 Scd
3514 511 3547 552 ο
3589 497 3697 550 risu
3727 498 3813 550 di-

2232 609 2390 665 gnam
2435 593 2581 648 remi
2611 605 2709 645 nos
2756 590 2900 645 illam
2950 588 3325 661 impugnahus
3354 588 3528 643 verbis
3550 630 3565 653 ,
3597 588 3686 642 illa
3714 604 3811 643 nos

2233 686 2503 757 impugnat
2528 699 2585 739 re
2614 684 2749 753 ipsa,
2776 692 2830 736 et
2859 681 3090 750 undique
3118 682 3227 752 agit
3249 690 3303 736 ct
3328 680 3635 736 circumfert
3663 680 3813 750 quasi

2234 780 2403 850 pretio
2449 786 2656 846 emptos
2693 784 2749 830 et
2779 774 3089 843 mastigias;
3130 789 3235 842 quo
3279 772 3406 841 quid
3439 771 3661 840 turpius,
3691 770 3813 841 quid

2234 868 2541 939 indignius?
2567 866 2620 923 Si
2654 868 2795 921 enim
2848 864 3207 920 insensibilcm
3241 856 3516 917 materiam
3570 876 3673 916 non
3721 876 3813 915 su-

2235 974 2511 1030 peramus,
2568 956 2834 1027 quomodo
2860 956 3204 1025 incorporeas
3233 963 3522 1021 potestates
3568 952 3815 1022 proﬂiga-

2237 1050 2443 1104 bimus?
2490 1050 2532 1103 si
2567 1048 2721 1103 vilem
2785 1056 2986 1100 terram
3068 1054 3122 1099 et
3169 1045 3403 1114 abjecms
3455 1045 3659 1114 lapides
3712 1061 3818 1099 non

2236 1139 2580 1209 despicimus,
2608 1141 2875 1207 quomodo
2898 1137 3225 1206 principatus
3252 1148 3303 1189 et
3322 1146 3624 1206 potestates
3648 1136 3804 1206 subji-

2235 1230 2479 1285 ciemus?
2523 1227 2788 1298 quomodo
2844 1227 3246 1295 temperantiam
3308 1225 3716 1281 exercebimus?
3763 1224 3816 1279 Si

2236 1327 2511 1388 argentum
2558 1317 2764 1386 ftilguns
2794 1331 2890 1369 nos
2929 1315 3202 1384 percellit.
3233 1314 3503 1384 quomodo
3536 1315 3795 1385 pulchran

2238 1408 2424 1463 faciem
2478 1417 2890 1478 prrctercurrere
2953 1407 3285 1475 poterimus?
3348 1407 3554 1461 Etenim
3602 1406 3818 1476 quidam

2238 1497 2360 1552 huic
2388 1497 2650 1569 tyrannidi
2678 1512 2845 1565 usmte
2891 1498 3027 1552 adeo
3073 1498 3236 1551 dediti
3268 1506 3426 1563 sunt,
3477 1507 3531 1550 ut
3562 1497 3707 1566 ipsos
3740 1498 3821 1549 vel

2238 1588 2351 1641 auri
2392 1595 2636 1657 aspectus
2676 1585 2899 1648 officiat,
2943 1594 2997 1641 et
3043 1586 3211 1641 facete
3245 1586 3591 1656 hilaritcrque
3616 1586 3818 1650 dicant,

2238 1676 2434 1734 Oculos
2477 1678 2622 1748 juvat
2664 1679 2923 1732 numisma
2966 1694 3187 1733 aureum
3219 1678 3478 1732 oblatum.
3515 1678 3712 1730 Verum
3757 1692 3824 1730 ne

2241 1771 2313 1826 ita
2344 1770 2514 1835 ludas,
2544 1772 2613 1825 mi
2641 1771 2832 1834 homo;
2866 1770 2995 1824 nihil
3025 1771 3165 1825 enim
3197 1772 3273 1825 sic
3301 1771 3445 1824 Izt‘dit
3469 1770 3673 1833 oculus,
3713 1770 3825 1822 site

2241 1861 2483 1931 corporis
2503 1901 2518 1925 ,
2550 1861 2661 1915 sive
2690 1860 2881 1915 anima:
2906 1901 2920 1923 ,
2944 1872 3004 1914 ut
3024 1860 3213 1914 horum
3244 1860 3698 1929 concupiscentia.
3731 1860 3828 1913 llic

2241 1958 2389 2006 certe
2426 1950 2615 2004 noxius
2654 1964 2806 2005 amor
2844 1950 3106 2018 virginum
3149 1950 3357 2004 illarum
3404 1951 3677 2020 lampades
3733 1967 3826 2004 ex-

2241 2043 2452 2106 stinxit,
2482 2042 2705 2112 illasque
2734 2058 2761 2096 a
2788 2046 2968 2113 sponsi
3017 2044 3249 2100 thalamo
3270 2047 3514 2102 exclusit.
3540 2047 3638 2101 Hic
3667 2063 3827 2118 aspe-

2240 2142 2390 2197 ctus,
2428 2148 2589 2204 quem
2607 2133 2741 2188 dicis
2762 2135 2946 2189 oculos
2969 2135 3161 2205 jnvare
3179 2176 3194 2203 ,
3224 2137 3475 2192 miserum
3500 2137 3692 2193 Judam
3720 2155 3826 2192 non

2242 2226 2481 2295 permisit
2513 2227 2696 2282 audire
2742 2228 3058 2282 dominicam
3103 2244 3313 2296 vocem,
3362 2229 3464 2285 sed
3501 2230 3554 2285 in
3579 2230 3827 2299 laqueum

2244 2317 2431 2381 duxit,
2478 2325 2637 2387 atque
2680 2317 2730 2371 id
2757 2316 2931 2373 ctl‘ecit
2961 2328 3019 2373 ut
3047 2320 3255 2374 medius
3295 2322 3559 2390 crepuerit
3580 2362 3594 2384 ,
3622 2337 3684 2375 ac
3714 2333 3829 2390 post

2245 2407 2360 2461 hmc
2390 2410 2565 2460 omnia
2594 2408 2644 2461 in
2676 2409 2973 2477 gehennam
3016 2410 3177 2464 misit.
3224 2410 3359 2476 Quid
3397 2426 3524 2479 ergo
3556 2411 3653 2464 hac
3683 2423 3830 2479 peste

2244 2496 2473 2565 iniquius
2504 2494 2696 2551 fuerit?
2722 2497 2847 2567 quid
2878 2498 3221 2552 horribilius?
3248 2499 3363 2552 Non
3394 2500 3459 2554 de
3490 2503 3709 2555 materia
3736 2518 3828 2569 pe-

2244 2587 2517 2642 cuniarunt
2546 2588 2753 2657 loquor,
2803 2588 2893 2641 sed
2926 2589 2993 2642 de
3030 2604 3211 2643 earum
3252 2589 3618 2658 intempestiva
3648 2602 3699 2646 et
3748 2592 3827 2643 fn-

2244 2678 2381 2732 riosa
2432 2678 2738 2747 cupiditate.
2798 2679 2927 2733 Nam
2969 2680 3199 2734 lmmauo
3252 2680 3475 2736 dislillat
3530 2686 3828 2753 sanguine,

2246 2780 2469 2824 cruento
2506 2779 2723 2840 aspectu
2744 2810 2757 2835 ,
2787 2781 2841 2825 et
2869 2772 3053 2840 quavis
3082 2772 3193 2827 fera
3222 2773 3505 2828 immanior
3528 2783 3644 2841 est,
3673 2786 3831 2845 atque

2246 2860 2430 2914 obvios
2457 2875 2695 2930 quosque
2720 2860 2995 2928 discerpit,
3046 2862 3295 2931 quodque
3339 2863 3506 2917 multo
3532 2864 3683 2933 pejus
3718 2878 3829 2930 est,

2248 2966 2314 3005 ne
2341 2952 2540 3004 sentire
2559 2952 2770 3019 quidem
2794 2951 3043 3005 Lniatum
3068 2952 3212 3005 sinit.
3240 2950 3371 3007 Cum
3399 2964 3667 3023 oporteret
3690 2956 3831 3009 enim

2244 3055 2338 3111 eos
2363 3041 2449 3109 qui
2481 3042 2602 3094 talia
2649 3042 2937 3110 patiuntur,
2971 3042 3039 3095 ad
3069 3054 3451 3111 prattereuntes
3491 3060 3710 3099 manum
3738 3061 3833 3100 ex-

2244 3131 2463 3198 tfndere
2483 3173 2497 3195 ,
2531 3141 2585 3185 et
2610 3131 2674 3186 ad
2700 3134 2953 3185 auxilium
2986 3148 3196 3198 vocare,
3235 3134 3308 3188 illi
3332 3146 3515 3189 contra
3544 3136 3615 3189 de
3644 3137 3833 3190 talibus

2245 3223 2508 3277 ulceribus
2527 3224 2724 3292 gratias
2746 3223 2939 3277 habent
2969 3243 2980 3277 :
3002 3240 3107 3293 quo
3128 3225 3250 3295 quid
3284 3226 3682 3281 miserabilius?
3712 3228 3834 3282 llzcc

2245 3312 2421 3381 itaque
2454 3314 2631 3366 omnia
2661 3315 2973 3382 cogitantes,
3020 3315 3370 3371 insanabilem
3412 3317 3561 3371 illum
3590 3321 3833 3373 morbum

2245 3403 2525 3472 fugiamus,
2555 3403 2670 3471 ejus
2696 3418 2905 3457 morsus
2930 3418 3196 3469 curemus,
3227 3413 3282 3459 et
3300 3420 3328 3458 a
3357 3406 3445 3459 tali
3477 3420 3628 3475 peste
3652 3413 3833 3477 procul

2246 3492 2528 3562 fugiamus,
2558 3502 2614 3546 ut
2642 3503 2695 3547 et
2733 3494 2784 3546 in
2814 3497 3061 3562 prmsenti
3113 3504 3277 3549 tutam
3328 3505 3383 3549 et
3437 3500 3835 3565 perturbatione

2245 3598 2465 3636 vacuant
2496 3583 2655 3635 vitam
2692 3581 2971 3647 ducamus,
3002 3594 3055 3638 et
3082 3583 3289 3639 futurus
3315 3586 3692 3643 nanciscamur
3719 3589 3836 3643 the.

2246 3686 2430 3726 sauros
2464 3688 2476 3725 :
2504 3686 2639 3741 quos
2670 3673 2871 3726 utinam
2905 3686 3001 3727 nos
3045 3687 3233 3728 omnes
3263 3689 3635 3743 assequamur,
3664 3680 3834 3747 gratia

2247 3772 2301 3816 et
2351 3762 2677 3833 benignitate
2717 3763 2923 3817 Domini
2972 3766 3136 3819 nostri
3180 3764 3304 3820 Jesu
3332 3764 3569 3833 Christi,
3618 3771 3833 3840 quicum

2248 3852 2387 3905 Patri
2434 3862 2485 3906 et
2544 3853 2700 3907 simul
2754 3853 2969 3922 Spiritui
3022 3864 3207 3911 sancto
3259 3858 3459 3926 gloria,
3516 3860 3831 3929 imperium,

2247 3942 2447 4003 honor,
2501 3957 2641 4003 nunc
2695 3952 2749 3999 ct
2798 3959 3041 4013 semper,
3099 3956 3153 4000 et
3183 3948 3235 4000 in
3260 3947 3455 4001 srecula
3489 3951 3823 4007 sax-olorum.

2247 4038 2439 4089 Amen.

584 4174 3828 4199 Mm

1952 4260 2287 4321 HOMILIA
2340 4258 2419 4316 Χ.

560 4410 687 4464 CAP.
717 4410 767 4464 3.
790 4423 842 4463 v.
868 4410 919 4462 ί.
944 4412 1007 4460 In
1036 4406 1205 4459 diebus
1228 4407 1331 4458 it'tis
1360 4406 1490 4457 venit
1510 4407 1731 4457 Joannes
1756 4404 1979 4469 Baptista
2008 4418 2135 4471 pra:—

632 4502 806 4553 dicaus
832 4500 881 4552 in
905 4499 1098 4552 deserto
1136 4498 1351 4562 Ιυάωιε,
1382 4497 1434 4551 2.
1465 4506 1510 4550 et
1538 4498 1703 4551 dicens
1735 4512 1752 4547 :
1786 4494 2138 4547 Pantitentium

631 4591 779 4659 agile,
805 4588 1226 4659 appmpiuqnauit
1246 4589 1378 4640 enim
1402 4604 1609 4657 regnum
1642 4588 1895 4637 (ωιτη-ατη.

632 4682 680 4733 l.
716 4678 875 4743 Quale
928 4689 1119 4746 tempus
1174 4680 1432 4745 designent
1488 4678 1593 4730 ltwc
1651 4678 1792 4728 verba
1825 4676 1918 4728 :ln
1948 4674 2137 4728 diebus

562 4769 681 4823 illis.
714 4768 813 4823 Cur
838 4767 1064 4822 Christus
1106 4768 1311 4835 triginta
1349 4782 1597 4819 annorum
1646 4766 1943 4833 baptizatur.
1974 4795 2041 4803 ——-
2066 4765 2137 4817 De

562 4860 872 4929 quibusnam
904 4858 1088 4912 diebus
1114 4858 1263 4927 agit?
1291 4857 1402 4910 Non
1425 4859 1563 4911 enim
1593 4872 1697 4925 quo
1734 4868 1968 4926 tempore
2010 4873 2137 4926 puer

560 4954 650 5005 ille
683 4960 819 5019 erat,
848 4962 899 5006 et
925 4953 1145 5007 Nazaret
1169 4953 1328 5012 venit,
1359 4952 1450 5007 sed
1480 4963 1598 5021 post
1622 4966 1789 5006 annos
1814 4953 2019 5021 triginta
2050 4966 2135 5004 ve-

562 5046 639 5097 ult
657 5042 893 5098 Joannes
914 5085 927 5107 ,
961 5054 1016 5096 ut
1054 5043 1220 5098 Lucas
1246 5042 1575 5097 testiﬁcatur.
1607 5041 1711 5097 Cur
1734 5059 1857 5110 ergo
1880 5045 2037 5105 dicit,
2075 5041 2135 5095 In

558 5132 733 5188 diebus
760 5133 907 5187 itus?
937 5133 1047 5187 Mos
1080 5142 1162 5188 est
1204 5134 1487 5201 Scriptura:
1536 5132 1635 5187 hoc
1693 5136 1765 5186 uti
1808 5134 1997 5197 modo;
2032 5148 2133 5186 non

562 5229 731 5281 solum
764 5242 882 5279 cum
922 5240 982 5279 ca
1035 5233 1231 5301 narrat,
1282 5239 1397 5292 qua:
1421 5225 1714 5294 insequenti
1750 5234 1984 5294 tempore
2013 5242 2130 5279 mov

556 5323 706 5383 gesta
749 5326 890 5382 sunt,
922 5316 1016 5371 sed
1046 5316 1205 5370 etiam
1241 5332 1361 5370 cum
1393 5317 1475 5370 illa
1500 5318 1644 5381 dicit,
1678 5332 1794 5387 quae
1835 5318 2013 5373 multis
2040 5334 2134 5387 po-

558 5413 672 5461 stea
722 5408 874 5459 annis
912 5408 1250 5475 contigerint.
1316 5406 1404 5461 Sic
1444 5409 1601 5462 etiam
1651 5425 1769 5463 cum
1797 5410 1861 5462 ad
1905 5409 2051 5461 illum
2079 5410 2133 5462 in

562 5499 736 5552 Monte
773 5497 1028 5552 olivarum
1078 5500 1352 5553 sedentem
1394 5499 1631 5570 discipuli
1655 5510 2024 5564 accesserunt,
2080 5510 2135 5556 et

559 5590 630 5647 de
652 5594 876 5646 adventu
908 5605 1021 5658 eius
1048 5590 1217 5662 deque
1244 5592 1449 5647 excidio
1475 5593 1919 5665 Jerosolymorum
1949 5596 2130 5650 sciscio

564 5675 653 5735 tati
677 5692 829 5745 sunt;
858 5681 1004 5734 scitis
1029 5691 1203 5737 autem
1227 5693 1477 5752 quantum
1500 5684 1572 5738 sit
1598 5685 1731 5741 inter
1754 5697 1977 5758 utraque
2000 5697 2131 5743 tem-

558 5786 692 5845 pora
724 5772 1074 5827 intervallum.
1108 5772 1235 5829 Cum
1261 5776 1506 5844 loquutus
1535 5790 1676 5833 esset
1716 5784 1782 5837 de
1826 5785 2048 5849 excidio,
2080 5796 2131 5840 et

2252 4419 2347 4470 hac
2372 4417 2437 4470 de
2466 4432 2520 4471 re
2556 4417 2763 4472 dicendi
2801 4419 2958 4473 linem
2988 4420 3228 4486 fecisset,
3277 4422 3345 4477 de
3370 4430 3829 4486 consummatione

2246 4516 2424 4575 postea
2446 4508 2776 4575 loqunturus,
2802 4510 3097 4577 subiunxit,
3126 4512 3267 4565 Tum:
3293 4513 3391 4568 ista
3414 4526 3571 4571 erunt
3599 4517 3826 4588 (Matth.

2243 4596 2355 4668 ‘24)
2390 4615 2404 4649 :
2435 4598 2661 4652 dicendo
2703 4608 2878 4653 autem
2910 4600 3068 4666 Tunc,
3114 4619 3216 4656 non
3241 4604 3514 4673 conjunxit
3545 4616 3784 4677 tempora
3811 4652 3827 4675 ,

2244 4687 2335 4740 sed
2368 4686 2493 4740 illud
2522 4687 2688 4741 solum
2723 4698 2930 4759 tempus
2961 4690 3242 4757 indicavit,
3287 4710 3391 4764 quo
3432 4696 3543 4749 haec
3572 4711 3826 4753 eventura

2242 4787 2412 4831 erant.
2451 4779 2673 4847 ldipsum
2723 4798 2860 4836 nunc
2892 4782 3015 4835 facit
3050 4799 3168 4837 eum
3209 4788 3273 4837 ni:
3306 4806 3317 4839 :
3360 4792 3416 4841 in
3474 4792 3649 4843 diebus
3704 4793 3826 4844 illis.

2242 4867 2355 4921 Non
2405 4870 2545 4923 enim
2588 4871 2926 4941 insequentes
2957 4874 3131 4928 statim
3172 4877 3286 4932 dies
3326 4878 3680 4945 significavit;
3732 4883 3825 4938 sed

2245 4958 2361 5012 illos
2391 4958 2441 5012 in
2474 4960 2661 5028 qtibus
2690 4965 2892 5031 Clinligk
2907 4979 2961 5017 re
2993 4982 3052 5019 ca
3080 4966 3145 5018 ad
3169 4984 3283 5035 qua:
3306 4973 3569 5025 narranda
3603 4988 3815 5043 progre-

2240 5049 2399 5104 ditur.
2461 5051 2521 5104 Et
2576 5068 2701 5117 cur,
2754 5056 2980 5123 inquies,
3025 5070 3141 5125 post
3191 5060 3400 5130 triginta
3442 5079 3609 5118 annos
3635 5066 3702 5119 ad
3736 5066 3824 5121 ba-

2245 5141 2489 5207 ptismum
2528 5147 2665 5198 venit
2712 5146 2902 5200 Jesus?
2936 5148 3059 5201 Post
3110 5150 3249 5207 hunc
3302 5154 3619 5223 baptismum
3652 5158 3823 5230 legem

2240 5236 2510 5289 soluturus
2557 5248 2668 5291 erat
2718 5258 2729 5292 :
2782 5242 2899 5295 ideo
2930 5243 2993 5294 ad
3033 5245 3171 5299 illam
3219 5263 3385 5315 usque
3427 5254 3676 5321 aetatem,
3705 5271 3821 5325 qum

2243 5334 2414 5391 potest
2444 5337 2655 5393 peccata
2679 5331 2958 5386 admittere
2980 5337 3179 5399 omnia,
3212 5340 3261 5389 in
3295 5338 3427 5407 legis
3455 5343 3616 5396 totius
3638 5346 3817 5401 obser-

2241 5418 2448 5471 vatione
2469 5424 2691 5485 mansit;
2716 5440 2778 5479 ne
2805 5427 2920 5493 quis
2943 5428 3162 5492 diceret,
3187 5430 3354 5496 ipsum
3379 5432 3549 5502 legem
3572 5438 3817 5502 solvisse,

2240 5507 2375 5575 quod
2403 5524 2505 5561 non
2530 5524 2705 5579 posset
2729 5530 2845 5568 eam
2877 5506 3121 5583 implere.
3150 5519 3262 5573 Non
3293 5523 3432 5575 enim
3461 5539 3654 5579 omnes
3677 5531 3819 5594 pravi

2239 5596 2488 5667 affectus,
2523 5604 2695 5657 omnia
2744 5607 2864 5659 vitia
2910 5622 3123 5677 semper
3158 5610 3354 5665 instant
3403 5613 3715 5670 nobiszsed
3770 5617 3821 5671 in

2244 5695 2489 5761 primteva
2547 5709 2701 5753 mtate
2771 5701 3119 5769 imprudentia
3190 5705 3326 5774 viget
3375 5715 3429 5760 ct
3484 5706 3823 5763 imbecillitas

2242 5788 2400 5841 animi
2426 5807 2439 5854 ;
2475 5790 2524 5844 in
2554 5792 2791 5863 sequenti
2836 5794 3199 5850 vehementius
3230 5797 3392 5852 instat
3417 5796 3622 5865 libido;
3657 5801 3709 5856 in
3736 5817 3813 5865 ea,
