4082 6490
326 468 423 522 185

320 592 438 647 quae
468 575 608 629 hanc
642 569 860 640 excipit,
893 580 1052 636 opum
1107 561 1390 633 cupiditas.
1445 559 1734 627 PrOpterea
1785 553 1925 606 hanc

323 678 489 720 totam
535 671 750 718 :etatem
778 670 1064 721 emensus,
1095 665 1148 710 et
1179 654 1349 724 legem
1393 650 1498 704 hoc
1523 659 1636 703 toto
1678 655 1922 714 tempore

323 763 688 826 exsequutus,
736 751 813 804 sic
857 747 922 801 ad
953 748 1270 819 baptismum
1311 742 1487 805 venit,
1515 754 1674 811 quem
1707 747 1918 808 postre-

325 863 470 901 nium
521 842 755 902 addidit,
810 849 1084 909 postquam
1140 835 1243 888 alia
1286 842 1550 903 przecepta
1583 830 1916 899 impleverat.

291 937 477 1004 :Quod
505 934 648 988 enim
679 933 780 987 hoe
824 941 1149 1001 postremmn
1210 927 1308 998 ipsi
1361 925 1517 980 fuerit
1551 940 1616 979 ex
1665 922 1919 992 operibus

326 1027 612 1097 legalibus,
667 1025 788 1079 andi
827 1039 949 1078 cum
997 1023 1260 1076 dicentem
1311 1036 1324 1071 :
1359 1017 1449 1072 Sic
1481 1018 1614 1072 enim
1651 1014 1790 1069 decet
1827 1031 1918 1068 nos

324 1118 534 1186 inplere
561 1133 757 1170 onmem
770 1115 1024 1183 justitiam
1049 1114 1067 1182 (
1093 1111 1280 1164 IIattlt.
1312 1110 1364 1164 5.
1400 1109 1523 1177 15).
1555 1105 1706 1174 Quod
1737 1115 1916 1158 autem

321 1211 472 1274 dicit,
500 1208 800 1277 hujusmodi
823 1216 903 1263 est
935 1224 947 1260 :
971 1206 1158 1261 Omnia
1177 1203 1366 1274 legalia
1403 1200 1774 1271 implevimus:
1797 1199 1918 1254 nul-

322 1300 429 1354 lum
479 1299 793 1369 transgressi
833 1311 1018 1351 sumus
1064 1294 1391 1349 mandatum.
1433 1291 1566 1360 Quia
1610 1291 1769 1361 igitur
1815 1290 1918 1345 hoc

322 1407 486 1445 unum
505 1400 768 1461 superest,
787 1397 999 1457 oportet
1015 1385 1141 1442 illud
1159 1398 1369 1456 quoque
1385 1381 1601 1447 addere,
1616 1382 1797 1452 sicque
1810 1396 1915 1435 om-

322 1498 445 1536 nem
483 1482 741 1552 justitiam
773 1479 1128 1550 implebimus.
1158 1476 1423 1532 Justitiam
1461 1474 1608 1530 enim
1649 1473 1734 1528 hic
1759 1482 1916 1528 vocat

321 1574 563 1629 omnium
599 1573 968 1628 mandatorum
1004 1570 1453 1628 observationem.
1495 1567 1766 1624 Christum
1814 1567 1914 1637 igi-

323 1675 410 1719 tur
437 1664 535 1718 hac
564 1664 630 1718 de
662 1678 822 1718 causa
850 1662 915 1716 ad
959 1662 1278 1732 baptismum
1307 1659 1517 1713 venisse
1544 1659 1668 1713 hinc
1695 1657 1913 1726 conspi-

319 1770 479 1808 cuum
507 1764 606 1809 est.
636 1753 749 1821 Qua
779 1753 847 1808 de
889 1767 1046 1806 causa
1088 1766 1218 1806 vero
1266 1751 1367 1804 hoc
1413 1749 1674 1819 baptisma
1704 1748 1771 1802 ab
1796 1747 1914 1817 ipso

319 1847 678 1914 excogitatum
726 1845 844 1898 est?
886 1843 1036 1910 Quod
1075 1844 1217 1896 enim
1250 1839 1523 1895 zachariae
1565 1839 1705 1893 Illius
1749 1854 1854 1892 non
1881 1852 1911 1892 a

317 1937 628 2004 semetipso,
661 1933 754 1988 sed
785 1934 894 1989 Deo
923 1940 1170 1988 movente
1199 1932 1264 1986 ad
1297 1931 1397 1984 hoc
1419 1929 1645 1996 venerit,
1670 1928 1719 1982 id
1743 1929 1913 1983 Lucas

316 2028 557 2082 declarat
590 2028 804 2089 dicens,
867 2025 1079 2080 Verbum
1112 2023 1319 2078 Domini
1347 2023 1541 2092 factum
1581 2029 1655 2075 est
1692 2021 1762 2073 ad
1797 2037 1913 2073 eum

317 2119 482 2184 (Luc.
515 2119 566 2173 3.
608 2117 677 2186 2)
701 2160 716 2184 ,
752 2118 802 2171 id
832 2127 955 2182 est,
1007 2116 1338 2171 mandatum.
1375 2115 1492 2184 Ipse
1535 2129 1747 2184 quoque
1791 2114 1910 2168 ait:

320 2211 421 2275 Qui
461 2226 540 2262 me
579 2211 711 2263 misit
738 2209 995 2278 baptizare
1034 2210 1084 2262 in
1111 2224 1264 2277 aqua,
1292 2208 1379 2261 ille
1400 2207 1523 2260 milii
1543 2207 1670 2260 dixit
1694 2221 1713 2258 :
1744 2204 1913 2274 Super

315 2319 460 2370 quem
491 2302 671 2355 videris
703 2302 952 2371 Spiritum
984 2301 1360 2354 descendentem
1401 2299 1546 2368 quasi
1586 2299 1906 2362 columbam,

315 2405 359 2446 et
392 2405 672 2447 uomentem
713 2411 864 2463 super
903 2411 1011 2446 eum
1035 2436 1051 2459 ,
1085 2395 1164 2446 hic
1194 2402 1264 2446 est
1287 2394 1370 2462 qui
1392 2392 1612 2460 baptisat
1635 2392 1686 2443 in
1710 2391 1910 2458 Spiritu

313 2494 487 2536 8ttttClO
537 2483 727 2553 (Joan.
773 2488 821 2538 1.
876 2485 1006 2554 55).
1055 2483 1160 2536 Cur
1204 2495 1378 2536 autem
1421 2482 1484 2534 ad
1533 2480 1907 2550 baptizandum

315 2576 512 2628 missus
551 2576 664 2630 est?
697 2575 808 2630 Hoc
857 2577 980 2629 item
1031 2575 1181 2628 nobis
1211 2573 1444 2628 declarat
1489 2573 1721 2641 Baptista
1754 2587 1768 2626 :
1798 2570 1909 2641 Ego

315 2666 590 2719 nesciebant
625 2668 878 2732 eum;sed
917 2676 971 2719 ut
1002 2668 1407 2732 manifestaretur
1449 2665 1500 2718 in
1550 2662 1750 2729 Israel,
1795 2664 1909 2717 ideo

243 2755 248 2761 “
315 2757 423 2808 reni
469 2757 520 2808 in
573 2772 706 2825 aqua
751 2758 1012 2827 baptizaus
1045 2757 1218 2826 (Ibid.
1250 2773 1295 2809 υ.
1329 2757 1451 2824 51).
1482 2756 1545 2809 Ει
1573 2756 1616 2809 si
1651 2755 1762 2809 bare
1793 2757 1904 2809 sola

313 2862 470 2900 causa
504 2858 612 2901 erat
638 2890 651 2913 ,
690 2849 963 2917 quomodo
1011 2851 1085 2902 ait
1133 2848 1338 2908 Lucas,
1393 2845 1538 2899 Venit
1564 2847 1616 2899 in
1655 2850 1908 2914 regionem

311 2938 576 3006 Iordanis,
609 2941 893 3008 pra’dicans
921 2941 1225 3009 baptismum
1248 2940 1548 3008 pwnitentiw
1575 2941 1626 2991 in
1656 2938 1909 2991 remissio-

311 3048 423 3085 nem
449 3043 760 3098 peccatorum
787 3033 806 3103 (
822 3031 949 3086 Luc.
974 3033 1026 3087 3.
1046 3032 1109 3102 3)
1132 3031 1155 3084 ?
1178 3032 1506 3100 Quamquam
1532 3031 1902 3084 remissionem

312 3137 418 3176 non
453 3121 711 3184 habebat,
740 3121 835 3176 sed
868 3121 968 3175 hoc
993 3121 1194 3175 donum
1226 3130 1340 3175 erat
1367 3120 1614 3188 baptismi
1641 3161 1655 3184 ,
1694 3119 1781 3188 qui
1815 3134 1907 3188 po-

311 3220 421 3266 stea
447 3211 607 3265 datus
635 3220 750 3276 est;
800 3212 852 3266 in
900 3213 1001 3267 hoc
1041 3213 1183 3268 enim
1229 3211 1525 3281 consepulti
1577 3225 1800 3277 SIIIIIUS,
1852 3219 1907 3265 et

311 3311 461 3355 vetus
486 3301 645 3356 homo
675 3311 858 3356 noster
880 3311 1004 3355 tunc
1047 3317 1147 3354 una
1190 3301 1475 3354 cruciﬁxus
1515 3309 1598 3354 est
1624 3342 1638 3365 ,
1687 3308 1740 3352 et
1782 3311 1905 3353 ante

309 3406 522 3445 crucem
551 3405 809 3459 nusquam
841 3391 1086 3445 remissio
1119 3389 1254 3445 facta
1296 3392 1622 3459 comperitur
1654 3409 1668 3446 :
1711 3391 1904 3458 ubique

309 3484 453 3537 enim
493 3484 594 3536 hoc
621 3484 859 3551 sanguini
905 3485 1021 3552 ejus
1047 3483 1353 3552 deputatur.
1398 3483 1592 3536 Paulus
1622 3499 1749 3538 vero
1779 3484 1853 3536 ait
1886 3501 1900 3539 :

309 3576 416 3628 Sed
441 3575 604 3627 abluti
623 3575 760 3636 estis,
792 3575 882 3627 sed
901 3575 1203 3644 sanctiﬁcati
1223 3576 1362 3640 estis,
1388 3591 1491 3629 non
1521 3593 1613 3644 per
1641 3576 1901 3646 baptisma

308 3669 558 3732 Joannis,
587 3668 701 3730 sed,
737 3670 788 3721 in
810 3669 1012 3721 nomine
1045 3667 1250 3722 Domini
1281 3668 1441 3722 nostri
1470 3668 1594 3722 Jesu
1629 3667 1837 3730 Christi,
1857 3678 1904 3722 et

307 3765 359 3813 in
389 3761 590 3830 Spiritu
633 3759 731 3814 Dei
753 3763 912 3814 nostri
943 3761 1036 3831 (1.
1075 3759 1191 3816 Cor.
1226 3761 1278 3816 6.
1336 3761 1457 3829 11).
1503 3761 1569 3815 Et
1621 3761 1744 3815 alibi
1793 3763 1898 3825 ait,

305 3852 530 3906 Joannes
564 3853 766 3922 quidem
809 3854 1098 3922 pradicavit
1146 3853 1448 3921 baptismum
1495 3853 1813 3921 ptenitentiw,
1849 3861 1904 3906 et

308 3960 412 4000 non
437 3943 587 4008 dicit,
616 3943 966 4005 remissionis,
1015 3953 1065 3995 ut
1111 3944 1369 3997 crederent
1399 3945 1451 3997 in
1490 3945 1763 3998 venientem
1792 3954 1901 4010 post

305 4052 418 4088 eum
455 4035 606 4105 (Act.
639 4035 724 4089 19.
753 4035 843 4101 ι).
875 4033 1010 4087 Cum
1055 4035 1197 4088 enim
1250 4035 1484 4089 nondum
1535 4035 1770 4088 oblatum
1818 4049 1901 4088 sa-

306 4126 564 4180 criﬁcium
593 4134 757 4191 esset,
791 4142 886 4180 nec
913 4126 1144 4196 Spiritus
1175 4127 1535 4181 descendisset
1560 4168 1572 4187 ,
1619 4142 1717 4179 nec
1770 4142 1897 4194 pee-

306 4229 482 4272 catum
532 4218 762 4272 solutum
806 4229 979 4284 esset,
1034 4235 1132 4274 nec
1191 4219 1463 4273 inimicitia
1501 4220 1743 4284 sublata,
1803 4235 1900 4274 nec

307 4308 611 4364 maledictio
669 4309 870 4376 deleta,
940 4309 1213 4380 quomodo
1267 4310 1509 4363 remissio
1560 4319 1898 4379 peccatorum

307 4401 444 4453 tacta
475 4401 656 4455 esset?

377 4490 434 4544 ‘3.
465 4490 602 4558 Quid
633 4500 715 4546 est
747 4491 906 4560 igitur
933 4491 1082 4555 illud,
1111 4491 1174 4544 In
1205 4493 1546 4546 remissionem
1580 4502 1900 4560 peccatorum

309 4584 324 4652 (
355 4582 518 4636 Marc.
549 4585 599 4636 1.
633 4583 739 4654 4)ἳ
774 4582 1006 4651 lmprobi
1051 4582 1336 4637 admodum
1386 4590 1539 4635 erant
1576 4581 1766 4646 Judaei,
1801 4598 1899 4636 nec

309 4689 558 4743 umquam
608 4678 659 4729 in
698 4684 1040 4745 peccatorum
1090 4690 1306 4729 SIlOl‘Ulﬂ
1351 4689 1569 4728 sensum
1617 4684 1895 4736 venerant.

308 4766 402 4820 sed
432 4767 687 4821 extremis
719 4767 935 4822 obnoxii
969 4767 1140 4828 malis,
1175 4783 1232 4821 se
1264 4765 1461 4835 ubique
1498 4765 1671 4834 justos
1703 4765 1897 4834 prmdi-

307 4857 500 4911 cabant
531 4877 543 4911 :
571 4859 622 4913 id
664 4859 806 4930 quod
847 4859 1143 4930 praesertim
1194 4860 1335 4928 ipsos
1366 4857 1614 4926 perdidit,
1643 4868 1697 4911 et
1737 4873 1766 4911 a
1799 4857 1900 4913 [ide

307 4949 546 5004 abduxit.
583 4951 689 5005 liae
729 4952 795 5007 de
843 4970 902 5007 re
941 4952 1060 5006 illos
1109 4952 1302 5008 Paulus
1348 4965 1606 5006 accusans
1647 4950 1896 5006 dicebat:

309 5041 612 5109 Ignorantes
658 5040 749 5094 Dei
786 5043 1040 5112 justitiam
1079 5054 1125 5096 et
1168 5060 1311 5096 suam
1348 5052 1620 5109 querentes
1660 5050 1897 5108 statuere,

310 5133 520 5196 iustitia!
545 5131 640 5187 Dei
665 5150 763 5186 non
792 5145 906 5186 sunt
931 5136 1138 5200 subiecti
1167 5135 1340 5205 (Rom.
1371 5135 1452 5188 10.
1484 5133 1560 5204 5).
1593 5136 1655 5188 Et
1681 5150 1898 5189 rursus:

313 5223 448 5288 Quid
491 5239 608 5294 ergo
647 5224 909 5279 dicemus?
939 5226 1085 5289 Quod
1127 5236 1295 5294 gentes
1320 5241 1430 5293 quae
1457 5242 1554 5278 non
1584 5227 1901 5278 sectabantur

311 5315 579 5379 iustitiam,
620 5315 1057 5384 apprelienderunt
1081 5317 1332 5385 justitiam
1370 5330 1389 5367 .'
1437 5315 1596 5371 Israel
1625 5327 1794 5370 autem
1823 5335 1901 5371 se-

312 5404 497 5456 ctanda
540 5405 697 5474 legem
730 5404 962 5473 justitiaz,
1010 5406 1061 5458 in
1113 5405 1266 5474 legem
1286 5408 1503 5475 justttia:
1531 5423 1628 5460 non
1657 5412 1897 5473 pervenit.

315 5496 521 5558 Quare?
555 5497 685 5563 Quia
715 5514 814 5549 non
837 5513 901 5550 ea:
930 5498 1050 5563 ﬁde,
1079 5497 1165 5550 sea'
1194 5499 1338 5565 quasi
1369 5516 1431 5552 ea:
1466 5500 1697 5566 aperibus
1724 5498 1899 5569 (Ibid.

313 5588 362 5643 9.
395 5587 465 5640 50
498 5587 566 5640 52
593 5588 632 5653 ).
661 5587 792 5653 Quia
821 5589 978 5657 igitur
1008 5589 1120 5642 haec
1145 5604 1302 5643 causa
1333 5591 1589 5644 malorum
1635 5601 1768 5654 erat,
1803 5591 1898 5644 ad-

317 5683 460 5736 venit
501 5681 754 5748 Joannes,
804 5684 936 5737 nihil
981 5681 1122 5736 aliud
1171 5698 1358 5751 agens,
1405 5699 1559 5752 quam
1605 5695 1660 5737 ut
1691 5684 1806 5736 illos
1835 5684 1900 5736 ad

317 5784 654 5841 peccatorum
683 5789 900 5830 suorum
929 5774 1288 5844 cognitionem
1321 5775 1606 5829 deduceret
1638 5793 1648 5826 :
1683 5776 1732 5828 id
1762 5775 1899 5843 quod

318 5872 476 5924 etiam
504 5869 645 5923 illius
677 5869 886 5924 habitus
917 5866 1250 5934 ostendebat,
1286 5869 1372 5939 qui
1402 5870 1579 5938 utique
1626 5869 1688 5920 πει
1729 5870 1898 5935 pinni-

1531 447 1596 503 IN
1633 439 2044 502 MATTHEUM
2085 443 2314 502 HOMIL.
2361 446 2427 501 Χ.

3525 451 3629 508 {Si

2036 554 2254 609 tentiam
2303 566 2358 612 et
2400 558 2793 616 confessionem
2837 561 3166 632 compositus
3211 569 3346 617 erat.
3381 561 3491 617 lloc
3517 564 3630 633 ipsa

2029 659 2242 715 quoque
2292 648 2602 716 praedicatio
2645 650 3055 706 demonstravit.
3107 652 3245 706 Nihil
3291 657 3434 708 enim
3483 653 3628 709 aliud

2027 736 2258 804 dicebat,
2305 756 2487 810 quam,
2531 742 2586 798 8.
2630 741 2811 799 Facite
2857 747 3054 813 fruetus
3098 746 3280 816 dignos
3323 748 3632 818 pmiitentia:

2027 829 2176 898 (Luc.
2204 834 2262 887 3.
2293 835 2347 903 δ)
2401 833 2533 900 Quia
2570 835 2727 905 igitur
2747 837 2889 906 quod
2924 847 3136 906 peccata
3165 854 3260 892 sua
3290 855 3393 894 non
3422 839 3631 907 impro-

2028 922 2236 988 barent,
2265 935 2320 977 ut
2349 924 2543 980 Paulus
2570 925 2884 994 declaravit,
2927 927 3049 982 ideo
3091 944 3122 982 a
3162 928 3378 984 Christo
3415 930 3627 984 resilie-

2025 1023 2149 1067 runt
2178 1031 2192 1068 :
2225 1028 2439 1084 peccata
2485 1027 2664 1072 autem
2717 1018 2769 1072 in
2803 1029 3034 1074 mentem
3068 1035 3340 1082 revocare,
3375 1021 3426 1075 id
3462 1021 3631 1076 efﬁcit

2025 1114 2080 1160 ut
2104 1107 2410 1178 redemptor
2455 1120 2746 1178 qumratur,
2789 1120 2842 1166 et
2880 1112 3128 1167 remissio
3154 1113 3498 1170 desideretur
3529 1132 3542 1167 :
3576 1115 3627 1168 id

2025 1208 2420 1267 pra-paraturus
2464 1201 2611 1256 venit
2654 1201 2910 1268 Joannes,
2963 1214 3019 1258 et
3059 1203 3369 1260 hortaturus
3411 1206 3533 1260 illos
3571 1216 3631 1261 ut

2024 1289 2392 1356 pmnitentiam
2421 1301 2676 1361 agerent:
2719 1307 2825 1347 non
2855 1305 2906 1347 ut
2937 1295 3282 1363 punirentur;
3317 1295 3412 1350 sed
3443 1304 3499 1350 ut
3534 1312 3634 1366 per

2023 1381 2391 1448 pmnitentiam
2445 1383 2758 1439 humiliores
2805 1385 3002 1450 eﬂ'ecti,
3056 1399 3121 1440 ac
3167 1401 3288 1441 sese
3341 1387 3486 1456 ipsos
3529 1387 3631 1441 da~

2021 1480 2287 1532 minantes,
2326 1472 2391 1527 ad
2419 1475 2793 1529 remissionem
2826 1475 3216 1545 impetrandam
3257 1487 3629 1532 accurrerent.

2019 1560 2156 1616 Vide
2199 1563 2356 1632 igitur
2399 1580 2557 1634 quam
2608 1564 2726 1620 htcc
2767 1566 3054 1636 diligenter
3100 1569 3446 1636 expresserit.
3492 1569 3626 1623 Cum

2018 1655 2242 1710 dixisset
2265 1658 2429 1723 enim,
2471 1657 2618 1712 Venit
2653 1660 2937 1728 pra‘dicans
2980 1661 3283 1729 baptismum
3318 1663 3629 1732 poenitentia:

2019 1746 2072 1799 in
2101 1748 2300 1802 deserto
2327 1747 2548 1816 Juda'w,
2581 1750 2804 1813 addidit,
2848 1750 2915 1804 In
2955 1754 3296 1807 remissionem
3326 1753 3532 1826 (Marc.
3572 1756 3623 1810 1.

2018 1836 2096 1911 4);
2127 1854 2191 1894 ac
2216 1841 2259 1894 si
2282 1839 2488 1895 diceret
2519 1858 2531 1894 :
2567 1841 2688 1896 Ideo
2733 1842 2849 1897 illos
2879 1842 3125 1900 hortatus
3178 1851 3263 1900 est
3305 1855 3361 1899 ut
3388 1846 3620 1904 conﬁte-

2020 1941 2206 1985 rentur
2235 1943 2288 1987 et
2335 1934 2703 2002 paenitentiam
2752 1945 2990 2005 agerent,
3026 1951 3134 1992 non
3179 1945 3233 1990 ut
3275 1938 3619 2006 punirentur,

2017 2024 2109 2078 sed
2159 2033 2215 2078 ut
2263 2024 2472 2080 facilius
2521 2037 2704 2096 postea
2737 2028 3111 2082 remissionem
3154 2029 3481 2098 acciperent.
3510 2028 3622 2084 Nisi

2017 2114 2159 2166 enim
2208 2115 2419 2183 seipsos
2465 2115 2834 2181 damnassent,
2884 2118 3107 2188 gratiam
3156 2135 3261 2174 non
3317 2120 3622 2188 petiissent,

2016 2218 2122 2256 non
2156 2215 2458 2274 qumrentes
2484 2223 2614 2262 vero
2635 2210 2885 2278 gratiam,
2915 2224 3091 2280 neque
3120 2211 3495 2266 remissionem
3531 2225 3624 2266 as-

2015 2296 2222 2363 sequuti
2253 2307 2452 2350 essent.
2485 2297 2666 2367 Itaque
2695 2298 2796 2352 hoc
2823 2299 3085 2368 baptism
3114 2300 3180 2354 ad
3213 2300 3342 2354 illud
3371 2301 3507 2355 viam
3531 2315 3625 2370 pa-

2015 2396 2096 2438 rat
2129 2404 2140 2437 :
2177 2387 2292 2439 ideo
2332 2388 2562 2453 dicebat,
2619 2389 2690 2444 Ut
2733 2391 2940 2443 credant
2985 2392 3038 2444 in
3086 2407 3200 2444 eum
3227 2393 3314 2461 qui
3347 2394 3479 2445 uenit
3510 2403 3625 2462 post

2014 2481 2179 2547 ipsum
2205 2483 2340 2549 (Act.
2375 2483 2462 2536 l9.
2493 2484 2577 2550 4);
2613 2492 2808 2551 prieter
2835 2497 2954 2539 eam
2999 2499 3158 2553 quam
3188 2485 3448 2549 diximus,
3484 2486 3624 2540 hanc

2013 2585 2227 2639 quoque
2275 2572 2432 2625 aliam
2480 2573 2815 2641 baptismatis
2860 2588 3078 2628 causam
3127 2576 3405 2644 adjicieus.
3437 2575 3623 2647 Neque

2013 2662 2154 2714 enim
2185 2663 2406 2730 perinde
2436 2663 2643 2728 fuisset,
2677 2666 2719 2718 si
2754 2665 2945 2719 domos
2972 2666 3350 2731 circumiisset,
3383 2676 3438 2723 et
3461 2666 3621 2722 Chri-

2013 2759 2151 2802 stum
2198 2767 2358 2806 mauu
2403 2753 2728 2821 prehensum
2762 2754 3232 2825 circumduxisset,
3265 2756 3619 2826 dixissetque,

2014 2844 2067 2896 In
2103 2843 2244 2897 hunc
2293 2845 2527 2910 credite;
2561 2855 2722 2913 atque
2767 2847 3015 2900 omnibus
3049 2845 3403 2915 praesentibus
3445 2863 3508 2901 ac
3539 2847 3621 2902 vi-

2011 2935 2282 3004 dentibus,
2337 2936 2544 2992 beatam
2596 2937 2738 2991 illam
2791 2938 2970 2993 eﬂ'erri
3027 2954 3236 3004 vocem,
3295 2949 3458 3010 atque
3513 2939 3620 2994 alia

2011 3027 2189 3078 omnia
2223 3026 2426 3094 perlici.
2461 3027 2586 3081 Ideo
2615 3029 2757 3082 venit
2785 3029 2851 3083 ad
2884 3029 3169 3099 baptisma.
3204 3031 3335 3084 Nam
3359 3040 3412 3084 et
3441 3031 3618 3100 bapti-

2012 3116 2181 3169 zantis
2205 3116 2530 3169 existimatio
2560 3127 2614 3172 et
2644 3119 2718 3171 rei
2749 3119 2916 3186 ipsius
2944 3120 3205 3185 conditio,
3233 3121 3505 3179 civitatem
3538 3131 3620 3178 to-

2013 3215 2117 3258 tam
2147 3206 2471 3273 attrahebat,
2517 3217 2570 3262 et
2610 3209 2675 3262 ad
2704 3208 2993 3265 Jortlanem
3025 3211 3302 3276 evocabat,
3333 3228 3618 3282 magnum-

2010 3310 2114 3363 que
2164 3294 2264 3348 t'uit
2319 3296 2610 3351 theatrum.
2665 3298 2897 3368 ideoque
2960 3316 3053 3354 eos
3108 3303 3198 3371 qui
3259 3302 3615 3370 advenerant,

2011 3387 2273 3454 reprimit,
2335 3389 2632 3457 suadetque
2686 3406 2754 3444 ne
2808 3407 3060 3460 magnum
3114 3394 3388 3464 quidpiam
3441 3396 3511 3452 de
3555 3411 3617 3453 se

2008 3479 2524 3545 comminiseantnr,
2575 3480 2868 3536 ostendens
2925 3497 3021 3537 eos
3076 3493 3441 3540 extremorum
3493 3503 3617 3544 reos

2010 3568 2295 3634 malorum,
2326 3569 2426 3624 nisi
2457 3570 2827 3640 ptenitentiam
2856 3573 3082 3642 egerint,
3117 3575 3402 3644 missisque
3439 3578 3615 3645 majo-

2009 3660 2155 3715 ribus
2193 3661 2324 3727 suis,
2370 3660 2697 3730 depulsaque
2741 3663 2853 3727 illa,
2883 3679 3042 3733 quam
3080 3664 3203 3720 inde
3230 3677 3613 3737 conceperant,

2005 3751 2282 3818 jactantia,
2311 3767 2430 3807 eum
2463 3755 2551 3823 qui
2579 3753 2891 3822 advenerat,
2923 3756 3242 3825 receperint.
3281 3757 3490 3813 Etenim
3516 3757 3616 3813 ob-

2007 3851 2216 3895 scurata
2259 3842 2469 3898 Inerant
2517 3845 2730 3898 interim
2757 3860 2822 3900 ea
2863 3862 2982 3915 quae
3011 3847 3076 3899 ad
3106 3847 3377 3902 Christum
3405 3859 3617 3918 spectare

2006 3932 2154 3998 bant,
2202 3942 2256 3988 et
2298 3934 2438 4003 apud
2487 3935 2686 3989 multos
2731 3936 2993 3991 exstincta
3041 3937 3358 3993 videbantur
3391 3955 3513 3994 esse
3543 3940 3618 3995 ob

2007 4024 2208 4080 cmdem
2240 4025 2291 4079 in
2323 4025 2632 4081 Bethlehem
2665 4037 3042 4099 perpetratam.
3076 4030 3295 4085 Etiamsi
3325 4034 3465 4086 enim
3490 4049 3612 4088 cum

2007 4115 2289 4168 duodecim
2321 4131 2583 4170 annorqu
2611 4127 2755 4172 esset
2797 4133 2919 4173 sese
2948 4121 3273 4185 exhibuerit,
3322 4133 3376 4176 at
3422 4125 3530 4177 cito
3560 4126 3612 4178 in

2009 4206 2240 4273 priorem
2271 4221 2390 4260 sese
2423 4206 2803 4260 obscuritatem
2826 4208 3046 4264 deduxit
3074 4229 3086 4263 :
3120 4211 3346 4281 ideoque
3375 4215 3615 4284 splendi-

2005 4302 2088 4355 dis
2135 4301 2372 4355 exordiis
2419 4311 2473 4355 et
2518 4301 2832 4357 sublimiore
2876 4302 3140 4374 principio
3186 4320 3320 4374 opus
3358 4307 3611 4362 habebat.

2009 4397 2293 4464 Propterea
2325 4405 2449 4449 tunc
2482 4396 2711 4464 primum
2741 4411 2823 4458 ea,
2857 4411 2976 4464 qua:
3017 4411 3303 4463 numquam
3330 4398 3616 4454 audierant

2005 4487 2197 4551 Judaei,
2230 4488 2312 4541 vel
2341 4503 2370 4541 a
2413 4488 2706 4556 prophetis,
2741 4488 2824 4542 vel
2855 4488 2923 4541 ab
2952 4489 3073 4542 aliis
3111 4490 3457 4559 quibuslibet,
3492 4494 3612 4556 illa,

2007 4580 2247 4647 inquam,
2300 4579 2588 4648 conspicua
2634 4594 2765 4633 voce
2813 4578 3087 4648 praedicat,
3131 4581 3293 4635 caelos
3314 4591 3367 4634 et
3390 4598 3611 4651 regnum

2006 4670 2262 4723 caxlorum
2305 4684 2758 4734 commemorans,
2812 4670 3048 4739 nihilque
3078 4669 3146 4725 de
3187 4679 3326 4725 terra
3361 4673 3606 4742 loquens.

2009 4761 2252 4829 llegnum
2282 4770 2460 4812 autem
2510 4757 2597 4811 hic
2627 4758 2755 4812 dicit
2783 4758 3070 4812 adventum
3103 4760 3237 4828 ejus,
3270 4771 3318 4816 et
3354 4764 3602 4832 priorem,

2009 4862 2062 4905 et
2093 4852 2468 4918 posteriorem.
2516 4849 2580 4903 Et
2607 4849 2732 4919 quid
2762 4849 2863 4903 hoc
2893 4851 2959 4904 ad
2988 4849 3222 4914 Iudaeos,
3258 4853 3488 4922 inquies,
3521 4857 3614 4924 qui

2009 4939 2320 4996 nesciebant
2348 4940 2472 5008 quid
2501 4941 2744 4995 diceret?
2773 4941 2895 4995 ideo
2921 4943 3000 4997 sic
3031 4942 3239 5010 loquor,
3276 4945 3479 5015 inquiet
3502 4948 3611 5012 ille,

2011 5043 2066 5086 ut
2092 5032 2355 5087 dictormn
2388 5032 2715 5087 obscuritate
2762 5035 2999 5098 excitati,
3051 5037 3262 5090 veniant
3297 5039 3360 5090 ad
3397 5041 3612 5108 perqui-

2010 5124 2233 5179 rcndum
2284 5125 2432 5179 illum
2477 5125 2564 5193 qui
2599 5123 2952 5192 praedicatur;
3003 5127 3070 5178 ita
3100 5138 3157 5179 ut
3184 5141 3234 5181 et
3261 5129 3528 5198 publicani
3561 5141 3616 5184 et

2011 5217 2207 5272 milites
2235 5219 2585 5286 interrogent,
2613 5215 2740 5284 quid
2780 5215 3104 5274 faciendum.
3149 5228 3201 5271 et
3229 5220 3501 5285 quomodo
3535 5221 3614 5272 in-

2009 5309 2276 5364 stituenda
2325 5309 2428 5362 vita
2477 5309 2545 5361 sit
2578 5328 2588 5361 :
2618 5307 2759 5376 quod
2804 5308 3011 5376 signum
3059 5320 3173 5362 erat
3225 5313 3388 5378 ipsiis,
3435 5313 3614 5368 missis

2009 5404 2354 5458 sa‘cularibus
2401 5402 2581 5462 rebus,
2615 5400 2716 5454 alia
2750 5401 2950 5468 majora
2997 5406 3286 5468 respicere,
3335 5414 3388 5456 et
3437 5407 3612 5457 futura

2009 5495 2159 5563 quasi
2205 5509 2297 5562 per
2340 5496 2604 5547 sonminm
2653 5494 2950 5560 imaginari.
3000 5493 3212 5548 Etenim
3251 5506 3441 5550 cuneta
3492 5513 3611 5564 qua:

2012 5584 2262 5639 videbant
2310 5596 2361 5638 ct
2390 5584 2698 5649 audiebant,
2731 5585 2797 5638 ad
2835 5584 3140 5638 sublimium
3184 5601 3359 5639 rerum
3392 5601 3608 5643 sensum

2011 5678 2284 5747 erigebant
2315 5677 2454 5729 illos.

2084 5774 2134 5825 5.
2175 5771 2400 5823 Joannes
2430 5769 2663 5836 Baptista
2706 5786 2730 5821 ε
2768 5769 2962 5821 deserto
2989 5770 3248 5837 egrediens
3278 5786 3432 5836 quam
3462 5786 3612 5822 vene-

2015 5870 2223 5920 tundus.
2273 5865 2444 5935 Ipsius
2490 5879 2601 5915 rum
2650 5860 2790 5915 Isaia
2831 5865 3109 5915 ronseasio.
3141 5893 3206 5900 —
3243 5861 3424 5930 Cogita
3457 5863 3614 5931 igitur
