4082 6504
498 411 596 467 IS?

493 516 747 594 quantum
779 524 829 579 id
852 533 992 579 esset
1024 522 1291 577 hominem
1311 518 1494 575 videre
1519 524 1640 589 post
1656 525 1825 569 annos
1854 506 2064 576 triginta

493 630 557 670 ex
585 614 797 671 deserto
837 614 1158 677 venientem,
1206 610 1467 681 principis.
1492 605 1823 663 sacerdotum
1868 599 2064 659 tilium,

493 706 581 773 qni
631 704 775 759 nulla
819 717 1065 785 umquam
1110 715 1287 757 rerum
1330 710 1663 783 terrenarum
1718 696 2071 785 eguerali_el

490 796 637 865 omni
664 809 729 849 ex
764 802 911 864 parte
949 778 1328 855 venerandum,
1374 787 1461 857 qui
1486 780 1675 840 lsaiam
1700 795 1882 837 secum
1910 778 2071 832 habe-

492 883 601 949 bat.
630 883 829 939 Aderat
852 884 1047 953 quippe
1082 880 1181 951 ipsi
1228 877 1518 949 prrdicans
1542 884 1597 930 et
1620 873 1804 929 dicens
1834 889 1846 924 :
1873 869 1967 924 Hic
1992 876 2070 921 est

493 988 656 1045 quem
680 974 1028 1029 adventurum
1054 984 1174 1027 esse
1196 966 1414 1039 prtedixi
1442 967 1781 1026 clamantem,
1824 973 1878 1015 et
1904 960 1957 1013 in
1980 958 2073 1011 de-

493 1073 641 1120 serto
668 1064 808 1118 clara
837 1076 965 1117 voce
992 1061 1169 1116 omnia
1210 1056 1608 1129 praedicantem.
1660 1054 1888 1107 Tantum
1930 1048 2071 1104 enim

497 1164 613 1210 erat
651 1153 1025 1226 prophetarum
1073 1150 1215 1206 circa
1259 1164 1343 1205 res
1384 1148 1512 1202 istas
1561 1144 1815 1207 studium,
1869 1150 1925 1195 ut
1969 1153 2071 1194 non

497 1245 657 1301 modo
689 1238 967 1300 Dominum
996 1256 1173 1309 suum,
1223 1241 1317 1296 sed
1345 1241 1503 1294 etiam
1551 1250 1671 1291 eum
1709 1234 1798 1303 qui
1836 1232 1933 1303 ipsi
1977 1231 2075 1284 mi-

503 1338 823 1392 nistraturus
868 1344 1004 1399 erat,
1048 1342 1174 1388 ante
1222 1332 1444 1387 multum
1483 1327 1737 1399 temporis
1758 1324 2070 1395 praenuntia-

506 1436 628 1485 reat
656 1445 669 1481 :
700 1441 796 1481 nec
827 1426 972 1481 illum
1009 1424 1187 1487 modo,
1210 1424 1302 1477 sed
1327 1423 1484 1478 etiam
1511 1423 1679 1476 locum
1709 1416 2074 1489 prmdieerent,

500 1518 555 1571 in
586 1530 690 1586 quo
713 1523 1017 1570 versaturus
1038 1523 1151 1569 erat
1167 1554 1181 1579 ,
1204 1507 1411 1567 necnon
1449 1510 1836 1582 prmdicationis
1863 1505 2079 1562 modum

500 1620 608 1674 quo
632 1604 699 1659 ad
722 1602 1020 1659 docendum
1065 1617 1253 1657 usurus
1292 1612 1428 1667 erat,
1475 1613 1528 1656 et
1568 1616 1725 1669 quam
1766 1599 2075 1668 przcclarttm

502 1694 627 1749 hinc
651 1708 783 1763 opus
830 1706 1161 1748 emersurum
1200 1702 1361 1746 esset.
1413 1690 1541 1744 Vide
1566 1704 1692 1760 ergo
1719 1687 1987 1759 quomodo
2016 1689 2078 1740 ad

506 1786 751 1841 eumdem
794 1800 1007 1841 sensum
1055 1786 1211 1839 ambo
1256 1785 1533 1853 prodeant,
1565 1784 1689 1836 licet
1733 1797 1836 1837 non
1890 1779 2076 1836 iisdem

506 1876 684 1931 verbis
713 1885 944 1939 utantur,
976 1875 1234 1945 prOpheta
1260 1889 1448 1943 nempe
1476 1882 1636 1944 alque
1658 1872 1915 1941 Baptista.
1947 1871 2079 1925 Pro-

504 1969 661 2038 pheta
712 1982 940 2038 namque
987 1970 1159 2038 ipsum
1205 1966 1504 2021 adfuturum
1559 1979 1679 2020 esse
1726 1965 1963 2035 praedicit
2002 1963 2085 2018 bis

508 2060 683 2115 verbis
720 2074 736 2113 :
776 2062 829 2115 3.
886 2058 1068 2113 Parata
1094 2059 1226 2112 viam
1252 2057 1477 2122 Domini,
1517 2066 1679 2112 rectas
1699 2058 1846 2127 facile
1884 2060 2085 2109 semitas

506 2152 617 2216 ejus
641 2148 792 2218 (Isai.
812 2148 899 2204 40.
922 2150 996 2218 5).
1019 2149 1109 2203 ille
1138 2163 1268 2203 vero
1288 2157 1563 2217 postquam
1593 2147 1823 2205 advenit,
1842 2147 2082 2201 dicebat:

510 2235 687 2291 Facite
712 2238 905 2305 [ructus
930 2237 1108 2308 dignos
1134 2237 1435 2305 ptcuitentitc
1461 2235 1688 2307 (Matth.
1720 2239 1771 2293 5.
1802 2236 1870 2307 8)
1901 2253 1915 2290 2
1945 2236 2084 2305 quod

511 2326 649 2381 idem
677 2326 936 2397 significat
964 2337 1123 2397 atque
1151 2327 1299 2391 illud,
1347 2326 1530 2379 Parate
1565 2328 1693 2379 vium
1735 2325 1964 2379 Domini.
2002 2326 2087 2383 Vi-

508 2419 630 2474 dcn’
673 2429 727 2473 et
764 2435 856 2489 per
894 2434 957 2473 ea
999 2435 1117 2489 qua:
1162 2418 1420 2487 propheta
1456 2418 1622 2482 dixit,
1665 2426 1717 2470 et
1764 2432 1856 2483 per
1886 2432 1945 2470 ea
1973 2431 2089 2486 quae

511 2509 622 2577 ipse
663 2506 986 2578 pnedicavit,
1032 2522 1195 2561 unum
1225 2506 1532 2575 signiﬁcari,
1573 2506 1744 2573 ipsum
1781 2506 2001 2569 scilicet,
2040 2514 2093 2559 ct

514 2610 571 2653 ut
618 2600 845 2667 prmiret,
895 2607 949 2651 et
1001 2608 1057 2651 ut
1102 2599 1236 2650 viam
1286 2606 1513 2664 pararet,
1551 2597 1852 2658 advenisse,
1902 2604 2093 2649 nonut

510 2692 706 2747 donum
735 2690 1037 2759 largiretur,
1067 2689 1269 2743 scilicet
1300 2688 1689 2751 remissionem,
1738 2686 1832 2741 sed
1865 2696 1919 2741 ut
1951 2703 2090 2756 prcc-

510 2791 723 2851 pararet
752 2784 956 2836 animas
982 2796 1187 2844 eorum,
1220 2780 1308 2848 qui
1341 2781 1707 2835 universorum
1747 2780 1909 2834 Deum
1939 2796 2085 2835 rece-

514 2872 653 2939 pturi
702 2871 893 2924 erant?
934 2870 1102 2923 Lucas
1140 2883 1267 2922 vero
1311 2869 1534 2937 amplius
1566 2868 1691 2937 quid
1720 2870 1945 2939 adjecit;
1977 2875 2093 2924 “nec

511 2960 643 3013 satis
674 2958 855 3013 habuit
882 2958 1199 3027 principium
1226 2944 1735 3023 dumtaxat'alferre,
1792 2960 1885 3013 sed
1928 2968 2091 3013 totam

510 3051 665 3104 aliert
688 3049 1057 3119 prophetiam;
1093 3064 1213 3103 nam
1244 3050 1319 3103 ait
1352 3068 1364 3104 :
1398 3048 1574 3105 Omnis
1603 3050 1750 3105 vallis
1783 3051 2092 3120 implebitur,

510 3150 558 3192 et
583 3140 746 3193 omnis
771 3154 915 3193 mons
942 3151 995 3194 et
1025 3140 1169 3193 collis
1198 3139 1543 3193 lmmiliabitur
1574 3156 1592 3193 :
1618 3150 1663 3193 et
1689 3150 1832 3193 erunt
1858 3156 2014 3209 prava
2041 3142 2091 3193 in

511 3228 719 3292 directa,
762 3237 809 3281 et
845 3242 1026 3297 aspera
1054 3228 1106 3281 in
1133 3227 1237 3281 vias
1266 3227 1445 3298 planas
1467 3244 1484 3283 :
1506 3238 1550 3282 et
1574 3228 1751 3283 videbit
1781 3232 1947 3283 omnis
1972 3247 2091 3283 caro

510 3318 730 3372 salutare
782 3318 880 3373 Dei
923 3318 1073 3388 (Luc.
1098 3319 1153 3371 '5.
1202 3319 1253 3373 5.
1294 3318 1345 3373 6.
1395 3319 1524 3373 1δαί.
1577 3321 1664 3374 40.
1698 3323 1751 3373 4.
1780 3323 1855 3388 5).
1906 3322 2093 3376 Viden'

512 3406 781 3477 quomodo
805 3408 915 3476 jam
946 3407 1072 3461 olim
1101 3406 1357 3476 propheta
1401 3409 1579 3462 omnia
1618 3409 1770 3475 dixit,
1823 3419 1877 3465 et
1915 3412 2093 3481 populi

513 3512 853 3561 concursum,
894 3506 948 3551 et
975 3511 1151 3551 rerum
1180 3497 1233 3550 in
1259 3498 1452 3553 melius
1480 3499 1849 3567 mutationem,
1880 3513 1933 3555 et
1959 3518 2095 3571 prae.

512 3586 791 3642 dieationis
832 3584 1141 3641 facilitatem
1174 3594 1229 3641 et
1270 3601 1445 3641 rerum
1480 3588 1831 3658 gerendarum
1856 3592 2090 3646 omnium

510 3691 743 3741 causam,
770 3677 869 3732 etsi
896 3677 1062 3747 tropis
1092 3678 1205 3732 haec
1232 3679 1581 3746 resperserit?
1602 3680 1727 3734 Erat
1746 3681 1940 3752 quippe
1964 3698 2089 3750 pro—

513 3768 693 3837 phetia
739 3768 1054 3821 futurorum.
1103 3765 1237 3822 Cum
1281 3768 1423 3822 enim
1454 3770 1527 3823 ait
1560 3787 1572 3824 :
1607 3769 1783 3824 Omnis
1808 3773 1953 3826 vallis
1992 3774 2091 3825 im-

512 3858 751 3927 plebitttr,
786 3868 835 3911 et
871 3857 1035 3911 omnis
1063 3872 1207 3911 mons
1223 3867 1270 3911 et
1301 3860 1446 3913 collis
1471 3859 1817 3913 humiliabitnr
1844 3877 1861 3913 :
1886 3871 1931 3914 et
1951 3874 2093 3915 erunt

512 3963 696 4016 aspera
721 3948 772 4001 in
795 3948 899 4001 vias
931 3948 1117 4018 planas
1148 3964 1168 4001 :
1200 3948 1427 4004 humiles
1465 3932 1795 4017 ésaltandos,
1842 3959 1898 4007 et
1945 3968 2093 4007 arro-

508 4046 694 4108 gantes
718 4038 1074 4093 bumiliandos
1095 4053 1215 4094 esse
1247 4041 1561 4109 prtr‘nuntiat
1581 4083 1593 4103 ,
1641 4050 1800 4113 atque
1828 4043 1960 4114 legis
1985 4045 2089 4099 dif-

513 4130 801 4185 ficultatem
842 4130 892 4185 in
925 4130 1045 4186 fidei
1080 4130 1389 4186 facilitatem
1434 4146 1553 4186 esse
1595 4134 1923 4189 mutandam.
1973 4137 2089 4191 Non

512 4216 670 4284 ultr'a,
700 4220 889 4291 inquit,
920 4221 1143 4275 sudores
1171 4230 1226 4275 et
1249 4221 1500 4285 labores;
1535 4223 1625 4276 sed
1665 4227 1830 4293 gratia
1862 4235 1915 4280 et
1943 4228 2090 4281 venia

509 4310 845 4373 delictorum,
891 4325 1009 4379 qua:
1050 4309 1353 4364 facillimam
1381 4310 1446 4364 ad
1472 4312 1701 4367 salutem
1738 4314 1875 4367 viam
1920 4328 2088 4385 paret.

512 4401 713 4457 Deinde
741 4402 927 4457 horum
957 4416 1173 4457 causam
1202 4403 1421 4472 apponit
1448 4402 1633 4459 dicens
1664 4424 1675 4458 :
1711 4404 1904 4461 Videbit
1930 4412 2091 4465 omnis

509 4507 632 4547 caro
659 4492 881 4546 salutare
909 4491 1006 4545 Dei
1050 4508 1071 4546 :
1113 4508 1238 4559 non,
1269 4502 1327 4547 ut
1354 4494 1505 4562 olim,
1556 4494 1725 4551 Judaei
1753 4508 1806 4553 et
1834 4501 2090 4573 proselyti

510 4586 758 4651 tantum,
799 4584 896 4639 sed
937 4593 991 4639 et
1031 4585 1206 4639 omnis
1248 4600 1374 4641 caro
1415 4595 1469 4642 et
1512 4604 1691 4654 mare,
1743 4591 2093 4662 universaque

511 4674 785 4729 hominum
816 4683 1026 4730 natura.
1058 4674 1162 4730 Per
1186 4690 1348 4743 prava
1374 4679 1514 4732 enim
1542 4689 1595 4734 ct
1628 4689 1885 4748 tortuosa,
1929 4686 2089 4739 vitam

505 4759 799 4833 quamlibet
822 4775 1125 4836 corruptam
1166 4766 1516 4822 subindicavit
1550 4787 1562 4823 :
1600 4771 1928 4838 publicanos,
1982 4775 2091 4830 for-

509 4854 793 4922 nicatores,
842 4857 1099 4921 latrones,
1147 4873 1353 4928 magos,
1399 4862 1639 4928 quicum
1679 4865 1910 4943 perversi
1944 4867 2090 4935 prius

507 4955 712 5012 essent,
743 4954 888 5001 recta
928 4946 1123 5003 deinde
1165 4947 1251 5001 via
1294 4961 1668 5019 processerunt
1702 4967 1715 5003 :
1746 4954 1883 5022 quod
1927 4957 2087 5010 etiam

509 5037 623 5107 ipse
651 5036 862 5091 dicebat
890 5053 905 5091 :
939 5034 1215 5091 Publicani
1239 5048 1284 5091 et
1314 5050 1593 5110 peccatores
1623 5046 1901 5111 prlecedent
1931 5065 2016 5103 vos
2037 5050 2087 5104 in

504 5144 662 5197 regno
709 5126 801 5181 Dei
844 5126 1076 5189 (Matth.
1104 5128 1196 5185 ΩΙ.
1226 5129 1287 5183 51
1310 5127 1359 5199 ),
1416 5132 1537 5201 quia
1590 5134 1946 5193 crediderunt.
1983 5139 2088 5193 idl-

508 5233 661 5289 psum
708 5218 829 5273 aliis
870 5218 1045 5274 verbis
1084 5220 1163 5274 sic
1209 5218 1455 5275 indicavit
1482 5222 1737 5291 propheta
1771 5243 1784 5280 :
1814 5226 1953 5283 Tunc
1979 5230 2086 5299 lupi

504 5318 551 5361 et
580 5306 704 5379 agni
730 5308 885 5362 simul
915 5318 1184 5379 pascentur
1212 5306 1364 5375 (Isai.
1391 5310 1477 5366 65.
1502 5303 1627 5383 ‘25).
1658 5313 1809 5369 Sicut
1836 5319 1976 5372 enim
2012 5320 2083 5373 ibi

506 5414 602 5467 per
625 5400 790 5455 colles
819 5410 873 5455 et
898 5402 1063 5456 valles
1106 5403 1517 5472 inaequalitatem
1562 5422 1768 5463 morum
1814 5411 1867 5467 in
1924 5430 2080 5471 unam

507 5490 854 5559 philosophia:
891 5494 1246 5563 aequalitatem
1294 5498 1625 5554 commisceri
1672 5500 1805 5558 dixit
1854 5522 1866 5558 :
1918 5506 1987 5560 ita
2030 5518 2084 5563 et

508 5579 595 5632 hic
624 5594 861 5650 quoque,
907 5597 1001 5652 per
1040 5583 1315 5640 brutorum
1345 5584 1604 5643 diversam
1633 5600 1877 5649 naturam
1908 5598 2083 5653 varios

508 5670 779 5725 hominum
822 5688 996 5729 mores
1026 5675 1285 5745 indicans,
1333 5695 1541 5735 rursum
1575 5697 1669 5738 eos
1697 5685 1747 5738 in
1779 5702 1938 5742 unum
1964 5688 2078 5758 pie-

509 5764 631 5822 tatis
652 5776 963 5823 concentum
988 5770 1131 5839 jttngi
1161 5770 1448 5828 declaravit
1481 5792 1491 5827 :
1522 5783 1572 5830 ct
1601 5776 1684 5832 hic
1707 5793 1917 5834 rursum
1948 5794 2075 5836 cau-

1160 404 1217 461 S.
1256 402 1534 461 JOANNIS
1567 390 2036 457 CIIRYSOSTOMI
2078 388 2370 447 ARCHIEP
2430 385 2959 447 CONSTANTINOP.

3656 384 3756 440 £88

2173 521 2284 561 sam
2310 500 2564 575 adjiciens
2610 506 2683 560 ait
2717 522 2731 558 :
2769 503 2881 559 Erit
2906 504 2993 575 qui
3016 510 3282 572 consurget
3313 499 3567 569 imperare
3593 503 3761 571 genti-

2174 598 2284 661 bus,
2316 605 2362 650 et
2390 596 2441 649 in
2480 597 2643 666 ipsum
2671 604 2839 667 gentes
2868 592 3139 664 sperabunt
3165 590 3319 663 (Iani.
3345 590 3430 645 ll.
3466 589 3577 661 i0).
3608 587 3761 658 Quod

2175 688 2347 758 ipsum
2376 688 2443 742 ibi
2480 702 2689 758 quoque
2725 686 2858 741 dixit
2891 704 2904 740 :
2940 683 3133 739 Videbit
3180 684 3340 738 omnis
3381 698 3502 735 caro
3542 681 3762 735 salutare

2178 778 2335 832 Dei:

2178 868 2416 922 notitiam
2447 868 2512 923 ad
2544 883 2711 936 usque
2735 867 2866 920 lines
2892 874 3045 920 teme
3066 863 3461 919 dill'undendam
3484 877 3623 926 esse,
3647 875 3767 929 quae

2176 974 2205 1011 a
2237 958 2418 1013 ferinis
2449 959 2683 1012 moribus
2701 958 2999 1026 animisque
3025 956 3246 1024 aSperis,
3274 955 3327 1008 in
3354 962 3689 1007 mansuetam
3714 960 3770 1005 et

2179 1052 2359 1115 mitem
2383 1049 2613 1105 indolem
2641 1062 2807 1118 genus
2836 1048 3113 1101 hominum
3144 1046 3537 1101 transmutahit.
3578 1046 3635 1099 4.
3666 1041 3767 1097 Hic

2178 1150 2346 1195 autem
2380 1139 2603 1195 Ioannes
2646 1140 2855 1193 habebat
2891 1140 3235 1193 vestimentum
3257 1154 3403 1192 suum
3429 1138 3495 1192 de
3520 1137 3640 1205 pilis
3672 1143 3763 1188 cit-

2180 1234 2316 1295 meli,
2350 1242 2393 1286 et
2419 1249 2600 1285 sonam
2626 1232 2888 1300 pelliceam
2912 1232 3047 1284 circa
3068 1230 3261 1285 lumbos
3286 1246 3424 1283 suos.
3454 1228 3645 1284 Viden‘
3669 1228 3770 1281 alia

2186 1323 2470 1392 prOphetas
2520 1323 2869 1392 praidixissc,
2943 1321 3043 1374 alia
3094 1306 3437 1390 evangelislis
3490 1317 3773 1386 reliquisse

2185 1413 2481 1467 narranda?
2508 1412 2841 1481 Quapropter
2866 1410 3146 1465 llla‘ttbmus
3173 1420 3224 1465 et
3256 1409 3561 1479 prophetias
3585 1407 3770 1471 affert,

2185 1517 2237 1561 et
2275 1522 2366 1560 sua
2418 1506 2599 1571 adjicit
2633 1524 2644 1557 ε
2676 1518 2849 1575 neque
2876 1515 3028 1559 extra
3056 1519 3167 1558 rem
3193 1503 3400 1573 putavit
3428 1501 3493 1556 de
3515 1502 3645 1571 justi
3678 1516 3759 1555 ve.

2186 1597 2356 1651 stibus
2404 1598 2567 1665 loqui.

2260 1688 2312 1741 ι.
2350 1686 2568 1741 Joannis
2598 1686 2840 1757 Baptista:
2866 1686 3061 1739 vivendi
3086 1702 3264 1758 genus.
3298 1715 3367 1725 —
3413 1684 3543 1740 Erat
3580 1682 3777 1753 quippe

2187 1795 2275 1836 res
2303 1778 2436 1834 mira
2478 1785 2529 1831 et
2559 1777 2820 1847 stupenda
2858 1778 2909 1832 in
2942 1778 3174 1832 humano
3202 1790 3429 1846 corpore
3456 1785 3658 1830 tantam
3698 1774 3777 1828 vi-

2188 1870 2317 1925 dere
2361 1868 2693 1925 tolerantiam
2726 1887 2739 1921 :
2774 1868 2916 1939 quod
2959 1878 3107 1924 certe
3151 1868 3368 1923 Judzros
3408 1866 3578 1936 magis
3612 1874 3779 1920 attra-

2192 1961 2368 2023 hebat.
2425 1964 2511 2031 qui
2560 1975 2806 2032 magnum
2853 1960 3024 2013 Eliam
3056 1959 3107 2013 in
3148 1959 3265 2028 ipso
3302 1957 3679 2027 respiciebant,
3726 1964 3782 2011 et

2192 2070 2255 2107 ex
2304 2054 2367 2107 iis
2411 2069 2528 2123 qum
2562 2062 2687 2108 tunc
2730 2049 3069 2113 videbantur,
3108 2050 3249 2105 beati
3280 2051 3419 2105 illius
3448 2050 3547 2105 viri
3579 2065 3782 2105 memo-

2192 2144 2322 2197 riam
2373 2144 2731 2208 revocabant;
2766 2145 2871 2199 imo
2909 2145 2960 2199 in
3001 2142 3258 2212 majorem
3308 2142 3653 2211 rapiebantur
3689 2141 3783 2195 ad-

2192 2234 2548 2289 mirationem.
2600 2234 2692 2288 llle
2739 2249 2971 2304 namque
3011 2235 3062 2287 in
3101 2234 3321 2288 urbibus
3368 2232 3506 2287 etin
3533 2231 3784 2287 domibus

2192 2324 2449 2388 alebatur,
2498 2322 2583 2377 hic
2626 2332 2800 2377 autem
2832 2326 2899 2377 ab
2943 2324 3277 2377 incunabulis
3308 2330 3421 2377 toto
3460 2330 3705 2390 tempore
3731 2322 3783 2375 in

2196 2413 2409 2468 deserto
2455 2424 2697 2484 versatus
2742 2425 2843 2470 est.
2896 2414 3186 2482 Oportebat
3216 2419 3361 2469 enim
3395 2427 3784 2485 praecursorem

2199 2504 2356 2567 illius,
2390 2504 2477 2575 qui
2506 2514 2683 2560 vetera
2710 2506 2886 2559 omnia
2915 2505 3185 2559 soluturus
3221 2513 3355 2571 erat,
3402 2519 3595 2572 nempe
3631 2502 3783 2557 labo-

2199 2610 2329 2656 rem,
2364 2596 2810 2659 maledictionem,
2855 2596 3092 2650 dolorem
3123 2606 3283 2664 atque
3310 2596 3581 2659 sudorem,
3632 2612 3783 2663 quzc-

2197 2682 2315 2737 dam
2364 2684 2561 2740 habere
2602 2687 2841 2758 symbola
2869 2686 3237 2755 hujuscemodi
3278 2687 3425 2751 doni,
3472 2698 3527 2743 et
3559 2687 3787 2741 damna-

2199 2774 2341 2827 tione
2368 2774 2455 2830 illa
2484 2777 2815 2844 superiorem
2845 2792 2983 2832 esse.
3033 2779 3213 2847 itaque
3242 2794 3339 2832 nec
3369 2783 3565 2833 terram
3592 2780 3781 2840 aravit,

2201 2880 2373 2933 neque
2401 2864 2577 2919 sulcos
2604 2865 2857 2921 dissecuit
2882 2907 2896 2930 ,
2947 2882 3049 2922 non
3084 2870 3134 2924 in
3164 2870 3358 2924 sudore
3387 2870 3563 2925 vultus
3593 2885 3781 2941 panem

2200 2955 2465 3019 comedit,
2508 2956 2600 3011 sed
2642 2957 2795 3013 facile
2841 2960 3091 3028 parabilis
3128 2971 3245 3016 erat
3288 2977 3469 3018 mensa
3518 2963 3671 3032 ejus,
3730 2974 3785 3018 et

2201 3060 2383 3099 mensa
2413 3045 2615 3100 facilior
2656 3049 2900 3116 amictus,
2947 3059 3001 3105 et
3029 3050 3391 3107 habitaculum
3416 3052 3625 3108 facilius
3646 3055 3782 3107 ami-

2198 3145 2304 3189 ctu.
2359 3135 2541 3207 Neque
2580 3140 2722 3192 enim
2772 3149 2935 3205 tecto,
2987 3141 3068 3195 vel
3112 3142 3273 3207 lecto,
3304 3144 3384 3197 vel
3433 3159 3639 3211 mensa,
3700 3145 3782 3198 Vel

2198 3225 2376 3295 aliquo
2404 3226 2563 3281 simili
2591 3242 2727 3297 opus
2755 3229 2977 3294 habuit;
3029 3231 3121 3285 sed
3162 3231 3457 3300 angelicam
3498 3233 3782 3301 quamdam

2199 3317 2359 3369 vitam
2392 3317 2443 3370 in
2471 3316 2571 3372 hac
2600 3333 2763 3373 carne
2788 3318 3054 3374 exhibuit.
3076 3319 3202 3375 Ideo
3226 3320 3597 3376 vestimentum
3622 3323 3785 3391 ipsius

2200 3420 2267 3459 ex
2313 3407 2429 3475 pilis
2458 3410 2784 3463 camelorum
2806 3410 3184 3465 concinnatum
3244 3420 3379 3477 erat,
3421 3421 3482 3466 ut
3510 3429 3573 3467 ex
3604 3414 3782 3468 habitu

2200 3514 2300 3553 nos
2350 3501 2672 3563 institueret,
2706 3511 2766 3555 ut
2794 3502 2863 3556 ab
2887 3502 3135 3557 humanis
3173 3503 3582 3566 absisteremus,
3616 3521 3678 3559 ac
3708 3509 3783 3560 ui-

2201 3591 2273 3645 hil
2298 3606 2418 3646 cum
2449 3600 2586 3646 terra
2614 3608 2897 3649 commune
2922 3596 3272 3661 haberemus;
3294 3597 3387 3651 sed
3414 3598 3479 3651 ad
3509 3602 3781 3667 pristinam

2201 3679 2530 3737 nobilitatem
2577 3694 3002 3752 reverteremur,
3052 3687 3102 3740 in
3152 3703 3253 3756 qua
3308 3688 3535 3759 degebat
3582 3690 3781 3754 Adam,

2200 3781 2482 3841 antequam
2511 3775 2847 3829 vestimentis
2874 3786 2927 3831 et
2958 3778 3155 3832 amictu
3184 3789 3383 3849 egeret.
3433 3779 3525 3835 Sic
3554 3790 3607 3835 et
3636 3782 3781 3850 regni

2200 3873 2253 3917 et
2286 3863 2614 3931 paenitentia:
2648 3867 2814 3921 vestis
2871 3868 3170 3936 hujusmodi
3222 3871 3521 3941 symbolum
3570 3887 3679 3943 pra:
3725 3887 3784 3927 se

2198 3953 2421 4008 ferebat.
2476 3955 2583 4010 Nec
2624 3957 2751 4010 mihi
2796 3958 2983 4013 dicas:
3016 3959 3169 4015 Unde
3196 3962 3267 4016 illi
3299 3962 3509 4017 cilicina
3534 3964 3692 4019 vestis
3730 3973 3782 4018 et

2197 4060 2353 4112 zona,
2401 4047 2449 4099 in
2481 4047 2694 4102 deserto
2726 4048 3024 4105 habitanti?
3071 4052 3203 4107 Nam
3249 4054 3293 4107 si
3340 4069 3399 4108 ea
3446 4053 3513 4108 de
3557 4071 3615 4109 re
3637 4072 3779 4125 quzco

2197 4139 2427 4193 stionem
2456 4155 2692 4205 moveas,
2726 4144 2824 4195 alia
2855 4159 3067 4213 quoque
3093 4147 3254 4199 multa
3282 4162 3525 4215 qna'rere
3553 4150 3779 4217 poteris:

2199 4229 2466 4298 quomodo
2496 4229 2548 4283 in
2586 4232 2780 4295 hieme,
2829 4235 3096 4303 quomodo
3140 4238 3190 4290 iu
3226 4248 3359 4292 testu
3398 4238 3447 4293 in
3495 4242 3781 4297 solitudine

2199 4320 2533 4387 versabatur,
2564 4323 2798 4377 maxime
2830 4328 2881 4376 in
2911 4332 3095 4380 tenero
3141 4343 3367 4398 corpore
3400 4340 3455 4386 et
3498 4333 3780 4389 immatura

2199 4418 2355 4466 mtate
2402 4428 2415 4466 :
2465 4412 2731 4481 quomodo
2776 4414 2941 4482 potuit
2982 4418 3197 4486 puerilis
3224 4421 3403 4477 carnis
3447 4432 3632 4478 natura
3664 4442 3779 4480 ver-

2199 4503 2304 4557 sari
2350 4503 2399 4557 in
2442 4512 2581 4557 tanta
2634 4506 2777 4588 aeris
2808 4507 3167 4579 inaequalitate
3188 4554 3202 4576 ,
3233 4528 3355 4570 cum
3390 4525 3495 4572 tam
3522 4520 3777 4589 singulari

2200 4609 2403 4660 mensa,
2450 4603 2504 4648 et
2538 4596 2773 4733 (πίει-ἰὴ
2795 4606 2960 4651 vasta:
3011 4602 3313 4658 solitudinis
3361 4608 3618 4664 miseriis.
3681 4610 3778 4667 Ubi

2200 4700 2338 4733 nunc
2367 4695 2489 4733 Stml
2518 4686 2824 4733 ﬁrmam-Lm
2862 4691 3164 4733 nhilncnnhi
3236 4698 3335 4733 nun?
3375 4698 3569 4733 tum“...
3622 4703 3752 4733 r-..:

2198 4700 2338 4740 nunc
2367 4695 2489 4739 sunt
2518 4686 2825 4743 Gnaeortim
2862 4691 3185 4762 phi1050phi,
3236 4698 3335 4767 qui
3375 4698 3570 4756 frustra
3622 4703 3779 4775 Cyni-

2198 4792 2312 4830 cam
2346 4776 2723 4846 impudentiam
2755 4782 2944 4836 sectati
2975 4784 3139 4838 sunt?
3168 4787 3315 4856 (quid
3339 4791 3480 4845 enim
3501 4806 3636 4863 opus
3666 4806 3780 4850 erat

2197 4884 2321 4925 sese
2354 4870 2405 4925 in
2437 4870 2577 4927 dolio
2617 4874 2918 4941 includere,
2944 4886 2997 4931 et
3035 4879 3123 4933 tali
3150 4880 3343 4939 deinde
3373 4884 3586 4941 lascivia
3622 4889 3779 4957 uti?)

2196 4961 2285 5030 qui
2331 4963 2561 5028 annulis,
2616 4965 2827 5036 phialis,
2899 4970 3133 5037 famulis,
3188 4976 3432 5043 ancillis,
3471 4990 3525 5034 et
3570 4982 3776 5051 reliqua

2196 5069 2386 5125 pompa
2430 5057 2672 5115 instructi
2723 5072 2910 5128 erant,
2959 5072 3013 5118 et
3058 5064 3107 5119 in
3154 5076 3439 5139 utrumque
3494 5087 3773 5129 excessum

2194 5146 2424 5215 prolapsi
2464 5149 2627 5202 sunt?
2653 5152 2722 5203 At
2750 5150 2838 5205 hic
2875 5153 2992 5207 talis
3022 5169 3126 5209 non
3160 5168 3307 5226 erat;
3358 5162 3451 5216 sed
3499 5164 3775 5223 desertum

2193 5237 2364 5321 quasi;
2391 5239 2577 5293 caelum
2626 5241 2900 5308 habitavit,
2942 5258 3191 5303 accurate
3220 5250 3618 5321 philosophiam
3661 5273 3775 5312 om-

2194 5342 2312 5382 nem
2340 5319 2593 5385 éxhibens
2624 5350 2636 5384 :
2671 5330 2897 5402 indeque
2926 5350 3024 5391 ceu
3049 5338 3169 5407 quis
3190 5319 3409 5410 angelus
3442 5319 3516 5398 de
3559 5347 3695 5402 caelo
3722 5349 3769 5404 in

2377 778 2574 848 ubique
2621 776 2907 830 ostendens
2953 774 3359 844 evangeliorum
3400 772 3650 825 virtutem
3694 784 3759 824 ac

2192 5416 2353 5473 urbes
2376 5418 2675 5485 descendit,
2705 5421 2905 5479 athleta
2952 5426 3188 5496 pietatis,
3232 5443 3518 5488 coronatus
3544 5436 3596 5490 in
3619 5439 3771 5505 orbe,

2191 5519 2242 5562 ot
2276 5510 2623 5580 philosophus
2662 5514 2749 5567 illa
2804 5515 3142 5588 philosophia
3186 5536 3305 5591 qua:
3330 5524 3477 5579 caelis
3498 5524 3657 5594 digna
3684 5544 3771 5585 es-

2190 5610 2289 5655 set.
2332 5601 2457 5657 Hmc
2485 5619 2644 5673 porro
2674 5617 2859 5673 erant,
2911 5623 3031 5663 cum
3064 5611 3295 5667 nondum
3323 5615 3556 5671 solutum
3588 5634 3767 5689 peccas

2191 5701 2297 5744 tum
2323 5701 2485 5758 esset,
2513 5708 2633 5749 omn
2662 5697 2891 5753 nondum
2925 5699 3007 5754 lex
3035 5712 3290 5769 cessaret,
3326 5716 3497 5763 morte
3527 5711 3766 5768 nondum

2191 5782 2384 5845 vincta,
2432 5785 2599 5855 portis
2628 5788 2781 5843 aereis
2809 5790 3043 5847 nondum
3074 5792 3384 5865 confractis,
3434 5799 3528 5855 sed
3558 5803 3770 5873 vigente

3796 6378 3941 6403 ’-ἷκε-..μ
