4082 6534
314 509 410 564 139

299 621 476 677 adhuc
519 619 688 676 veteri
728 617 937 673 vivendi
981 629 1198 688 genere.
1244 613 1387 669 Talis
1421 611 1603 681 utique
1631 617 1717 663 est
1746 608 1896 662 fortis

304 714 534 785 vigilque
576 714 787 768 animus
833 729 848 765 :
901 725 1021 765 nam
1073 709 1272 778 ubique
1318 705 1547 778 prosilit,
1593 704 1900 774 positasque

306 815 473 862 metas
504 803 860 860 transcurrit?
905 799 1356 873 quemadmodum
1387 809 1438 852 et
1462 797 1657 852 Paulus
1689 796 1740 848 in
1769 795 1898 848 Novi

303 895 631 950 Testaincnti
673 894 1049 950 observatione
1080 891 1326 947 faciebat.
1376 888 1480 944 Sed
1523 904 1639 950 cur,
1668 888 1898 956 inquies,

301 1004 422 1041 cum
451 988 772 1042 vestimento
797 987 955 1042 etiam
983 1000 1114 1040 zona
1147 983 1425 1038 utebatur?
1455 980 1510 1036 ld
1536 982 1586 1033 in
1616 996 1765 1034 more
1785 987 1903 1032 erat

305 1079 442 1147 apud
485 1089 711 1144 veteres,
757 1079 1068 1148 priusquam
1100 1070 1260 1131 molle
1303 1075 1404 1128 hoc
1444 1084 1495 1128 et
1525 1070 1773 1127 diffluens
1805 1086 1899 1126 ve-

304 1171 540 1224 stimenti
571 1185 737 1239 genus
767 1168 1127 1223 induceretur.
1171 1166 1262 1222 Sic
1305 1166 1482 1235 itaque
1521 1174 1572 1218 et
1615 1164 1803 1218 Petrus
1848 1172 1903 1217 et

308 1259 501 1316 l’attlns
533 1261 692 1315 cincti
723 1261 1102 1315 inveniuntur:
1137 1273 1281 1323 nam,
1314 1254 1509 1321 Virum,
1536 1255 1724 1324 inquit,
1754 1254 1902 1322 cujus

309 1354 412 1404 huc
437 1368 568 1404 zona
593 1362 662 1406 est
708 1352 841 1420 (Act.
878 1349 966 1405 2i.
1004 1348 1113 1417 ll).
1169 1348 1310 1402 Elias
1336 1361 1548 1417 quoque
1576 1346 1654 1400 sic
1682 1346 1903 1399 vestitus

307 1453 442 1507 erat,
489 1443 568 1496 sic
605 1452 912 1496 sanctorum
957 1439 1171 1510 singuli,
1205 1436 1346 1507 quod
1383 1438 1494 1491 sive
1521 1436 1574 1491 in
1599 1435 1710 1506 jugi
1740 1450 1903 1506 opere

308 1545 666 1596 versarentur,
717 1531 830 1585 sive
876 1531 977 1584 iter
1023 1537 1262 1599 agerent,
1313 1528 1425 1582 sive
1459 1527 1620 1581 aliam
1661 1526 1904 1596 quamvis

306 1639 420 1676 rem
469 1623 821 1678 necessariam
865 1637 985 1674 cunt
1033 1621 1214 1674 labore
1252 1626 1541 1684 curarent;
1592 1633 1690 1672 nec
1733 1631 1793 1671 ea
1837 1616 1905 1671 dc

307 1730 467 1769 Causa
521 1725 746 1778 tantum,
785 1713 878 1768 sed
906 1713 1047 1783 quod
1079 1714 1239 1766 etiam
1271 1722 1522 1765 ornatum
1551 1727 1764 1764 onmem
1796 1709 1904 1764 eal-

308 1814 526 1870 careut,
574 1818 627 1861 et
674 1815 904 1861 austera:
957 1805 1078 1858 vita:
1133 1803 1319 1858 rationi
1368 1802 1648 1859 studerent
1697 1821 1708 1858 :
1763 1804 1904 1872 quod

311 1898 482 1966 ipsum
514 1912 764 1966 maguum
814 1897 1027 1950 virtutis
1066 1896 1370 1950 eucomium
1399 1909 1521 1950 esse
1551 1894 1796 1948 Christus
1821 1895 1905 1949 di-

308 1992 376 2044 cit
404 1991 489 2044 his
515 1991 690 2044 verbis
726 2008 738 2043 :
771 1988 906 2054 Quid
931 1990 1100 2042 existis
1129 1989 1295 2042 videre
1315 1989 1340 2041 ?
1380 1988 1632 2042 hominem
1671 1987 1907 2042 mollibus

309 2083 581 2136 vestitum?
613 2081 742 2135 Ecce
769 2082 854 2149 qui
888 2082 1119 2136 mollibus
1142 2081 1436 2145 vestiuntur,
1488 2082 1542 2134 in
1566 2079 1800 2134 domibus
1827 2097 1906 2134 re-

309 2191 426 2243 gum
451 2183 566 2227 sunt
591 2172 756 2244 (Luc.
796 2173 847 2226 7.
881 2173 1006 2242 25).

379 2265 433 2319 5.
459 2265 512 2320 Si
535 2281 697 2335 porro
728 2264 817 2319 ille
846 2265 917 2319 ita
950 2280 1132 2333 purus,
1166 2275 1220 2318 et
1250 2263 1382 2318 czrlo
1406 2263 1521 2333 ipso
1552 2262 1904 2335 splendidior,

310 2358 584 2427 prophetis
612 2357 863 2412 omnibus
892 2356 1122 2426 dignior,
1145 2370 1250 2426 quo
1280 2356 1452 2424 major
1479 2354 1580 2408 fuit
1607 2371 1787 2421 nemo,
1816 2355 1909 2425 qui

313 2458 511 2503 tantam
557 2448 738 2503 habuit
779 2448 1044 2511 fiduciam,
1088 2455 1195 2502 tam
1240 2462 1429 2517 aspere
1462 2447 1614 2514 vixit,
1663 2448 1909 2502 dimuen-

314 2552 418 2596 tem
468 2542 791 2611 voluptatem
837 2551 1117 2611 tant0pere
1166 2539 1505 2610 despiciens,
1568 2549 1674 2593 tam
1717 2540 1906 2593 duram

312 2648 476 2703 agens
516 2634 678 2687 vitam
713 2648 917 2702 :quam
967 2632 1368 2687 excusationem
1413 2631 1765 2697 habebimus,
1819 2629 1907 2697 qui

314 2736 432 2795 post
474 2735 618 2779 tanta
651 2724 928 2790 beneficia,
982 2721 1249 2778 sexcentis
1299 2732 1638 2792 peccatorum
1684 2721 1909 2776 sarcinis

313 2818 511 2880 onusti,
562 2833 630 2871 ne
671 2817 946 2871 minimam
985 2815 1199 2886 quidem
1247 2825 1450 2884 partem
1484 2815 1813 2884 paenitentia:
1851 2815 1910 2867 ιι-

314 2911 416 2963 lius
440 2908 807 2974 exhibeamus,
857 2908 952 2962 sed
978 2907 1223 2963 ebrietati
1252 2917 1305 2962 et
1326 2907 1496 2960 ventri
1523 2905 1686 2960 dediti
1717 2907 1906 2969 simus,

317 3002 602 3072 unguentis
658 3001 974 3070 fragrantes,
1026 3013 1123 3053 nec
1152 2997 1402 3051 meliores
1428 2996 1779 3049 theatralibus
1810 2996 1912 3048 illis

315 3092 705 3156 meretricibus,
761 3090 994 3159 undique
1043 3089 1283 3142 mollitiei
1323 3103 1420 3141 nos
1474 3087 1752 3152 dedentes,
1800 3087 1913 3140 din-

317 3187 438 3240 holo
481 3195 639 3256 captu
674 3183 853 3238 faciles
899 3199 995 3236 nos
1038 3182 1414 3252 pra-beamus?
1461 3181 1508 3235 5.
1560 3179 1698 3233 Tunc
1747 3179 1913 3233 exibat

320 3276 386 3329 ad
433 3292 547 3329 eisin
596 3275 759 3328 omnis
802 3271 1008 3336 ludam,
1052 3283 1096 3324 et
1143 3271 1485 3340 Jerosolyma,
1511 3280 1554 3322 et
1582 3271 1743 3323 omnis
1775 3269 1912 3339 regio

317 3368 580 3440 Iordanis,
625 3367 677 3422 6.
711 3378 757 3421 et
793 3366 1182 3434 baptizabantur
1206 3365 1268 3416 ab
1294 3381 1350 3417 eo
1385 3365 1436 3416 in
1462 3361 1710 3426 Iordane,
1753 3363 1914 3429 con/i—

319 3473 474 3518 tentes
504 3473 708 3532 peccata
733 3476 848 3515 sua.
881 3459 1066 3513 Viden’
1089 3468 1344 3527 quantum
1378 3455 1648 3525 prOpheta:
1677 3470 1914 3523 praesen.

320 3555 386 3610 tia
418 3553 621 3608 valuit?
649 3551 919 3622 quomodo
941 3559 1110 3604 totum
1144 3548 1397 3626 populum
1431 3546 1736 3601 excitavit?
1784 3561 1917 3615 quo-

319 3646 478 3702 modo
519 3645 695 3700 effecit
741 3653 796 3699 ut
844 3651 1062 3715 peccata
1110 3642 1162 3695 in
1213 3640 1524 3695 memoriam
1562 3638 1916 3693 revocarent?

320 3739 449 3793 Nam
496 3736 850 3792 admiratione
899 3734 1114 3804 dignum
1155 3741 1288 3795 erat,
1330 3732 1510 3784 videre
1546 3730 1695 3784 illum
1729 3731 1779 3783 in
1816 3730 1916 3782 litt-

321 3846 478 3885 mano
506 3830 691 3884 habitu
721 3828 846 3884 talia
870 3825 1235 3887 exhibentem,
1284 3833 1338 3878 ct
1377 3833 1519 3878 tanta
1558 3831 1794 3877 utentem
1833 3821 1915 3875 di-

322 3922 473 3976 ct'ttdi
523 3921 787 3984 libertate,
823 3927 984 3988 atque
1017 3917 1273 3972 adversus
1318 3930 1506 3969 omnes
1545 3915 1696 3986 quasi
1731 3923 1916 3969 contra

324 4031 518 4084 pueros
568 4013 956 4082 insurgentem,
1005 4010 1276 4080 multaque
1320 4011 1374 4064 in
1422 4010 1569 4064 vultu
1609 4009 1774 4079 gratia
1819 4008 1919 4063 ful-

324 4117 558 4172 gentem.
611 4103 691 4158 Ad
719 4111 992 4171 stuporem
1023 4099 1334 4156 conferebat
1358 4099 1501 4170 quod
1539 4109 1656 4167 post
1690 4099 1917 4154 multum

337 4199 593 4266 temporis
634 4199 888 4268 propheta
913 4202 1223 4266 appareret;
1256 4209 1376 4248 nam
1425 4192 1541 4246 haec
1568 4191 1740 4260 gratia
1771 4189 1914 4258 apud

340 4287 457 4342 illos
506 4287 793 4352 defecerat,
826 4300 879 4341 et
924 4295 1044 4355 post
1093 4282 1400 4336 diuturnum
1446 4287 1657 4346 tempus
1704 4292 1920 4330 reversa

339 4391 440 4435 est.
476 4379 876 4434 Pmdicationis
901 4387 1080 4429 autem
1112 4373 1322 4436 modus,
1359 4383 1529 4424 novus
1559 4379 1611 4422 et
1639 4369 1925 4436 singularis

341 4478 475 4523 erat.
526 4467 666 4522 Nihil
713 4468 910 4537 quippe
953 4471 1331 4518 consuctornm
1386 4459 1702 4523 audiebant;
1755 4457 1928 4511 futura

346 4575 540 4629 nempe
591 4558 729 4612 bella
760 4566 811 4610 et
843 4557 1024 4625 praelia
1069 4551 1425 4618 victoriasqne
1472 4560 1732 4611 terrenas,
1766 4548 1932 4601 fames

344 4664 393 4708 et
425 4658 626 4720 pestes,
651 4646 995 4716 Babylonios,
1024 4644 1234 4706 Persas,
1262 4641 1410 4693 urbis
1431 4637 1720 4700 excidium,
1745 4648 1796 4690 et
1823 4639 1925 4690 alia

346 4757 462 4810 qua
493 4737 772 4800 solebant;
803 4735 895 4789 sed
928 4733 1098 4787 caelos
1123 4739 1176 4786 et
1204 4730 1423 4784 cmleste
1453 4742 1696 4796 regnum.
1731 4728 1931 4796 gehen-

349 4849 535 4903 naeque
557 4831 900 4900 supplicium.
930 4827 1222 4893 Pmpterea
1246 4836 1569 4892 quamquam
1599 4819 1828 4874 rebelles
1855 4818 1932 4872 illi

348 4927 435 4996 qui
482 4940 602 4979 cum
656 4923 791 4977 Jntla
840 4928 895 4974 et
931 4916 1151 4971 Theuda
1197 4915 1248 4966 in
1298 4914 1513 4966 deserto
1561 4910 1794 4973 fuerant,
1829 4922 1934 4961 non

352 5018 522 5072 multo
583 5022 709 5068 ante
773 5024 1015 5080 tempore
1074 5007 1322 5064 trucidati
1377 5005 1620 5070 fuissent,
1671 5019 1774 5057 non
1821 5001 1940 5056 ideo

351 5108 568 5179 segnius
594 5119 661 5160 eo
691 5119 751 5159 se
788 5102 1150 5157 contulerunt.
1187 5099 1297 5152 Non
1333 5097 1474 5152 enim
1506 5096 1572 5150 ad
1607 5094 1824 5149 easdem
1857 5108 1942 5148 res

357 5195 741 5270 perpetrandas
780 5193 926 5261 ipsos
977 5196 1326 5253 convoeaMt,
1355 5186 1421 5241 ad
1472 5185 1807 5258 tyrannidem
1838 5183 1945 5237 sci-

357 5291 504 5351 licet,
533 5288 598 5342 ad
644 5285 1019 5346 defectionem,
1049 5283 1115 5336 ad
1171 5296 1258 5336 res
1305 5277 1606 5341 novandas;
1639 5277 1730 5330 sed
1772 5285 1830 5330 ut
1874 5275 1940 5329 ad

357 5395 648 5448 supernum
683 5392 904 5447 regnum
952 5374 1259 5428 deduceret.
1293 5372 1524 5439 Ideoque
1565 5384 1671 5423 non
1719 5367 1945 5422 detinuit

361 5492 543 5531 secum
575 5475 627 5530 in
670 5474 905 5536 deserto,
942 5483 1112 5538 neque
1162 5465 1536 5532 circumduxit,
1570 5463 1664 5518 sed
1714 5462 1887 5530 baptiz
1920 5490 1948 5501 -

366 5578 447 5620 tos
487 5575 541 5621 et
581 5561 931 5633 philosophia:
973 5559 1318 5614 sermonibus
1367 5558 1654 5609 instructos
1703 5551 1945 5606 dimisit:

368 5673 464 5728 per
509 5657 689 5710 omnia
733 5655 934 5709 docens
985 5660 1198 5705 terrena
1239 5648 1537 5714 despicere,
1567 5655 1621 5699 et
1658 5643 1723 5698 ad
1771 5642 1944 5695 futura

371 5748 613 5812 tendere,
635 5762 698 5801 ac
729 5745 968 5816 quotidie
986 5758 1106 5799 sese
1130 5742 1418 5797 concitare.
1453 5739 1603 5792 llunc
1627 5747 1679 5791 et
1712 5751 1808 5790 nos
1831 5734 1950 5788 inii-

373 5857 566 5911 tcmttr,
611 5859 672 5898 ac
719 5843 847 5898 cibi:
903 5841 1271 5907 ebrietateque
1322 5834 1580 5896 dimissis,
1633 5831 1699 5884 ad
1750 5839 1950 5883 arctam

376 5938 536 5992 vitam
582 5950 683 5992 nos
733 5932 1138 5991 transferamus.
1170 5930 1298 5985 Nam
1348 5926 1701 5982 confessionis
1748 5932 1954 5990 tempus

1446 498 1507 554 IN
1550 491 1962 553 ΜΑΤἸἹΙᾸΞΠΜ
2011 491 2248 549 HOMIL.
2298 494 2365 549 Χ.

3503 496 3605 552 I90

2010 619 2094 664 est
2116 626 2224 664 non
2251 608 2475 663 initiatis
2490 617 2542 663 et
2559 608 2876 678 baptizatis:
2901 608 2987 662 his
3010 609 3251 677 quidem,
3275 616 3335 663 ut
3354 619 3475 678 post
3489 623 3603 678 pte-

2010 699 2294 755 niticntiam
2322 711 2594 770 peractam
2623 699 2689 753 ad
2715 715 2870 754 sacra
2904 699 3122 755 veniant
3150 701 3407 770 mysteria
3436 717 3450 764 ;
3486 700 3597 754 illis

2010 805 2160 854 vero,
2185 789 2456 846 utablutis
2473 805 2608 860 quas
2632 800 2752 859 post
2782 791 3110 860 baptismum
3141 800 3465 846 contraxere
3487 773 3601 846 ma?

2008 883 2168 947 culis,
2183 897 2319 950 pura
2338 883 2666 938 conscientia
2687 885 2751 938 ad
2772 899 3012 940 mensam
3031 885 3597 942 accedant.Absceda-

2008 990 2130 1028 mus
2149 975 2392 1044 igiturab
2407 973 2507 1030 bac
2527 975 3064 1046 mollidissolutaque
3088 978 3214 1034 vita.
3234 976 3353 1032 Non
3370 989 3602 1048 possunt

2004 1066 2312 1131 enim,fnon
2344 1075 2575 1134 possunt
2603 1066 2787 1136 utique
2821 1082 2927 1120 una
2951 1068 3601 1125 subsistereeonfessioct

2004 1155 2249 1212 deliciae:
2302 1167 2356 1212 et
2386 1162 2500 1213 haec
2524 1172 2618 1212 vos
2641 1157 2834 1212 doceat
2862 1157 3102 1214 Joannes
3132 1176 3160 1212 ιι
3195 1163 3540 1224 vestimento,
3568 1181 3596 1216 a

2008 1248 2151 1310 cibo,
2205 1262 2233 1299 a
2279 1246 2463 1303 domo.
2521 1249 2658 1316 Quid
2697 1251 2895 1320 igitur?
2955 1254 3204 1322 inquies:
3239 1254 3382 1310 itane
3407 1265 3614 1311 arctam

2005 1336 2162 1406 jubes
2194 1353 2292 1391 nos
2336 1337 2537 1394 ducere
2565 1340 2768 1395 vitam?
2810 1341 2925 1396 Non
2967 1343 3150 1412 jubeo,
3193 1344 3290 1400 sed
3331 1346 3533 1407 suadeo
3563 1355 3618 1404 et

2011 1427 2220 1482 hortor.
2253 1429 2405 1497 Quod
2432 1433 2478 1485 si
2513 1431 2564 1485 id
2596 1432 2771 1488 facere
2799 1448 2904 1487 non
2937 1435 3180 1504 potestis,
3225 1437 3412 1492 saltem
3454 1438 3508 1492 in
3541 1440 3619 1494 ci-

2012 1521 2266 1576 vitalibus
2311 1523 2566 1593 degentes
2629 1525 3000 1595 pmnitentiam
3060 1526 3444 1595 exhibeamus;
3494 1545 3618 1584 nam

2005 1611 2268 1682 judicium
2295 1626 2376 1670 est
2411 1617 2462 1669 in
2487 1617 2667 1686 januis
2701 1636 2713 1671 :
2760 1618 2971 1674 etiamsi
3000 1634 3128 1675 vero
3166 1622 3422 1677 remotius
3451 1609 3616 1685 esset,

2014 1721 2079 1761 ne
2110 1708 2188 1761 sic
2226 1708 2442 1777 quidem
2496 1710 2740 1764 securius
2776 1725 2935 1781 agere
2979 1721 3275 1783 oporteret.
3317 1713 3449 1769 Nam
3499 1715 3622 1770 finis

2013 1800 2137 1854 rita:
2166 1802 2496 1871 singulorum
2527 1804 2772 1858 eamdem
2805 1805 2909 1858 vim
2939 1821 3064 1876 erga
3103 1823 3372 1878 quemque
3427 1809 3620 1874 habet,

2014 1908 2173 1962 quam
2203 1894 2598 1948 consummatio
2624 1896 2831 1950 smenli.
2860 1895 3014 1963 Quod
3040 1906 3218 1953 autem
3251 1901 3301 1953 in
3330 1899 3508 1969 januis
3531 1901 3620 1964 sit,

2013 1986 2134 2040 andi
2170 1987 2392 2040 Paulum
2444 1987 2714 2043 dicentem
2749 2007 2760 2041 :
2795 1989 2918 2043 Nox
2960 1994 3234 2058 princessit,
3286 1994 3394 2046 dies
3454 2003 3621 2046 autem

2013 2081 2476 2150 approqninquavit
2513 2082 2688 2152 (Rom.
2745 2083 2830 2137 l3.
2872 2082 2960 2151 1‘2)
2997 2102 3008 2137 :
3043 2099 3106 2139 ac
3133 2101 3337 2151 rursus,
3370 2086 3473 2153 Qui
3506 2102 3624 2140 oen—

2015 2183 2158 2227 turus
2192 2185 2285 2239 est,
2334 2175 2491 2228 vcitiet
2515 2217 2530 2240 ,
2569 2187 2613 2227 et
2646 2193 2744 2228 non
2777 2176 2996 2230 tardabit
3037 2176 3192 2246 (Hrb.
3232 2179 3451 2249 10.37).
3498 2181 3623 2236 Ete-

2016 2264 2126 2318 nim
2179 2265 2328 2334 signa
2353 2265 2461 2334 jam
2501 2267 2718 2336 impleta
2759 2278 2884 2322 sunt
2912 2285 2973 2323 ea
3004 2286 3121 2337 quae
3152 2269 3294 2324 diem
3323 2272 3466 2325 illam
3497 2287 3618 2326 evo-

2014 2365 2156 2411 cant.
2191 2356 2322 2410 Natn
2368 2358 2443 2410 ait
2475 2377 2487 2412 :
2521 2357 2892 2412 l’rwdicabitur
2935 2362 3030 2413 lioc
3061 2363 3375 2432 evangelium
3401 2365 3542 2434 regni
3572 2364 3624 2418 in

2016 2447 2248 2501 universo
2292 2447 2483 2502 mundo
2519 2449 2572 2503 in
2604 2450 2945 2503 testimonium
2994 2453 3225 2507 omnibus
3263 2454 3492 2524 gentibus
3527 2471 3543 2508 .'
3578 2464 3627 2510 et

2015 2546 2131 2590 tunc
2185 2537 2347 2591 veniet
2390 2542 2758 2593 consummatio
2790 2539 3003 2612 (Matth.
3036 2541 3127 2596 ει.
3157 2544 3266 2612 14).

2088 2630 2141 2685 6.
2176 2630 2498 2684 Audientium
2528 2631 2774 2700 [ei‘vorem
2801 2633 3045 2700 stimulat,
3075 2651 3188 2688 cum
3219 2637 3473 2704 terrendo,
3520 2647 3627 2692 tum

2017 2721 2355 2776 exhortando.
2385 2752 2455 2762 -—
2487 2723 2654 2777 Dictis
2679 2724 2964 2794 diligenter
2993 2726 3273 2782 attendite.
3305 2726 3424 2782 Non
3455 2729 3624 2795 dixit,

2017 2813 2148 2869 Cum
2189 2814 2453 2869 creditum
2496 2815 2656 2870 fuerit
2693 2817 2761 2871 ab
2808 2818 3096 2883 omnibus;
3135 2820 3253 2884 sed,
3302 2820 3437 2876 Cum
3473 2823 3626 2876 fuerit

2016 2904 2154 2974 apud
2184 2922 2373 2960 omnes
2406 2906 2771 2974 praedicatum.
2817 2909 3103 2980 Prnptcrea
3135 2912 3368 2977 dicebat,
3398 2911 3460 2966 In
3493 2916 3627 2980 testis

2020 2998 2244 3049 monium
2271 2998 2520 3066 gentibus,
2555 2998 2834 3053 declarans
2850 3015 2908 3054 se
2940 3017 3044 3054 non
3065 3013 3498 3071 exspectaturum
3527 3005 3628 3059 do-

2021 3105 2118 3142 nec
2149 3103 2337 3144 omnes
2380 3091 2623 3157 credant,
2654 3102 2709 3144 ut
2739 3103 2925 3160 postea
2955 3094 3152 3148 veniat.
3189 3094 3321 3150 Illud
3351 3089 3516 3162 eitim,
3563 3096 3630 3152 In

2020 3181 2388 3244 testimonium,
2422 3181 2523 3235 hoc
2550 3193 2652 3245 est,
2688 3183 2740 3236 in
2781 3185 3204 3250 accusationem,
3251 3188 3305 3240 in
3331 3188 3631 3242 convictio-

2022 3287 2164 3334 nem,
2197 3273 2248 3326 in
2278 3273 2786 3327 condemnationem
2811 3289 2996 3328 eorum
3024 3276 3114 3346 qui
3146 3291 3251 3330 non
3285 3277 3628 3334 crediderint.

2022 3367 2089 3418 At
2135 3380 2252 3430 nos,
2297 3368 2386 3433 qni
2431 3367 2544 3419 haec
2583 3365 2830 3421 audimus
2872 3376 2928 3421 et
2957 3367 3223 3432 videmus,
3253 3369 3629 3438 dormitantes,

2022 3458 2475 3525 somniamnsqne,
2505 3467 2559 3511 et
2577 3457 2728 3526 quasi
2756 3457 2807 3511 in
2833 3457 3247 3526 prol'undissima
3277 3470 3433 3515 nocte
3459 3462 3632 3517 ebrie-

2024 3556 2130 3602 tate
2182 3564 2484 3617 gravantur.
2543 3547 2754 3602 Etenim
2809 3564 2896 3604 res
2949 3532 3243 3618 prtesentes
3297 3553 3464 3607 nihilo
3506 3564 3633 3609 sunt

2022 3639 2245 3693 Somuiis
2275 3639 2555 3704 nteiiores,
2586 3639 2699 3692 sive
2735 3639 2838 3694 illa:
2867 3639 3019 3695 bona?
3060 3642 3172 3698 sive
3220 3643 3460 3698 molestae
3500 3645 3626 3700 sint.

2027 3730 2337 3798 Propterea,
2367 3732 2616 3797 obsecro,
2647 3732 2756 3800 jam
2781 3735 3249 3803 expergiscamini,
3285 3747 3338 3790 et
3359 3737 3424 3791 ad
3448 3737 3632 3793 Solem

2019 3810 2238 3889 justititn
2269 3822 2583 3888 reSpiciatis.
2612 3821 2782 3877 Nemo
2811 3824 3008 3893 quippe
3030 3825 3302 3882 dormiens
3332 3828 3501 3884 solem
3535 3827 3634 3899 po-

2026 3920 2130 3965 test
2159 3911 2359 3979 videre,
2409 3928 2582 3982 neque
2613 3913 3010 3983 pulchritudine
3053 3916 3324 3972 radiorum
3356 3919 3473 3988 ejus
3498 3935 3629 3976 ocu-

2028 4005 2106 4059 los
2135 4004 2440 4067 delectare;
2474 4006 2565 4060 sed
2596 4007 2639 4060 si
2673 4022 2774 4076 qua
2805 4007 2965 4072 videt,
2997 4010 3151 4079 quasi
3185 4011 3236 4064 in
3267 4013 3479 4066 somnio
3512 4029 3639 4068 om-

2029 4097 2112 4150 nia
2156 4096 2321 4153 videt.
2373 4097 2496 4153 ldeo
2536 4098 2701 4152 multa
2758 4098 2912 4154 nobis
2957 4115 3096 4170 opus
3143 4110 3226 4157 est
3261 4101 3640 4176 confessione,

2020 4193 2202 4249 multis
2232 4194 2501 4264 lacrymis,
2538 4205 2649 4248 tum
2694 4195 2814 4263 quia
2862 4197 2981 4250 sine
3024 4193 3136 4252 ullo
3175 4214 3336 4257 sensu
3370 4203 3626 4271 jacomus

2028 4283 2167 4336 mala
2200 4293 2599 4351 perpetrantes;
2633 4295 2744 4337 tum
2775 4286 2898 4354 quia
2943 4300 3134 4357 magna
3162 4297 3288 4344 sunt
3317 4303 3534 4359 peccata
3565 4307 3622 4352 et

2029 4374 2182 4426 venia
2232 4373 2469 4445 indigna.
2508 4373 2659 4439 Quod
2703 4388 2831 4429 vero
2863 4390 2968 4430 non
3015 4378 3269 4444 mentiar,
3300 4390 3466 4436 testes
3496 4394 3627 4440 sunt

2032 4464 2251 4532 plurimi
2284 4480 2345 4519 ex
2375 4464 2753 4533 prresentibus.
2792 4467 3038 4522 Attamen
3064 4468 3189 4523 licet
3218 4471 3370 4523 venia
3401 4469 3625 4542 indigna

2035 4568 2060 4606 s
2086 4561 2165 4616 nt,
2199 4558 2570 4622 pirnitentiam
2615 4569 2861 4624 agamus,
2890 4566 2944 4610 et
2973 4561 3189 4612 coronis
3217 4559 3478 4615 fruemur.
3512 4562 3636 4620 Ρω-

2037 4647 2315 4700 nitentiam
2349 4659 2525 4701 autem
2559 4663 2714 4712 voco,
2735 4663 2839 4702 non
2868 4665 2893 4700 a
2925 4649 3193 4718 prioribus
3215 4652 3488 4709 abstinere
3517 4671 3635 4708 rna-

2052 4742 2119 4797 lis
2148 4749 2381 4806 tantum,
2407 4737 2501 4792 sed
2537 4738 2700 4792 etiam
2735 4735 2941 4806 majora
2996 4736 3140 4790 bona
3193 4739 3406 4805 Operari
3435 4757 3447 4791 :
3514 4756 3647 4791 nam

2054 4835 2128 4887 ait
2153 4828 2208 4882 8.
2260 4831 2447 4885 Facite
2503 4831 2708 4898 fructus
2755 4823 2941 4896 dignos
2960 4825 3302 4896 paenitentiat.
3348 4831 3651 4898 Qtomoilo-

2040 4914 2336 4970 faciemus?
2370 4915 2423 4969 Si
2477 4914 2742 4968 contraria
2795 4914 3054 4968 faciamus
3094 4931 3108 4967 :
3153 4918 3387 4985 exempli
3437 4931 3598 4972 causa
3627 4935 3646 4974 ε

2047 5007 2270 5074 rapuisti
2298 5007 2506 5060 aliena?
2535 5005 2651 5060 Jam
2680 5013 2766 5059 tua
2799 5005 3011 5074 largire.
3050 5006 3232 5077 Longo
3257 5015 3502 5076 tempore
3530 5008 3644 5063 for-

2048 5100 2258 5151 nicatus
2305 5097 2403 5150 es?
2435 5101 2515 5151 Ao
2565 5110 2735 5151 uxore
2775 5095 2989 5151 abstine
3036 5098 3189 5150 statis
3235 5098 3452 5164 diebus,
3472 5101 3646 5154 conti-

2049 5190 2283 5243 nentiam
2314 5203 2527 5242 exerce.
2569 5187 2962 5242 Contumeliam
3013 5188 3263 5250 intulisti,
3300 5190 3378 5243 vel
3413 5201 3646 5257 praeter-

2045 5294 2236 5337 euntes
2280 5279 2628 5348 peteussisti?
2657 5279 3051 5333 Corttntneliam
3108 5279 3457 5335 inferentibus
3483 5281 3646 5335 dein-

2052 5386 2179 5438 ceps
2210 5370 2457 5431 beueilic,
2483 5379 2537 5423 et
2586 5369 3005 5437 percutientibus
3038 5379 3088 5420 te
3119 5369 3380 5424 beneficia
3427 5371 3638 5425 confer.

2055 5463 2239 5532 Neque
2266 5461 2409 5516 enim
2438 5463 2567 5516 satis
2592 5470 2676 5514 est
2704 5460 2767 5513 ad
2801 5461 3106 5520 sanitatem,
3134 5460 3178 5513 si
3204 5460 3368 5514 telum
3397 5461 3652 5513 extraha-

2057 5568 2204 5613 nms;
2231 5552 2324 5604 sed
2352 5552 2557 5605 volnt-ri
2580 5553 2738 5605 etiam
2765 5550 2997 5604 remedia
3023 5549 3346 5602 adhibenda.
3374 5549 3665 5604 Conviviis

2050 5649 2104 5694 et
2131 5637 2379 5693 ebrietati
2420 5653 2636 5707 cperam
2668 5636 2862 5690 dedisti
2894 5636 3160 5690 antehae?
3191 5637 3377 5703 .icjttna
3407 5645 3456 5687 et
3498 5650 3658 5702 aqua:

2053 5741 2234 5801 potum
2263 5729 2474 5783 adhibe.
2509 5728 2734 5782 Attende
2762 5737 2818 5781 ut
2849 5728 2970 5781 inde
2987 5739 3156 5780 ortam
3187 5725 3475 5796 perniciem
3504 5741 3658 5777 unio—

2053 5841 2196 5879 veas.
2235 5824 2419 5878 Vidisti
2469 5823 2753 5891 impudicis
2791 5823 2958 5876 octilis
3007 5821 3238 5873 alienam
3291 5819 3548 5870 formant?
3580 5817 3654 5871 Nc

2055 5918 2334 5974 mulierem
2379 5916 2594 5987 quidem
2643 5918 2801 5971 ullam
2853 5917 2903 5970 in
2955 5925 3225 5984 posterum
3273 5911 3546 5979 respicias,
3600 5925 3658 5967 ut
