4082 6498
527 427 620 482 191

541 542 708 610 magis
749 545 859 592 tuto
889 535 1136 590 verseris.
1184 532 1410 591 Declina,
1462 529 1650 598 inquit,
1692 543 1723 579 a
1769 526 1919 585 malo.
1961 533 2006 578 et
2038 522 2120 590 {ac

540 632 722 684 bonum
756 628 926 697 (Prol.
960 629 1046 682 56.
1078 626 1202 694 27);
1249 639 1306 676 ac
1352 637 1561 676 rursum
1593 638 1606 673 :
1642 618 1860 673 Prohibe
1894 618 2118 686 linguae.

535 729 673 772 utam
717 736 750 771 a
779 718 931 782 malo,
963 725 1007 769 et
1027 715 1159 769 labia
1199 725 1289 766 tua
1326 729 1387 766 ne
1415 713 1683 782 loquantur
1724 708 1894 762 dolum
1941 705 2115 773 (Psal.

537 807 624 863 35.
657 804 767 878 14).
799 806 900 862 Sed
930 806 1125 859 bonmn
1157 818 1367 871 quoque
1396 802 1556 853 dicito
1583 799 1708 851 mihi
1744 815 1756 850 :
1791 795 1998 864 Inquire
2029 813 2121 864 pa-

538 915 662 963 cem,
705 908 749 952 et
794 913 1084 968 persequere
1126 911 1232 948 eam
1264 893 1421 964 (Ibid.
1454 908 1499 944 ιι.
1533 891 1786 968 15);_non
1836 904 1950 942 eam
2000 904 2116 955 quzc

538 1005 658 1044 cum
691 966 993 1043 hominibus
1019 995 1241 1047 tantum,
1274 983 1364 1036 sed
1391 997 1509 1036 eam
1530 966 1685 1033 etiam
1714 994 1830 1048 qua:
1857 984 1976 1032 cn’m
2007 977 2117 1031 Deo

538 1079 782 1133 habetur.
818 1058 1046 1132 Pulchre
1085 1086 1260 1127 autem
1291 1074 1450 1134 dixit,
1491 1071 1791 1136 Persequere
1820 1086 1837 1122 :
1870 1085 1990 1123 nam
2020 1085 2116 1143 ex-

538 1168 686 1238 pulsa
715 1168 801 1220 illa
826 1175 882 1221 et
911 1163 1181 1234 proﬂigata
1210 1172 1310 1225 est,
1343 1178 1404 1215 ac
1435 1163 1615 1216 relicta
1653 1171 1810 1223 terra,
1844 1161 1894 1212 in
1926 1160 2114 1213 caelum

535 1259 682 1313 abiit.
715 1257 820 1319 Sed
864 1269 1151 1325 possumus
1191 1256 1330 1309 illam
1367 1254 1642 1317 reducere.
1678 1255 1721 1308 si
1753 1255 1997 1319 velimus,
2028 1269 2116 1307 ar-

537 1350 855 1418 rogantiam,
905 1347 1206 1418 superbiam
1247 1357 1300 1402 et
1324 1348 1499 1402 omnia
1531 1347 1908 1417 impedimenta
1937 1362 2114 1401 remo-

538 1453 662 1492 vere
682 1477 695 1502 ,
731 1452 793 1491 ac
818 1452 1006 1506 puram
1035 1445 1522 1507 temperantemque
1548 1437 1739 1492 sectari
1770 1439 1947 1490 vitam.
1976 1435 2112 1490 Nihil

549 1528 690 1582 enim
717 1529 790 1595 ira
815 1527 1116 1596 ferociaque
1135 1527 1388 1581 deterius.
1411 1528 1534 1582 llzec
1559 1529 1700 1582 enim
1729 1529 1935 1583 inﬂatos
1957 1527 2114 1581 simul

533 1629 587 1672 et
617 1620 833 1673 serviles
859 1619 1062 1672 animos
1093 1618 1273 1684 elﬁci',
1303 1619 1427 1672 hinc
1447 1619 1715 1680 ridiculos.
1748 1620 1868 1674 inde
1899 1620 2112 1675 odiosos

536 1706 789 1772 reddens,
813 1718 866 1762 et
887 1707 985 1762 sibi
1005 1708 1268 1762 contraria
1298 1708 1553 1762 inducens
1574 1709 1732 1774 mala,
1757 1712 2113 1778 arrogantiam

541 1811 732 1865 nempe
757 1806 810 1850 et
837 1797 1211 1852 adulationem.
1245 1796 1348 1852 Sed
1380 1799 1423 1851 si
1460 1798 2110 1854 aﬂ'eclus'immodcratio-

535 1901 657 1940 nem
683 1885 1075 1950 exscindamus,
1107 1899 1160 1942 et
1188 1887 1428 1942 modeste
1454 1889 1700 1951 humiles,
1733 1897 1786 1944 et
1812 1899 1923 1943 tuto
1952 1890 2116 1943 subli-

537 1988 649 2029 mes
678 1975 894 2028 erimus.
923 1975 1052 2029 Nam
1083 1977 1134 2029 in
1163 1977 1473 2045 corporibus
1499 1977 1657 2031 etiam
1690 1979 1888 2032 nostris
1927 1994 1990 2033 ex
2033 1995 2116 2033 re-

535 2065 820 2119 dundantia
865 2068 1015 2122 mala
1058 2069 1337 2123 humerum
1381 2069 1788 2125 commixtioncs
1829 2071 2111 2126 oriuntur:

536 2159 794 2212 elementa
831 2173 1037 2228 quoque
1061 2175 1186 2214 cum
1231 2161 1474 2228 proprios
1513 2161 1612 2214 sibi
1643 2161 1898 2216 terminos
1923 2162 2116 2215 transi-

536 2248 686 2313 liunt,
717 2256 768 2302 et
801 2249 1104 2304 innumeros
1126 2250 1361 2310 morbos,
1384 2261 1437 2303 et
1461 2249 1644 2303 funera
1667 2251 1845 2319 gravia
1872 2251 2110 2320 pariunt;

537 2335 586 2391 id
617 2337 758 2405 quod
785 2338 941 2392 etiam
974 2338 1229 2392 inanima
1256 2338 1501 2393 accidere
1531 2328 1792 2402 videmus.

605 2429 658 2482 7.
703 2427 1200 2484 lmmoderationem
1239 2428 1431 2499 itaque
1455 2429 1848 2495 abscindamus,
1889 2438 1944 2486 et
1971 2432 2113 2485 salu-

540 2519 655 2565 tare
690 2515 1078 2571 moderationis
1108 2519 1460 2586 pharmacum
1491 2528 1760 2587 potantes,
1802 2520 1854 2572 in
1891 2529 2099 2589 tempe-

537 2603 713 2657 rantis
736 2609 1052 2675 congruenti
1077 2625 1414 2670 maneamus.
1437 2611 1798 2680 precibusque
1815 2611 2101 2681 diligenter

539 2694 936 2751 incumbamus.
967 2698 1022 2751 Si
1073 2702 1401 2768 postulatum
1451 2715 1560 2753 non
1587 2703 1942 2770 accipiamus,
1977 2716 2099 2770 per-

536 2797 863 2849 severemus,
917 2794 976 2838 ut
1019 2786 1391 2853 accipiamus;
1454 2787 1496 2840 si
1539 2791 1925 2857 acceperimus.
1976 2792 2097 2846 ideo

537 2889 944 2944 perseveremus
1001 2879 1127 2946 quia
1180 2879 1507 2947 accepimus.
1568 2880 1752 2950 Neque
1790 2885 1932 2937 enim
1992 2887 2101 2938 vult

537 2965 627 3019 ille
677 2969 1004 3036 postulatum
1045 2970 1246 3022 donum
1285 2970 1525 3032 ditl‘erri;
1594 2974 1685 3026 sed
1758 2976 2098 3030 cunctatione

536 3058 904 3112 assiduitatem
953 3061 1219 3129 sagaciter
1269 3062 1428 3131 parit.
1503 3062 1622 3117 Ideo
1675 3065 1849 3118 tliﬂ'ert
1911 3077 2097 3135 postu-

537 3147 644 3201 lata
675 3150 986 3214 concedere,
1030 3166 1094 3204 ac
1121 3166 1262 3219 sape
1307 3156 1653 3207 tentationem
1697 3157 1930 3212 incidere
1977 3173 2097 3226 per.~

533 3232 712 3296 mittit,
747 3243 802 3285 ut
831 3233 1130 3300 frequenter
1145 3236 1218 3288 ad
1247 3252 1367 3289 eum
1396 3237 1782 3308 confugiamus,
1807 3251 1859 3296 et
1887 3242 1962 3296 sic.
1991 3259 2113 3312 per-

532 3334 856 3376 severemus.
887 3323 974 3377 Sic
999 3339 1207 3395 quoque
1231 3325 1426 3381 faciunt
1453 3345 1484 3397 p
1503 3340 1624 3383 :tres
1645 3341 1696 3384 et
1727 3342 1922 3387 matres
1949 3336 2112 3402 prolis

533 3421 800 3467 amantes:
824 3428 943 3468 cum
969 3417 1214 3481 parvulos
1240 3431 1364 3471 suos
1389 3418 1612 3471 viderint
1640 3420 1706 3471 ab
1731 3434 1789 3474 se
1815 3422 2108 3488 discedere,

538 3510 596 3555 ut
617 3516 738 3555 cum
767 3503 1051 3571 :equahbus
1079 3507 1190 3557 suis
1217 3504 1428 3570 ludant,
1461 3508 1507 3560 id
1540 3519 1728 3563 curant
1756 3521 1810 3564 nt
1835 3511 2109 3568 domestici

539 3592 787 3646 terricula
827 3594 988 3646 inulta
1036 3595 1306 3660 simulent,
1355 3606 1412 3650 ut
1461 3613 1568 3665 pra:
1620 3600 1807 3654 timore
1855 3612 2111 3671 cogantur

530 3685 735 3752 pueruli
774 3685 839 3738 ad
881 3696 1173 3740 maternum
1217 3688 1390 3742 sinum
1418 3691 1720 3759 conﬁngere.
1768 3692 1856 3748 Sic
1891 3703 1943 3747 et
1973 3695 2108 3760 Deus

529 3789 671 3844 smpe
699 3776 868 3830 minas
899 3777 1136 3842 intentat,
1173 3794 1277 3832 non
1321 3789 1379 3833 ut
1419 3783 1554 3833 mala
1584 3782 1806 3851 inﬂigat,
1839 3785 1929 3838 sed
1964 3796 2017 3838 ut
2042 3787 2105 3839 ad

527 3878 586 3920 se
615 3865 900 3935 pertrahat.
928 3867 1059 3922 Cum
1083 3880 1259 3923 autem
1287 3869 1353 3923 ad
1381 3870 1526 3923 illum
1552 3873 1905 3942 confugimus,
1929 3878 2105 3929 statim

528 3964 724 4009 metum
757 3957 914 4011 solvit
938 3977 949 4010 :
974 3959 1111 4027 quod
1136 3960 1180 4013 si
1209 3959 1341 4022 tales
1367 3973 1606 4014 essemus
1632 3961 1682 4013 in
1708 3965 2101 4025 tentationihus,

529 4045 712 4115 quales
734 4047 786 4102 in
819 4050 1215 4116 tranquillitate,
1246 4064 1352 4103 non
1380 4058 1657 4119 egeremus
1685 4053 2103 4108 teiitatimw.F.<>-

1294 428 1349 473 δ.
1389 417 1661 475 JOANXIS
1694 407 2160 472 cunvsosroul
2200 410 2514 467 ARCIIIEP.
2555 411 3084 470 CONSTANTINOP.

3696 417 3798 476 192

2212 511 2336 580 quid
2368 512 2434 566 de
2459 510 2610 566 nobis
2637 510 2824 578 loquor
2856 511 2908 550 ’ν
2929 510 3060 566 Nam
3088 509 3287 566 sanctis
3312 525 3526 582 quoque
3555 512 3660 568 illis
3693 529 3800 567 ma~

2213 618 2313 672 gna
2345 604 2465 655 hinc
2491 602 2831 670 proveuichnl
2863 604 3228 670 temperantiae
3257 602 3488 658 occasio.
3521 601 3647 657 Ideo
3678 602 3802 656 dicit

2216 689 2470 762 propheta
2501 708 2513 742 :
2546 689 2740 744 Bonum
2760 692 2886 744 mihi
2913 692 3031 761 quia
3058 691 3338 747 humiliasti
3367 708 3444 745 me
3472 691 3646 762 (Psal.
3674 694 3796 747 118.

2217 784 2326 854 71).
2368 784 2590 851 Ipseque
2623 781 2874 851 apostolis
2901 781 3112 837 dicebat
3139 801 3152 835 :
3184 781 3250 836 In
3282 783 3468 837 mundo
3513 783 3798 837 tribulatio-

2217 891 2329 928 nem
2356 875 2594 928 habebitis
2625 875 2802 944 (Joan.
2831 876 2914 928 16.
2942 875 3052 944 55).
3083 873 3194 929 Hoc
3216 889 3373 943 porro
3401 875 3593 931 Paulus
3617 875 3800 931 subin-

2219 967 2387 1030 dirat,
2421 981 2537 1019 cum
2569 967 2642 1020 ait
2671 985 2682 1020 :
2720 965 2882 1020 Datus
2910 977 2981 1020 est
3009 966 3134 1019 mihi
3161 967 3394 1021 stimulus
3423 969 3612 1030 carnis,
3642 983 3798 1038 ange-

2217 1059 2294 1112 lus
2341 1068 2552 1120 satanw,
2599 1060 2681 1127 qui
2725 1074 2803 1111 me
2842 1057 3122 1127 colaphizet
3152 1053 3228 1130 (2.
3276 1057 3391 1112 Cor.
3438 1057 3522 1112 l2.
3559 1059 3633 1128 7).
3679 1058 3800 1113 Ideo

2215 1161 2465 1220 precatus
2495 1161 2549 1204 ut
2577 1167 2605 1204 a
2639 1151 2928 1204 tentatione
2958 1150 3293 1216 liberaretur,
3324 1147 3374 1202 id
3409 1163 3511 1202 non
3543 1149 3802 1216 impetra-

2212 1245 2307 1306 vit,
2339 1245 2459 1312 quia
2504 1236 2626 1300 inde
2658 1256 2900 1310 maguum
2945 1243 3198 1311 carpebat
3227 1243 3530 1298 utilitatem.
3561 1243 3615 1298 Si
3674 1260 3800 1298 vero

2215 1342 2377 1386 totam
2424 1334 2635 1388 Davidis
2679 1337 2840 1387 vitam
2891 1333 3248 1403 exploremus,
3292 1336 3622 1390 inveniemus
3653 1335 3798 1390 illum

2213 1423 2352 1478 inter
2403 1424 2632 1493 pericula
2681 1424 2981 1487 clariorem,
3025 1439 3199 1494 neque
3239 1425 3384 1478 illum
3432 1433 3657 1490 tantum,
3706 1428 3799 1481 sed

2213 1514 2370 1568 etiam
2398 1515 2529 1568 alios
2554 1529 2739 1567 omnes
2766 1513 2865 1582 ipsi
2891 1514 3112 1568 similes.
3149 1515 3357 1569 Etenim
3388 1515 3489 1568 Job
3520 1515 3622 1569 hoc
3648 1526 3801 1584 pacto

2214 1604 2378 1669 magis
2423 1602 2647 1665 refulsit,
2688 1601 2887 1673 Jnseph
2916 1603 2994 1656 sic
3037 1603 3204 1674 magis
3245 1606 3517 1673 magisque
3556 1606 3796 1660 claruit:

2212 1693 2374 1748 Jacoh
2407 1691 2530 1747 item
2564 1706 2616 1748 et
2640 1703 2788 1762 pater
2819 1695 3008 1764 ipsius,
3049 1703 3102 1750 et
3129 1710 3277 1760 avus,
3306 1707 3361 1750 et
3386 1707 3646 1766 quotquot
3674 1713 3801 1751 con-

2212 1786 2378 1855 spicui
2423 1785 2653 1852 fuerunt,
2701 1786 3258 1856 splendidioribusque
3295 1790 3506 1843 coronis
3547 1801 3671 1843 Sunt
3714 1806 3800 1844 or-

2214 1878 2344 1942 nati,
2377 1894 2441 1932 e:
2483 1880 2734 1932 :crumnis
2773 1888 2932 1948 atque
2973 1881 3357 1936 tentationibus
3399 1890 3453 1934 et
3480 1884 3718 1936 coronati
3750 1893 3800 1937 et

2214 1969 2522 2038 proclamati
2547 1977 2689 2022 sunt.
2715 1967 2838 2022 Haec
2867 1984 2985 2022 cum
3019 1971 3248 2024 sciamus
3277 1971 3477 2036 omnia,
3508 1972 3798 2026 secondum

2213 2061 2502 2128 sapientem
2549 2061 2694 2113 illum
2737 2075 3059 2125 sermonem,
3097 2060 3181 2116 Ne
3206 2065 3495 2132 festinemus
3527 2065 3576 2117 in
3608 2065 3689 2117 die
3720 2066 3800 2116 in.

2212 2153 2427 2204 rasionis
2445 2151 2627 2221 (Ereti.
2652 2153 2706 2206 2.
2728 2153 2809 2223 2),
2832 2154 2926 2208 sed
2949 2153 3014 2208 ad
3042 2170 3201 2208 unum
3227 2164 3426 2210 tantum
3447 2172 3542 2209 nos
3567 2157 3800 2212 institua-

2212 2259 2345 2307 mus,
2368 2253 2422 2296 ut
2442 2245 2616 2297 omnia
2639 2243 2844 2299 fortiter
2866 2247 3114 2312 feramus,
3135 2262 3232 2301 nec
3250 2249 3457 2302 curiose
3473 2249 3799 2317 inquiramus

2211 2334 2292 2386 vel
2310 2343 2607 2388 scrutemur
2622 2349 2682 2389 ea
2700 2351 2817 2404 qua:
2832 2336 3095 2391 accidunt.
3112 2335 3240 2390 Nam
3258 2342 3413 2403 scire,
3436 2354 3540 2408 quo
3562 2350 3800 2411 tempore

2210 2425 2457 2478 desitum
2477 2425 2581 2478 sint
2606 2441 2878 2487 mrmnnze,
2905 2425 2995 2480 Dei
3017 2435 3120 2493 est,
3146 2427 3232 2495 qui
3256 2429 3493 2496 permisit
3527 2429 3643 2484 illas
3663 2433 3801 2485 acci-

2211 2515 2380 2581 dere;
2420 2517 2588 2570 illatas
2621 2531 2749 2569 vero
2791 2533 2908 2570 cum
2953 2519 3240 2586 gratiarum
3291 2521 3499 2574 actione
3540 2520 3702 2584 ferre,
3748 2523 3797 2576 id

2214 2607 2489 2674 probitatis
2509 2616 2701 2660 nostra!
2724 2617 2807 2660 est
2834 2622 2984 2675 opus.
3004 2608 3154 2675 Quod
3181 2611 3224 2663 si
3249 2609 3356 2671 ﬁat,
3377 2612 3551 2665 omnia
3574 2628 3798 2681 sequcnc

2216 2684 2491 2759 tur'bona;
2533 2707 2588 2749 ut
2621 2713 2748 2751 vero
2775 2712 3090 2768 sequantur,
3126 2711 3286 2769 utque
3330 2701 3413 2755 hic
3443 2705 3794 2771 probatiores,

2209 2786 2316 2840 illic
2345 2802 2470 2840 vero
2501 2788 2893 2856 splendidiores
2926 2788 3244 2858 efficiamur,
3278 2792 3652 2863 quodcumque
3683 2797 3796 2849 illa~

2209 2885 2319 2930 tum
2351 2877 2504 2931 fuerit
2546 2880 2890 2948 excipiamus,
2921 2881 3116 2948 gratias
3153 2882 3219 2935 de
3255 2884 3498 2937 omnibus
3543 2885 3797 2940 habentes

2209 2967 2281 3031 ei,
2309 2967 2397 3035 qui
2441 2967 2629 3022 melius
2669 2971 2808 3023 novit
2848 2986 3006 3039 quam
3038 2986 3136 3025 nos
3173 2973 3268 3042 ipsi
3295 2974 3421 3043 quid
3454 2975 3607 3029 nobis
3637 2993 3793 3047 cxpe-

2209 3059 2337 3123 diat,
2384 3060 2578 3130 quique
2617 3072 2891 3130 parentum
2920 3077 3042 3133 erga
3090 3080 3187 3118 nos
3229 3066 3389 3119 vincit
3434 3082 3714 3122 amorem:
3745 3079 3796 3123 et

2209 3149 2310 3205 hoc
2356 3162 2637 3221 utrumque
2687 3155 3019 3208 ratiocinium
3071 3158 3121 3209 in
3170 3158 3492 3226 quibuslibet
3543 3163 3795 3216 mrunmis

2206 3245 2359 3298 nobis
2398 3245 2527 3315 ipsis
2565 3255 2918 3314 recantantcs,
2946 3249 3361 3316 comprimamus
3398 3267 3709 3317 mwrorem,
3743 3266 3793 3308 et

2205 3335 2424 3404 gloriam
2457 3336 2746 3390 referamus
2775 3338 2902 3402 Deo,
2932 3338 3020 3407 qui
3051 3340 3100 3392 in
3125 3340 3369 3393 omnibus
3397 3343 3574 3396 omnia
3601 3343 3668 3398 ad
3697 3361 3791 3398 nn-

2207 3435 2370 3479 slram
2420 3428 2698 3481 utilitatem
2742 3427 3031 3498 dispensat.
3078 3430 3167 3484 Sic
3196 3433 3333 3484 enim
3365 3443 3414 3486 et
3451 3434 3670 3490 insidias
3714 3436 3792 3490 fa-

2206 3517 2308 3571 cile
2347 3517 2696 3585 depcllemus,
2744 3528 2798 3572 et
2833 3519 3300 3576 immarcescibiles
3338 3538 3565 3578 coronas
3605 3542 3788 3580 conse-

2205 3622 2429 3674 quemur
2459 3626 2469 3657 :
2501 3623 2630 3678 quas
2662 3623 2759 3662 nos
2785 3625 2971 3664 omnes
3000 3612 3210 3680 assequi
3241 3614 3511 3684 contingat
3536 3618 3704 3684 gratia
3732 3629 3783 3672 et

2205 3696 2526 3766 benignitate
2555 3698 2762 3752 Dmnini
2790 3700 2955 3753 nostri
2992 3701 3116 3755 Jesu
3144 3701 3360 3770 Christi,
3401 3706 3614 3773 quicum
3651 3708 3786 3762 Patri

2214 3788 2401 3856 gloria,
2437 3773 2736 3856 imperium,
2780 3791 2969 3855 hanor,
3012 3807 3130 3845 cum
3161 3805 3348 3848 sancto
3383 3796 3605 3864 Spiritu,
3652 3815 3790 3854 nunc

2205 3886 2260 3930 et
2286 3892 2516 3946 semper,
2548 3889 2599 3931 et
2628 3879 2678 3931 in
2702 3880 2893 3932 saecula
2919 3882 3253 3937 smculorum.
3279 3885 3469 3938 Amen.

2269 3996 2282 4059 ξ
2321 3991 2399 4059 sic
2417 3997 2551 4059 recte
2570 3992 2707 4059 savil.
2728 3999 2778 4040 et
2798 3991 2981 4059 aliquot
3017 3997 3338 4059 Manuscripti.
3365 3995 3451 4048 Alii
3477 4012 3598 4050 vero
3618 4011 3669 4051 et
3692 4009 3780 4051 Mo-

2201 4054 2319 4114 re|.,
2344 4056 2399 4102 Et
2420 4052 2538 4114 quid
2558 4054 2618 4103 de
2637 4052 2895 4103 tentatioue
2930 4055 3092 4118 loquor
3111 4056 3136 4107 ξ’

1901 4533 2245 4596 HOMILIA
2286 4531 2402 4592 XI.

520 4689 719 4745 Caeli.
737 4706 790 4743 v.
807 4689 857 4742 7.
876 4689 1056 4752 Videas
1076 4701 1238 4744 autem
1262 4692 1442 4746 multos
1460 4692 1856 4748 Sadduca'orum
1883 4705 1928 4748 et
1963 4695 2104 4748 Pha-

593 4781 848 4835 risaeorum
885 4781 1126 4836 venientes
1153 4783 1220 4834 ad
1257 4782 1556 4850 baptismum
1599 4801 1765 4851 suum,
1812 4785 1939 4839 dixit
1984 4788 2052 4841 eis
2079 4804 2099 4842 :

591 4869 856 4925 Gmimina
890 4873 1194 4940 viperarum,
1232 4875 1342 4942 quis
1371 4875 1726 4930 demonstravit
1766 4877 1902 4933 vobis
1927 4883 2102 4950 fugere

589 4976 622 5015 α
651 4968 859 5014 uentura
882 4960 991 5017 ira?

590 5114 641 5168 l.
675 5111 782 5168 Cur
819 5129 947 5184 ergo
972 5115 1046 5171 ait
1066 5116 1332 5186 Christus,
1364 5134 1460 5174 eos
1483 5135 1585 5175 non
1613 5122 1904 5180 credidisse
1937 5126 2097 5182 Joan-

519 5203 607 5256 ni?
648 5203 779 5271 Quia
820 5220 925 5258 non
951 5214 1067 5260 erat
1110 5206 1237 5261 illud
1281 5209 1521 5276 credere,
1557 5226 1676 5266 cum
1728 5229 1850 5268 eum
1895 5218 1982 5286 qui
2027 5218 2096 5272 al)

520 5290 632 5360 ipso
657 5293 1062 5361 praedicabatur,
1097 5311 1199 5349 non
1235 5297 1554 5366 acciperent.
1582 5301 1715 5358 Nam
1737 5313 1792 5360 et
1822 5307 2092 5376 praphetis

514 5391 568 5435 et
615 5381 900 5448 legislatori
927 5386 1203 5441 attendere
1253 5389 1561 5446 videbantur
1600 5413 1613 5448 :
1657 5406 1710 5449 et
1751 5405 1929 5454 tamen
1963 5399 2092 5456 dixit

515 5469 605 5524 ille
645 5487 749 5545 non
787 5473 1096 5540 attendisse,
1124 5478 1244 5546 quia
1276 5495 1398 5534 eum
1425 5484 1514 5550 qui
1540 5487 1609 5540 ab
1640 5487 1740 5540 illis
1772 5489 2092 5556 prardiraba-

515 5568 599 5613 tur
631 5576 748 5651 non
769 5574 1078 5631 receperunt
1108 5584 1120 5620 :
1150 5567 1208 5622 Si
1235 5574 1366 5623 enim
1393 5574 1654 5629 crederetis
1687 5576 1871 5648 Moysi,
1900 5584 2085 5651 inquit,

513 5648 776 5704 crederetis
799 5653 965 5722 utique
988 5665 1034 5708 et
1061 5656 1181 5709 mihi
1203 5657 1380 5726 (Joan.
1410 5662 1461 5716 5.
1488 5663 1598 5732 46).
1630 5666 1697 5720 Et
1721 5677 1901 5735 postea
1927 5648 2086 5726 inter-

512 5740 680 5811 rogati
700 5756 730 5796 a
751 5742 1261 5820 Christ0,.Baptisma
1278 5749 1492 5808 Joannis
1518 5758 1649 5812 unde
1674 5760 1783 5815 est?
1809 5761 2084 5819 dicebant:

2209 4691 2270 4746 Si
2296 4693 2589 4759 dixerimus,
2619 4694 2694 4748 De
2714 4698 2866 4757 terra,
2894 4706 3122 4750 timemus
3151 4700 3344 4753 turbam
3369 4719 3388 4767 ,°
3433 4705 3478 4757 si
3507 4721 3623 4762 vero
3650 4710 3790 4764 dixe-

2206 4784 2390 4847 rimus,
2421 4782 2496 4837 De
2523 4786 2664 4850 ca'lo,
2696 4787 2825 4839 dicet
2852 4788 3012 4848 nobis,
3046 4789 3214 4854 Quare
3239 4808 3356 4862 ergo
3381 4810 3482 4848 non
3511 4799 3788 4854 credidistis

2204 4874 2250 4926 ei
2277 4871 2491 4945 (Matth.
2523 4873 2608 4929 2|.
2640 4877 2726 4931 25.
2781 4877 2910 4945 26)?
2941 4877 3014 4931 Ex
3051 4879 3128 4933 his
3171 4895 3300 4950 ergo
3339 4886 3585 4942 omnibus
3615 4889 3785 4958 palam

2203 4974 2284 5020 est
2312 4966 2456 5038 ipsos
2485 4968 2693 5024 venisse
2717 4979 2767 5024 et
2792 4971 3083 5038 baptizatos
3112 4972 3291 5034 fuisse.
3325 4977 3417 5031 scd
3441 4979 3491 5032 in
3521 4980 3626 5035 [ide
3657 4987 3784 5051 pne-

2199 5056 2482 5112 dicationis
2511 5073 2616 5112 non
2639 5062 2917 5115 mansisse.
2954 5063 3160 5118 Etenim
3191 5065 3426 5124 Joannes
3457 5071 3668 5126 illorum
3694 5089 3780 5129 ne-

2197 5149 2418 5217 quitiam
2459 5152 2707 5218 ostendit,
2756 5155 2965 5223 quando
2996 5157 3070 5209 illi
3105 5157 3168 5212 ad
3201 5159 3490 5230 Baptistam
3526 5167 3782 5222 miserunt

2195 5240 2436 5296 dicentes
2460 5260 2472 5295 :
2503 5243 2565 5298 Si
2589 5253 2641 5297 tu
2665 5263 2714 5299 es
2738 5246 2898 5308 Elias,
2925 5250 3038 5300 situ
3065 5265 3115 5304 es
3145 5249 3374 5306 Christus
3400 5254 3556 5324 (Joan
3582 5259 3631 5312 1.
3665 5257 3774 5330 2ης

2193 5334 2540 5404 quamqbrem
2573 5336 2777 5404 intulit,
2815 5339 2913 5404 Qui
2939 5351 3104 5394 autem
3131 5344 3270 5396 missi
3299 5350 3521 5416 fuerant,
3553 5365 3696 5402 eram
3720 5368 3780 5404 ea;

2196 5423 2471 5480 Pharisan's
2501 5426 2657 5498 (Ibid.
2691 5447 2736 5484 υ.
2761 5432 2874 5502 24).
2898 5432 3029 5498 Quid
3059 5434 3248 5503 igitur?
3277 5452 3450 5492 annon
3485 5442 3651 5494 turba:
3681 5458 3773 5511 po-

2193 5517 2300 5585 pttli
2331 5517 2554 5586 idipsum
2589 5523 2879 5588 putabant?
2921 5525 3086 5577 Etiam
3114 5543 3127 5578 :
3156 5540 3336 5581 verum
3366 5528 3515 5598 plebs
3549 5532 3774 5602 simplici

2194 5612 2370 5661 m’enle
2419 5606 2533 5661 hare
2583 5611 2978 5680 suspicabatur;
3027 5614 3278 5670 Phariszei
3321 5631 3450 5671 vero
3502 5620 3672 5688 ipsum
3721 5624 3772 5677 in

2184 5710 2436 5751 sermone
2459 5712 2651 5767 capere
2680 5701 2946 5755 volebant.
2977 5705 3107 5770 Quia
3134 5706 3275 5760 enim
3308 5707 3358 5760 in
3389 5710 3640 5767 confesso
3660 5727 3765 5769 erat

2187 5787 2456 5844 Christum
2497 5804 2618 5846 esse
2662 5800 2937 5849 venturum
2979 5812 3040 5851 ex
3085 5797 3201 5854 vico
3241 5798 3473 5868 Davidis,
3514 5801 3602 5859 hic
3645 5819 3769 5858 vero
