4082 6514
322 392 422 450 193

315 521 383 560 es
409 505 646 562 Levitica
679 507 820 562 tribu
850 515 986 574 erat,
1026 507 1402 581 interrogando
1437 511 1656 566 insidias
1680 513 1781 585 ipsi
1824 530 1914 583 pa-

318 598 535 663 rabant;
577 608 634 652 ut
662 598 706 651 si
737 597 864 667 quid
894 614 1052 654 secus
1073 603 1443 672 responderet,
1477 605 1528 658 in
1558 603 1706 659 illum
1735 623 1913 661 insur-

312 697 514 756 gerent.
544 687 654 741 Hoc
675 689 817 742 enim
844 691 1005 744 etiam
1033 706 1098 747 ex
1131 694 1474 762 sequentibus
1491 695 1730 752 declarat
1754 718 1766 754 :
1791 715 1913 754 nam

313 794 433 833 cum
461 777 588 832 nihil
617 794 806 834 eorum
837 797 956 850 qua:
982 783 1081 852 ipsi
1112 786 1498 854 etSpeetabant
1523 792 1908 860 respondisset,

313 877 488 924 tamen
521 869 692 939 ipsum
738 873 1012 942 culpantes
1057 875 1242 930 dicunt
1275 895 1288 928 :
1335 878 1471 944 Quid
1510 897 1629 950 ergo
1660 883 1908 952 baptizas,

309 962 352 1015 si
377 969 430 1014 tu
455 977 557 1016 non
585 980 636 1016 es
657 965 886 1020 Christus
915 965 1095 1034 (Joan.
1122 966 1173 1022 l.
1200 967 1335 1039 25)?
1361 981 1416 1024 ut
1443 987 1571 1028 vero
1601 974 1778 1029 discas
1805 977 1908 1030 alia
1932 973 1938 979 ’

308 1061 489 1107 mente
517 1054 834 1121 Pharisaeos,
863 1058 964 1111 alia
991 1060 1203 1128 plebem
1231 1063 1463 1127 venisse,
1495 1065 1617 1120 audi
1640 1069 1909 1136 quomodo

304 1146 632 1217 evangelista
675 1149 774 1203 hoc
816 1151 976 1204 etiam
1021 1151 1274 1209 declaret.
1318 1157 1449 1210 Cum
1483 1173 1676 1230 nempe
1711 1161 1779 1214 de
1811 1177 1905 1231 pn-

306 1234 431 1304 pnlo
459 1236 554 1302 ait,
587 1239 730 1306 ipsos
768 1242 980 1296 venisse
1008 1251 1063 1296 et
1085 1243 1153 1297 ab
1181 1245 1270 1298 illo
1295 1245 1589 1314 baptizatos
1627 1265 1746 1304 esse
1778 1267 1906 1305 con-

306 1324 516 1381 litentes
548 1339 765 1396 peccata
789 1345 916 1395 sua;
945 1331 1014 1387 de
1037 1332 1321 1390 l’harismis
1350 1352 1476 1393 vero
1499 1356 1604 1393 non
1633 1342 1897 1405 similiter,

301 1414 395 1468 sed
429 1415 512 1471 his
539 1418 714 1473 verbis
745 1438 758 1473 :
814 1419 1000 1478 Videris
1024 1424 1208 1479 multos
1237 1426 1644 1484 Sadducteorum
1671 1443 1717 1486 et
1763 1433 1902 1486 I’Im-

301 1505 566 1560 rica-orum
595 1509 860 1573 venientes,
892 1512 1090 1567 dicebat
1108 1532 1128 1569 :
1162 1516 1430 1574 Cenimina
1460 1523 1765 1591 viperarum,
1789 1527 1902 1595 quis

302 1597 436 1652 vobis
466 1597 822 1656 dmonstravit
868 1603 1041 1674 fugere
1068 1623 1100 1660 α
1130 1618 1338 1662 ventura
1367 1611 1444 1664 ira
1462 1613 1488 1664 1'
1514 1613 1707 1682 Papae!
1732 1633 1901 1685 quau-

300 1698 414 1744 tant
429 1692 590 1746 animi
622 1695 1038 1765 magnitudinem
1060 1701 1072 1753 !
1098 1700 1377 1768 Quomodo
1400 1704 1690 1775 alloquitur
1719 1709 1897 1764 homi-

297 1795 395 1852 nes
425 1782 740 1851 sanguinem
767 1786 1134 1855 propheticum
1163 1807 1377 1861 semper
1397 1796 1666 1865 sitientes,
1696 1802 1895 1868 quique

296 1884 403 1924 non
445 1883 598 1927 erant
625 1878 964 1944 serpentibus
995 1880 1278 1936 mitiores?
1307 1899 1426 1938 cum
1463 1896 1657 1955 quanta
1691 1899 1744 1945 et
1776 1893 1895 1948 illos

293 1972 346 2017 et
377 1974 626 2033 parentes
656 1967 866 2024 illorum
895 1971 1136 2029 libertate
1162 1977 1513 2034 criminatur?

376 2053 482 2108 Car
527 2055 755 2114 Joannes
812 2061 1045 2133 Baptista
1087 2064 1378 2122 Pltaiisazos
1425 2071 1774 2142 increparet-it.
1821 2107 1893 2116 —

293 2145 488 2213 Etiam,
504 2148 730 2218 inquies,
754 2151 1002 2222 loquendi
1027 2156 1242 2212 libertas
1261 2161 1488 2216 maxima
1502 2173 1584 2218 est
1604 2183 1618 2220 :
1643 2166 1736 2222 sed
1753 2184 1888 2238 qute-

290 2236 514 2292 rendum
541 2255 607 2293 an
640 2240 859 2297 libertas
904 2242 1203 2312 hujusmodi
1235 2251 1408 2319 aliqua
1429 2255 1638 2311 ratione
1665 2236 1883 2312 nitatur.

287 2323 473 2396 Neque
498 2330 641 2384 enim
683 2343 969 2401 peccantes
996 2337 1147 2403 vidit,
1178 2343 1270 2393 sed
1296 2343 1678 2411 re~ipiscentes
1704 2366 1716 2399 :
1749 2365 1881 2418 qua-

287 2431 508 2488 propter
547 2435 650 2476 non
699 2424 918 2494 culpare
963 2430 1264 2497 oportebat,
1309 2432 1402 2488 sed
1457 2435 1676 2492 laudare
1725 2451 1886 2510 atque

284 2511 581 2578 suscipere,
627 2515 748 2583 quia
793 2516 979 2572 relicta
1023 2520 1157 2576 urbe
1207 2532 1259 2579 et
1303 2522 1487 2592 domo,
1536 2543 1885 2586 accnrrerant

286 2601 720 2666 praedicationem
766 2605 1018 2663 audituri.
1051 2609 1186 2679 Quid
1217 2629 1344 2683 ergo
1375 2615 1659 2672 dicamus?
1701 2619 1879 2689 Ipsum

284 2691 550 2759 videlicet,
591 2711 695 2751 non
725 2701 1098 2769 pmsentibus,
1149 2720 1323 2777 neque
1349 2709 1510 2765 rebus
1547 2727 1668 2780 qua:
1706 2714 1881 2782 palam

279 2783 622 2852 gerebantur,
653 2789 966 2857 attendisse,
995 2794 1088 2848 sed
1118 2810 1311 2851 arcana
1342 2801 1536 2854 mentis
1562 2816 1747 2856 eorum
1779 2820 1877 2856 no-

281 2875 441 2940 visse,
471 2877 521 2931 id
549 2881 820 2937 revelante
851 2882 981 2937 Deo.
1009 2885 1269 2951 Quoniam
1302 2889 1460 2958 igitur
1483 2891 1548 2944 de
1585 2894 1879 2960 majoribus

280 2967 394 3022 suis
413 2967 580 3022 altum
612 2971 912 3038 sapiebant,
938 2973 1098 3043 idque
1128 2975 1260 3045 ipsis
1288 2979 1540 3046 perniciei
1568 2995 1726 3034 causa
1761 2982 1877 3037 fne-

278 3065 380 3122 rat,
414 3059 667 3129 ipsosque
695 3061 745 3113 in
775 3062 1034 3116 desidiam
1067 3067 1394 3134 coniecerat,
1439 3074 1759 3142 arrogantia:
1786 3090 1876 3128 ra-

275 3146 448 3201 dicem
479 3150 723 3205 succidit.
752 3153 1041 3223 PrOpterea
1072 3154 1234 3211 Isaias
1257 3159 1374 3213 illos
1405 3162 1673 3232 principes
1703 3165 1876 3218 Sodo-

273 3251 512 3301 morum,
541 3247 596 3292 et
640 3243 892 3310 populum
919 3243 1234 3300 Gomorrha:
1266 3260 1421 3302 vocat
1463 3250 1619 3321 (lsai.
1653 3253 1704 3306 1.
1736 3256 1821 3325 10)
1856 3273 1869 3309 :

271 3335 327 3380 et
352 3326 492 3382 alter
519 3330 776 3400 propheta
799 3333 960 3387 dicit:
985 3334 1172 3390 Nonne
1189 3340 1318 3391 sicut
1334 3342 1431 3407 ﬁlii
1451 3342 1760 3412 £1hiopam
1784 3364 1870 3401 vos

271 3418 388 3470 estis
411 3418 589 3488 (Amos
619 3421 670 3475 9.
701 3422 801 3491 7)?
831 3438 1129 3496 omnesque
1171 3427 1240 3480 ab
1279 3429 1376 3483 hac
1417 3432 1671 3500 opinione
1698 3436 1869 3490 dedu-

269 3518 400 3561 cunt
445 3510 588 3575 illos,
638 3519 901 3569 tumorem
947 3513 1158 3572 illorum
1191 3532 1539 3589 evacuantes,
1571 3526 1664 3595 qui
1713 3527 1872 3582 innu-

268 3597 608 3653 merabilium
637 3601 766 3670 ipsis
794 3604 1055 3661 malorum
1087 3622 1246 3664 causa
1270 3610 1466 3666 fuerat.
1511 3615 1600 3682 At,
1632 3616 1863 3688 inquies,

267 3688 317 3740 id
343 3689 470 3756 jure
501 3690 779 3760 propheta:
810 3693 1100 3763 faciebant,
1132 3701 1221 3768 qui
1254 3701 1371 3756 illos
1400 3715 1684 3772 peccantes
1713 3709 1866 3764 vide-

265 3781 392 3834 bant
424 3797 439 3832 :
474 3780 561 3837 hic
587 3798 715 3839 vero
741 3801 837 3840 cnr
859 3797 913 3842 et
940 3803 1042 3859 qua
1071 3791 1137 3846 de
1164 3807 1347 3858 causa,
1382 3805 1517 3851 curnt
1538 3800 1658 3854 illos
1684 3803 1866 3859 videat

263 3872 721 3940 obtemperantes,
750 3875 976 3947 idipsum
1021 3881 1182 3935 facit?
1212 3882 1280 3940 Ut
1324 3886 1442 3939 illos
1475 3890 1864 3950 moderatiores

265 3959 476 4014 reddat.
507 3961 566 4016 Si
596 3964 716 4032 quis
738 3975 915 4021 autem
942 3980 1189 4025 accurate
1213 3972 1371 4028 dictis
1411 3980 1672 4047 attendat,
1708 3983 1862 4040 laude

261 4047 686 4122 increpationem
729 4062 1078 4130 temperarit.
1123 4064 1408 4121 Admirans
1455 4072 1652 4141 quippe
1706 4075 1857 4141 illos,

259 4142 404 4210 quod
447 4157 572 4198 sero
613 4147 829 4202 tandem
859 4151 1130 4209 ea~facere
1176 4158 1495 4226 potuissent,
1539 4178 1659 4231 qua.
1706 4180 1858 4218 num-

257 4247 420 4299 quam
466 4248 625 4303 posse
667 4236 782 4293 fieri
812 4240 1151 4309 videbantur,
1196 4246 1309 4302 haec
1355 4248 1511 4304 dixit.
1555 4251 1857 4324 lncrepatio

257 4321 422 4390 igitur
447 4324 732 4383 allicientis
761 4329 882 4385 illos
910 4333 1085 4400 potius
1112 4350 1233 4391 esse
1270 4339 1502 4405 videtur,
1535 4353 1592 4397 et
1616 4347 1858 4401 curantis

256 4420 312 4466 ut
336 4414 680 4484 resipiscam.
707 4409 838 4474 Cum
866 4423 1008 4478 enim
1051 4425 1169 4480 illos
1209 4429 1494 4499 objurgare
1537 4433 1770 4502 videtur,
1801 4446 1857 4491 et

257 4520 507 4578 magnam
538 4510 688 4579 prius
727 4513 939 4568 illorum
971 4519 1262 4582 nequitiam
1304 4519 1470 4577 fuisse
1511 4527 1767 4590 ostendit,
1800 4539 1855 4585 et

251 4597 608 4653 mutationem
655 4600 892 4670 ipsormn
950 4607 1250 4663 mirabilem
1295 4622 1455 4682 atque
1509 4624 1848 4686 stupendum.

249 4685 534 4752 Quomodo
562 4689 757 4746 factum
780 4705 879 4758 est,
909 4697 1096 4767 inquit,
1133 4713 1188 4755 ut
1212 4719 1332 4758 cum
1354 4706 1568 4764 illorum
1599 4685 1689 4766 lilii
1717 4715 1845 4783 sint,

251 4789 303 4832 et
333 4789 446 4834 tam
480 4785 617 4838 male
656 4784 888 4853 educati,
924 4793 1289 4857 paenitentiam
1328 4801 1527 4867 agant?
1564 4804 1704 4860 unde
1735 4807 1849 4863 hzcc

249 4879 392 4924 tanta
431 4870 566 4925 facta
602 4885 684 4930 est
724 4881 950 4933 mutatio
971 4885 997 4933 Υ
1038 4884 1159 4952 quis
1188 4889 1528 4951 asperitatem
1557 4895 1720 4949 animi
1752 4915 1846 4952 eo-

249 4976 361 5016 rum
394 4960 475 5017 sic
501 4965 796 5023 emollivit.’
824 4972 943 5042 quis
983 4974 1390 5034 itntncdicabilia
1425 4984 1643 5040 vulnera
1685 5006 1846 5046 cura-

251 5051 362 5104 vit?
391 5051 464 5108 Et
497 5053 616 5109 vide
643 5059 912 5126 quomtido
939 5061 1062 5119 illos
1099 5079 1128 5118 a
1175 5069 1435 5141 principio
1464 5077 1642 5131 statim
1675 5079 1846 5138 incre-

251 5145 413 5210 pavit,
445 5143 714 5215 gehennaa
735 5161 1012 5208 sermones
1039 5159 1250 5213 exteris
1281 5167 1628 5230 prauuittens.
1664 5170 1846 5243 Neque

248 5236 387 5292 enim
419 5239 560 5291 dixit
585 5253 668 5302 ea,
701 5255 822 5309 qua:
849 5243 954 5298 diei
983 5260 1411 5308 consueverant:
1443 5257 1573 5324 Quis
1609 5236 1844 5321 ostendit

249 5325 394 5382 vobis
425 5327 615 5395 fugere
635 5331 796 5399 bella,
822 5334 1165 5395 barbarorum
1196 5344 1456 5408 incursus.
1481 5354 1839 5425 captivitates,

251 5417 430 5488 fames,
479 5426 853 5493 pestilentias?
901 5431 994 5485 sed
1037 5435 1178 5488 aliud
1207 5437 1472 5505 quoddam
1520 5417 1840 5516 supplicium

247 5506 510 5576 obtendit,
536 5515 680 5584 quod
707 5532 994 5587 numquam
1021 5523 1149 5592 ipsis
1175 5528 1515 5587 manifestum
1543 5506 1732 5602 fuerat,
1768 5541 1840 5596 ita

248 5602 428 5661 dicens
458 5624 472 5659 :
505 5605 633 5674 Quis
666 5609 1024 5670 denionstmvit
1062 5618 1197 5674 vobis
1225 5624 1398 5691 fugere
1423 5641 1453 5678 α
1489 5638 1694 5683 uentura
1721 5631 1841 5686 ira!

311 5693 365 5752 ί.
402 5697 536 5754 Jurc
579 5709 758 5756 autem
789 5705 908 5760 iilos
959 5710 1224 5779 genimina
1267 5717 1564 5786 viperarum
1607 5737 1836 5783 vorat-tt.

245 5789 512 5862 Siquidem
547 5794 651 5851 hoc
696 5809 1004 5868 serpentum
1035 5819 1204 5872 genus
1239 5813 1624 5878 parturientem
1656 5833 1712 5872 sc
1751 5836 1830 5878 tuo

1502 396 1566 453 IN
1606 397 2014 460 MATTIUEUM
2058 408 2285 470 llOMlL.
2332 418 2421 475 XI.

3530 457 3633 514 194

2028 523 2240 593 terficit,
2269 537 2322 583 et
2353 533 2556 590 viscera
2590 540 2778 598 matris
2805 548 3101 607 cor-rodens
3131 553 3330 615 dicitur
3372 563 3422 619 in
3453 566 3626 624 lucem

2025 616 2241 682 prodire
2271 639 2285 674 :
2318 623 2368 676 id
2393 628 2533 696 quod
2565 641 2617 685 et
2651 633 2724 687 illi
2752 635 3039 711 faciebant,
3071 658 3282 716 patrum
3311 664 3364 709 et
3393 670 3623 716 matrum

2023 708 2420 783 interfectores,
2455 723 2541 786 qui
2569 725 2819 784 doctores
2847 747 2972 789 suos
3007 742 3235 810 propriis
3260 749 3505 803 manibus
3534 769 3624 804 nc-

2017 801 2284 860 cidebant.
2323 807 2428 863 Sed
2461 811 2511 867 in
2536 822 2878 888 correptione
2922 801 3144 894 gradum
3180 849 3286 889 non
3319 839 3480 905 sistit,
3525 846 3620 900 sed

2018 895 2301 952 consilium
2345 901 2526 972 adjicit
2558 909 2654 964 :8.
2703 909 2903 983 Facite,
2950 919 3140 990 inquit,
3193 927 3375 997 dignos
3419 937 3620 1004 fructus

2018 987 2340 1050 panitcntitc.
2370 991 2483 1047 Non
2521 998 2663 1052 enim
2695 1008 2827 1059 satls
2852 1017 2933 1061 est
2957 987 3141 1081 fugere
3163 987 3363 1075 mnium
3389 987 3538 1087 {sed
3563 1038 3618 1082 et

2033 1073 2287 1133 virtutem
2348 1097 2598 1154 magnam
2659 1091 2915 1151 exhibere
2959 1073 3190 1169 oportet.
3260 1107 3339 1164 Ne
3389 1073 3522 1168 inibi
3587 1134 3622 1173 θ

2026 1176 2216 1223 contra
2263 1172 2342 1228 sic
2396 1191 2492 1233 vos
2530 1184 2730 1251 geratis
2775 1197 2833 1242 ut
2866 1193 3018 1246 vobis
3049 1180 3277 1256 solitum
3304 1215 3444 1268 erat,
3488 1225 3612 1265 cum

2024 1257 2238 1314 modico
2268 1277 2363 1318 vos
2395 1275 2638 1339 tempore
2662 1278 3038 1350 reprimentes,
3063 1286 3131 1341 ad
3158 1294 3405 1349 eamdem
3422 1296 3617 1367 neqnii

2021 1347 2148 1403 tiam
2185 1353 2465 1452 redibatis.
2504 1360 2624 1418 Non
2656 1368 2801 1425 enim
2821 1373 2888 1426 ad
2909 1347 3098 1433 eadem
3121 1381 3236 1450 ipsa
3252 1347 3608 1452 venimusiad

2017 1453 2140 1507 qua!
2159 1443 2369 1509 priores
2387 1454 2680 1522 prophetae.
2717 1457 2934 1518 Diversa
2951 1479 3080 1523 sunt
3096 1443 3384 1540 praesentia
3403 1488 3457 1532 et
3477 1493 3608 1534 suti-

2015 1529 2250 1597 limiora,
2271 1542 2402 1609 quia
2423 1544 2538 1612 ipse
2554 1547 2726 1606 .ludex
2745 1564 2799 1608 et
2814 1555 2928 1625 ipse
2943 1561 3366 1631 regniDominus
3383 1573 3599 1627 advvnit

2010 1623 2074 1677 ad
2093 1627 2352 1695 majorem
2374 1635 2652 1695 deducens
2665 1641 3148 1717 philosophiamdn
3163 1656 3353 1712 caelum
3375 1674 3596 1725 vorans,

2006 1717 2140 1770 etad
2160 1719 2244 1771 illa
2267 1725 2835 1790 trahenshabitaenla.
2874 1741 2994 1792 ldi-o
3026 1743 3092 1797 de
3116 1746 3360 1813 gehenua
3388 1768 3598 1805 serum-

2003 1817 2124 1856 nem
2164 1809 2348 1874 aperio
2376 1826 2391 1863 :
2423 1828 2548 1867 nam
2591 1826 2642 1872 et
2683 1819 2820 1877 bona
2853 1835 2904 1878 et
2937 1829 3075 1884 mala
3107 1809 3306 1888 interna
3353 1851 3495 1894 sant.
3529 1844 3606 1899 Ne

2002 1889 2180 1961 itaque
2226 1897 2498 1956 iniisdem
2549 1907 2703 1962 malis
2731 1919 3108 1983 perseveretis,
3160 1939 3260 1978 nec
3288 1929 3476 1986 solitos
3518 1935 3607 1988 ob-

2001 1994 2180 2042 tentus
2207 1992 2512 2062 proferatis,
2545 1999 2856 2070 Abraliami,
2892 2006 3078 2076 lsaaci,
3121 2012 3328 2082 Jacobi,
3374 2037 3604 2089 proavo-

2000 2093 2116 2133 rum
2153 2095 2452 2142 vestrorum
2483 2090 2838 2152 nobilitatem.
2871 2098 2994 2155 llaec
3019 2113 3196 2159 autem
3224 2107 3454 2178 diccbat,
3487 2131 3594 2171 non

1997 2180 2103 2240 quo
2147 2175 2429 2245 impediret
2471 2180 2588 2236 illos
2633 2200 2700 2238 ne
2745 2202 2807 2241 se
2851 2189 3093 2248 dicerent
3139 2213 3203 2250 ex
3253 2175 3453 2257 sanctis
3492 2206 3600 2262 illis

1999 2266 2325 2333 progenitos,
2374 2270 2468 2324 sed
2499 2273 2761 2329 cohibens
2791 2278 2911 2333 illus
2942 2297 3010 2337 ne
3050 2284 3175 2340 huic
3210 2291 3396 2356 generi
3439 2297 3601 2349 confi-

1993 2353 2202 2420 derent,
2252 2373 2354 2413 neu
2395 2362 2589 2416 animae
2634 2365 2882 2422 virtutem
2931 2375 3320 2445 negligerent;-
3346 2383 3503 2439 simul
3542 2398 3597 2442 et

1993 2462 2111 2512 quae
2144 2449 2194 2501 in
2235 2459 2414 2505 mente
2440 2455 2730 2510 versabant
2761 2460 3055 2529 proferens,
3101 2477 3154 2522 et
3185 2470 3358 2526 futura
3392 2478 3594 2545 praedi-

1991 2552 2140 2593 cens.
2175 2541 2304 2594 Nam
2337 2551 2390 2598 et
2418 2556 2604 2614 postea
2637 2550 2902 2618 prodeunt
2933 2555 3173 2614 dicentes
3208 2580 3220 2616 :
3256 2562 3368 2620 Nos
3392 2541 3595 2635 patrem

1990 2627 2233 2684 habentur
2247 2631 3322 2718 Abraham,etnulliservivimusumquam
3336 2627 3515 2725 (locu.
3537 2662 3569 2713 8
3583 2692 3597 2706 ο

1989 2720 2102 2788 55).
2136 2722 2399 2787 Quoniam
2444 2727 2602 2808 igitur
2643 2729 2746 2788 hoc
2794 2746 2910 2789 erat
2939 2739 3080 2805 quod
3115 2741 3236 2798 illos
3263 2720 3495 2804 maxime
3541 2753 3598 2805 in

1930 2880 1934 2885 Α
1987 2813 2344 2880 arrogantiam
2371 2819 2557 2870 extulit
2586 2831 2637 2872 et
2680 2825 2945 2890 perdidit;
2984 2829 3085 2883 hoc
3112 2834 3339 2900 primum
3370 2839 3484 2906 ipse
3510 2845 3618 2895 re-'

1986 2900 2186 2966 primit.
2221 2901 2351 2956 Vide
2381 2918 2559 2960 autem
2589 2913 2859 2976 quomodo
2899 2927 3018 2984 post
3057 2933 3326 2978 servatura
3361 2900 3590 2995 patriar-

1984 2989 2100 3042 chae
2121 2991 2361 3048 debitum
2387 2997 2666 3064 honorem,
2699 3002 2798 3058 hos
2831 3019 3014 3074 postea
3042 3017 3334 3072 emendare
3366 3022 3583 3077 nitatur.

1981 3082 2117 3135 Cum
2166 3085 2388 3140 dixisset
2430 3092 2594 3157 enim,
2638 3092 2812 3147 Nolite
2870 3099 3057 3154 dicere.
3099 3102 3307 3159 Patrem
3349 3110 3590 3166 habemus

1982 3173 2260 3240 Abraham,
2293 3193 2397 3230 non
2419 3180 2645 3245 addidit,
2674 3182 2815 3239 Nihil
2842 3189 2984 3242 enim
3012 3207 3106 3247 vos
3131 3200 3327 3262 poterit
3357 3205 3585 3265 patriar-

1979 3262 2078 3315 cha
2103 3263 2325 3332 juvare:
2355 3268 2448 3322 sed
2487 3271 2671 3326 mitius
2700 3284 2756 3328 et
2784 3277 3061 3335 honestius
3102 3284 3206 3339 hoc
3250 3291 3424 3355 ipsum
3455 3297 3588 3348 sub—

1981 3353 2234 3408 indicavit
2273 3358 2496 3412 dicens:
2535 3362 2708 3418 Potest
2739 3368 2872 3419 enim
2906 3369 3038 3425 Deus
3067 3374 3130 3426 de
3175 3353 3432 3445 lapidibus
3475 3386 3587 3438 istis

1981 3447 2228 3500 suscitare
2252 3449 2387 3517 ﬁlios
2419 3452 2653 3508 Mira/ue.
2687 3456 2912 3523 Quidam
2941 3463 3127 3518 dicunt
3155 3468 3204 3521 id
3230 3470 3296 3522 de
3334 3477 3586 3541 gentibus

1975 3535 2102 3601 dici,
2148 3554 2280 3608 quas
2313 3542 2514 3611 lapides
2555 3548 2922 3617 metapliorice
2974 3569 3127 3610 vocat
3166 3576 3310 3629 :rgn
3354 3579 3484 3617 vero
3529 3579 3585 3621 ct

1974 3628 2131 3683 aliam
2161 3633 2286 3686 dicti
2316 3639 2640 3690 sententiam
2680 3654 2802 3695 esse
2830 3653 2980 3711 puto.
3027 3628 3264 3711 Qualem
3285 3653 3470 3708 illam?
3504 3657 3582 3708 Ne

1975 3724 2191 3790 putetis.
2224 3724 2414 3794 inquit,
2445 3729 2488 3780 si
2521 3745 2614 3784 vos
2636 3736 2890 3800 pereatis,
2924 3739 3284 3806 patriarcbam
3314 3746 3431 3800 sine
3458 3749 3580 3804 liliis

1973 3812 2104 3866 fore.
2134 3814 2250 3868 Non
2291 3819 2381 3880 ita,
2416 3835 2520 3871 non
2552 3822 2618 3874 ita
2646 3823 2826 3892 utique
2855 3842 2941 3881 res
2967 3843 3026 3882 se
3057 3829 3232 3886 habet.
3265 3836 3403 3891 Deus
3431 3843 3575 3893 enim

1972 3915 2144 3974 potest
2179 3901 2241 3961 cit
2273 3910 2540 3979 lapidibus
2584 3915 2724 3969 lilios
2755 3917 2852 3985 ipsi
2885 3920 3036 3980 dare.
3081 3933 3134 3977 et
3165 3927 3230 3978 ad
3259 3928 3376 3995 ejus
3407 3947 3576 3998 genus

1968 4004 2447 4068 cognatio:.enique
2476 4003 2595 4058 illos
2634 4005 2926 4075 deducere,
2960 4012 3226 4082 siquidem
3257 4017 3357 4073 hoc
3397 4022 3570 4090 ipsum

1967 4102 1995 4139 a
2027 4088 2288 4154 principio
2333 4090 2529 4144 factum
2579 4103 2680 4146 est.
2730 4093 2862 4150 Nam
2905 4115 2970 4152 ex
3015 4102 3280 4171 lapidibus
3329 4108 3576 4167 hominem

1970 4177 2082 4230 fieri
2117 4179 2221 4232 tale
2252 4193 2355 4246 est,
2388 4185 2546 4251 quale
2576 4199 2640 4237 ex
2668 4186 2822 4241 vulva
2863 4193 3039 4245 sterili
3069 4199 3301 4262 puellum
3333 4203 3569 4268 prodire.

1964 4265 2116 4332 Quod
2164 4279 2219 4324 et
2255 4270 2512 4341 propheta
2555 4274 2904 4332 Subindicans
2943 4282 3195 4338 diccbat:
3230 4265 3480 4359 Respicite
3517 4297 3570 4348 in

1964 4360 2180 4411 solidam
2208 4372 2424 4430 petram,
2456 4381 2516 4416 ex
2545 4383 2645 4433 qua
2667 4369 2824 4421 excisi
2841 4371 2982 4435 estis,
3011 4384 3060 4426 et
3085 4375 3154 4427 ad
3174 4382 3369 4446 foveam
3399 4381 3564 4448 lacus,

1962 4465 2024 4502 ea:
2064 4467 2165 4518 qua
2206 4450 2381 4518 θίγοι.ςὶ
2419 4457 2536 4509 estis
2562 4473 2580 4509 :
2607 4459 2843 4528 respicite
2882 4464 2934 4513 in
2965 4461 3224 4521 Abraham
3253 4482 3448 4538 patrem
3477 4490 3564 4528 re-

1960 4549 2140 4606 strum,
2169 4551 2216 4594 et
2255 4544 2305 4596 in
2334 4544 2522 4599 Suram
2544 4563 2660 4615 qua
2685 4563 2770 4603 vos
2799 4556 3065 4617 parturit-it
3091 4555 3242 4626 (Iani.
3278 4561 3369 4616 5|.
3399 4567 3449 4619 1.
3481 4567 3561 4637 2}.

1961 4631 2108 4688 llinc
2155 4653 2284 4704 ergo
2326 4641 2662 4708 prnp‘etiam
2707 4642 2813 4697 illis
2859 4659 3074 4702 revocat
3119 4652 3172 4705 in
3220 4659 3558 4726 memoriam,

1957 4726 2296 4796 ostenditque
2322 4730 2459 4784 sicut
2488 4747 2516 4783 a
2548 4732 2810 4804 principio
2833 4738 2984 4792 illum
3016 4741 3092 4795 sic
3116 4746 3435 4804 mirabiliter
3462 4767 3560 4822 pa-

1958 4825 2093 4870 trem
2123 4817 2317 4886 et'feeii,
2347 4824 2500 4892 quasi
2545 4840 2611 4881 ex
2644 4827 2935 4899 lapidibus,
2965 4836 3045 4889 sic
3069 4848 3124 4891 et
3153 4854 3296 4896 nunc
3335 4859 3558 4916 quoque

1955 4909 2004 4962 id
2034 4926 2188 4978 posse
2219 4913 2354 4967 fieri.
2386 4913 2491 4969 Sed
2517 4919 2638 4972 vide
2659 4923 2932 4990 quomodo
2958 4935 3012 4980 et
3044 4936 3240 4985 terreat
3263 4942 3317 4987 et
3345 4909 3557 4994 esscin-

1952 5000 2064 5054 dat.
2107 5002 2222 5057 Non
2252 5007 2394 5059 enim
2423 5008 2577 5072 dixit,
2609 5010 2728 5065 iam
2758 5016 3033 5085 excitavit,
3078 5037 3146 5077 ne
3173 5024 3272 5092 ipsi
3315 5030 3554 5087 aniitmzu

1951 5091 2380 5161 desponderent;
2435 5099 2551 5165 sed,
2614 5101 2882 5160 Susciture
2925 5119 3109 5178 potest.
3156 5091 3343 5186 Neque
3394 5120 3553 5184 dixit,

1953 5182 2210 5240 Homines
2250 5187 2426 5244 facere
2454 5200 2626 5258 potest
2667 5209 2732 5248 ex
2766 5194 3052 5266 lapidibus,
3093 5204 3188 5258 sed
3214 5182 3357 5276 quod
3386 5182 3558 5268 multo

1950 5276 2122 5342 majus
2146 5288 2282 5341 erat,
2307 5289 2361 5334 et
2388 5295 2643 5351 cognatos
2671 5296 2724 5340 et
2753 5287 2890 5343 lilios
2921 5292 3170 5349 Abrahm.
3208 5295 3396 5355 Viden’
3421 5320 3553 5374 (πυθ-

1949 5367 2109 5420 modo
2139 5369 2258 5425 illos
2290 5372 2513 5428 abduxit
2554 5392 2583 5429 a
2624 5381 2826 5434 carnali
2869 5383 2957 5437 illa
2999 5386 3380 5459 imaginatione
3423 5409 3479 5451 et
3522 5418 3548 5452 a

1948 5459 2198 5528 praesidio
2239 5479 2584 5531 proavorum,
2629 5481 2689 5522 ut
2722 5471 2773 5524 in
2806 5476 3017 5544 propria
3066 5482 3378 5548 paenitentia
3413 5497 3547 5541 teni.

1947 5552 2293 5624 perantiaque
2334 5568 2483 5624 spem
2529 5559 2723 5616 salutis
2751 5561 3053 5623 haberent?
3077 5572 3254 5626 viden‘
3274 5580 3541 5644 quomodc

1942 5643 2312 5712 cognationem
2344 5648 2520 5703 carnis
2548 5651 2859 5723 escludens,
2892 5657 3017 5712 ﬁdei
3047 5643 3418 5733 cognationem
3460 5671 3536 5722 in-

1941 5733 2125 5789 ducit?

2018 5827 2070 5881 3.
2111 5827 2374 5893 Quantum
2405 5833 2666 5889 relicmcns
2687 5837 2750 5890 sit
2781 5838 3059 5909 increpatio
3088 5860 3180 5913 μω
3201 5843 3412 5899 Iudicas
3430 5860 3524 5899 ex—
