4082 6498
548 379 653 438 195

541 496 660 548 citat
687 489 912 545 Joannes
948 485 1198 557 Baptista.
1229 482 1398 538 Timor
1418 481 1486 535 ad
1514 479 1849 552 ptenitentiam
1874 476 2115 531 ducit.—

541 581 817 652 I’erpende
846 581 1023 649 itaque
1062 577 1327 649 quomodo
1368 576 1419 628 in
1448 572 1789 643 sequentibus
1819 570 2005 624 horum
2046 568 2113 622 ti-

539 686 743 727 morem
763 680 971 741 augeat,
1002 679 1057 725 et
1081 664 1491 723 sollicitudinem
1518 664 1768 717 intendat.
1792 660 1924 715 Cum
1950 658 2115 715 dixis-

535 771 619 818 set
660 762 823 826 enim,
853 760 1024 814 Potest
1054 758 1194 813 Dens
1220 773 1281 813 ea:
1306 756 1555 825 lapidibus
1581 754 1689 806 istis
1712 753 1953 807 suscitare
1979 750 2115 820 ﬁlios

533 854 772 919 Aluntur,
798 853 1073 923 subiunxit
1104 869 1117 905 :
1155 852 1238 905 l0.
1260 849 1378 902 Jam
1416 846 1604 900 securis
1632 846 1701 898 ad
1718 844 1940 898 radicem
1966 846 2113 896 arbo-

533 962 643 1001 rum
671 946 835 1022 posita
861 954 931 999 est
956 960 976 997 :
1000 958 1093 1012 per
1114 940 1286 999 omnia
1330 937 1620 992 terribilem
1659 950 1959 990 sermonem
1988 934 2111 989 red-

533 1036 691 1094 dens.
720 1037 853 1092 Nam
895 1052 959 1090 ex
991 1035 1110 1087 vitae
1151 1046 1348 1102 genere
1389 1044 1630 1099 magnam
1659 1028 1868 1082 dicendi
1899 1028 2117 1082 liberta-

534 1136 639 1182 tem
669 1134 853 1181 nactus
891 1110 1150 1187 cratﬂlli
1178 1138 1305 1176 vero
1336 1121 1638 1175 vehementi
1666 1117 1895 1189 egebant
1940 1118 2115 1180 inere-

532 1216 947 1287 patione,'quia
998 1230 1029 1267 a
1078 1212 1245 1268 multo
1276 1213 1384 1281 jam
1440 1220 1676 1281 tempore
1729 1208 2109 1264 obduruerant.

530 1306 665 1373 Quid
695 1308 839 1360 enim
868 1303 1007 1367 dico,
1033 1304 1219 1373 inquit,
1243 1301 1353 1357 fore
1380 1311 1435 1355 ut
1456 1300 1711 1355 excidatis
1738 1314 1767 1353 a
1798 1298 2110 1369 patriarcha:

530 1393 867 1465 cognatione,
908 1404 962 1448 et
986 1394 1119 1447 alios
1149 1393 1370 1465 videatis
1412 1407 1475 1445 ex
1506 1391 1765 1460 lapidibus
1794 1391 1846 1443 in
1878 1399 2107 1443 ve5tram

530 1483 817 1539 succedere
862 1464 1217 1553 dignitatem?“
1243 1481 1371 1536 Nam
1400 1496 1519 1545 jnou
1560 1481 1662 1535 hoc
1710 1489 1911 1534 tantum
1960 1478 2108 1533 vobis

529 1576 634 1630 erit
663 1589 852 1644 pcenae,
892 1575 987 1630 sed
1026 1584 1079 1629 et
1117 1574 1337 1628 ulterius
1367 1573 1537 1626 adhuc
1566 1571 1817 1641 procedet
1854 1570 2103 1625 vindicta.

527 1666 649 1720 Jam
682 1668 847 1731 enim,
888 1667 1075 1737 inquit,
1104 1666 1289 1719 securis
1327 1666 1393 1718 ad
1419 1665 1641 1717 radicem
1676 1666 1914 1717 arborum
1945 1662 2108 1731 posita

530 1767 623 1813 est.
653 1758 795 1813 Nihil
825 1758 1111 1813 terribilius
1134 1757 1231 1811 hac
1262 1757 1506 1826 loquendi
1545 1757 1729 1826 ﬁgura.
1760 1754 1875 1810 lam
1907 1755 2104 1823 quippe

530 1863 638 1904 non
669 1849 805 1903 ultra
840 1849 1029 1904 falcem
1068 1848 1353 1911 volantem,
1396 1862 1501 1901 non
1546 1861 1725 1916 sepem
1756 1846 2103 1911 dcstructam,

535 1956 642 1995 non
669 1941 1029 1996 conculcatam
1077 1941 1308 2002 vineam,
1350 1953 1571 1993 cernere
1597 1949 1712 2000 est;
1742 1938 1835 1993 sed
1876 1937 2104 1991 securim

527 2024 811 2088 admodum
835 2040 1131 2094 exacutam,
1160 2032 1407 2102 quodque
1428 2033 1658 2101 gravius,
1685 2032 1795 2099 jam
1822 2030 1885 2083 ad
1910 2029 2104 2097 januas

530 2125 775 2193 pesitam.
824 2123 955 2188 Quia
992 2124 1133 2175 enim
1176 2122 1452 2190 prophetis
1500 2137 1604 2175 non
1631 2121 1931 2183 credentes,
1963 2133 2106 2187 saepe

527 2213 773 2268 dicebant
805 2230 817 2264 :
851 2211 950 2265 Ubi
978 2221 1049 2265 est
1090 2212 1197 2264 dies
1224 2210 1471 2264 Domini?
1512 2222 1585 2275 et,
1626 2208 1797 2263 Veniat
1836 2210 2101 2263 consilium

526 2304 684 2357 sancti
719 2301 899 2367 Israel,
944 2312 999 2357 ut
1040 2304 1258 2357 sciamus
1300 2301 1448 2373 (lsai.
1481 2304 1531 2357 5.
1565 2301 1654 2371 19)
1681 2319 1693 2353 :
1722 2316 1787 2355 eo
1830 2301 1970 2371 quod
2014 2316 2100 2369 ea,

525 2410 643 2464 qua:
666 2394 1113 2465 prrcdicebantur,
1148 2404 1267 2463 post
1308 2394 1502 2446 multos
1528 2406 1699 2445 annos
1726 2406 1868 2459 smpe
1892 2391 2102 2446 accide-

524 2494 688 2539 rent:
722 2496 779 2539 ut
824 2484 923 2538 hac
979 2484 1100 2538 illos
1151 2483 1517 2538 consolatione
1571 2484 1819 2551 privaret,
1876 2482 2103 2535 vicinam

528 2576 655 2644 ipsis
690 2576 1040 2631 calamitatem
1095 2575 1385 2628 constituit.
1414 2560 1571 2627 illud
1613 2588 1770 2640 porro
1816 2572 2102 2626 declaravit

528 2665 642 2720 lucc
665 2681 788 2731 vox,
816 2663 936 2717 lam
959 2680 979 2728 ;
1005 2663 1199 2719 indicat
1226 2664 1371 2723 item,
1401 2664 1540 2731 quod
1569 2663 1676 2730 jam
1707 2662 1909 2716 securis
1936 2662 2100 2715 radici

525 2754 736 2808 admota
777 2754 863 2809 sit.
895 2754 1030 2808 Nihil
1057 2754 1197 2808 enim
1248 2752 1613 2807 intermedium
1643 2762 1743 2816 est,
1774 2753 1963 2820 inquit,
2007 2752 2101 2807 sed

522 2844 630 2911 jam
662 2844 822 2899 radici
853 2846 1033 2898 instat.
1066 2844 1180 2897 Non
1206 2844 1357 2907 dixit,
1401 2844 1599 2905 llamis,
1636 2858 1757 2904 non,
1789 2843 2097 2908 Fructibus,

524 2934 641 3001 sed,
671 2936 889 2998 Radici;
923 2934 1209 2989 ostendens
1237 2934 1398 3002 ipsos,
1442 2934 1486 2987 si
1515 2933 1747 3002 segniter
1788 2942 1964 3002 agant,
1998 2933 2099 2987 im-

527 3025 857 3080 medicabilia
884 3026 1021 3079 mala
1066 3039 1319 3093 passuros
1347 3038 1486 3087 esse,
1538 3025 1653 3078 sine
1685 3025 1786 3077 ulla
1826 3039 1919 3093 spe
1948 3039 2102 3079 cura-

527 3117 709 3171 tionis.
736 3115 916 3184 Neque
942 3116 1081 3171 enitn
1110 3130 1296 3168 servus
1321 3126 1400 3168 est
1428 3116 1469 3167 is
1492 3117 1577 3179 qni
1603 3116 1834 3177 advenit,
1868 3126 1922 3169 ut
1955 3116 1987 3168 ii
2011 3117 2099 3185 qui

525 3214 714 3269 antea;
762 3206 853 3261 sed
901 3207 1013 3274 ipse
1062 3205 1430 3259 universorum
1474 3205 1747 3267 Dominus,
1798 3204 1886 3273 qui
1934 3204 2097 3259 vehe-

526 3300 756 3352 mentem
798 3308 851 3352 et
876 3297 1242 3368 gravissimam
1287 3296 1475 3363 infligit
1499 3297 1803 3349 vindictam.
1851 3300 2097 3349 Attamen

528 3397 799 3455 postquam
844 3387 961 3440 illos
992 3385 1269 3449 exterruit,
1302 3399 1405 3437 non
1432 3384 1561 3438 sinit
1593 3386 1643 3437 in
1670 3384 2098 3452 desperationem

526 3478 794 3541 incidere;
850 3477 941 3531 sed
970 3476 1416 3546 quemadmodum
1448 3493 1606 3545 supra
1651 3493 1756 3531 non
1787 3478 1941 3540 dixit,
1993 3478 2097 3531 Su-

523 3568 753 3631 scitavit,
782 3567 895 3633 sed,
927 3566 1101 3621 Potest
1127 3566 1372 3621 suscitare
1408 3568 1542 3635 filios
1566 3568 1800 3631 Abrahae,
1838 3576 2095 3623 terrorem

521 3657 679 3715 simul
720 3668 769 3715 et
800 3660 1226 3718 consolationem
1258 3658 1547 3715 immitte-ns
1578 3676 1591 3708 ε
1620 3659 1699 3711 sic
1742 3668 1796 3711 et
1843 3659 1944 3713 hoc
1981 3659 2098 3714 loco

522 3760 624 3802 non
661 3750 817 3813 dixit,
852 3751 1103 3805 Radicem
1152 3752 1348 3820 attigit,
1390 3751 1505 3816 sed,
1554 3751 1631 3803 Ad
1674 3748 1891 3804 radicem
1936 3751 2097 3823 posita

521 3849 613 3903 est,
642 3855 733 3893 seu
764 3840 928 3893 radici
956 3841 1167 3896 admota
1193 3851 1307 3905 est;
1338 3852 1392 3896 et
1416 3843 1611 3897 nullam
1641 3842 1755 3898 fore
1789 3844 2095 3899 dilationem

519 3931 777 3985 ostendit.
821 3931 1085 3985 Caeterum
1138 3932 1236 3986 etsi
1279 3932 1422 3986 illam
1462 3924 1532 3987 ita
1575 3948 1738 4002 prepe
1778 3934 2093 4000 admoverit,

520 4022 807 4076 sectionem
838 4022 889 4075 in
921 4030 1099 4075 vestro
1127 4022 1273 4091 ponit
1313 4023 1553 4077 arbitrio.
1584 4024 1712 4078 Nam
1746 4026 1788 4077 si
1816 4035 2095 4081 converta-

520 4111 669 4175 mini,
704 4119 759 4165 et
801 4112 852 4165 in
882 4113 1069 4167 melius
1112 4113 1411 4176 mutemini,
1444 4113 1575 4165 nihil
1622 4123 1839 4181 operata
1890 4115 2095 4169 securis

517 4203 907 4265 remOvebitur;
950 4204 996 4257 si
1043 4213 1219 4256 autem
1258 4204 1308 4256 iu
1355 4203 1539 4255 iisdem
1586 4204 1776 4257 studiis
1806 4206 2087 4269 maneatis,

517 4294 772 4348 radicitus
800 4294 1044 4348 arborem
1081 4294 1291 4349 avellet.
1328 4293 1451 4348 ideo
1478 4294 1683 4349 securis
1727 4310 1825 4351 nec
1852 4311 1879 4348 a
1912 4296 2089 4353 radice

516 4396 811 4451 amovetur,
872 4400 1047 4454 neque
1072 4393 1217 4439 secat
1260 4384 1496 4449 admota,
1553 4395 1663 4438 tum
1702 4402 1769 4440 ne
1813 4387 2089 4451 decidatis,

516 4486 625 4528 tum
673 4483 730 4528 ut
768 4475 1005 4539 diseatis,
1045 4489 1201 4543 posse
1248 4490 1341 4529 vos
1383 4475 1529 4529 brevi
1577 4483 1816 4545 tempore
1859 4485 2091 4532 mutatos

516 4565 741 4618 salutem
790 4565 1065 4632 consequi.
1106 4563 1229 4618 ldeo
1266 4564 1496 4634 undique
1536 4566 1781 4621 timorem
1822 4578 1999 4635 auget,
2036 4580 2091 4622 ut

506 4656 710 4711 excitet
751 4656 894 4723 ipsos
920 4654 1259 4724 impcilatque
1288 4656 1352 4708 ad
1380 4657 1762 4725 pteoitentiam.
1788 4657 1919 4712 Nam
1945 4669 1997 4713 et
2022 4660 2091 4714 ab

513 4762 730 4801 anu-um
764 4747 1015 4815 dignitate
1056 4746 1322 4809 excidere,
1355 4756 1409 4799 et
1448 4748 1580 4800 alios
1608 4747 1659 4800 in
1691 4750 1768 4800 sui
1794 4750 1973 4825 (locum
2004 4752 2087 4804 in-

514 4848 703 4894 duc-tos
732 4854 967 4897 cernere,
1001 4850 1055 4892 et
1079 4838 1211 4891 mala
1241 4839 1487 4905 injanuis
1517 4854 1655 4901 esse,
1689 4850 1743 4894 et
1783 4841 2088 4895 intolerabi-

515 4932 582 4983 lia
628 4929 761 4981 mala
812 4932 1025 4988 instare,
1078 4943 1195 4995 qua:
1237 4939 1457 4998 utraque
1500 4944 1595 4996 per
1636 4930 1864 4984 radicem
1913 4942 1960 4985 et
1992 4946 2086 5001 per

513 5020 739 5072 securim
764 5017 1036 5077 indicavit;
1067 5018 1199 5083 base,
1233 5021 1465 5087 inquam,
1498 5031 1760 5087 poterant,
1792 5022 1872 5075 vel
1902 5023 2085 5078 admo-

514 5111 640 5163 dum
670 5111 719 5163 in
764 5110 1060 5164 socordiam
1107 5112 1282 5178 lapsos
1310 5115 1561 5173 excitare.
1594 5124 1648 5165 et
1673 5116 1930 5169 sollicitos
1960 5116 2083 5171 red-

510 5202 656 5255 dere.
700 5202 809 5254 lloc
834 5202 1007 5270 itaque
1035 5203 1310 5257 declarans
1336 5203 1542 5269 Paulus,
1572 5207 1781 5260 dicebat
1813 5226 1824 5260 :
1868 5207 2080 5262 Verbum

512 5294 847 5346 abbrevintum
894 5296 1041 5359 faciet
1088 5296 1334 5348 Dominus
1381 5314 1528 5365 super
1584 5301 1865 5352 universum
1913 5303 2078 5355 orbem

517 5380 688 5443 (Rom.
718 5384 769 5436 9.
798 5386 907 5452 ‘28).
960 5385 1063 5439 Sed
1108 5402 1174 5440 ne
1208 5388 1425 5447 timeas;
1471 5390 1574 5443 imo
1606 5392 1779 5458 potius
1825 5394 1947 5447 time
1973 5394 2083 5459 qui-

510 5473 653 5537 dem,
682 5474 772 5527 sed
816 5490 879 5527 ne
905 5475 1177 5543 desperes.
1211 5477 1340 5531 Nam
1384 5478 1555 5532 adhuc
1594 5496 1740 5549 spem
1777 5484 2083 5537 mutationis

514 5566 707 5623 babes:
743 5584 911 5635 neque
943 5569 1080 5620 enim
1123 5570 1382 5623 sententia
1430 5571 1478 5623 in
1506 5587 1636 5640 opus
1679 5574 1876 5641 prodit,
1910 5589 2080 5644 neque

513 5657 713 5707 scurris
742 5656 803 5707 ad
829 5657 1110 5709 Secundum
1145 5661 1303 5711 venit.
1335 5659 1465 5724 Quid
1490 5662 1630 5714 enim
1660 5678 1725 5715 nc
1754 5676 1961 5719 secaret
1991 5665 2081 5719 im-

526 5740 767 5805 pediebat
802 5748 941 5802 illam
989 5749 1148 5803 radici
1193 5751 1500 5805 admotam?
1538 5752 1641 5809 Sed
1686 5764 1741 5809 ut
1790 5766 1842 5810 te
1884 5756 2073 5812 tiu-ore

1261 368 1316 426 S.
1359 366 1635 424 JOANNIS
1680 360 2147 422 CHRYSUSTOMI
2193 360 2507 418 ARClllEl’.
2548 361 3085 422 CONSTANTINOP.

3702 368 3802 424 |96

2231 477 2504 533 meliorem
2543 478 2808 544 redderet,
2839 495 2892 535 et
2912 480 2977 536 ad
3008 480 3285 536 ferendum
3314 480 3541 535 fructum
3574 497 3621 547 at
3646 490 3799 542 taret,

2227 567 2438 624 admota
2470 569 2581 622 fuit.
2621 569 2746 623 ideo
2775 570 2951 624 intulit
2982 590 2994 624 :
3029 570 3207 625 Omms
3237 577 3387 625 arbor
3413 588 3524 641 quia
3549 588 3649 624 non
3685 571 3806 637 facit

2226 665 2445 731 fructum
2477 663 2657 715 baimm
2703 662 2980 726 excidetur,
3028 673 3073 717 et
3110 664 3163 717 in
3201 664 3367 733 ignem
3398 664 3640 717 mittetur.
3669 662 3801 717 Cum

2226 767 2387 821 porro
2410 752 2555 815 dicit,
2582 750 2779 817 Omnis,
2803 762 3017 807 amovet
3042 768 3253 807 omnem
3283 754 3576 809 nobilitatis
3601 769 3801 823 μανι-οι

2223 844 2470 912 gativam.
2505 843 2723 897 Etiamsi
2750 844 2891 897 enim
2921 842 3089 912 ipsius
3119 843 3349 896 Abraba:
3378 859 3546 912 nepos
3590 845 3687 907 sis,
3720 843 3800 896 in—

2225 937 2357 1005 quit,
2388 936 2596 989 etiamsi
2629 936 2767 989 inter
2792 950 2922 988 avos
2953 935 3149 987 multos
3168 949 3484 987 enumerare
3517 934 3687 1001 possis
3712 949 3800 1002 pa-

2224 1028 2499 1093 triarchas,
2534 1028 2730 1097 duplex
2753 1028 3069 1096 supplicium
3100 1028 3235 1090 lues,
3264 1026 3307 1080 si
3326 1026 3449 1081 sine
3480 1024 3653 1079 fructu
3685 1041 3804 1077 ma-

2223 1134 2369 1173 neas.
2406 1118 2498 1173 llis
2525 1120 2698 1173 verbis
2724 1119 3034 1188 publicanos
3062 1118 3272 1180 terruit,
3308 1118 3529 1171 militum
3563 1116 3801 1169 animum

2220 1214 2526 1277 commovit,
2569 1227 2673 1265 non
2712 1212 2762 1265 in
2790 1211 3219 1282 desperationem
3250 1211 3563 1278 conjiciens,
3595 1208 3689 1263 sed
3732 1208 3801 1262 ab

2221 1305 2364 1358 omni
2407 1306 2631 1374 segnitie
2657 1304 2966 1360 delrudens.
3015 1305 3145 1359 Nam
3191 1305 3241 1359 id
3271 1304 3411 1373 quod
3441 1304 3642 1358 dictum
3686 1310 3804 1357 erat

2220 1410 2338 1449 cum
2371 1397 2559 1448 timore
2599 1410 2843 1463 magnam
2869 1395 3177 1464 adjunctam
3208 1394 3437 1448 habebat
3476 1395 3804 1449 Consolatio-

2220 1500 2361 1539 nem.
2391 1485 2525 1539 Cum
2553 1485 2688 1539 dixit
2716 1485 2879 1549 enim,
2916 1486 3043 1551 Quae
3067 1501 3168 1539 non
3188 1486 3309 1555 facit
3340 1488 3561 1556 fructum
3589 1486 3799 1549 bonum,

2219 1574 2451 1630 ostendit
2498 1576 2663 1639 illam,
2705 1592 2824 1645 qua:
2876 1574 3103 1630 fructum
3146 1576 3341 1630 bonum
3396 1576 3613 1644 profert,
3669 1573 3799 1628 nulli

2218 1667 2477 1735 supplicio
2502 1682 2621 1721 esse
2644 1668 2947 1720 obnoxiam.
3701 1682 3731 1712 ι

2288 1757 2340 1811 4.
2369 1757 2727 1824 thuomodo,
2744 1757 2968 1825 inquies,
2990 1756 3213 1809 fructum
3232 1756 3369 1810 l‘errc
3390 1756 3702 1825 poterimus,
3723 1755 3798 1809 in-

2216 1856 2389 1904 stante
2401 1848 2655 1915 sectipue,
2670 1858 2717 1901 ct
2737 1848 2787 1900 in
2804 1857 2907 1899 tam
2921 1856 3143 1917 angusto
3157 1855 3421 1914 tempore,
3436 1860 3556 1900 eum
3568 1854 3800 1901 statutus

2219 1940 2474 1994 terminus
2501 1941 2566 1992 sit
2593 1941 2659 1993 ita
2691 1940 3001 2008 proximus?
3027 1939 3253 2005 Poteris,
3280 1940 3481 2008 inquit;
3515 1953 3621 1992 non
3654 1938 3795 1992 enim

2219 2031 2337 2084 talis
2357 2040 2439 2084 est
2460 2030 2565 2094 ille,
2583 2031 2751 2098 qualis
2768 2029 3015 2084 arborum
3036 2028 3346 2098 fructus,qni
3369 2015 3591 2086 multum
3618 2038 3800 2097 postu-

2215 2120 2288 2173 lat
2303 2126 2529 2188 tempus,
2546 2129 2693 2174 etest
2710 2122 2832 2173 anni
2852 2114 3251 2188 tempestatibus
3268 2119 3530 2178 subditus,
3551 2134 3613 2173 ac
3630 2119 3794 2173 multa

2214 2218 2333 2278 eget
2347 2212 2681 2278 operatione;
2702 2209 2791 2263 sed
2810 2209 3000 2263 sullicit
3016 2209 3173 2272 velle,
3190 2219 3239 2262 cl
3252 2209 3427 2263 statim
3444 2208 3594 2263 ﬂoret
3613 2209 3791 2263 arbor.

2213 2299 2395 2369 Neque
2415 2301 2554 2353 enim
2574 2301 2765 2354 radicis
2788 2310 2971 2354 natura
2998 2310 3218 2364 tantum,
3247 2300 3340 2355 sed
3362 2301 3520 2355 etiam
3543 2314 3632 2354 ars
3651 2301 3791 2370 agri-

2214 2392 2343 2445 cola:
2365 2391 2429 2445 ad
2451 2390 2675 2455 fructum
2696 2391 2969 2445 ferendum
2991 2392 3392 2460 maximejuvat.
3416 2392 3613 2446 Idcirco
3636 2408 3701 2445 ue
3717 2392 3798 2445 di-

2215 2490 2396 2537 cerent
2417 2502 2427 2534 :
2447 2481 2553 2536 Nos
2574 2483 2775 2551 turbas,
2791 2498 2965 2551 urges,
2987 2483 3148 2551 cogis,
3172 2483 3382 2535 admota
3406 2483 3578 2536 securi
3602 2483 3795 2536 sectio-

2216 2524 2292 2537 .-.
2309 2524 2396 2536 ν...
2417 2524 2427 2534 .
2449 2524 2553 2536 ..νυ
2574 2524 2644 2535 η..
2663 2524 2751 2535 ....-
2792 2524 2965 2551 φουρ,
2988 2524 3148 2551 νοω,
3172 2524 3382 2535 ........,...
3406 2524 3549 2536 νιν...
3566 2524 3578 2534 .

2213 2590 2334 2630 nem
2362 2524 2829 2639 comniiiiaiido',)ct
2850 2577 2900 2629 iu
2927 2576 3042 2642 ipso
3062 2575 3305 2643 supplicii
3332 2586 3570 2643 tempore
3592 2575 3797 2631 fructus

2214 2673 2527 2733 proventum
2552 2665 2752 2734 exigis;
2778 2664 3070 2732 subjunxit,
3094 2664 3385 2719 ostendens
3405 2665 3657 2719 afferendi
3684 2666 3793 2719 frn-

2210 2762 2328 2807 ctus
2347 2754 2651 2808 facilitatem
2675 2771 2686 2807 :
2708 2756 2724 2807 l
2746 2756 2789 2808 l.
2814 2754 2920 2824 Ego
2946 2772 3027 2809 vos
3048 2754 3247 2823 baptizo
3271 2757 3322 2808 in
3346 2758 3610 2826 aqua:qui
3626 2767 3794 2809 autent

2214 2855 2321 2912 post
2344 2863 2418 2897 me
2438 2847 2585 2904 venit.
2617 2847 2793 2915 fortior
2812 2862 2887 2898 uie
2908 2856 2996 2908 est,
3023 2847 3166 2916 cujus
3184 2862 3283 2899 non
3302 2862 3410 2899 sum
3428 2846 3612 2916 dignus
3633 2848 3795 2900 corri-

2212 2936 2346 3005 giam
2374 2936 2693 2987 calceamenti
2718 2938 2923 2988 solvere.
2958 2935 3078 3005 Ipse
3103 2953 3186 2989 vos
3216 2936 3484 3005 baptizabit
3513 2937 3562 2988 in
3596 2935 3797 3004 Spiritu

2211 3035 2382 3077 sancto
2412 3034 2457 3077 et
2482 3026 2533 3077 in
2560 3027 2705 3095 igne:
2727 3026 2808 3079 bis
2837 3027 3113 3080 declarans
3145 3028 3415 3082 voluntate
3441 3028 3596 3081 simul
3620 3038 3673 3081 et
3695 3028 3794 3082 fide

2210 3130 2343 3180 epus
2364 3130 2503 3180 esse,
2526 3134 2627 3169 non
2648 3118 2916 3171 laboribus
2937 3119 3355 3189 sudoribusque;
3379 3131 3539 3189 atque
3569 3130 3624 3173 ut
3642 3119 3796 3175 facile

2209 3216 2289 3259 cst
2310 3207 2582 3275 baptizari,
2603 3209 2670 3261 ita
2692 3206 2845 3263 facile
2870 3224 2987 3263 esse
3008 3211 3243 3263 converti
3270 3220 3323 3263 et
3344 3212 3594 3265 meliores
3611 3211 3792 3266 evade-

2208 3314 2284 3351 re.
2307 3298 2589 3366 Postquam
2608 3300 2767 3367 igitur
2783 3300 2990 3352 illorum
3010 3301 3215 3353 animos
3227 3312 3589 3355 commoverat
3605 3304 3797 3369 timore

2204 3387 2383 3454 judicii
2400 3390 2860 3457 etexspectatione
2872 3390 3136 3457 supplicii,
3158 3394 3357 3445 securis
3376 3396 3613 3457 nomine,
3636 3396 3796 3462 majo-

2209 3494 2324 3531 rum
2363 3480 2672 3545 amissione,
2710 3480 2937 3534 aliornm
2980 3481 3281 3538 inductione
3312 3485 3565 3551 liliornm,
3595 3485 3791 3555 duplici

2204 3567 2485 3637 supplicio,
2512 3570 2765 3623 sectionis
2794 3582 2846 3625 et
2877 3572 3127 3637 incendii,
3158 3581 3210 3626 et
3236 3583 3414 3641 postea
3451 3573 3642 3628 borum
3672 3594 3788 3627 otii-

2206 3660 2349 3711 nium
2362 3660 2608 3714 duritiem
2621 3663 3066 3731 asperitatemque
3084 3664 3435 3731 mitigaverat,
3452 3679 3513 3717 ac
3528 3665 3789 3718 malorum

2205 3748 2531 3819 depulsionis
2545 3750 2861 3805 desiderium
2878 3752 3157 3807 induverat
3173 3770 3184 3806 :
3202 3760 3324 3807 tunc
3336 3753 3550 3809 dcuuuu
3565 3754 3790 3808 dellhri-

2205 3855 2288 3897 sto
2310 3844 2467 3897 verba
2493 3845 2633 3905 facit,
2668 3862 2769 3899 non
2800 3846 3133 3914 simpliciter,
3164 3848 3255 3901 sed
3280 3850 3648 3903 excellentiam
3673 3851 3787 3918 ejus

2204 3936 2492 3999 extollens;
2512 3935 2701 3990 deinde
2720 3948 2972 4005 quantum
2994 3939 3257 3993 intervalli
3275 3952 3416 3995 esset
3436 3944 3573 3997 inter
3590 3958 3648 3999 se
3665 3956 3717 3999 et
3736 3945 3787 3998 il-

2204 4028 2311 4082 lum
2341 4027 2638 4090 declarans,
2667 4044 2731 4083 ne
2762 4030 3036 4084 videretur
3060 4032 3108 4086 id
3142 4034 3206 4086 ad
3235 4035 3460 4103 gratiam
3490 4036 3779 4099 dicere,“

2201 4120 2599 4186 comparatione
2622 4120 2880 4173 donorum
2908 4138 3023 4188 qua:
3059 4122 3141 4174 τὼ.
3154 4133 3375 4191 utroque
3401 4138 3701 4193 manarent,
3732 4130 3780 4183 id

2203 4207 2423 4275 peragit.
2438 4208 2553 4261 Non
2566 4211 2705 4263 enim
2724 4214 2897 4263 statim
2914 4211 3063 4273 dixit,
3077 4210 3232 4281 Cujus
3244 4230 3345 4266 non
3357 4231 3463 4267 sum
3478 4217 3662 4287 dignus
3674 4236 3785 4272 cor-

2199 4300 2380 4370 rigiam
2405 4300 2726 4361 calceamenti
2751 4305 2958 4367 δοίητε,
2985 4305 3077 4359 sed
3117 4315 3392 4373 postquam
3424 4308 3671 4377 baptismi
3700 4312 3780 4366 sui

2198 4391 2584 4459 simplicitatem
2620 4393 2813 4457 posuit,
2845 4402 2897 4446 et
2927 4394 3160 4449 ostendit
3199 4396 3343 4449 illum
3375 4397 3504 4451 nihil
3536 4400 3654 4467 plus
3682 4400 3778 4455 ba~

2197 4481 2343 4545 bere,
2363 4496 2519 4550 quam
2541 4484 2680 4551 quod
2706 4483 2767 4535 ad
2796 4486 3155 4552 pmuitentiam
3188 4491 3331 4553 ipsos
3350 4487 3638 4544 deduceret
3660 4494 3777 4561 (nc—

2196 4588 2299 4641 que
2328 4574 2647 4633 enimdixit,
2702 4573 2755 4624 lu
2796 4589 2927 4643 aqua
2960 4577 3308 4639 remissionis.
3354 4578 3471 4643 sed,
3504 4578 3776 4635 Paeniten-

2198 4662 2325 4729 tiaz).
2356 4662 2549 4716 Christi
2596 4663 2910 4733 baptismum
2956 4666 3102 4733 ponit
3143 4667 3396 4723 ineffabili
3438 4671 3583 4723 dono
3612 4672 3778 4728 refer-

2196 4762 2325 4807 tum.
2368 4754 2464 4816 Nc,
2496 4755 2683 4823 inquit,
2712 4771 2832 4809 cum
2872 4758 3044 4815 audis,
3091 4758 3261 4825 ipsom
3291 4769 3410 4828 post
3451 4775 3538 4815 me
3566 4763 3769 4827 venire,

2194 4846 2337 4899 illum
2366 4845 2654 4913 despicias,
2694 4848 2833 4915 quod
2867 4860 3172 4915 postremus
3204 4851 3406 4904 venerit
3434 4868 3448 4903 ε
3478 4853 3626 4907 disce
3664 4856 3769 4910 vim

2192 4938 2315 4993 deni
2354 4939 2542 5006 ipsius,
2584 4950 2633 4992 et
2669 4940 2812 4994 clare
2840 4942 2977 4994 scies
3021 4957 3104 4993 me
3136 4958 3232 4994 nec
3264 4943 3469 5011 dignius
3498 4928 3770 5015 quidpiam

2191 5032 2269 5085 vel
2302 5047 2548 5101 magnum
2582 5034 2887 5099 protulisse,
2922 5048 3039 5085 eum
3071 5032 3200 5095 dixi,
3234 5032 3392 5105 Cujus
3420 5052 3518 5088 non
3547 5054 3661 5091 sum
3682 5039 3765 5092 di-

2189 5142 2316 5194 gnus
2344 5124 2606 5193 corrigiam
2636 5123 2957 5178 caiccameuti
2982 5126 3189 5179 solvere.
3224 5126 3403 5195 itaque
3430 5142 3553 5183 cum
3581 5110 3765 5184 audie-

2188 5219 2261 5270 ris
2283 5218 2451 5284 ipsum
2474 5216 2739 5269 fortiorem
2771 5229 2854 5268 me
2876 5230 3015 5277 esse,
3042 5233 3106 5271 ne
3133 5226 3285 5285 putes
3314 5218 3361 5270 id
3388 5234 3473 5273 me
3500 5233 3599 5288 per
3620 5236 3769 5275 com-

2189 5308 2514 5376 paratiOnem
2537 5306 2749 5360 dixisse.
2776 5307 2954 5375 Neque
2978 5310 3116 5361 enim
3139 5309 3330 5378 dignus
3354 5326 3471 5365 sum
3497 5312 3637 5365 inter
3659 5327 3766 5365 ser-

2190 5410 2281 5449 vos
2297 5396 2412 5463 ejus
2433 5397 2747 5464 computari,
2778 5396 2884 5451 imo
2908 5412 2973 5451 ne
2996 5400 3132 5452 inter
3155 5399 3367 5453 ultimos
3389 5415 3574 5456 servos
3598 5417 3766 5473 neque

2189 5486 2465 5547 ministerii
2510 5487 2593 5540 vel
2623 5489 2927 5543 vilissimum
2959 5500 3160 5557 partem
3205 5490 3373 5544 obire.
3406 5492 3765 5560 Quamobrem

2186 5593 2292 5632 non
2325 5578 2633 5647 simpliciter
2655 5580 2805 5645 dixit,
2837 5580 3227 5645 Calceamenta,
3258 5582 3370 5647 sed,
3390 5584 3574 5655 Neque
3600 5587 3766 5642 corri-

2184 5670 2345 5741 gism,
2376 5672 2515 5741 quod
2543 5682 2835 5728 extremum
2865 5676 3102 5730 omnium
3130 5676 3338 5732 videtur
3366 5693 3507 5735 esse.
3542 5680 3762 5745 Deinde,

2187 5776 2253 5817 ne
2282 5770 2435 5833 putes
2460 5762 2572 5817 hac
2604 5779 2699 5834 per
2734 5764 3083 5823 humilitatem
3122 5767 3283 5826 fuisse
3307 5770 3468 5837 dicta,
3506 5787 3573 5827 ex
3603 5771 3761 5830 rebus
