4082 6524
338 456 437 511 197

340 571 470 631 ipsis
526 571 1038 627 demonstrationem
1092 570 1318 641 adjicit:
1368 584 1491 625 nam
1536 569 1630 635 ait,
1686 566 1808 638 Ipse
1842 582 1931 623 vos

338 662 613 730 liaptizabit
637 664 691 716 in
711 662 914 731 Spiritu
938 672 1112 716 sancto
1142 671 1189 715 et
1208 662 1263 715 in
1281 662 1416 732 igne.
1442 659 1628 716 Viden’
1647 668 1843 729 quanta
1860 658 1932 714 sit

339 752 592 821 Baptista:
630 753 928 820 sapientia?
953 753 1177 820 Quando
1205 753 1319 823 ipse
1361 751 1635 824 prmdicat,
1668 752 1923 832 terribilia

336 845 513 897 omnia
537 842 757 912 praefert
784 860 903 931 qua:
926 845 977 898 in
1000 845 1328 899 anxietatem
1354 844 1681 914 conjiciant;
1713 842 1929 915 quando

336 944 518 988 autem
554 935 619 986 ad
646 932 920 989 Christum
948 936 1130 1000 mittit,
1162 935 1300 990 bona
1324 936 1626 1001 annuntiat,
1656 952 1774 1007 qua:
1812 937 1930 993 ani-

333 1039 452 1079 mos
490 1024 695 1093 possint
738 1040 1008 1080 recreare.
1053 1024 1236 1095 Neque
1278 1027 1423 1080 enim
1467 1026 1721 1092 securim,
1752 1043 1928 1099 neque

332 1115 570 1172 excisam
595 1115 866 1181 arborem,
889 1116 972 1169 vel
1008 1116 1341 1171 combustam
1374 1126 1426 1171 et
1458 1116 1513 1171 in
1540 1117 1715 1187 ignem
1742 1119 1928 1190 conje-

330 1216 499 1267 ctam,
535 1222 710 1276 neque.
753 1207 984 1263 futuram
1014 1209 1146 1262 iram
1194 1206 1246 1262 in
1289 1207 1523 1263 medium
1565 1208 1802 1275 adducit,
1830 1209 1925 1265 sed

333 1307 678 1368 peccatorum
735 1300 1128 1367 remissionem,
1184 1301 1431 1370 supplicii
1484 1302 1721 1367 veniam,
1769 1303 1927 1372 justi-

332 1390 484 1454 tiam,
533 1388 1029 1453 sanetiiicationem,
1073 1391 1525 1461 redemptionem,
1552 1392 1920 1462 adoptionem,

330 1479 752 1544 fraternitatem,
814 1479 1127 1535 hereditatis
1167 1483 1498 1537 consortium
1524 1524 1540 1550 ,
1593 1493 1648 1538 et
1691 1484 1924 1555 Spiritus

330 1573 503 1629 sancti
532 1571 802 1640 cepiosam
827 1571 1183 1641 largitionem.
1213 1572 1339 1627 Haec
1362 1574 1539 1627 omnia
1566 1560 1949 1630 subindieavit'

330 1665 540 1728 dicens,
585 1662 872 1731 Baptisubit
916 1679 1001 1717 vos
1029 1664 1083 1716 in
1113 1662 1317 1734 Spiritu
1360 1676 1558 1727 sancto,
1594 1666 1704 1733 ipsa
1752 1678 1923 1720 meta-

330 1755 499 1825 phora
516 1757 700 1825 gratiae
716 1756 925 1824 copiam
950 1756 1251 1810 declarans.
1279 1755 1396 1811 Non
1423 1758 1565 1811 enim
1588 1758 1742 1823 dixit,
1769 1759 1922 1814 Dabit

328 1847 480 1902 vobis
506 1847 762 1916 Spiritum
793 1856 1076 1913 sanctum;
1107 1849 1225 1914 sed,
1256 1847 1547 1917 Baptizabit
1586 1866 1672 1904 vos
1706 1855 1761 1904 in
1788 1850 1917 1920 Spi-

324 1936 429 1988 ritu
456 1947 667 1998 sancto;
692 1946 747 1991 et
774 1938 909 2007 ignis
932 1937 1207 1994 additione
1230 1939 1632 1995 vehementiam
1661 1950 1714 1995 et
1740 1940 1919 1996 effica-

326 2026 465 2080 ciam
487 2029 670 2096 gratia:
693 2028 1089 2084 demonstrans.

396 2116 451 2170 5.
495 2116 772 2184 Perpende
812 2118 984 2188 igitun
1005 2134 1111 2188 quo
1150 2119 1329 2175 animo
1359 2121 1645 2178 verisimile
1670 2132 1754 2179 est
1792 2114 1919 2179 tunc

325 2206 491 2263 fuisse
518 2210 823 2275 auditores,
852 2212 1146 2281 cogitantes
1172 2224 1231 2267 se
1269 2212 1474 2268 similes
1502 2215 1774 2283 prophetis
1806 2230 1919 2269 ma-

324 2300 547 2369 gnisque
587 2300 691 2353 illis
720 2301 848 2355 viris
878 2316 999 2355 mox
1043 2302 1247 2357 futuros
1281 2317 1419 2359 esse.
1453 2303 1577 2358 ldeo
1607 2305 1749 2359 enim
1782 2307 1917 2375 ignis

324 2394 647 2448 mentionem
678 2394 831 2460 fecit,
861 2403 917 2448 ut
947 2394 1052 2449 illis
1082 2395 1318 2465 ipsorum
1348 2396 1661 2450 memoriam
1691 2412 1915 2452 revoca-

324 2494 425 2541 ret.
468 2486 598 2540 Nam
640 2488 869 2542 maxima
900 2502 1023 2557 pars
1048 2502 1231 2542 earum
1252 2528 1268 2554 ,
1302 2503 1436 2557 quas
1464 2488 1718 2555 habuere,
1754 2488 1917 2544 visio-

323 2594 451 2633 num
474 2619 487 2643 ,
519 2591 617 2647 per
646 2578 819 2647 ignem
845 2592 1180 2647 apparuere:
1205 2578 1282 2634 sic
1300 2579 1465 2651 Moysi
1489 2582 1539 2634 in
1564 2581 1699 2637 rttbo
1723 2583 1915 2653 loquu-

324 2678 409 2724 tus
438 2678 523 2724 est
552 2669 725 2735 Deus,
769 2670 847 2725 sic
884 2671 1029 2724 onmi
1073 2671 1269 2740 populo
1308 2672 1375 2725 in.
1404 2684 1585 2727 monte
1630 2674 1787 2738 Sina;
1836 2677 1916 2730 sic

322 2757 592 2815 Ezechieli
619 2775 741 2815 eum
780 2762 1122 2816 Cheruhiuis.
1161 2762 1543 2819 Animadverte
1588 2781 1745 2833 porro
1782 2781 1917 2835 quo-

323 2850 486 2904 modo
510 2850 807 2905 auditorem
843 2853 1072 2916 excitet,
1120 2854 1346 2921 primum
1396 2866 1637 2909 statuens
1677 2855 1727 2909 id
1772 2857 1914 2925 quod

322 2950 442 3011 post
473 2943 573 2996 alia
604 2944 779 2997 omnia
812 2944 1045 2998 futurum
1071 2954 1203 3000 erat.
1232 2945 1527 3014 Oportebat
1552 2950 1694 3003 enim
1725 2950 1914 3005 immo-

321 3032 417 3087 lari
443 3033 671 3103 Agnum',
691 3044 745 3088 et
770 3046 1044 3105 peceatum
1069 3035 1256 3102 deleri,
1288 3038 1617 3093 iuimicitiam
1644 3041 1801 3105 solvi,
1829 3057 1917 3097 se-

321 3123 589 3192 pulturam
619 3126 907 3181 succedere
926 3138 979 3182 et
1004 3128 1475 3190 resurrectionem.
1505 3138 1557 3182 et
1586 3138 1767 3197 postea
1795 3132 1917 3198 Spi-

320 3213 481 3267 ritum
513 3224 753 3269 sanctum
791 3216 1062 3270 advenire.
1109 3221 1177 3271 At
1214 3233 1400 3271 eorum
1442 3217 1571 3271 nihil
1611 3219 1772 3285 dicit;
1818 3218 1913 3274 sed

320 3302 464 3371 quod
495 3312 822 3371 postremum
850 3300 996 3370 erat,
1030 3306 1260 3373 primum
1290 3308 1495 3374 posuit,
1528 3318 1747 3375 propter
1770 3310 1912 3377 quod

320 3402 516 3448 cetera
548 3394 728 3449 omnia
756 3394 894 3449 facta
923 3405 1082 3461 sunt,
1126 3398 1377 3465 quodque
1406 3400 1636 3451 maxime
1663 3398 1911 3455 idoneum

320 3493 436 3538 erat
462 3483 529 3537 ad
554 3483 672 3552 ejus
699 3484 1092 3553 prmdieandam
1122 3485 1436 3561 dignitatem
1469 3507 1481 3541 :
1516 3499 1572 3541 nt
1608 3504 1729 3542 cum
1771 3490 1912 3544 didi-

322 3574 451 3628 cerit
482 3574 715 3638 auditor,
748 3589 807 3629 se
836 3584 1037 3628 tantum
1076 3575 1332 3645 Spiritum
1371 3590 1711 3648 accepturum
1751 3597 1871 3636 esse
1894 3624 1910 3647 ,

322 3674 525 3735 quaerat
561 3666 700 3735 apud
728 3667 1073 3736 semetipsum
1100 3669 1367 3737 quomodo
1409 3669 1459 3723 id
1501 3672 1733 3727 futurum
1772 3685 1917 3729 esset

325 3764 541 3822 peccato
571 3756 675 3810 late
703 3768 990 3826 regnante;
1023 3769 1079 3811 ut
1108 3759 1467 3828 illum.postea
1496 3760 1769 3831 reperiens
1802 3766 1913 3818 sol-

325 3846 562 3913 licitum,
594 3857 647 3904 et
683 3850 750 3903 ad
792 3850 1113 3904 audiendum
1158 3864 1396 3919 paratum
1419 3896 1432 3918 ,
1466 3854 1543 3908 sic
1571 3856 1637 3908 de
1671 3857 1915 3924 passione

326 3953 631 3993 sermonem
660 3940 965 4005 induceret,
996 3943 1209 3996 nemine
1234 3953 1414 4011 postea
1444 3945 1494 3997 in
1535 3946 1913 4002 oﬂ'eudicuhun

329 4032 535 4087 labente
555 4034 625 4086 ob
644 4033 945 4088 diuturnam
972 4033 1096 4089 doni
1121 4034 1417 4103 hujusmodi
1440 4040 1912 4105 exspectationem.

329 4121 451 4176 Ideo
499 4137 710 4177 rursum
749 4125 1013 4179 clamabat
1061 4143 1073 4178 :
1118 4125 1250 4179 Ecce
1287 4143 1450 4196 agnus
1494 4128 1624 4193 Dei,
1682 4130 1769 4198 qui
1822 4131 1914 4183 tol-

330 4214 384 4266 lit
414 4223 671 4280 peccatum
715 4216 893 4268 mundi
929 4214 1113 4284 (Joan.
1143 4216 1193 4268 l.
1215 4215 1342 4287 29).
1374 4216 1488 4272 Non
1518 4218 1682 4283 dixit,
1711 4220 1810 4289 Qui
1836 4237 1921 4276 re-

332 4305 525 4370 mittit,
556 4303 650 4358 sed
680 4304 821 4373 quod
849 4305 1065 4375 majoris
1106 4317 1220 4360 erat
1255 4324 1401 4363 cura:
1435 4324 1499 4365 ac
1539 4313 1914 4379 providentia,

336 4394 435 4459 Qui
480 4393 632 4447 tollit.
677 4393 795 4448 Non
835 4395 976 4448 enim
1007 4394 1231 4465 idipsum
1263 4408 1347 4452 est
1387 4400 1699 4469 simpliciter
1738 4404 1921 4459 remit-

334 4492 481 4548 tere,
520 4490 577 4538 et
619 4494 801 4552 postea
844 4500 1138 4542 resumere.
1196 4488 1327 4542 Nam
1374 4490 1501 4544 illud
1550 4490 1669 4545 sine
1711 4493 1920 4562 pericu-

336 4575 386 4626 lo
428 4572 622 4636 ﬁebat,
666 4573 767 4628 hoc
796 4585 973 4629 autem
1006 4593 1099 4644 per
1138 4588 1363 4634 mortem
1405 4580 1505 4652 (a).
1550 4581 1753 4639 Rursus
1791 4598 1921 4639 vero

332 4663 581 4731 dicebat,
627 4664 771 4734 quod
808 4665 973 4721 Filius
1020 4668 1111 4723 Dei
1150 4680 1292 4725 esset
1320 4670 1483 4737 (Ibid.
1510 4689 1557 4727 υ.
1584 4675 1697 4745 54).
1721 4675 1920 4732 Verum

394 4905 469 4969 (a)
495 4903 586 4977 Sic
615 4903 1011 4979 Latine_liontf.;
1061 4907 1231 4986 Graec
1275 4912 1443 4956 autem
1468 4920 1480 4954 :
1506 4907 1609 4979 ~0f:
1649 4908 1737 5016 Sep
1780 4912 1909 4985 term

394 4984 437 5015 av
477 4967 662 5016 ἀοιιναι
685 4968 865 5016 ἁπλως.
885 4968 966 5014 καὶ
1008 4968 1089 5015 τὸν
1137 4968 1278 5016 αυτὸν
1300 4969 1567 5016 ἀναλαόειν.
1618 4972 1656 5016 Τ
1714 4972 1796 5016 μὲν
1820 4988 1909 5016 γαο

330 4966 437 5035 terr
477 4966 662 5035 ἀθρεῖναι
685 4968 865 5035 sum.
885 4968 972 5035 και,
999 4966 1089 5035 τῷν
1137 4968 1278 5035 αφτᾲν
1618 4966 1688 5035 τὴ
1714 4966 1796 5031 μέν
1820 4974 1909 5035 ap

331 5028 419 5081 ιῖω
439 5027 658 5096 κινδύνῳ
691 5028 893 5096 ἐγέγετο,
913 5028 982 5096 ¹ττὸ
1009 5030 1061 5075 δὲ
1084 5032 1202 5096 μεῖὰ
1489 5031 1608 5096 Quae
1650 5027 1723 5079 sle
1742 5027 1909 5092 expli-

330 5100 428 5152 cari
451 5091 697 5152 possunt:
727 5087 851 5152 Neu
873 5087 1001 5137 idem
1027 5087 1102 5152 est
1126 5089 1415 5152 simpliciter
1446 5088 1691 5141 remittere
1713 5099 1757 5152 et
1774 5087 1909 5152 eiim-

329 5144 566 5215 t_l_em't_id
586 5154 673 5215 est
702 5146 1046 5215 remittentemi
1102 5144 1345 5215 assuiuere
1407 5151 1557 5212 (quod
1606 5151 1905 5213 remittitur).

331 5211 377 5277 gr
383 5206 596 5277 entitled
612 5205 722 5277 sine
731 5206 947 5277 periculo
966 5205 1128 5271 ﬁebat,
1137 5224 1199 5259 ea:
1209 5212 1297 5260 hoc
1309 5205 1471 5277 autern
1481 5224 1614 5277 mors
1624 5205 1911 5277 sequebatur

333 5271 417 5334 (ad
438 5268 681 5321 litteram.
701 5265 792 5334 hoc
831 5265 989 5319 (tulerit
1007 5265 1124 5320 cum'
1154 5274 1348 5334 morte).
1387 5275 1524 5331 Quod
1552 5275 1611 5328 si,
1644 5265 1910 5327 m'ultorum

330 5331 555 5395 optimum
574 5333 917 5395 arctotjitatem
941 5335 1116 5392 secuti,
1140 5331 1358 5395 legamus
1383 5334 1524 5381 αὐτόν
1537 5346 1626 5395 pro
1642 5337 1723 5382 τὸν
1747 5340 1908 5395 αὐτόν,

329 5393 401 5457 sic
454 5388 932 5460 interpretabimur:
998 5388 1113 5460 Non
1152 5388 1280 5445 enim
1323 5392 1455 5460 idem
1495 5388 1565 5443 es't
1618 5388 1907 5460 (Cltristumj

656 5451 907 5522 (Ρβεεξζω)
925 5455 1208 5522 _retnitlere,
1254 5462 1301 5522 et
1325 5454 1498 5522 ipsum
1531 5446 1797 5522 assumere
1810 5446 1914 5522 ᾗ·ᾇᾷ

587 5511 951 5580 Erratﬂontf.
984 5519 1110 5580 dum
1160 5511 1369 5577 conjiclt'
1414 5517 1614 5580 rescribi
1648 5511 1913 5580 POSSG‘T‘M

328 5573 476 5643 ςεοςήν
511 5572 727 5637 (scilicet
745 5577 998 5647 hpapriav)
1021 5572 1291 5650 ᾲνα>αϐεῐῖμ
1322 5583 1376 5627 et
1418 5578 1581 5639 lnterp
1610 5572 1767 5630 citri:
1802 5572 1914 5633 Non

327 5632 540 5703 idipsum
554 5640 631 5703 est
652 5642 901 5695 peccatum
923 5638 1167 5703 dimittere
1185 5647 1231 5692 et
1259 5650 1416 5703 ipsum
1437 5650 1910 5703 Dn_uspto_rot.t.sne;

329 5683 618 5810 huhéégm
646 5683 1468 5753 seasun'iai‘diiiié'iicéiii'verbo
1490 5698 1739 5752 ἀναλαϐεῖν
1776 5683 1914 5756 allia:

329 5770 465 5810 nete.
588 5772 653 5807 Ιτο

324 5770 465 5821 geie.
512 5770 653 5810 non.

1451 448 1518 505 IN
1546 445 1953 505 narramus
1992 410 2226 503 uoutL.
2268 449 2360 504 χι.

3540 474 3638 527 195

2036 574 2212 630 neque
2239 563 2370 620 illud
2404 566 2552 623 clare
2578 569 2891 640 dignitatem
2925 573 3065 629 illius
3093 576 3432 633 audientibus
3462 585 3641 651 expri~

2036 652 2234 709 mebat.
2276 655 2522 713 Nondum
2550 661 2694 716 enim
2725 663 2967 719 sciebant
2994 666 3168 735 ipsum
3190 684 3313 725 esse
3341 675 3636 741 genuinum

2034 742 2227 799 Filium
2262 764 2276 800 :
2304 762 2369 803 ex
2399 748 2541 805 dono
2568 761 2745 808 autem
2777 753 3008 824 Spiritus
3050 760 3222 814 sancti
3276 762 3327 815 id
3351 762 3462 831 jam
3502 780 3639 820 con-

2033 835 2230 891 stabat.
2277 836 2509 909 ldeoque
2552 842 2710 898 Pater
2759 844 3020 901 Joannem
3062 850 3315 917 mittens,
3362 854 3637 925 dignitatis

2033 925 2172 995 ejus,
2202 928 2291 999 qui
2321 929 2656 997 adveniebat,
2689 935 2791 990 hoc
2816 950 3190 1007 argumentum
3214 942 3385 1009 dedit,
3407 946 3593 1003 dicens
3617 968 3632 1003 :

2034 1016 2203 1088 Super
2229 1036 2376 1087 quem
2413 1025 2594 1078 videris
2634 1025 2886 1096 Spiritum
2924 1030 3303 1088 descendentem
3342 1046 3391 1090 et
3419 1054 3634 1092 manen-

2032 1115 2151 1175 tem,
2171 1109 2350 1201 hlic'est
2367 1115 2456 1183 qui
2480 1116 2702 1182 baptism
2731 1119 2783 1172 in
2810 1120 3010 1189 Spiritu
3038 1135 3215 1177 sancto
3236 1124 3414 1194 (Ιοση.
3440 1130 3633 1201 1.53).

2031 1193 2367 1298 Quapropter
2387 1212 2440 1258 et
2465 1205 2579 1275 ipse
2604 1207 2733 1263 dicit
2762 1229 2774 1263 :
2803 1209 2911 1280 Ego
2937 1213 3039 1266 vidi
3067 1193 3487 1273 et‘testimonium
3511 1193 3635 1298 per-

2031 1288 2173 1343 m...-
2196 1293 2316 1359 quia
2336 1294 2420 1348 hic
2438 1307 2508 1348 est
2528 1294 2699 1352 Filius
2724 1297 2819 1367 Dei
2841 1300 3003 1366 (ma.
3034 1320 3081 1356 υ.
3111 1304 3181 1359 si
3198 1305 3238 1374 ),
3267 1308 3421 1377 quasi
3441 1288 3635 1367 erat.

2030 1390 2086 1434 et
2113 1380 2243 1436 illud
2274 1398 2487 1453 quoque
2522 1386 2631 1455 jam
2663 1389 2866 1444 clarum
2907 1392 3180 1449 evaderet.
3227 1395 3460 1461 Deinde,
3505 1400 3632 1468 quia

2030 1469 2166 1525 bona
2186 1472 2349 1539 dixit,
2372 1475 2779 1546 auditoremque
2799 1481 3004 1535 remisit
3023 1492 3183 1553 atque
3204 1483 3420 1554 laxavit,
3446 1504 3633 1544 rursus

2030 1561 2178 1616 illum
2211 1566 2512 1637 restringit,
2558 1584 2626 1623 ne
2655 1569 2705 1623 in
2744 1569 3002 1625 desidiam
3044 1574 3218 1629 cadat.
3264 1576 3396 1632 Tale
3432 1579 3633 1648 quippe

2027 1664 2137 1708 erat
2167 1653 2477 1712 Judmorum
2505 1674 2673 1729 genus
2703 1678 2715 1714 :
2747 1676 2812 1715 ex
2840 1664 3111 1731 prosperis
3139 1666 3246 1720 cito
3286 1669 3632 1725 emollieban-

2029 1750 2135 1809 tur,
2162 1745 2570 1817 deterioresque
2598 1749 2818 1805 ﬁebant.
2865 1751 3098 1822 Ideoque
3136 1770 3324 1810 rursus
3369 1759 3627 1815 terribilia

2027 1833 2232 1890 inducit
2273 1836 2356 1891 his
2398 1838 2573 1893 verbis
2610 1858 2622 1894 :
2659 1840 2747 1894 η.
2790 1841 2951 1907 Cuius
2994 1846 3325 1901 ventilabrum
3368 1850 3421 1903 in
3472 1867 3629 1906 manu

2023 1940 2136 1977 sua.
2169 1925 2424 1995 Superius
2450 1929 2559 1997 jam
2586 1931 2906 2000 supplicium
2931 1948 3349 2003 memoraverat;
3389 1938 3475 1995 hic
3498 1957 3628 1996 vero

2023 2015 2263 2073 Judieem
2294 2020 2515 2087 inducit,
2542 2023 2951 2095 immortaleque
2972 2028 3291 2097 supplicium
3324 2048 3338 2084 :
3366 2047 3486 2085 nam
3514 2034 3627 2089 ait:

2023 2106 2290 2163 Comburet
2321 2111 2494 2180 paleas
2524 2115 2638 2183 igne
2674 2115 3091 2186 iuexstinguibili.
3127 2118 3282 2174 Vides
3324 2122 3496 2190 ipsum
3544 2139 3627 2178 re-

2024 2215 2139 2253 rum
2170 2203 2409 2256 omnium
2444 2204 2725 2259 Dominum
2764 2209 3047 2277 agricolam
3077 2224 3202 2266 esse
3244 2228 3257 2265 :
3300 2227 3624 2284 quamquam

2024 2292 2236 2349 Patrem
2268 2296 2368 2350 hoc
2391 2297 2564 2365 ipsum
2592 2313 2715 2353 esse
2741 2300 2864 2353 alibi
2897 2302 3091 2355 dixerit
3122 2322 3135 2356 :
3169 2302 3328 2357 Pater
3356 2322 3516 2369 utens,
3552 2309 3627 2361 in-

2022 2386 2170 2454 quit,
2202 2388 2427 2457 agn'cola
2453 2398 2529 2441 est
2553 2388 2572 2457 (
2593 2388 2732 2441 Ibid.
2765 2390 2897 2443 lS.l
2928 2394 2945 2459 )
2996 2391 3129 2457 Quia
3160 2394 3303 2447 enim
3332 2395 3495 2463 dixit,
3527 2397 3626 2452 Se-

2022 2476 2190 2541 curis,
2224 2492 2291 2531 ne
2322 2487 2534 2545 putares
2566 2494 2675 2533 rem
2709 2480 2893 2535 labore
2921 2497 3056 2550 opus
3084 2484 3302 2552 habere,
3345 2503 3442 2544 nec
3468 2489 3626 2547 facile

2023 2565 2251 2621 discerni
2283 2582 2438 2635 posse
2459 2608 2474 2631 ,
2505 2569 2609 2621 alio
2636 2570 2883 2639 exemplo
2914 2572 3221 2629 facilitatem
3255 2576 3486 2645 inducit,
3528 2595 3623 2635 οε-

1982 2670 1993 2676 ’
2025 2657 2249 2711 tendens
2275 2658 2527 2712 mundum
2554 2668 2722 2713 totum
2750 2661 2892 2715 illius
2912 2677 3031 2718 esse
3059 2679 3073 2717 :
3101 2680 3211 2719 non
3237 2668 3380 2721 enim
3411 2671 3627 2737 puniret

2022 2746 2249 2803 alienos.
2270 2748 2417 2803 Nunc
2435 2764 2562 2803 vero
2583 2751 2758 2805 omnia
2784 2754 3045 2821 permixta
3066 2767 3207 2809 sunt.
3235 2756 3458 2814 Etiamsi
3476 2762 3620 2817 enini

2022 2836 2343 2892 frumentum
2370 2839 2562 2903 luceat,
2586 2850 2821 2895 attamen
2842 2857 2963 2896 cum
2989 2844 3139 2911 palea
3166 2848 3395 2914 positum
3419 2860 3519 2910 est.
3542 2860 3622 2905 ut.-

2023 2935 2148 2994 pote
2174 2926 2225 2979 in
2254 2942 2379 2981 area
2402 2969 2416 2992 ,
2446 2944 2551 2982 non
2585 2929 2637 2983 in
2672 2930 2886 2985 horreo.
2922 2933 3072 2989 Tunc
3097 2946 3275 2989 autem
3308 2941 3486 2994 omnia
3514 2940 3627 2995 dis-

2020 3025 2331 3070 cernentur.
2364 3016 2462 3072 Ubi
2494 3034 2636 3074 nunc
2661 3034 2787 3075 sunt
2815 3023 2887 3075 illi
2917 3026 3005 3094 qui
3032 3018 3335 3095 gehennam
3366 3044 3489 3085 esse
3513 3047 3623 3087 non

2020 3107 2288 3161 credunt?
2316 3109 2528 3164 Etenim
2556 3110 2662 3166 duo
2693 3114 2890 3180 posuit,
2922 3124 2976 3169 et
3003 3116 3393 3186 baptizaturum
3422 3136 3543 3176 esse
3567 3124 3619 3177 iu

2020 3195 2222 3263 Spiritu
2264 3208 2484 3263 sancto,
2534 3210 2586 3253 ct
2627 3203 3032 3257 eombusturnm
3077 3222 3182 3260 non
3230 3210 3533 3266 credentes.
3565 3214 3621 3267 Si

2020 3286 2179 3355 igitur
2208 3288 2335 3342 illud
2366 3290 2723 3356 credendum,
2766 3304 2820 3347 et
2866 3295 2968 3349 hoc
3006 3298 3169 3351 etiam
3212 3316 3452 3368 prorsus.
3478 3304 3614 3360 Pro~

2018 3386 2136 3444 pter
2195 3376 2297 3430 hoc
2351 3378 2497 3433 enim
2556 3388 2839 3451 utrmnque
2892 3384 3175 3453 przedixit,
3230 3399 3287 3443 ut
3338 3390 3407 3446 ab
3459 3396 3620 3451 unius

2020 3464 2380 3534 prmdietionis
2408 3480 2602 3522 eventu
2622 3510 2637 3532 ,
2672 3471 2825 3525 alteri
2859 3474 2992 3528 lides
3019 3490 3125 3530 non
3151 3490 3456 3549 negaretur.
3486 3484 3621 3540 Nam

2019 3565 2073 3609 et
2100 3553 2345 3610 Christus
2376 3556 2427 3612 id
2457 3573 2563 3613 non
2594 3576 2715 3614 raro
2742 3560 2865 3615 facit
2894 3582 2906 3617 :
2938 3579 3082 3633 smpe
3110 3567 3159 3620 in
3194 3569 3257 3622 iis
3285 3571 3413 3639 ipsis
3438 3574 3615 3640 rebus,

2018 3659 2163 3711 sepe
2192 3646 2352 3701 etiam
2387 3647 2437 3700 in
2465 3650 2747 3704 contrariis
2768 3693 2782 3717 ,
2815 3652 2947 3707 duas
2972 3670 3249 3724 apponens
3275 3663 3618 3730 prophetias,

2020 3751 2244 3804 quarunt
2273 3752 2429 3791 unam
2460 3739 2678 3795 exhibet
2704 3742 2972 3810 impletam
2995 3787 3008 3808 ,
3037 3747 3266 3802 alteram
3294 3751 3618 3819 implendam

2023 3827 2314 3894 promittit,
2345 3837 2401 3880 ut
2430 3829 2497 3882 ab
2522 3845 2584 3885 ea
2606 3872 2619 3893 ,
2649 3847 2768 3901 qua:
2787 3834 2897 3901 jam
2939 3838 3150 3902 evenit,
3195 3838 3415 3896 alteram
3441 3886 3456 3909 ,
3503 3862 3622 3915 qua:

2022 3920 2256 3973 nondum
2297 3922 2494 3987 evenit,
2527 3922 2611 3977 vel
2657 3926 3102 3983 contentiosiores
3129 3931 3371 3986 credant.
3407 3935 3619 3992 Etenim

2024 4012 2087 4063 iis
2110 4012 2195 4079 qui
2226 4020 2444 4079 propter
2466 4012 2638 4079 ipsum
2669 4017 2847 4068 omnia
2872 4018 3200 4086 reliquerint,
3226 4028 3535 4094 centuplum
3567 4029 3619 4082 in

2024 4102 2273 4167 prmsenti
2300 4102 2498 4156 sa-eulo
2524 4116 2585 4156 se
2613 4103 2859 4157 (laltll'llnl
2902 4107 3167 4175 pollicitus
3205 4123 3319 4178 est,
3365 4127 3418 4171 et
3458 4118 3619 4172 vitam

2024 4200 2277 4244 arternam
2311 4190 2575 4250 inIuturo
2604 4192 2812 4262 (Marc.
2847 4198 2930 4251 l0.
2964 4198 3111 4268 50),
3139 4216 3205 4255 ex
3251 4204 3344 4265 iis.
3387 4222 3505 4276 qua:
3533 4210 3622 4264 hit:

2023 4280 2237 4346 dantur,
2271 4279 2449 4351 futura,
2472 4282 2575 4337 llde
2595 4282 2752 4354 digna
2786 4286 3036 4342 reddens.
3063 4290 3115 4343 ld
3140 4294 3281 4360 quod
3305 4297 3463 4351 etiam
3496 4298 3623 4355 fecit

2023 4374 2258 4430 Joannes
2281 4416 2295 4439 ,
2328 4386 2612 4446 utrumque
2640 4392 2873 4446 ponens,
2915 4388 2969 4434 et
2998 4383 3137 4451 qtmd
3169 4384 3401 4455 baptizct
3423 4391 3474 4445 in
3498 4393 3622 4461 Spi-

2025 4466 2128 4521 ritu
2156 4476 2359 4529 sancto,
2391 4474 2448 4521 et
2475 4468 2615 4537 quod
2645 4470 2924 4523 comburat
2957 4473 3075 4541 igne
3106 4474 3545 4548 inexstinguibili.

2098 4559 2150 4612 6.
2192 4559 2245 4614 Si
2295 4560 2470 4630 itaque
2502 4576 2607 4613 non
2636 4561 2921 4628 baptizavit
2970 4563 3020 4616 in
3066 4564 3265 4633 Spiritu
3311 4573 3619 4643 apostolos,

2027 4664 2200 4717 neque
2231 4649 2378 4713 illos,
2421 4652 2510 4718 qui
2555 4651 2790 4719 quotidie
2832 4652 3085 4721 baptizari
3128 4658 3356 4725 vellent,
3404 4664 3471 4716 de
3518 4665 3623 4721 illis

2025 4743 2186 4796 etiam
2214 4743 2486 4796 dubitandi
2520 4743 2693 4797 locum
2726 4743 2985 4808 haberes;
3014 4747 3055 4799 si
3088 4763 3216 4801 vero
3246 4751 3295 4803 id
3328 4755 3469 4822 quod
3505 4773 3620 4810 ma-

2023 4834 2111 4901 jus
2155 4844 2208 4888 et
2249 4834 2518 4889 diﬁicilius
2555 4849 2675 4889 esse
2714 4836 3010 4902 videbatur,
3053 4848 3107 4894 et
3148 4842 3287 4909 quod
3315 4858 3620 4904 sermonem

2028 4939 2241 4977 etunem
2272 4933 2524 4992 superat,
2566 4934 2616 4977 et
2648 4923 2845 4980 factum
2883 4936 2992 4988 est.
3034 4942 3090 4989 et
3111 4932 3349 5006 quotidie
3371 4934 3620 4999 elIicitur,

2028 5016 2153 5085 quid
2182 5032 2356 5071 cath
2384 5025 2470 5071 est
2495 5031 2590 5071 cur
2616 5016 2666 5071 id
2692 5018 2833 5086 quod
2867 5019 3019 5075 facile
3047 5031 3102 5076 et
3128 5012 3420 5080 Secundum
3456 5032 3623 5083 ratio-

2030 5122 2152 5161 nem
2192 5116 2303 5172 est,
2333 5122 2518 5162 verum
2562 5124 2668 5167 non
2711 5122 2830 5163 esse
2864 5108 3049 5163 dicas?
3073 5112 3208 5178 Quia
3256 5116 3399 5169 enim
3438 5118 3575 5174 dixit
3608 5163 3621 5175 ,

2030 5196 2312 5263 Baptizabit
2341 5198 2392 5251 in
2423 5198 2623 5268 Spiritu
2648 5210 2823 5253 sancto
2849 5209 2894 5253 et
2933 5201 2984 5254 in
3026 5202 3174 5271 igne,
3214 5213 3267 5259 et
3308 5222 3495 5276 magna
3539 5209 3626 5265 hic

2031 5288 2277 5357 promisit
2304 5286 2473 5354 bona,
2504 5304 2572 5343 ne
2613 5289 2793 5342 animo
2840 5291 3171 5354 coneideres,
3207 5297 3472 5362 prioribus
3502 5316 3623 5354 orn-

2032 5379 2190 5433 nibus
2219 5378 2493 5448 neglectis,
2518 5380 2868 5433 ventilabrum
2896 5379 3122 5444 induxit,
3150 5393 3201 5436 et
3223 5384 3480 5453 judicium
3509 5391 3626 5445 sive

2033 5472 2297 5526 delectum
2327 5486 2426 5541 per
2452 5470 2553 5525 hoc
2584 5470 2695 5525 ﬁeri
2724 5472 2961 5525 solitum.
2992 5472 3069 5527 Ne
3100 5476 3297 5543 putetis
3325 5480 3467 5529 enim
3490 5520 3505 5541 ,
3526 5486 3626 5545 in-

2033 5565 2175 5634 quit,
2204 5564 2520 5632 baptismum
2546 5564 2825 5627 sullicere,
2855 5564 2900 5617 Si
2929 5565 3156 5634 ἱωῐιτυιιῖ
3185 5579 3364 5635 P05”a
3395 5568 3624 5637 Ῑυθτίίίδῖ

2035 5672 2167 5723 opus
2192 5656 2389 5723 quippe
2411 5653 2567 5709 nobis
2590 5665 2673 5709 est
2695 5666 2748 5709 et
2773 5657 2966 5710 virtute
2991 5667 3043 5710 et
3074 5659 3233 5711 multa
3266 5660 3624 5729 philosophia.

2032 5743 2317 5814 Propterea
2362 5747 2629 5800 lavacrum
2656 5746 2707 5799 in
2735 5746 2957 5814 gratiam
2992 5746 3137 5815 ipsos
3164 5763 3192 5799 a
3224 5749 3393 5801 secari
3424 5749 3509 5799 illa
3542 5753 3623 5807 de
