4082 6524
470 420 570 475 190

464 534 615 605 pellit
642 532 716 606 (a)
744 540 797 589 et
826 527 1074 585 transfert
1101 539 1115 578 :
1150 532 1269 594 post
1293 521 1513 594 gratiam
1551 510 1726 572 autém
1753 507 2036 606 a‘ventil-a-

467 598 566 680 bro
592 598 791 691 et‘i'gne
818 614 1229 687 inexstinguibili
1260 620 1455 673 terret,
1486 616 1542 663 et
1560 605 1755 661 nullam
1777 600 1902 656 facit
1923 598 2037 691 dis:

466 686 775 769 tinctionem
819 724 1004 766 eorum
1049 686 1139 776 qui
1182 703 1411 759 nondum
1454 694 1701 767 baptizati
1736 700 1897 756 sunt,
1944 686 2035 742 sed

466 803 784 873 generaliter
825 801 893 853 ait
927 814 940 852 :
978 798 1153 851 Omnis
1176 795 1340 854 arbor,
1370 803 1483 855 qua
1509 803 1609 841 non
1652 784 1773 855 facit
1820 786 2035 873 fructum

466 870 650 948 bonum
670 934 684 958 ,
716 892 985 952 excidatur,
1012 886 1248 941 infideles
1274 895 1460 935 onmes
1485 878 1736 949 puniens;
1767 880 1888 944 post
1910 870 2037 938 bap-

467 988 622 1039 tisma
668 993 840 1036 autem
893 977 1281 1033 distinctionem
1333 969 1615 1041 quamdam
1669 964 1864 1028 efficit;
1915 961 2035 1030 quia

468 1076 615 1129 nuilti
644 1088 826 1127 eorum
857 1072 940 1139 qui
967 1067 1240 1124 credidere
1264 1106 1278 1129 ,
1304 1064 1408 1119 fide
1446 1061 1710 1130 indignam
1738 1058 1903 1112 vitam
1938 1052 2048 1108 du-

467 1166 601 1220 cturi
621 1173 789 1218 erant.
813 1161 980 1217 Nemo
998 1163 1174 1229 itaque
1194 1157 1340 1226 palea
1363 1154 1471 1217 fiat,
1493 1164 1649 1205 nemo
1667 1150 1735 1204 sit
1755 1148 2033 1208 ﬂuctuans,

467 1268 639 1323 neque
668 1252 844 1323 pravis
871 1248 1241 1318 cupiditatibus
1267 1245 1337 1300 sit
1363 1243 1602 1298 addictus
1620 1282 1633 1305 ,
1662 1240 1733 1294 ita
1755 1247 1812 1292 nt
1833 1238 1902 1292 ab
1936 1236 2040 1289 illis

467 1343 622 1398 facile
650 1343 879 1411 undique
900 1342 1143 1410 jactetur.
1172 1336 1225 1392 Si
1251 1337 1389 1390 enim
1428 1334 1748 1389 frumentum
1786 1337 2036 1387 maneas,

422 1500 427 1503 _
469 1434 673 1489 etiamsi
706 1432 924 1486 tentatio
951 1432 1176 1498 ingruat,
1207 1427 1336 1481 nihil
1364 1425 1484 1479 mali
1513 1435 1762 1492 passurus
1789 1433 1848 1473 es
1874 1435 1888 1471 :
1915 1432 2035 1471 nam

466 1523 521 1578 in
550 1537 674 1576 area
716 1531 847 1574 rotae
893 1535 1082 1573 currus
1122 1515 1361 1570 sulcandi
1400 1514 1700 1567 facultatem
1746 1509 2033 1572 habentes,

468 1614 787 1668 frumentum
811 1625 913 1666 non
940 1608 1212 1672 scindunt;
1236 1607 1281 1661 si
1306 1621 1431 1660 vero
1454 1605 1504 1658 in
1531 1600 2039 1674 palezefragilitatem

469 1702 751 1764 incideris,
795 1709 849 1754 et
892 1700 977 1755 hic
1017 1696 1342 1754 intoleranda
1394 1695 1639 1764 patieris,
1684 1692 1752 1745 ab
1791 1690 2040 1745 omnibus

469 1798 733 1858 concisus,
765 1806 817 1847 et
849 1792 954 1847 illic
982 1789 1291 1859 supplicium
1323 1788 1436 1842 lues
1460 1794 1735 1840 :eternum.
1765 1782 1865 1850 Qui
1894 1778 2039 1835 enim

470 1886 604 1940 tales
628 1894 751 1938 sunt
768 1924 782 1949 ,
807 1893 1087 1952 antequam
1110 1881 1376 1935 fornacem
1405 1879 1546 1932 illam
1572 1878 1797 1929 futuram
1822 1872 2038 1937 adeant,

471 1974 907 2029 irrationabilium
935 1974 1213 2027 affectuum
1242 1970 1329 2024 hic
1356 1985 1475 2024 esca
1501 1967 1819 2031 efﬁciuntur,
1843 1970 1905 2019 ut
1942 1978 2040 2033 pa—

472 2065 570 2121 leae
586 2073 709 2119 sunt
736 2064 1005 2117 brutorum
1028 2063 1177 2116 cibus
1206 2079 1219 2114 :
1250 2070 1301 2114 et
1327 2059 1435 2114 illic
1452 2073 1635 2113 rursus
1652 2057 1869 2111 materia
1885 2065 1938 2110 et
1952 2055 2032 2109 ci-

470 2159 571 2213 bus
601 2158 733 2226 ignis
763 2166 936 2212 erunt.
968 2156 1021 2211 Si
1049 2155 1221 2209 statim
1252 2153 1473 2207 dixisset
1506 2170 1518 2203 :
1552 2151 1667 2221 Ipse
1692 2149 1949 2219 indicabit
1971 2146 2039 2201 de

470 2248 709 2311 actibus;
741 2260 1043 2300 sermonem
1088 2260 1191 2298 non
1224 2246 1295 2297 ita
1325 2242 1650 2312 probabilem
1681 2239 1993 2295 reddidisset
2021 2255 2035 2301 ;

470 2353 589 2391 cum
615 2346 790 2390 autun
822 2335 1122 2404 parabolam
1150 2334 1459 2397 admiscuit,
1498 2340 1551 2387 et
1590 2348 1682 2401 per
1710 2347 1827 2385 eam
1865 2330 2039 2383 omnia

472 2427 822 2495 dispensavit,
852 2424 905 2479 id
934 2424 998 2477 ad
1029 2423 1452 2494 persuadendum
1477 2423 1643 2490 magis
1679 2429 1857 2489 aptum
1897 2427 2039 2481 erat;

471 2524 525 2569 et
554 2531 672 2570 cum
712 2514 899 2583 majori
940 2513 1306 2568 consolatione
1342 2512 1636 2565 auditorem
1668 2510 1926 2564 trahebat.
1963 2507 2044 2560 ld-

470 2607 613 2661 circo
641 2605 759 2660 illos
785 2619 926 2675 saepe
955 2602 1055 2659 hac
1080 2604 1286 2658 ratione
1310 2602 1612 2671 alloquitur,
1653 2615 1859 2662 aream,
1904 2614 2040 2653 mes-

469 2711 582 2751 sem
607 2735 622 2757 ,
644 2692 647 2693 ⁷
673 2697 911 2763 vineam,
957 2695 1206 2760 torcular,
1252 2708 1469 2765 agrum,
1502 2707 1748 2762 sagenam
1768 2734 1784 2757 ,
1815 2691 2039 2761 piscium

471 2795 770 2855 capturam,
802 2795 854 2840 et
879 2786 1055 2845 omnia
1082 2800 1198 2852 qua:
1224 2786 1275 2838 in
1314 2799 1410 2838 usu
1446 2793 1631 2849 erant,
1674 2791 1727 2837 ct
1767 2783 1817 2835 itt
1852 2782 2043 2852 quibus

471 2877 842 2943 versabantur,
871 2876 1047 2931 verbis
1087 2876 1198 2931 suis
1238 2876 1555 2930 admiscens.
1607 2876 1661 2929 ld
1708 2876 1847 2944 quod
1884 2877 2042 2929 etiam

472 2966 704 3034 Baptista
736 2966 821 3020 hic
848 2965 988 3030 fecit,
1012 2966 1378 3035 dictorumque
1402 2965 1682 3019 maximam
1711 2966 2045 3020 demonstra-

471 3059 668 3110 tionem
713 3056 966 3124 protulit,
1015 3056 1243 3125 Spiritus
1286 3059 1451 3110 sancti
1498 3057 1714 3110 donum.
1758 3056 1855 3123 Qui
1899 3056 2041 3109 enim

472 3153 671 3207 tantum
703 3153 910 3214 posset,
940 3152 995 3197 ut
1024 3145 1179 3198 etiam
1208 3154 1419 3211 peccata
1449 3145 1758 3209 dimitteret,
1790 3154 1844 3200 et
1871 3144 2040 3213 Spiri-

471 3244 581 3288 tum
610 3236 778 3298 daret,
814 3236 925 3289 lucc
956 3234 1122 3289 multo
1159 3235 1325 3304 magis
1367 3235 1540 3289 facere
1565 3236 1795 3303 poterit,
1844 3235 2037 3289 aiebat.

472 3325 657 3379 Vident
681 3324 947 3394 quomodo
966 3325 1074 3393 jam
1102 3325 1508 3393 pnnmitterctur
1527 3325 1840 3394 mysterium
1867 3339 2043 3378 resur-

472 3415 723 3470 rectionis
749 3424 801 3468 et
830 3414 1052 3481 iudicii?
1080 3412 1146 3467 Et
1172 3428 1273 3483 qua
1312 3412 1379 3466 de
1417 3428 1607 3480 causa,
1654 3416 1892 3483 inquies,
1939 3428 2045 3468 non

474 3508 715 3577 pmdixit
732 3522 791 3560 ea
815 3521 931 3573 qua:
954 3518 1072 3559 mox
1096 3504 1164 3559 ab
1188 3505 1281 3559 illo
1301 3506 1502 3560 edenda
1524 3514 1678 3561 erant
1696 3506 1845 3574 signa
1865 3514 1918 3560 et
1942 3507 2041 3560 mi-

472 3600 684 3654 racula?
710 3599 843 3667 Quia
874 3600 974 3653 hoc
1004 3600 1068 3654 iis
1094 3601 1335 3655 oumibus
1363 3601 1531 3667 majus
1557 3608 1706 3665 erat,
1734 3610 1788 3654 et
1829 3608 2043 3669 propter

471 3689 572 3743 hoc
597 3690 683 3743 illa
710 3691 886 3743 omnia
915 3690 1053 3743 edita
1083 3700 1226 3744 sunt.
1254 3690 1383 3742 Nam
1426 3704 1545 3743 cum
1586 3700 1743 3757 caput
1784 3699 2040 3759 poneret,

470 3780 647 3833 omnia
676 3778 1151 3846 complectebatur,
1184 3780 1369 3833 mortis
1406 3779 1762 3846 solutionem,
1803 3787 2043 3848 peccato-

472 3884 587 3923 rum
612 3867 1062 3933 destructionem;
1090 3868 1470 3923 maledictionis
1492 3871 1811 3924 amotionem
1828 3911 1843 3936 ,
1869 3886 1898 3923 a
1926 3871 2044 3924 diu-

474 3961 642 4015 turnis
668 3961 818 4015 bellis
846 3960 1209 4015 liberationem
1234 4000 1249 4023 ,
1293 3958 1586 4030 ingressum
1620 3962 1670 4014 in
1698 3961 1996 4030 paradisum
2023 4004 2037 4028 ,

470 4067 746 4107 ascensum
773 4052 825 4105 in
850 4050 1073 4116 caelum,
1117 4050 1275 4104 vitam
1314 4066 1433 4105 cum
1472 4052 1672 4121 angelis
1707 4052 2038 4117 ducendam,

471 4144 766 4198 futurorum
816 4142 1075 4194 bonorum
1118 4141 1464 4193 consortium.
1510 4140 1639 4194 Nam
1684 4141 1786 4194 hoc
1832 4142 2043 4195 illorum

471 4235 661 4303 pignus
688 4242 797 4286 est:
821 4231 952 4285 Cum
982 4245 1109 4300 ergo
1139 4229 1265 4283 illud
1297 4230 1548 4292 dixisset,
1579 4230 1711 4285 dixit
1738 4231 1898 4285 etiam
1927 4245 2045 4286 cor-

473 4337 659 4393 porum
702 4320 1179 4385 resurrectionem,
1208 4320 1354 4387 signa
1383 4320 1467 4373 hic
1508 4321 1678 4382 edita,
1719 4323 1866 4391 regni
1909 4337 2043 4377 con-

471 4416 691 4470 sortium
713 4456 727 4479 ,
755 4424 807 4469 et
833 4414 969 4467 bona
992 4454 1007 4477 ,
1044 4412 1171 4479 Quae
1209 4413 1384 4465 oculus
1423 4429 1525 4467 non
1566 4414 1723 4477 uidit,
1768 4414 1905 4468 auris
1943 4430 2042 4468 non

472 4505 682 4567 audivit,
705 4513 751 4556 et
773 4504 826 4556 in
844 4519 930 4556 cor
946 4502 1159 4555 hominis
1178 4517 1275 4555 non
1293 4502 1620 4556 ascenderunt
1642 4505 1717 4571 (i.
1742 4505 1859 4558 Cor.
1883 4505 1935 4559 2.
1962 4506 2039 4574 9).

475 4595 601 4649 llu‘c
627 4593 820 4663 quippe
845 4593 1018 4645 omnia
1050 4606 1144 4661 per
1170 4591 1368 4645 donttm
1408 4592 1534 4645 illud
1577 4593 1726 4647 nobis
1755 4594 2039 4663 praebebat.

470 4682 806 4753 Superfluum
840 4684 1013 4750 itaque
1039 4689 1153 4735 erat
1179 4681 1245 4735 de
1274 4681 1433 4749 signis
1472 4682 1611 4750 loqui
1650 4698 1773 4739 mox
1814 4686 2037 4751 futuris,

470 4789 524 4833 ct
552 4777 824 4833 oculorum
851 4775 1051 4845 judicio
1077 4774 1391 4843 probandis;
1438 4774 1531 4830 sed
1560 4774 1627 4830 de
1667 4776 1771 4831 illis
1808 4789 1923 4832 erat
1965 4780 2041 4831 lo-

472 4869 741 4938 quendum
764 4867 831 4921 de
853 4867 1042 4954 qtﬂi‘us
1066 4864 1375 4919 dubitabant
1396 4865 1503 4928 illi;
1534 4880 1750 4935 nempe,
1788 4868 1928 4936 quod
1958 4869 2043 4922 Fi-

473 4960 578 5013 lius
606 4958 697 5012 Dei
725 4966 893 5021 esset,
914 4939 1063 5025 ἷιῖοι]
1089 4955 1346 5011 Joannem
1374 4955 1489 5008 sine
1517 4954 1619 5008 ulla
1648 4959 2041 5027 comparatione

475 5048 832 5119 praecederet,
863 5047 1003 5117 quod
1031 5046 1236 5101 tolleret
1265 5055 1536 5115 peccatum
1566 5048 1766 5115 mundi,
1797 5050 1939 5119 quod
1976 5051 2041 5105 de

474 5140 727 5208 operibus
756 5139 1014 5192 rationem
1041 5147 1321 5194 exacturus
1349 5146 1524 5203 esset,
1556 5138 1695 5205 quod
1721 5149 1900 5194 nostra
1936 5156 2037 5195 non

475 5239 657 5285 essent
682 5229 1029 5299 prtesentibus
1054 5229 1212 5281 rebus
1240 5229 1654 5297 circumscripta,
1681 5229 1773 5283 sed
1807 5230 1914 5285 illic
1934 5231 2042 5285 sin-

474 5324 581 5392 guli
631 5321 844 5391 dignum
892 5320 1203 5389 supplicium
1251 5320 1429 5374 luituri
1478 5330 1675 5377 essent.
1724 5322 1850 5378 Ηωο
1897 5324 2041 5378 enim

472 5414 643 5469 oculis
669 5412 932 5480 subjicere
962 5419 1085 5464 tunc
1111 5426 1216 5464 non
1246 5411 1453 5466 licebat.

547 5503 598 5553 7.
639 5500 850 5554 Moralis
880 5500 1189 5563 exhortatio;
1233 5500 1471 5555 bonorum
1512 5505 1673 5572 gratia
1705 5504 1840 5559 Deus
1879 5505 2040 5562 mulos

503 5742 511 5750 .
538 5681 610 5742 (a)
647 5690 903 5750 Lavacrum
924 5697 955 5735 α
980 5682 1136 5734 securi
1170 5682 1365 5746 depellit
1387 5696 1465 5735 eos
1480 5717 1497 5744 ,
1532 5684 1577 5734 id
1611 5693 1705 5746 est,
1730 5697 1757 5733 a
1779 5688 2037 5736 commina-

475 5744 610 5791 tione
642 5744 846 5792 scutris.

1159 408 1217 465 S.
1254 402 1530 465 JOANNIS
1566 390 2037 458 CHRYSOSTOMI
2077 386 2393 447 ARCHIEP.
2433 383 2967 441 CONSTANTINOP.

3621 386 3728 440 200

2142 490 2242 573 feri
2280 502 2547 571 patienter.
2578 529 2651 540 —
2680 498 2803 553 Ha'c
2830 500 3005 569 itaque
3029 512 3149 554 cum
3177 496 3406 553 sciamus
3428 536 3445 563 ,
3469 514 3723 569 magnum

2142 592 2488 647 adhibeamus
2516 590 2768 652 studium,
2788 592 2912 643 dum
2937 591 2989 643 in
3012 605 3135 645 area
3160 604 3343 643 sumus
3376 606 3389 641 :
3424 586 3548 642 licet
3573 590 3720 641 enim

2142 682 2230 739 hic
2244 683 2578 738 versantibus
2597 697 2665 735 ex
2685 681 2835 751 palea
2858 682 2908 735 in
2936 682 3164 735 triticum
3188 682 3446 742 converti,
3468 679 3723 747 quemad-

2144 775 2357 830 modum
2389 791 2455 829 ex
2486 775 2659 828 tritico
2704 774 2852 827 multi
2893 773 3039 842 palea
3080 784 3205 825 sunt
3243 772 3385 827 facti.
3430 770 3508 829 Ne
3547 770 3725 839 itaque

2142 868 2503 932 caucidamus,
2530 881 2700 935 neque
2720 865 2862 919 omni
2892 864 3525 924 ventocircumferamur,
3552 876 3726 931 neque

2143 958 2489 1012 scindamura
2514 955 2762 1009 fratribus
2787 954 3005 1017 nostris,
3034 954 3156 1007 licet
3173 955 3343 1022 exigui
3367 964 3421 1005 et
3447 953 3577 1007 viles
3606 966 3728 1006 esse

2144 1048 2440 1103 videantur.
2466 1046 2596 1100 Nam
2626 1055 2680 1099 et
2713 1045 3032 1099 frumentum
3060 1044 3205 1112 palea
3239 1045 3415 1096 minus
3440 1051 3540 1104 est,
3561 1058 3729 1112 quan-

2146 1148 2255 1192 tum
2286 1138 2353 1192 ad
2385 1152 2707 1201 mensuram,
2732 1146 2982 1204 quantum
3012 1134 3075 1187 ad
3107 1143 3349 1188 naturam
3377 1144 3576 1195 autem,
3607 1149 3726 1185 mc-

2145 1229 2264 1282 lius.
2304 1228 2379 1281 Ne
2406 1226 2584 1280 saeculi
2613 1238 2833 1294 pompas
2864 1221 3116 1292 respicias
3148 1241 3161 1275 :
3195 1237 3315 1276 nam
3346 1222 3446 1276 illa:
3470 1222 3572 1290 igni
3603 1230 3728 1275 sunt

2145 1329 2372 1390 paratae;
2405 1318 2499 1371 sed
2530 1332 2647 1372 eam
2675 1332 2790 1385 qua:
2820 1315 3112 1370 secundum
3144 1314 3310 1369 Deum
3336 1323 3417 1367 est
3456 1312 3725 1366 humilita-

2145 1418 2288 1472 tem,
2320 1408 2543 1465 solidam
2576 1407 2754 1471 illam,
2794 1406 3209 1460 indissolubilem
3231 1446 3249 1471 ,
3281 1422 3401 1475 qua:
3431 1404 3598 1458 scindi
3626 1420 3720 1457 ne-

2142 1508 2335 1567 queat,
2378 1513 2550 1566 neque
2594 1497 2659 1549 ab
2702 1497 2823 1565 igne
2863 1496 3126 1549 comburi.
3178 1496 3397 1564 Pr0pter
3443 1495 3538 1549 hos
3579 1496 3724 1548 enim

2144 1592 2327 1661 paleas
2353 1591 2615 1659 patienter
2630 1588 2749 1651 fert,
2770 1597 2823 1643 ut
2849 1603 2913 1642 ex
2946 1587 3155 1641 illorutn
3177 1588 3449 1641 consortio
3477 1586 3729 1640 meliores

2146 1682 2289 1734 fiant.
2335 1681 2457 1736 ideo
2501 1678 2735 1734 nondum
2773 1678 3033 1747 judicium
3070 1686 3187 1741 est,
3230 1686 3286 1731 ut
3314 1691 3501 1731 omnes
3532 1676 3729 1745 pariter

2142 1784 2496 1836 coronemur,
2534 1778 2592 1823 ut
2626 1784 2656 1822 a
2690 1768 2925 1837 nequitia
2955 1766 3104 1820 multi
3133 1765 3201 1820 ad
3229 1766 3473 1819 virtutem
3500 1779 3728 1819 conver-

2146 1870 2340 1915 tantur.
2374 1861 2801 1915 fnhorrescamus
2822 1860 2996 1928 igitur,
3019 1857 3155 1911 hanc
3182 1856 3484 1926 parabolam
3506 1857 3729 1911 audien-

2146 1962 2245 2008 tes.
2276 1952 2483 2006 Etenim
2508 1950 2950 2018 inexstinguibilis
2966 1957 3046 2001 est
3072 1949 3159 2003 ille
3185 1948 3339 2017 ignis.
3370 1947 3432 2001 Et
3456 1948 3729 2018 quomodo

2145 2042 2623 2112 inexstinguibilis?
2672 2040 2897 2109 inquies.
2943 2041 3135 2092 ‘Anuon
3175 2037 3326 2091 vides
3377 2038 3517 2092 hunc
3556 2039 3727 2093 solem

2143 2150 2355 2203 semper
2379 2134 2687 2198 ardentem,
2726 2142 2779 2186 et
2823 2146 3110 2199 numquam
3151 2130 3511 2184 exstinctum?
3547 2144 3727 2183 annon

2144 2226 2318 2281 vidisti
2348 2226 2535 2279 rubum
2563 2224 2875 2289 ardentem,
2908 2233 2956 2277 ct
2992 2238 3094 2275 non
3120 2222 3494 2276 combustum?
3530 2220 3586 2276 Si
3625 2222 3726 2274 ita-

2144 2334 2247 2386 que
2282 2328 2337 2371 et
2374 2318 2484 2384 ipse
2512 2317 2593 2370 vis
2628 2315 2893 2369 ﬂammam
2939 2313 3203 2382 effugere,
3251 2312 3729 2368 immisericordem

2146 2422 2266 2461 esse
2292 2406 2435 2475 prius
2461 2406 2654 2459 desiste
2679 2447 2693 2469 ,
2734 2406 2916 2473 sicque
2958 2404 3156 2457 nullum
3189 2418 3365 2455 sumes
3408 2404 3543 2471 ignis
3589 2403 3728 2462 illius

2146 2498 2586 2565 experimentum.
2614 2494 2743 2549 Nam
2771 2495 2815 2548 si
2850 2494 2933 2548 hic
2960 2508 3020 2548 ea
3045 2508 3162 2563 qua:
3190 2494 3459 2556 dicuntur,
3483 2492 3729 2546 credide-

2149 2585 2241 2649 ris,
2272 2600 2390 2637 cum
2421 2585 2541 2638 illuc
2569 2583 2967 2652 transmigrabis
2986 2624 3001 2647 ,
3033 2581 3302 2636 fornacem
3337 2598 3440 2635 non
3474 2580 3677 2636 videbis
3708 2598 3723 2634 :

2145 2675 2188 2727 si
2214 2683 2393 2728 autem
2423 2673 2509 2727 hic
2532 2690 2635 2728 non
2657 2673 2971 2740 credideris,
2998 2675 3104 2728 illic
3122 2683 3378 2742 expertus
3397 2684 3543 2728 certo
3564 2674 3725 2739 scies,

2146 2764 2356 2834 quando
2384 2765 2613 2835 effugere
2636 2765 2769 2818 ultra
2795 2781 2898 2818 non
2924 2766 3137 2833 poteris.
3170 2765 3475 2819 [inevitabile
3499 2780 3729 2835 namque

2148 2855 2462 2923 supplicium
2504 2865 2585 2909 est
2629 2857 2690 2907 iis
2730 2856 2818 2924 qui
2856 2864 3001 2909 recte
3041 2858 3201 2909 vitam
3230 2872 3331 2908 non
3365 2855 3723 2908 instituerunt.

2147 2944 2329 3015 Neque
2366 2946 2506 3000 enim
2546 2944 2742 2999 sufficit
2782 2954 2982 2998 tantum
3026 2944 3273 3008 credere;
3305 2960 3423 2998 nam
3455 2944 3727 3000 daemones

2151 3036 2313 3088 Deum
2346 3035 2622 3089 horrentes
2653 3038 2875 3099 timent,
2908 3036 2999 3089 sed
3037 3034 3381 3088 nihilominus
3405 3034 3728 3088 cruciabun-

2148 3135 2248 3179 tur.
2298 3123 2656 3190 Quamobrem
2699 3125 2862 3177 multa
2907 3123 3059 3178 nobis
3098 3125 3366 3194 diligentia
3393 3135 3475 3177 est
3500 3138 3634 3192 opus
3657 3123 3725 3177 ad

2147 3215 2305 3268 vitam
2333 3213 2730 3269 instituendam.
2767 3212 2891 3267 ideo
2919 3228 3147 3281 namque
3176 3213 3260 3266 hic
3292 3228 3387 3267 vos
3423 3214 3728 3281 frequenter

2147 3317 2549 3373 congregantes,
2589 3318 2691 3355 non
2726 3310 2782 3355 ut
2822 3303 2925 3356 huc
2967 3300 3333 3378 ingrediamini
3375 3312 3599 3366 tantum,
3631 3303 3725 3356 sed

2150 3402 2207 3446 ut
2248 3408 2314 3446 ex
2358 3393 2457 3449 hac
2497 3394 2724 3446 statione
2764 3391 2993 3460 aliquem
3034 3390 3258 3444 fructum
3304 3390 3647 3459 percipiatis:
3682 3392 3726 3445 si

2150 3499 2277 3539 vero
2301 3498 2513 3551 semper
2550 3482 2836 3547 accedatis,
2868 3496 2930 3536 ac
2951 3482 3066 3536 sine
3108 3482 3213 3535 ullo
3238 3482 3407 3536 fructu
3444 3480 3725 3545 recedatis,

2147 3573 2278 3627 nihil
2305 3588 2369 3628 ex
2399 3574 2639 3642 ingressu
2668 3581 2723 3627 et
2748 3583 3003 3628 consessu
3030 3571 3181 3626 vobis
3207 3572 3336 3626 lucri
3364 3572 3599 3627 accedet.
3634 3571 3729 3626 Et-

2146 3665 2289 3717 enim
2315 3662 2360 3716 si
2379 3677 2498 3716 cum
2524 3676 2713 3729 pueros
2729 3662 2793 3715 ad
2813 3662 3205 3731 ludimagistros
3228 3661 3505 3722 mittimus,
3524 3662 3567 3716 si
3598 3661 3727 3717 nihil

2149 3768 2242 3807 eos
2268 3752 2388 3807 inde
2420 3748 2620 3807 fructus
2649 3751 2849 3806 referre
2874 3751 3147 3805 videamus
3167 3792 3181 3815 ,
3212 3750 3605 3819 ludimagistros
3632 3766 3727 3808 ve-

2150 3843 2426 3897 hementer
2468 3843 2805 3908 incusamus,
2848 3850 2898 3897 et
2944 3842 3011 3896 ad
3053 3843 3187 3897 alios
3232 3857 3377 3912 saepe
3419 3842 3722 3898 mittimus:

2146 3947 2302 4002 quam
2338 3933 2732 3988 excusationem
2776 3931 3125 4002 proferemus,
3165 3933 3208 3988 si
3252 3947 3357 3987 non
3400 3934 3640 3988 eamdem
3670 3933 3724 3988 in

2146 4025 2357 4091 virtute,
2404 4040 2560 4095 quam
2601 4024 2655 4078 in
2689 4025 2911 4078 terrenis
2948 4023 3107 4078 rebus
3131 4023 3477 4079 adhibeamus
3505 4023 3726 4094 diligeo-
3797 4015 3800 4019 ’

2151 4116 2296 4179 tiam,
2315 4115 2407 4168 sed
2431 4129 2623 4168 vacuas
2647 4127 2860 4182 semper
2889 4112 3094 4167 tabulas
3112 4112 3328 4167 domum
3351 4114 3725 4182 reponemus?

2149 4199 2474 4269 Quamquam
2504 4202 2681 4271 plures
2703 4210 2757 4255 et
2782 4201 3009 4271 majores
3038 4202 3124 4256 hic
3152 4202 3388 4270 magistri
3418 4211 3559 4257 sunt.
3591 4202 3724 4257 Nam

2150 4293 2435 4363 prophetas
2459 4302 2515 4348 et
2539 4294 2808 4363 apostolos
2837 4304 2889 4347 et
2912 4294 3257 4362 patriarchas,
3275 4302 3329 4347 et
3344 4294 3517 4363 justos
3536 4291 3726 4349 omnes

2151 4383 2204 4436 in
2231 4378 2454 4453 singulis
2478 4383 2823 4437 conventibus
2849 4382 3181 4439 adhibemus.
3225 4385 3293 4438 At
3318 4399 3382 4438 ne
3403 4385 3479 4439 sic
3508 4384 3725 4454 quidem

2150 4473 2337 4541 aliquis
2375 4471 2641 4542 profectus
2671 4472 3119 4542 deprehenditur;
3153 4474 3246 4529 sed
3283 4487 3557 4544 postquam
3589 4475 3724 4531 duos

2151 4572 2325 4617 tresve
2362 4563 2594 4630 psalmos
2630 4562 3000 4617 succinueritis
3022 4604 3038 4629 ,
3069 4572 3124 4617 et
3146 4573 3427 4617 consuetas
3454 4564 3726 4619 orationes

2149 4651 2500 4722 perfunctorie
2528 4654 2832 4717 emiseritis,
2856 4652 3056 4721 egressi
3083 4651 3295 4717 deinde,
3329 4654 3520 4722 putatis
3550 4653 3601 4708 id
3630 4669 3723 4707 vo-

2149 4741 2232 4795 bis
2260 4740 2325 4794 ad
2355 4742 2575 4795 salutem
2616 4754 2739 4795 esse
2779 4740 2926 4794 satis.
2968 4740 3081 4795 Non
3125 4742 3347 4796 audistis
3387 4740 3721 4811 prophetam,

2149 4833 2256 4884 imo
2289 4832 2449 4885 Deum
2480 4847 2571 4901 per
2598 4831 2910 4901 pr0phetam
2938 4832 3201 4891 dicentem
3228 4852 3243 4887 :
3275 4831 3509 4903 Populus
3533 4835 3615 4887 hic
3641 4835 3721 4887 fa-

2149 4922 2242 4975 bii:
2265 4939 2341 4975 me
2360 4922 2570 4976 honorat
2594 4938 2612 4975 :
2632 4938 2719 4975 cor
2737 4932 2902 4975 autem
2923 4939 3093 4976 eorum
3113 4925 3260 4994 longe
3281 4933 3355 4978 est
3382 4941 3415 4976 α
3441 4940 3517 4978 me
3551 4923 3569 4992 (
3590 4923 3721 4978 lui.

2150 5012 2237 5067 29.
2272 5014 2383 5080 15).
2409 5012 2485 5067 Ne
2514 5014 2669 5083 igitur
2698 5011 2827 5065 illud
2852 5013 3011 5065 etiam
3034 5012 3189 5067 nobis
3212 5013 3437 5079 accidat,
3459 5012 3578 5069 dele
3604 5013 3723 5069 lite-

2150 5118 2253 5166 ras,
2283 5105 2393 5157 sive
2424 5103 2599 5170 potius
2628 5102 2986 5169 eharacteres,
3016 5118 3153 5173 quos
3177 5103 3421 5157 diabolus
3449 5105 3719 5174 impressit

2150 5195 2201 5249 in
2228 5194 2399 5248 anima
2430 5204 2539 5261 tua,
2558 5204 2611 5249 et
2630 5193 2760 5248 affer
2778 5194 2904 5248 mihi
2926 5210 3020 5249 cor
3039 5195 3384 5251 smcularihus
3410 5197 3723 5253 tumultibus

2148 5298 2366 5337 vacuum
2389 5323 2405 5349 ,
2434 5293 2492 5337 ut
2518 5298 2615 5352 pro
2644 5284 2811 5337 lnbito
2838 5300 2955 5354 quae
2980 5285 3112 5340 mihi
3141 5286 3382 5354 placeant
3412 5284 3718 5343 inscribam.

2148 5372 2297 5428 Nunc
2313 5358 2520 5443 ‘quippe
2544 5372 2673 5427 nihil
2701 5374 2769 5427 ibi
2795 5373 2936 5427 aliud
2962 5374 3176 5444 agnosci
3208 5384 3417 5443 potest,
3446 5375 3551 5430 nisi
3581 5375 3722 5429 illius

2148 5463 2333 5526 literae,
2354 5464 2550 5531 rapina:
2564 5462 2826 5528 videlicet,
2846 5463 3085 5527 avaritia,
3106 5463 3319 5531 invidia,
3341 5464 3495 5519 livor.
3520 5462 3723 5519 idcirco

2146 5569 2265 5609 cum
2289 5553 2491 5608 tabulas
2508 5562 2710 5609 vestras
2729 5553 2952 5622 accipio,
2969 5568 3035 5607 ne
3052 5553 3227 5623 legere
3245 5554 3458 5625 quidem
3482 5566 3718 5624 possunt.

2148 5643 2328 5713 Neque
2353 5644 2493 5698 enim
2524 5643 2641 5697 illas
2667 5643 2736 5697 ibi
2763 5643 2977 5698 invenio
3012 5644 3193 5699 literas
3212 5684 3226 5711 ,
3255 5658 3388 5715 quas
3413 5657 3510 5700 nos
3533 5641 3719 5698 diebus

2148 5736 2426 5793 dominicis
2456 5734 2809 5792 inscribentes
2837 5735 2907 5792 ibi
2934 5735 3314 5807 relinquimus;
3343 5736 3436 5792 sed
3466 5734 3596 5790 alias
3624 5747 3723 5805 pro
