4082 6508
348 482 446 539 2M
1479 474 1545 531 IN
1581 470 1935 531 MATTIH'ZU

2044 472 2260 529 llOMlL.
2304 474 2417 531 XII.

344 591 486 659 aliis,
511 582 766 649 informes
790 600 848 649 et
874 590 1144 647 distortus.
1178 587 1380 643 Deinde
1406 602 1552 653 cum,
1586 586 1692 641 illis
1716 584 1929 647 deletis,

346 686 529 742 literas
570 703 635 743 ex
683 688 883 756 Spiritu
933 685 1195 755 profectas
1241 684 1643 753 inscripsimus,
1674 682 1932 735 abeuntes

344 793 463 843 vos.
494 789 549 833 et
582 779 777 835 diaboli
806 778 1205 847 Operationibus
1228 776 1390 831 corda
1417 787 1592 830 vestra
1639 773 1928 831 tradentes.

344 867 646 925 facultatem
691 869 790 939 ipsi
832 870 1080 940 prmbetis
1107 878 1164 924 ut
1195 868 1392 923 nostris
1418 867 1713 922 contrarias
1753 866 1933 919 literas

341 976 557 1017 rursum
596 961 870 1015 inscribat.
902 961 1003 1029 Qui
1032 963 1238 1015 futurus
1258 960 1329 1014 sit
1360 960 1547 1012 lterum
1577 957 1700 1012 linis
1724 958 1932 1012 etiamsi

341 1066 445 1123 ego
473 1065 577 1105 non
608 1052 834 1106 dixerim
853 1092 869 1119 ,
900 1052 1227 1122 singulorum
1257 1050 1581 1105 conscientia
1620 1048 1785 1102 novit.
1818 1048 1933 1116 Ego

341 1152 489 1196 certe
517 1157 802 1213 numquam
824 1144 1046 1198 €88wa
1065 1158 1184 1213 qua:
1203 1144 1305 1198 mei
1324 1152 1446 1197 sunt
1467 1140 1626 1196 cilicii
1651 1150 1928 1210 praestare,

340 1240 622 1301 metasque
643 1234 825 1288 literas
850 1234 1165 1289 inscribere.
1196 1234 1252 1289 Si
1282 1242 1458 1288 autem
1483 1248 1576 1288 vos
1602 1232 1931 1302 diligentiam

340 1330 581 1376 nostram
625 1323 980 1387 labefactetis,
1030 1324 1189 1378 nobis
1230 1324 1445 1394 quidem
1494 1338 1701 1378 merces
1751 1331 1929 1375 nostra

337 1422 526 1469 manet
546 1414 855 1479 immobilis,
877 1417 1027 1470 vobis
1046 1426 1220 1471 autem
1238 1432 1343 1471 non
1364 1430 1583 1486 parvum
1606 1414 1929 1484 periculum:
1950 1410 1953 1411 ⁷

336 1521 527 1562 verum
556 1508 684 1563 nihil
715 1510 835 1564 volo
858 1511 1071 1578 gravius
1099 1508 1359 1579 proferre.

411 1596 465 1652 8.
497 1596 562 1651 In
596 1599 777 1653 virtute
817 1616 1112 1669 progressus
1146 1600 1234 1670 qui
1268 1600 1379 1667 fiat.
1411 1596 1598 1653 Contra
1614 1598 1929 1668 jurautenta.

348 1686 496 1741 Vana
534 1689 698 1759 gloria
732 1690 958 1743 vitanda.
978 1720 1047 1729 ——
1071 1689 1183 1744 Sed
1217 1704 1312 1743 vos
1349 1689 1575 1743 obsecro
1610 1697 1664 1742 et
1702 1701 1800 1741 oro
1823 1728 1839 1751 ,
1876 1694 1934 1741 nt

335 1778 681 1848 parvulorum
722 1781 910 1834 saltem
950 1780 1277 1851 diligentiam
1318 1779 1417 1834 ltac
1454 1780 1504 1833 in
1536 1795 1595 1834 re
1626 1776 1927 1832 imitemini.

338 1867 472 1922 Nam
512 1869 589 1924 illi
632 1872 801 1939 primo
830 1871 1045 1941 quidem
1076 1872 1348 1926 literarum
1389 1870 1611 1925 formam
1652 1868 1929 1931 ediscunt;

336 1957 537 2013 deinde
581 1957 838 2015 distortus
884 1959 1004 2014 illas
1049 1975 1343 2030 agnoscere
1375 1959 1623 2023 student;
1653 1966 1837 2029 postea
1863 1959 1931 2013 ad

332 2050 623 2107 lectionem
653 2054 790 2107 viam
822 2062 1029 2123 parant.
1072 2053 1161 2109 Sic
1187 2062 1241 2111 et
1270 2069 1369 2108 nos
1397 2054 1658 2109 faciamus
1690 2072 1704 2108 :
1736 2056 1933 2111 virtute

333 2142 392 2197 in
421 2151 604 2213 partes
630 2142 822 2209 divisa,
857 2145 1027 2213 primo
1053 2144 1324 2199 discamus
1348 2158 1455 2199 non
1480 2144 1685 2215 jurare,
1715 2160 1813 2199 nec
1840 2160 1935 2214 pe-

330 2232 512 2302 ierare
532 2274 547 2296 ,
576 2247 751 2297 neque
778 2235 1129 2300 maledicere;
1159 2235 1352 2291 deinde
1376 2277 1392 2301 ,
1424 2235 1491 2291 ad
1552 2238 1720 2296 alium
1790 2257 1928 2297 ver-
1980 2234 1982 2237 ’

329 2337 455 2379 sum
476 2327 766 2394 progressi,
793 2343 898 2381 non
924 2327 1165 2383 invidere
1187 2329 1327 2394 aliis,
1349 2343 1453 2381 non
1471 2343 1697 2396 corpora
1721 2342 1927 2392 amare,

335 2428 448 2468 non
475 2416 652 2469 ventri
679 2416 976 2486 indulgere,
1008 2432 1112 2471 non
1142 2417 1416 2481 inebriari,
1445 2432 1550 2471 non
1583 2418 1925 2482 inhumanos,

336 2519 446 2558 non
473 2508 729 2560 socordes
755 2523 903 2573 esse;
935 2508 1133 2564 utbinc
1159 2523 1342 2563 rursus
1360 2508 1423 2563 ad
1441 2509 1733 2577 spiritualia
1758 2518 1932 2563 trans-

336 2606 548 2660 euntes,
572 2614 787 2667 operam
811 2600 1001 2654 demus
1024 2601 1407 2670 temperantiae,
1424 2602 1626 2655 ventris
1643 2601 1929 2670 neglecuti,

339 2688 595 2753 castitati,
621 2690 805 2759 gloriae
827 2693 1177 2761 contemptui,
1197 2692 1499 2758 modestizc,
1529 2693 1709 2747 cordis
1731 2694 1932 2748 contri-

338 2778 508 2843 tioni;
556 2789 607 2833 et
646 2780 762 2834 ltzec
795 2782 951 2835 simul
978 2782 1155 2835 omnia
1198 2782 1540 2850 copulemus,
1569 2792 1624 2837 et
1660 2783 1713 2837 in
1754 2785 1931 2838 anima

339 2877 523 2923 nostra
546 2868 919 2926 inscribamus.
944 2874 1117 2942 Atque
1140 2872 1254 2927 haec
1270 2875 1447 2927 omnia
1470 2874 1635 2939 domi,
1656 2890 1776 2929 cum
1796 2875 1934 2929 ami-

336 2961 439 3025 cis,
469 2976 591 3015 eum
621 2978 792 3017 uxore
814 3004 829 3027 ,
864 2978 984 3017 cum
1032 2964 1154 3017 filiis
1193 2978 1560 3020 exerceamus.
1591 2966 1634 3018 Α
1665 2964 1933 3034 prioribus

336 3060 519 3106 autem
556 3061 615 3107 et
658 3051 987 3107 facilioribus
1033 3053 1385 3122 incipiamus;
1438 3054 1668 3122 exempli
1692 3069 1873 3116 causa,
1900 3070 1929 3107 a

339 3141 765 3212 iurantentorum
785 3143 1137 3197 abstinentia:
1158 3142 1259 3197 hoc
1275 3144 1597 3197 elementum
1622 3146 1933 3213 frequenter

339 3231 484 3287 domi
516 3233 857 3289 meditemur.
888 3231 1022 3287 Huic
1054 3247 1213 3301 porro
1234 3231 1564 3288 meditationi
1593 3234 1755 3288 multa
1787 3234 1931 3288 domi

338 3324 584 3380 ofliciunt
611 3342 625 3377 :
655 3341 776 3379 nam
800 3326 1028 3378 famulus
1052 3324 1116 3378 ad
1142 3325 1470 3378 iracundiam
1494 3334 1775 3395 provocat,
1800 3340 1935 3378 uxor

340 3418 570 3472 molesta
600 3417 733 3470 iram
755 3417 973 3480 excitat,
1009 3417 1147 3471 illius
1168 3417 1540 3483 immorigcrus
1571 3427 1625 3470 et
1653 3416 1932 3470 inordina-

341 3516 429 3560 tus
457 3506 527 3561 ad
551 3506 727 3561 minas
753 3517 807 3561 et
830 3507 1192 3575 juramcntunt
1228 3506 1466 3562 deducit.
1498 3505 1553 3561 Si
1586 3507 1763 3575 itaque
1788 3506 1932 3560 domi

340 3596 536 3665 sacpius
556 3597 625 3651 ab
649 3597 733 3652 bis
756 3598 1075 3661 concitatus,
1106 3580 1379 3653 abstineas
1407 3607 1581 3652 tamen
1608 3612 1637 3652 a
1662 3598 1937 3667 juramen-

344 3690 431 3754 tis,
458 3688 611 3743 facile
634 3691 833 3758 poteris
858 3691 1021 3744 etiam
1053 3691 1104 3744 itt
1134 3691 1248 3747 [oro
1280 3690 1508 3744 invictus
1536 3704 1883 3757 perseverare
1917 3707 1930 3742 :

343 3778 453 3833 imo
494 3789 655 3834 ettaut
701 3780 753 3834 id
799 3782 1183 3849 consequeris,
1225 3790 1282 3834 ut
1327 3780 1525 3835 nemini
1558 3780 1937 3835 contumeliam

345 3868 543 3924 inferas
566 3910 581 3935 ,
626 3884 732 3924 non
768 3872 943 3936 uxori,
970 3887 1082 3945 non
1114 3871 1335 3934 famulo,
1372 3886 1479 3925 non
1516 3870 1932 3925 domesticorum

343 3959 592 4029 cuipiam.
630 3959 839 4014 Etenim
860 3976 994 4014 uxor
1014 3977 1159 4029 stupe
1178 3962 1339 4015 alium
1360 3962 1666 4030 quempiam
1690 3960 1932 4023 laudans,

343 4060 399 4105 et
437 4064 561 4105 sese
600 4051 851 4105 miseram
892 4052 1225 4120 praedicans,
1256 4052 1425 4106 virum
1458 4050 1724 4116 incendit,
1762 4060 1820 4104 ut
1861 4050 1934 4104 illi

345 4142 647 4196 maledicat.
678 4142 758 4195 Tu
789 4157 914 4196 vero
945 4158 1011 4197 ne
1042 4143 1209 4196 iratus
1240 4158 1304 4195 eo
1338 4144 1597 4210 procedas
1620 4183 1633 4203 .
1666 4151 1720 4194 ut
1751 4141 1935 4195 lauda-

345 4242 457 4288 tum
490 4232 762 4302 vituperes
785 4274 801 4298 ,
843 4233 937 4286 sed
965 4236 1141 4287 munia
1172 4235 1381 4288 fortiter
1410 4236 1581 4297 feras;
1614 4233 1824 4288 etiamsi
1855 4234 1935 4285 fa-

346 4324 519 4378 mulos
543 4334 661 4377 tuos
680 4322 863 4378 videas
890 4324 1132 4378 laudibus
1154 4325 1313 4378 lteros
1338 4324 1472 4377 alios
1493 4323 1706 4389 efferre,
1732 4339 1799 4376 ne
1828 4330 1937 4376 tur-

345 4416 512 4481 bcris,
537 4415 631 4469 sed
659 4416 884 4471 viriliter
908 4418 1132 4471 sustine.
1162 4418 1245 4473 Sit
1275 4417 1367 4470 tibi
1398 4416 1590 4470 domus
1618 4417 1861 4486 palaestra
1886 4422 1941 4469 et

344 4508 657 4562 certaminis
687 4506 855 4573 locus,
883 4517 940 4561 ut
960 4508 1032 4561 ibi
1064 4510 1230 4577 probe
1254 4509 1594 4571 exercitatus,
1621 4523 1741 4561 cum
1770 4508 1938 4561 multa

608 4677 970 4690 ———-—-————

3529 482 3635 535 ΞΜ

2041 586 2228 654 peritia
2269 588 2321 641 in
2363 588 2480 641 foro
2506 603 2626 643 cum
2654 590 2778 648 aliis
2808 594 3193 662 congrediaris.
3228 594 3462 667 ldipsum
3494 603 3636 657 circa

2039 696 2230 735 vanam
2252 681 2475 752 gloriam
2499 684 2677 737 facito.
2712 685 2765 737 Si
2795 685 2941 739 enim
2966 688 3235 744 studueris
3255 704 3285 743 a
3309 705 3442 744 vana
3468 693 3637 762 gloria

2038 772 2311 827 abstinere
2335 787 2455 827 cum
2488 789 2654 829 uxore
2678 767 2942 831 et'liberis
2961 818 2976 841 ,
3007 786 3059 832 et
3087 778 3301 833 famtulis
3324 820 3339 845 ,
3369 781 3509 850 apttd
3538 798 3639 837 ne-

2040 864 2238 919 minem
2265 865 2426 919 alium
2450 866 2539 919 tali
2569 867 2759 921 morbo
2786 866 2941 921 facile
2972 869 3223 937 capieris.
3260 870 3467 941 Ubique
3495 872 3639 927 enim

2040 954 2127 1010 ltic
2166 956 2385 1012 morbus
2423 958 2600 1026 gravis
2641 960 3054 1030 tyrannieusque
3091 972 3208 1029 est,
3244 946 3479 1019 maxime
3510 981 3642 1020 vero

2039 1061 2161 1100 cum
2215 1046 2366 1102 adest
2422 1062 2574 1102 οχον.
2634 1048 2692 1104 Si
2742 1064 2871 1118 ergo
2925 1058 3052 1104 tunc
3097 1050 3249 1105 illum
3295 1067 3640 1123 superemus.

2040 1141 2188 1194 nullo
2226 1140 2440 1211 negotio
2474 1128 2599 1195 alibi
2646 1142 3064 1213 proﬂigabimus.
3106 1142 3259 1199 Circa
3302 1145 3437 1199 alios
3475 1146 3637 1200 etiam

2039 1232 2204 1287 animi
2240 1226 2459 1290 morbos
2495 1234 2726 1305 idipsum
2768 1244 3087 1306 praestemus
3110 1278 3125 1303 ,
3158 1237 3412 1307 domique
3443 1237 3636 1293 adver-

2041 1338 2131 1377 sus
2163 1324 2282 1379 illos
2314 1340 2413 1380 nos
2438 1340 2786 1381 exerceamus
2807 1368 2822 1392 ,
2863 1328 3101 1397 quotidie
3146 1329 3445 1396 palaestram
3494 1323 3639 1384 illam

2038 1413 2316 1468 adeuntes.
2374 1414 2545 1484 thue
2574 1415 2782 1472 facilior
2808 1418 3120 1472 exercitatio
3151 1418 3240 1472 illa
3266 1418 3495 1483 evadat,
3539 1435 3637 1473 no-

2041 1503 2123 1557 bis
2172 1504 2305 1574 ipsis
2346 1506 2751 1576 castigationem
2796 1508 3169 1579 assignemus,
3210 1510 3254 1563 si
3296 1510 3349 1564 in
3385 1512 3639 1580 quopiam

2038 1597 2369 1666 propositum
2402 1599 2885 1669 transgrediamur.
2932 1600 3013 1656 Sit
3042 1616 3203 1669 porro
3228 1603 3514 1673 castigatio
3545 1604 3632 1656 illa

2038 1700 2147 1740 non
2169 1686 2445 1753 damnum,
2477 1690 2571 1744 sed
2600 1690 2905 1746 mercedem
2932 1702 2989 1748 et
3017 1692 3226 1747 lucrum
3255 1694 3479 1747 multum
3510 1694 3641 1749 all‘e-

2039 1794 2198 1845 rens;
2229 1783 2463 1851 exempli
2492 1797 2679 1849 causa,
2703 1784 2745 1837 si
2770 1784 2989 1853 jejuuiis
3016 1786 3224 1854 asperis
3252 1800 3353 1840 nos
3378 1786 3527 1855 ipsos
3548 1785 3643 1840 da-

2040 1884 2307 1935 mnemus,
2354 1873 2399 1926 si
2449 1871 2593 1926 humi
2642 1872 3045 1938 decumbamus,
3082 1876 3173 1929 vel
3222 1876 3639 1949 macerationem

2038 1962 2196 2016 aliam
2221 1961 2592 2018 adhibeamus.
2622 1962 2710 2018 Sic
2739 1965 2882 2019 enim
2908 1965 3072 2019 multa
3101 1965 3334 2033 undique
3363 1965 3517 2020 nobis
3546 1980 3638 2020 ac-

2039 2050 2235 2106 cedent
2264 2053 2430 2117 lucra,
2454 2063 2508 2108 et
2531 2054 2610 2108 sic
2643 2055 2693 2107 in
2724 2056 2918 2110 virtute
2941 2056 3101 2108 vitam
3131 2056 3369 2110 suaviter
3395 2070 3639 2126 agemus,

2040 2147 2213 2199 futura
2241 2160 2637 2215 consequemur
2666 2148 2825 2208 bona.
2856 2162 2918 2201 ac
2946 2158 3203 2217 perpetuo
3229 2147 3326 2201 Dei
3350 2148 3507 2202 amici
3532 2148 3640 2203 eri-

2040 2250 2179 2290 mus.
2225 2235 2329 2292 Sed
2358 2253 2424 2292 ne
2451 2238 2638 2292 eadem
2669 2240 2781 2303 ipsa
2814 2254 2999 2293 rursus
3033 2240 3315 2305 eveniant,
3353 2255 3457 2294 neu
3491 2250 3639 2309 post-

2038 2341 2197 2395 quam
2220 2341 2280 2380 ea
2306 2343 2426 2397 qua:
2454 2326 2539 2381 hic
2564 2328 2702 2381 dicta
2729 2339 2855 2382 sunt
2882 2328 3128 2382 admirati
3159 2327 3385 2395 fueritis,
3410 2331 3637 2399 egressi,

2040 2416 2371 2486 negligenter
2396 2418 2792 2487 oscitanterque
2816 2459 2830 2480 ,
2869 2419 3073 2487 abjecta
3113 2420 3307 2473 mentis
3335 2430 3529 2475 vestrae
3558 2431 3638 2473 ta-

2038 2506 2198 2569 bula,
2236 2507 2351 2560 htec
2379 2506 2589 2561 delendi
2628 2523 2814 2561 ansam
2853 2508 3066 2562 diabolo
3110 2509 3426 2577 praebentis;
3494 2526 3635 2562 mus-

2039 2596 2268 2666 quisque
2310 2596 2529 2650 domum
2570 2612 2845 2666 regressus
2868 2638 2892 2669 ,ν
2914 2606 3069 2651 vocet
3114 2614 3369 2663 uxorem,
3410 2601 3526 2653 ltu‘c
3569 2600 3643 2653 illi

2041 2688 2341 2755 denuntiet,
2374 2690 2650 2760 ipsamque
2678 2700 2916 2744 assumat
2942 2691 3255 2759 adjutriccm
3276 2708 3296 2756 ;
3325 2691 3393 2746 ab
3416 2692 3516 2745 ltac
3542 2707 3636 2745 au-

2041 2787 2147 2833 tem
2172 2779 2259 2833 die
2286 2780 2337 2833 in
2367 2780 2647 2849 pulchram
2678 2781 2821 2833 illam
2847 2782 3150 2850 palaestram
3178 2782 3493 2845 descendat,
3520 2782 3645 2837 oleo

2041 2885 2169 2924 usus
2195 2870 2427 2939 Spiritus
2455 2871 2627 2925 sancti
2658 2873 2878 2926 auxilio.
2912 2873 3020 2927 Etsi
3046 2888 3175 2928 vero
3200 2873 3391 2933 semel,
3425 2883 3517 2926 aut
3540 2874 3641 2939 bis,

2039 2969 2133 3013 aut
2174 2960 2375 3031 pluries
2416 2962 2468 3015 in
2514 2962 2606 3016 tali
2652 2963 2916 3017 exercitio
2955 2964 3228 3029 concidas,
3266 2980 3332 3019 ne
3361 2964 3640 3033 desperes,

2038 3052 2134 3107 sed
2162 3061 2239 3106 sta
2270 3067 2483 3107 rursum
2515 3064 2569 3107 et
2599 3054 2849 3119 decerta;
2884 3071 2981 3109 nec
3008 3056 3154 3124 prius
3181 3052 3414 3110 absis’tas
3438 3098 3452 3121 ,
3483 3072 3643 3126 quam

2039 3142 2377 3212 Splendidam
2403 3152 2591 3199 contra
2621 3145 2894 3198 diabolum
2922 3145 3202 3200 victoriam
3235 3149 3593 3215 reportaveris
3629 3166 3643 3202 :

2039 3244 2095 3288 et
2124 3235 2175 3287 in
2210 3235 2476 3290 tutissimo
2497 3235 2710 3289 virtutis
2740 3235 2995 3290 thesauro
3022 3235 3327 3305 depositum
3359 3236 3644 3291 recondas.

2040 3324 2172 3378 Nam
2202 3325 2246 3377 si
2273 3324 2399 3379 huic
2425 3326 2665 3394 pulchrae
2694 3326 3047 3394 pltilosopltize
3075 3341 3386 3391 assuescas,
3422 3343 3529 3381 non
3558 3331 3647 3382 ul-

2043 3423 2122 3468 tra
2161 3415 2364 3484 poteris
2394 3430 2458 3471 ex
2488 3416 2717 3485 segnitie
2758 3416 3008 3471 mandata
3044 3417 3296 3485 quaelibet
3324 3420 3645 3488 transgredi,

2040 3504 2432 3559 consuetudine
2475 3514 2680 3557 natura:
2722 3503 3031 3558 firmitatem
3074 3504 3336 3559 imitante.
3371 3505 3646 3573 Quemad-

2044 3595 2261 3651 modum
2308 3597 2449 3650 enim
2497 3595 2654 3650 facile
2696 3605 2779 3650 est
2804 3596 3076 3663 dormire,
3101 3597 3403 3661 comedere,
3438 3598 3645 3665 bibere,

2046 3689 2313 3755 respirare
2334 3728 2347 3751 ,
2380 3688 2450 3740 ita
2484 3688 2640 3741 nobis
2664 3687 2840 3741 facilia
2867 3697 3026 3741 erunt
3062 3702 3126 3741 ea
3160 3703 3279 3757 quae
3305 3687 3371 3742 ad
3394 3689 3648 3744 virtutem

2043 3786 2309 3846 spectant,
2334 3792 2631 3847 puramque
2662 3777 2805 3832 illam
2836 3792 3190 3847 assequemur
3217 3779 3561 3847 voluptatem,
3594 3780 3647 3833 in

2046 3878 2159 3921 tutu
2190 3877 2344 3937 portu
2370 3867 2682 3933 constituti,
2712 3878 2766 3921 et
2793 3876 3047 3936 perpetua
3075 3867 3315 3922 fruentes
3344 3868 3648 3937 tranquilli-

2048 3972 2154 4017 tate
2180 4004 2193 4026 ,
2234 3963 2519 4029 navimquc
2548 3962 2755 4030 magnis
2783 3958 2977 4030 opibus
3008 3970 3253 4014 onustam
3284 3960 3337 4013 itt
3368 3960 3642 4013 civitatem

2047 4055 2188 4107 illam
2220 4053 2553 4123 appellentes
2594 4053 2645 4106 itt
2692 4053 2781 4106 die
2825 4053 2952 4117 illa,
2996 4065 3224 4106 coronas
3252 4065 3650 4120 consequemur

2046 4160 2153 4198 non
2185 4145 2356 4197 ﬂuxas
2390 4162 2402 4195 :
2433 4158 2567 4212 quas
2607 4144 2809 4195 utinam
2861 4143 3018 4195 nobis
3058 4142 3296 4196 nancisci
3329 4141 3605 4209 contingat
3632 4183 3649 4207 ,

2044 4238 2214 4307 gratia
2242 4246 2295 4289 et
2326 4236 2654 4304 benignitate
2687 4234 2893 4287 Domini
2933 4234 3099 4287 nostri
3140 4232 3268 4287 Jesu
3308 4232 3531 4297 Christi,
3564 4233 3652 4287 cui

2047 4327 2213 4398 gloria
2244 4336 2299 4383 et
2326 4326 2636 4395 imperium,
2663 4340 2805 4379 nunc
2824 4332 2879 4379 et
2899 4339 3133 4394 semper,
3159 4333 3215 4379 et
3243 4325 3294 4378 in
3327 4325 3524 4379 scecula
3551 4339 3653 4379 ssc-

2047 4422 2311 4475 culorum.
2344 4419 2537 4472 Amen.

2465 4651 3551 4669 Mm
3592 4652 3651 4664 ,-

1751 4794 2096 4859 HOMILIA
2142 4786 2291 4849 XII.

350 4990 484 5047 Car.
511 4991 567 5045 3.
598 5006 647 5042 v.
682 4993 765 5047 15.
808 4991 951 5047 Tunc
998 4993 1129 5047 venit
1167 4990 1321 5047 Iesus
1355 5008 1386 5044 a
1434 4991 1649 5045 Galilwa
1675 4990 1727 5044 in
1751 4987 1942 5042 Iorda-

572 5097 685 5134 nem
712 5080 779 5134 ad
801 5081 1084 5148 Joannem,
1114 5094 1166 5136 ut
1198 5083 1535 5147 baptizaretur
1558 5083 1621 5136 ab
1645 5099 1727 5137 eo.

432 5261 483 5314 l.
524 5258 659 5315 Cum
697 5258 906 5313 famulis
948 5260 1222 5323 Dominus,
1256 5278 1375 5315 cum
1419 5262 1524 5315 reis
1562 5260 1734 5315 Iudex
1775 5261 1947 5329 bapti-

360 5351 564 5406 zandus
608 5342 772 5405 venit.
815 5350 919 5405 Sed
953 5368 1019 5405 ne
1071 5354 1299 5405 turbcris
1335 5371 1344 5403 :
1378 5368 1499 5405 nam
1551 5352 1601 5405 itt
1658 5352 1949 5406 ltutniles

364 5440 668 5509 huiusmodi
696 5442 853 5496 rebus
883 5440 999 5509 ejus
1041 5440 1301 5496 celsitudo
1350 5442 1579 5496 maxime
1618 5442 1945 5509 τρειιιαιιιιθῑ.

364 5531 467 5598 Qui
511 5532 655 5586 enim
702 5531 755 5585 in
787 5531 1026 5601 virginali
1074 5531 1227 5584 vulva
1274 5541 1421 5585 tanto
1464 5542 1705 5607 tempore
1752 5532 1948 5599 gestari

367 5634 557 5690 passus
576 5630 680 5686 est,
712 5632 767 5675 et
796 5621 917 5675 inde
937 5636 1056 5675 cum
1089 5630 1277 5675 natura
1309 5631 1488 5677 nostra
1524 5622 1756 5691 prodire,
1782 5622 1950 5691 alapis

363 5711 500 5768 cadi
526 5722 581 5767 et
607 5713 843 5784 cruciligi
870 5715 911 5777 ⁸,
934 5714 1101 5767 ctalia
1121 5714 1321 5783 perpeti
1343 5730 1464 5784 quae
1486 5728 1673 5783 passus
1699 5724 1801 5777 est,
1824 5714 1949 5784 quid

435 5890 453 5923 ί
477 5883 682 5948 Quidam
698 5897 1016 5953 postvoccm,
1040 5891 1277 5959 cruriﬁgi,
1299 5892 1496 5954 addunt,
1522 5898 1566 5942 ct
1590 5891 1798 5955 sepeliri.

2055 4977 2266 5033 miraris
2286 4977 2329 5029 si
2361 4972 2618 5043 baptizari
2663 4970 2911 5037 dignatus
2939 4969 3029 5032 sit,
3060 4980 3114 5024 et
3144 4983 3263 5024 cum
3286 4970 3404 5024 aliis
3430 4970 3496 5025 ad
3533 4985 3653 5026 ser-

2052 5086 2177 5124 vum
2229 5066 2527 5122 accedere?
2570 5063 2705 5118 Illud
2756 5062 2901 5117 enim
2952 5062 3277 5131 stupendum
3324 5070 3461 5125 erat,
3508 5064 3653 5134 quod

2057 5160 2197 5213 Deus
2223 5171 2345 5210 cum
2375 5164 2537 5221 esset,
2564 5153 2725 5207 vellet
2748 5152 2911 5205 homo
2940 5151 3055 5205 fieri
3088 5168 3099 5204 :
3131 5161 3322 5206 caetera
3354 5168 3482 5208 vero
3497 5153 3655 5209 dein-

2055 5263 2184 5317 ceps
2211 5244 2506 5302 secundum
2551 5252 2751 5299 rectam
2780 5242 3041 5296 rationem
3070 5254 3495 5311 consequuntur.
3531 5245 3659 5300 ldeo

2060 5340 2202 5395 enim
2225 5337 2461 5393 Joannes
2488 5336 2670 5389 statim
2690 5333 2843 5397 dixit,
2873 5348 2933 5388 se
2960 5348 3065 5387 non
3095 5349 3215 5389 esse
3242 5334 3461 5403 dignum
3494 5339 3656 5391 corri-

2061 5435 2202 5504 giant
2253 5428 2603 5486 calceamenti
2644 5427 2761 5496 ejus
2811 5428 3042 5490 solvere,
3094 5437 3399 5495 t-azteraque
3452 5432 3656 5493 omnia,

2064 5540 2259 5594 nempe
2283 5523 2422 5593 quod
2449 5522 2615 5591 jttdex
2640 5520 2731 5586 sit,
2763 5519 2905 5589 quod
2936 5536 3032 5588 pro
3066 5523 3260 5574 merito
3284 5521 3508 5585 singulis
3537 5523 3662 5575 red-

2058 5615 2167 5679 dat,
2197 5613 2447 5683 quodque
2472 5612 2728 5681 Spiritum
2770 5610 2971 5663 affatim
3002 5608 3226 5663 daturus
3264 5611 3333 5663 sit
3362 5611 3617 5663 omnibus
3642 5630 3656 5674 ;

2062 5716 2120 5760 ut
2152 5720 2274 5759 cum
2320 5702 2519 5757 videris
2550 5717 2671 5755 eum
2698 5701 2764 5755 ad
2796 5700 3117 5768 baptismum
3159 5692 3495 5757 venientem,
3526 5700 3657 5751 nihil

2063 5796 2169 5850 vile
2198 5794 2510 5864 suspiceris.
2542 5792 2748 5848 Idcirco
2788 5798 3110 5860 praesentem
3155 5791 3299 5844 illum
3326 5787 3541 5841 cohibet
3577 5790 3656 5841 tli-

2064 5900 2193 5941 ccns
2217 5903 2230 5940 :
2252 5886 2339 5939 η.
2380 5884 2485 5955 Ego
2512 5900 2543 5936 a
2574 5891 2619 5937 te
2642 5882 2793 5936 debeo
2832 5880 3098 5949 baptizari,
3133 5891 3180 5933 ct
3207 5889 3259 5931 tu
3286 5876 3421 5928 renis
3448 5874 3515 5925 αιι
3544 5893 3621 5927 mc
3647 5896 3655 5925 ;
