4082 6506
520 409 626 460 903

521 522 653 586 Quia
694 517 834 572 enim
881 513 1173 583 baptismus
1223 509 1547 578 paenitentia
1578 512 1713 567 erat,
1757 511 1808 554 et
1847 501 1898 553 in
1940 513 2094 551 accu-

527 610 780 663 sationem
828 592 1162 675 peccatorum
1215 599 1497 654 inducebat
1542 613 1556 648 :
1607 609 1674 648 ne
1728 591 1847 661 quis
1890 597 2098 658 putaret

529 704 696 768 ipsum
725 699 913 753 eodem
933 698 1111 750 animo
1137 694 1201 747 ad
1225 693 1513 748 Jordanem
1554 686 1754 748 venire,
1789 683 1926 736 hanc
1952 679 2098 748 cogi-

527 793 778 846 tationem
806 789 1046 857 corrigit,
1069 788 1195 839 dum
1235 798 1428 854 agnum
1475 786 1647 841 vocat,
1679 784 1733 830 et
1761 783 2095 842 peccatorum

527 897 621 949 per
648 881 831 934 orbem
881 878 1116 930 omnium
1163 874 1572 939 redemptorem.
1603 867 1702 933 Qui
1752 864 1895 917 enim
1942 862 2097 914 totius

530 975 745 1028 humani
774 971 984 1040 generis
1020 975 1234 1036 peccata
1259 964 1442 1016 tollere
1483 968 1694 1030 potest,
1728 957 1896 1011 multo
1933 954 2100 1020 magis

529 1068 643 1132 ipse
685 1059 1038 1129 impeccabilis
1075 1066 1206 1110 erat.
1241 1054 1469 1120 ldeoque
1500 1066 1602 1106 non
1632 1049 1762 1101 dixit
1792 1066 1804 1101 :
1835 1046 1969 1098 Ecce
2001 1045 2099 1095 im—

530 1149 966 1221 peccabilis;scd
1007 1148 1144 1217 quod
1198 1146 1364 1199 multo
1417 1142 1586 1211 majus
1639 1149 1772 1200 erat,
1827 1136 1926 1202 Qui
1969 1133 2100 1186 tollit

525 1252 727 1311 peccata
755 1240 929 1293 mundi
952 1238 1130 1306 (Joun.
1170 1240 1217 1290 ι.
1253 1235 1365 1303 29),
1399 1245 1456 1286 ut
1483 1245 1603 1284 cum
1627 1229 1727 1284 hoc
1751 1236 1805 1281 et
1835 1224 1962 1280 illud
1985 1239 2100 1279 0m-

523 1333 649 1385 nino
669 1343 868 1386 certum
895 1331 1107 1391 habeas,
1139 1327 1420 1393 Videasque
1449 1321 1595 1374 illum
1623 1317 1726 1372 alia
1744 1314 1986 1386 quredam
2007 1314 2101 1368 ad-

524 1425 911 1477 miniStrautem
955 1418 1019 1471 ad
1052 1416 1365 1484 baptismum
1413 1411 1612 1465 venire.
1644 1409 1847 1464 Idcirco
1869 1406 2098 1459 venienti

525 1517 597 1568 illi
621 1516 826 1568 dicebat
863 1529 876 1563 :
907 1512 1017 1580 Ego
1047 1527 1075 1561 a
1118 1518 1164 1561 te
1208 1507 1356 1560 debeo
1385 1505 1651 1572 baptizari,
1693 1514 1738 1556 et
1771 1513 1822 1555 tu
1859 1501 1993 1553 renis
2032 1499 2100 1550 ad

493 1622 602 1658 .me
624 1605 648 1657 .’
674 1605 854 1671 Neque
885 1602 1036 1664 dixit,
1085 1599 1151 1653 Et
1180 1610 1232 1652 tu
1264 1599 1550 1666 baptizaris
1588 1610 1616 1648 a
1657 1611 1742 1648 me
1777 1610 1788 1644 :
1817 1608 1935 1646 nam
1967 1591 2097 1645 illud

526 1696 712 1748 metuit
755 1693 932 1748 dicere
967 1690 1096 1745 :sed
1141 1689 1308 1758 quid?
1339 1689 1404 1741 Et
1428 1699 1479 1740 tu
1510 1687 1646 1740 venis
1694 1686 1763 1739 ad
1814 1701 1890 1736 me
1911 1685 1936 1736 ἵ
1962 1683 2097 1749 Quid

530 1785 689 1852 igitur
715 1782 995 1836 Christus?
1035 1781 1186 1847 Quod
1213 1793 1333 1848 erga
1367 1779 1582 1830 Petrum
1632 1784 1849 1844 postea,
1893 1776 1942 1829 id
1976 1785 2101 1829 tunc

526 1875 686 1926 etiam
718 1871 860 1926 fecit.
893 1869 1021 1923 Nam
1058 1879 1112 1922 et
1154 1869 1266 1936 ipse
1314 1867 1591 1920 cohibebat
1624 1865 1794 1930 illum,
1848 1881 1914 1918 ne
1941 1864 2103 1931 pedes

526 1975 652 2014 suos
692 1960 924 2023 lavarct;
955 1959 1047 2013 sed
1094 1972 1214 2011 cum
1244 1957 1476 2010 audisset
1508 1973 1520 2008 :
1556 1954 1703 2022 Quod
1741 1968 1833 2025 ego
1876 1955 2009 2024 facio
2050 1963 2102 2006 tu

530 2051 710 2115 nescis,
729 2049 853 2104 scies
877 2058 1042 2100 autem
1065 2058 1234 2116 postea
1257 2046 1434 2118 (Joan.
1467 2046 1553 2099 15.
1573 2045 1660 2114 7);
1683 2054 1736 2098 et
1760 2086 1774 2107 ,
1810 2042 1925 2097 Non
1954 2044 2105 2097 habe-

530 2141 605 2194 bis
632 2149 824 2209 portent
850 2156 1042 2192 mecum
1067 2138 1085 2211 (
1109 2137 1245 2191 Ibid.
1278 2155 1322 2190 υ.
1353 2136 1428 2209 8)
1459 2154 1472 2189 :
1505 2139 1680 2210 statim
1711 2152 1739 2188 a
1763 2136 2103 2191 contentione

530 2230 750 2292 destitit,
780 2239 834 2283 ct
864 2229 913 2282 in
931 2229 1251 2282 contrarium
1276 2236 1509 2280 mutatus
1538 2236 1638 2280 est.
1675 2225 1771 2278 Hic
1800 2239 2010 2293 quoque
2031 2224 2104 2277 si-

530 2321 727 2374 militer
758 2328 813 2371 ut
835 2319 1034 2373 audivit
1063 2337 1074 2370 :
1111 2319 1192 2371 15.
1227 2318 1351 2372 Sine
1371 2317 1518 2370 modo
1552 2317 1658 2370 :sic
1684 2317 1816 2370 enim
1850 2317 1986 2369 decet
2015 2333 2105 2368 nos

529 2411 740 2474 implere
793 2425 988 2462 omnem
1031 2409 1283 2474 justitiam
1344 2425 1361 2460 :
1413 2408 1591 2461 statim
1629 2409 1957 2475 obsequutus
2001 2415 2100 2460 eSt.

531 2498 714 2565 Neque
740 2498 879 2551 enim
909 2499 1249 2563 pertinaciter
1273 2507 1424 2548 erant
1451 2496 1789 2560 Contentiosi,
1841 2494 1933 2548 sed
1962 2509 2107 2547 amo—

534 2603 645 2643 rem
669 2588 823 2641 simul
847 2598 898 2641 et
930 2587 1644 2651 obedientiamexhibebant,
1676 2587 1726 2638 in
1755 2588 2106 2652 omnibusque

539 2678 761 2732 Domino
813 2678 1178 2746 obtemperare
1227 2676 1532 2729 studebant.
1588 2675 1878 2750 Considera
1929 2685 2104 2728 autem

532 2766 800 2834 quomodo
833 2766 976 2819 illum
1005 2765 1072 2819 ab
1101 2781 1163 2819 eo
1190 2765 1422 2828 inducat,
1449 2779 1476 2815 a
1503 2780 1608 2832 quo
1631 2764 1858 2818 maxime
1889 2765 2106 2832 putabat

534 2875 637 2912 non
663 2874 757 2926 par
784 2874 901 2911 esse
950 2859 1020 2910 ita
1053 2858 1163 2909 ﬁeri
1196 2877 1207 2909 :
1241 2872 1343 2909 non
1391 2857 1531 2910 enim
1577 2856 1728 2920 dixit,
1770 2857 1858 2910 Sic
1903 2857 2105 2923 jlhlllllt

533 2958 650 3012 est;
678 2946 793 3013 sed,
819 2947 907 3000 Sic
933 2947 1089 3000 decet.
1122 2945 1253 3012 Quia
1283 2947 1423 2998 enim
1451 2946 1720 3015 indignum
1751 2948 1968 3000 omnino
1992 2963 2109 3001 esse

536 3039 774 3106 putabat,
806 3037 851 3090 si
877 3036 966 3089 ille
994 3052 1023 3088 a
1049 3051 1205 3091 servo
1232 3037 1607 3103 baptizaretur,
1632 3037 1733 3090 hoc
1760 3039 1989 3092 maxime
2011 3039 2111 3107 ipsi

536 3140 719 3183 eontra
747 3129 1015 3197 opposuit,
1069 3143 1129 3180 ac
1159 3130 1201 3181 si
1233 3128 1456 3181 dixisset
1487 3145 1500 3181 :
1529 3127 1715 3181 Nonne
1742 3129 1791 3181 id
1825 3131 2022 3198 refugis
2056 3141 2110 3184 et

533 3218 753 3271 cohibes
779 3218 926 3285 quasi
958 3217 1304 3269 indecorum?
1334 3218 1616 3285 Propterea
1648 3233 1773 3286 ergo
1801 3218 1956 3283 Sine,
1989 3222 2106 3285 quia

534 3309 816 3362 admodum
845 3308 1093 3361 decorum
1117 3318 1219 3360 est.
1251 3307 1430 3374 Neque
1449 3310 1763 3376 simpliciter
1783 3309 1937 3373 dixit,
1963 3312 2108 3373 Sine;

536 3399 630 3454 scd
662 3399 879 3460 addidit,
928 3396 1098 3448 Nunc.
1127 3396 1239 3449 Non
1287 3399 1428 3450 enim
1456 3408 1711 3466 perpetuo
1756 3399 1825 3452 ita
1879 3400 2002 3464 erit,
2037 3403 2114 3453 iu-

538 3491 653 3558 quit
681 3507 693 3541 :
719 3489 810 3543 sed
843 3490 891 3540 in
917 3502 981 3541 eo
1007 3497 1146 3541 statu
1178 3503 1262 3542 me
1291 3490 1494 3544 videbis
1517 3532 1532 3552 ,
1563 3506 1668 3558 quo
1712 3491 1988 3545 desideras
2014 3510 2028 3552 ;
2061 3504 2114 3546 at

541 3595 679 3634 nunc
709 3583 807 3632 hoc
834 3587 1102 3645 exspecta.
1153 3577 1351 3632 Deinde
1393 3579 1628 3633 ostendit
1655 3571 1928 3649 quomodo
1982 3582 2111 3635 illud

538 3672 743 3724 deceat.
790 3667 1067 3733 Quomodo
1120 3670 1275 3737 igitur
1300 3669 1490 3724 decet?
1533 3671 1665 3738 Quia
1722 3673 1890 3741 legem
1947 3684 2109 3727 totam

540 3759 849 3824 impletntts;
885 3758 934 3810 id
965 3760 1156 3826 quippe
1173 3761 1486 3826 signiﬁcavit
1515 3762 1765 3828 dicendo,
1798 3763 2113 3833 Omnemju-

537 3851 740 3906 stitiam.
776 3849 986 3903 Justitia
1034 3853 1173 3904 enim
1224 3861 1307 3904 est
1361 3852 1730 3905 mandatorum
1785 3853 2107 3907 observatio.

537 3942 667 4007 Quia
694 3941 868 4008 igitur,
901 3941 1089 4009 inquit,
1122 3942 1222 3994 alia
1251 3943 1428 3995 omnia
1461 3943 1703 4000 mandata
1733 3944 2070 4011 implevimus
2094 3987 2108 4007 ,

539 4034 640 4082 hoc
682 4041 854 4083 autem
908 4047 1067 4083 unutn
1115 4042 1376 4099 superest,
1407 4040 1460 4086 et
1491 4031 1616 4084 illud
1647 4047 1857 4100 quoque
1896 4033 2109 4103 adjuugl

536 4131 766 4189 oportet.
800 4122 927 4174 Veni
957 4122 1150 4190 quippe
1197 4122 1404 4175 solvere
1430 4121 1803 4188 maledictum,
1837 4139 1898 4177 es
1933 4134 2110 4179 trans-

535 4213 809 4278 gressione
848 4213 978 4282 legis
1014 4212 1340 4277 impositum.
1372 4212 1591 4277 Oportet
1620 4212 1778 4278 igitur
1799 4227 1883 4264 me
1915 4213 2109 4280 ipsum,

537 4319 656 4356 cum
683 4312 844 4355 totam
886 4303 1057 4368 legem
1100 4301 1411 4367 implevero,
1459 4306 1512 4351 et
1564 4313 1655 4350 vos
1696 4311 1726 4351 a
1763 4299 2106 4354 damnatione

539 4395 855 4453 liberavero,
880 4391 956 4442 sic
985 4391 1128 4444 illam
1174 4391 1453 4457 abrogare.
1481 4389 1642 4441 Decet
1677 4405 1804 4456 ergo
1831 4404 1917 4442 me
1950 4397 2110 4442 totam

536 4484 758 4551 itnplerc
785 4484 952 4551 legem
983 4499 993 4511 ο
1026 4485 1144 4548 quia
1174 4481 1324 4535 decet
1349 4482 1505 4536 ctiam
1538 4479 1874 4534 maledictum
1907 4480 2114 4535 solvere

536 4585 717 4626 contra
747 4588 838 4625 vos
870 4574 920 4625 in
949 4574 1062 4640 lege
1091 4572 1416 4637 inscriptum.
1451 4571 1573 4625 ideo
1602 4587 1816 4625 carnem
1846 4571 2110 4638 assumpsi

531 4667 580 4712 et
617 4662 825 4715 adveni.
863 4661 1001 4713 Tunc
1025 4662 1210 4714 dimisit
1235 4678 1366 4714 eum.
1398 4663 1485 4716 16.
1519 4661 1580 4714 Et
1619 4664 1899 4728 baptizatus
1939 4659 2109 4725 Iesus,

531 4754 796 4820 confestim
827 4754 1047 4805 ascendit
1077 4755 1140 4804 de
1166 4769 1315 4818 aqua,
1341 4763 1389 4804 et
1430 4769 1540 4806 ecce
1566 4758 1726 4822 aperti
1751 4766 1867 4807 sunt
1889 4756 1934 4807 ei
1961 4756 2070 4808 caeli
2094 4772 2112 4807 :

531 4852 576 4894 et
611 4847 728 4897 vidit
755 4843 1003 4912 Spiritum
1033 4843 1126 4896 Dei
1152 4844 1527 4898 descendentem
1573 4845 1702 4897 sicut
1742 4847 2039 4907 columbam,
2065 4856 2112 4897 et

533 4936 803 4987 venientem
824 4951 975 5000 super
995 4950 1126 4985 cum.

605 5026 660 5078 ‘2.
701 5025 929 5077 Christus
977 5041 1065 5076 cur
1113 5023 1312 5076 Joanne
1360 5025 1525 5078 minor
1571 5025 1854 5092 putabatur.
1886 5027 2106 5095 —Qnia

535 5122 681 5174 enim
708 5119 873 5171 multo
901 5117 1158 5184 majorem
1189 5116 1278 5169 illo
1300 5115 1560 5169 Joannem
1591 5130 1708 5168 esse
1734 5120 2016 5184 putabant,
2047 5135 2113 5174 co

537 5210 681 5278 quod
715 5210 766 5260 in
799 5209 1014 5262 deserto
1045 5221 1258 5274 semper
1288 5207 1530 5270 vixisset,
1567 5215 1618 5260 et
1649 5207 1787 5260 filius
1818 5210 2113 5266 sacerdoris

537 5309 703 5359 esset,
749 5298 950 5364 talique
980 5295 1201 5348 indutus
1232 5296 1574 5358 vestimento,
1617 5305 1778 5362 atque
1813 5313 2002 5354 omnes
2044 5302 2111 5354 ad

540 5387 872 5454 baptismum
902 5396 1142 5448 voearet,
1171 5400 1344 5452 exque
1374 5385 1539 5438 sterili
1570 5395 1730 5438 natus
1755 5398 1930 5449 esset;
1954 5389 2113 5443 Jesus

544 5493 677 5531 vero
702 5494 764 5530 et
810 5479 1037 5531 obscura
1073 5477 1248 5544 puella
1281 5485 1441 5530 natus
1470 5495 1480 5529 :
1516 5485 1702 5545 partus
1731 5479 1873 5531 enim
1903 5495 1963 5532 ex
1991 5480 2113 5532 Vir-

542 5569 659 5637 gine
702 5570 938 5620 nondum
973 5568 1226 5621 omnibus
1272 5577 1387 5622 erat
1427 5578 1618 5631 notus;
1659 5569 1912 5637 quodque
1961 5571 2106 5624 domi

542 5656 794 5716 nutritus,
819 5671 938 5708 cum
959 5656 1210 5709 omnibus
1235 5665 1478 5710 versatus
1500 5666 1554 5710 et
1576 5657 1778 5726 vulgari
1802 5669 1948 5712 veste
1969 5670 2112 5713 esset

543 5744 800 5799 indutus:
833 5745 1092 5799 minorem
1131 5747 1306 5813 ipsum
1337 5763 1454 5801 esse
1489 5749 1750 5816 putabant
1801 5753 1926 5819 quia
1974 5752 2107 5805 nihil

1231 399 1289 453 S.
1328 393 1604 451 JOANNIS
1640 383 2113 448 CHRYSOSTOMI
2151 381 2466 438 ARCIIIEP.
2506 383 3018 444 CONSTANTINOP

3679 392 3781 448 20-8

2205 498 2378 552 adhuc
2420 513 2483 552 ex
2530 500 2737 554 arcanis
2781 501 2888 554 illis
2934 500 3190 556 viderant.
3243 500 3476 571 Contigit
3520 514 3696 558 autem
3728 512 3784 557 et

2201 593 2373 659 ipsum
2402 606 2430 642 a
2457 590 2661 645 Joanne
2680 591 2934 659 baptizari
2960 609 2972 646 :
3004 593 3056 647 id
3087 593 3226 662 quod
3258 593 3398 647 illam
3431 593 3662 648 maxime
3687 594 3779 647 fir-

2203 683 2383 737 mabat
2405 684 2730 752 opinionem,
2756 685 2913 738 etiam
2944 684 2987 738 si
3019 685 3148 739 nihil
3176 686 3319 740 aliud
3355 703 3420 741 ex
3463 686 3620 740 dictis
3645 702 3782 756 prte—

2201 775 2470 829 cessisset.
2515 773 2828 843 Cogitabam
2876 777 3018 830 enim
3060 793 3179 830 eum
3227 793 3345 832 esse
3401 781 3700 846 quempiam
3754 795 3783 830 a

2204 865 2362 934 vulgo
2395 883 2407 918 :
2441 866 2675 935 alioquin
2708 866 2873 930 enim,
2903 867 3000 920 nisi
3031 866 3098 921 de
3131 867 3288 936 vulgo
3328 878 3491 934 esset,
3525 885 3629 922 non
3659 883 3780 922 cum

2205 956 2353 1008 turba
2402 937 2479 1008 ad.
2512 956 2828 1024 baptismum
2884 966 3137 1012 venturus
3180 967 3294 1020 erat
3328 975 3339 1009 :
3375 958 3606 1014 Joannes
3657 975 3784 1013 vero

2207 1045 2375 1113 major
2396 1055 2449 1098 et
2475 1043 2632 1114 longe
2678 1046 2972 1100 mirabilior
3016 1061 3134 1100 esse
3167 1047 3466 1116 putabatur.
3499 1048 3576 1103 Ne
3623 1048 3783 1118 igitur

2207 1135 2291 1188 illa
2321 1134 2459 1204 apud
2507 1136 2702 1189 multos
2729 1138 2990 1190 sententia
3016 1137 3331 1204 praevaleret
3351 1179 3365 1201 ,
3396 1153 3515 1191 cum
3548 1138 3662 1206 ipse
3692 1138 3786 1192 ba-

2206 1226 2431 1294 ptizatus
2470 1226 2676 1292 fuisset,
2705 1228 2819 1281 caali
2844 1228 3010 1295 aperti
3037 1236 3180 1288 sunt,
3206 1226 3437 1296 Spiritus
3481 1229 3785 1292 descendit,

2211 1328 2264 1370 ct
2294 1331 2393 1370 vos
2439 1331 2559 1371 cum
2605 1317 2806 1384 Spiritu
2834 1318 3130 1384 praedicans
3155 1316 3375 1387 hujusce
3409 1317 3673 1387 Unigeniti
3703 1320 3789 1371 di-

2199 1410 2480 1477 gnitatem.
2505 1407 2635 1474 Quia
2663 1410 2804 1463 enim
2835 1408 2949 1462 haec
2995 1424 3098 1463 vox
3143 1425 3260 1479 qua:
3290 1409 3497 1463 dicebat
3518 1449 3536 1476 ,
3568 1411 3652 1464 i7.
3685 1407 3789 1462 Hic

2205 1510 2275 1554 est
2306 1499 2466 1553 Filius
2491 1517 2628 1553 meus
2649 1502 2878 1566 dilectus,
2893 1502 3062 1555 multo
3087 1503 3254 1570 magis
3273 1501 3462 1555 Joanni
3480 1510 3788 1570 competere

2205 1589 2341 1657 apud
2375 1591 2626 1657 plurimos
2656 1591 2767 1643 visa
2811 1591 3031 1654 fuisset;
3065 1606 3236 1658 neque
3281 1591 3423 1646 enim
3474 1590 3788 1656 addiderat,

2171 1703 2175 1706 ·
2206 1681 2303 1736 Hic
2327 1681 2415 1750 qui
2449 1682 2761 1751 baptizatur,
2786 1681 2879 1737 sed
2906 1682 3004 1735 Hic
3025 1683 3342 1752 simpliciter
3361 1723 3376 1748 ,
3405 1693 3459 1735 et
3482 1682 3787 1736 auditorum

2205 1771 2397 1840 singuli
2446 1771 2496 1824 id
2542 1772 2716 1839 potius
2741 1772 2806 1826 de
2861 1771 3180 1842 baptizaute,
3210 1787 3368 1841 quam
3413 1773 3480 1826 de
3524 1768 3791 1841 baptizata

2207 1861 2310 1916 dici
2338 1862 2590 1930 suspicati
2625 1862 2869 1928 fuissent,
2903 1872 3013 1916 tum
3042 1864 3110 1916 ob
3133 1864 3300 1932 ipsum
3335 1863 3584 1931 Baptistae
3609 1862 3788 1931 digni—

2208 1961 2368 2007 tatem
2401 1953 2440 2017 ί,
2470 1962 2577 2006 tum
2607 1953 2677 2005 ob
2704 1967 2765 2007 ea
2795 1953 2972 2006 omnia
3001 1969 3120 2022 qua:
3143 1952 3254 2020 jam
3283 1953 3421 2006 dicta
3450 1959 3575 2006 sunt
3601 1969 3615 2005 :
3649 1952 3794 2005 venit

2207 2041 2432 2111 Spiritus
2444 2043 2702 2097 columbae
2719 2045 2916 2112 specie,
2937 2044 3024 2112 qui
3048 2057 3233 2096 vocem
3252 2043 3482 2096 traheret
3501 2042 3567 2095 ad
3583 2041 3790 2108 Jesum,

2206 2134 2559 2201 omnibusque
2600 2132 2898 2187 declararet
2928 2148 3110 2187 vocem
3165 2133 3350 2198 illam,
3395 2132 3525 2197 Hic,
3575 2147 3681 2186 non
3725 2131 3794 2186 de

2205 2223 2411 2278 Joanne
2440 2223 2737 2292 baptizante
2758 2263 2773 2287 ,
2805 2222 2902 2277 sed
2952 2223 3016 2277 de
3069 2222 3196 2278 Jesu
3229 2205 3494 2296 baptizato
3544 2220 3791 2290 proferri.

2207 2316 2277 2371 Et
2297 2332 2477 2386 quare,
2511 2318 2737 2384 inquies,
2790 2316 2874 2371 his
2925 2317 2995 2370 ita
3040 2316 3204 2385 gestis
3258 2332 3364 2370 non
3416 2314 3797 2371 crediderunt?

2209 2410 2341 2474 Quia
2370 2412 2529 2462 etiam
2552 2410 2650 2462 sub
2685 2392 2874 2479 Moyse.
2913 2410 3078 2464 multa
3106 2419 3310 2477 patrata
3342 2417 3466 2462 sunt
3512 2407 3792 2472 miracula,

2210 2504 2417 2558 etiamsi
2444 2519 2548 2554 non
2579 2503 2700 2555 talia
2733 2519 2746 2557 :
2779 2510 2833 2556 et
2864 2512 3041 2556 tamen
3070 2511 3186 2569 post
3213 2502 3298 2555 illa
3326 2504 3524 2560 omnia,
3556 2510 3678 2570 pust
3703 2515 3794 2553 vo-

2211 2607 2299 2646 ces
2331 2599 2383 2646 et
2416 2591 2590 2656 tubas,
2620 2601 2672 2646 et
2702 2591 2928 2658 fulgura,
2956 2593 3177 2645 vitulum
3205 2591 3525 2652 confiarunt,
3553 2600 3606 2644 et
3636 2589 3792 2644 Beel-

2211 2681 2430 2750 phegori
2461 2682 2648 2734 initiati
2681 2690 2821 2734 sunt.
2857 2680 3065 2749 Ipsique
3091 2682 3272 2746 etiam,
3305 2664 3393 2750 qui
3423 2692 3530 2735 tum
3556 2695 3795 2749 praesen-

2211 2780 2292 2826 tes
2312 2783 2484 2833 erant,
2512 2787 2631 2826 cum
2661 2772 2915 2826 Lazarum
2945 2773 3254 2825 suscitatum
3284 2773 3563 2835 vidissent,
3591 2779 3792 2824 tantum

2211 2865 2376 2919 abfuit
2401 2875 2456 2918 ut
2483 2865 2762 2918 crederent
2806 2864 2927 2916 talia
2965 2865 3214 2931 patranti,
3251 2874 3301 2916 ut
3331 2863 3491 2916 etiam
3525 2862 3673 2915 illum
3703 2875 3794 2914 oc-

2214 2957 2394 3010 cidere
2421 2972 2562 3024 saepe
2590 2964 2878 3009 tentarent.
2909 2954 2964 3007 Si
2998 2955 3153 3023 igitur
3184 2970 3292 3023 prte
3319 2955 3492 3006 oculis
3538 2953 3795 3006 habentes

2216 3058 2546 3103 mortuorum
2601 3048 3069 3110 resurrectionem,
3124 3047 3194 3099 ita
3246 3055 3398 3099 erant
3439 3043 3697 3098 increduli
3743 3052 3797 3097 et

2218 3139 2384 3206 pravi,
2412 3138 2535 3205 quid
2563 3139 2771 3190 miraris
2801 3138 2843 3190 si
2874 3153 3056 3191 vocem
3086 3138 3227 3192 illam
3252 3152 3538 3204 supernam
3572 3152 3678 3190 non
3705 3151 3798 3190 ex-

2216 3231 2501 3297 ceperunt?
2522 3230 2653 3284 Cum
2676 3231 2816 3283 enim
2850 3231 3088 3297 improha
3119 3241 3172 3284 et
3215 3242 3460 3297 perversa
3490 3238 3572 3283 est
3596 3231 3791 3289 anima,

2216 3321 2502 3386 livorisque
2533 3321 2717 3372 tnorbo
2744 3319 2951 3383 affecta,
2983 3319 3108 3371 nulli
3138 3319 3277 3373 cedit
3299 3319 3588 3382 miraculo;
3612 3328 3794 3372 contra

2219 3428 2344 3466 vero
2369 3427 2488 3464 cmn
2521 3412 2683 3477 proba
2709 3421 2812 3474 est,
2843 3412 3020 3463 omnia
3047 3428 3166 3464 cuin
3199 3411 3298 3462 fide
3331 3410 3543 3478 accipit,
3575 3411 3682 3462 imo
3708 3427 3798 3462 ne-

2219 3518 2320 3572 que
2347 3502 2426 3556 his
2456 3503 2742 3578 admodum
2775 3518 2910 3570 opus
2938 3503 3114 3556 habet.
3151 3502 3224 3554 Ne
3255 3503 3416 3570 igitur
3453 3516 3663 3569 quaeras
3705 3517 3798 3556 cur

2219 3608 2323 3646 non
2355 3593 2696 3646 crediderunt
2736 3610 2748 3643 :
2783 3592 2909 3646 illud
2943 3594 3035 3645 tibi
3063 3591 3407 3660 quaerendum
3452 3601 3596 3644 esset
3619 3592 3662 3644 si
3693 3606 3794 3646 non

2217 3684 2358 3738 facta
2401 3683 2627 3737 fuissent
2656 3684 2870 3744 omnia,
2902 3697 3022 3751 qua:
3062 3683 3125 3735 ad
3173 3684 3497 3736 credendum
3548 3681 3798 3736 inducere

2219 3777 2505 3830 debebant.
2557 3777 2758 3828 Etenim
2817 3790 2910 3842 per
2959 3774 3270 3842 prophetam
3306 3774 3446 3827 Deus
3474 3787 3636 3839 super
3684 3773 3797 3827 luec

2217 3865 2417 3929 omnia,
2446 3881 2563 3932 qua:
2590 3866 2656 3917 ab
2676 3880 2732 3918 se
2761 3865 2996 3932 pra'stari
3025 3864 3342 3928 debuerunt,
3374 3862 3795 3917 huucdefensio-

2220 3959 2301 4010 nis
2329 3956 2542 4009 modum
2570 3956 2745 4009 affert.
2794 3956 2928 4020 Quia
2957 3955 3098 4008 enim
3129 3957 3360 4008 futurum
3396 3965 3512 4007 erat
3553 3954 3794 4009 utJudtei

2219 4050 2472 4114 perirent,
2505 4055 2559 4098 et
2601 4055 2846 4097 extremo
2892 4045 3153 4112 supplicio
3181 4044 3553 4104 traderentur;
3587 4060 3654 4097 ne
3679 4045 3793 4113 quis

2215 4155 2280 4192 ex
2309 4139 2543 4206 ipsorum
2575 4139 2804 4204 nequitia
2838 4137 2953 4202 ejus
2985 4136 3368 4203 piovidentiam
3389 4137 3650 4202 culparet,
3682 4136 3790 4189 ait:

2220 4226 2353 4289 Quid
2381 4243 2458 4278 me
2475 4231 2695 4292 Oportuit
2733 4229 2898 4294 facere
2937 4227 3091 4278 vincte
3121 4227 3254 4288 huic,
3300 4237 3469 4279 etnon
3499 4228 3594 4295 feci
3625 4227 3644 4295 (
3667 4225 3792 4277 Isai.

2218 4316 2272 4369 5.
2305 4317 2405 4384 4)?
2441 4315 2669 4385 ldipsum
2706 4317 2788 4370 hic
2815 4317 3125 4370 consideres
3155 4324 3384 4384 Oportet,
3428 4317 3554 4386 quid
3581 4327 3794 4387 oporte-

2217 4407 2302 4460 bat
2329 4407 2465 4470 ﬁeri,
2514 4417 2570 4460 ct
2599 4421 2702 4460 neu
2737 4406 2929 4460 factum
2962 4417 3062 4460 est.
3100 4407 3164 4461 Et
3190 4408 3234 4459 si
3264 4406 3479 4475 quando
3513 4406 3582 4460 de
3609 4409 3787 4477 provi-

2215 4501 2392 4555 dentia
2414 4502 2503 4554 Dei
2526 4515 2801 4554 sermones
2815 4512 3143 4564 moveantur,
3167 4500 3270 4554 hoc
3288 4498 3614 4554 defensionis
3637 4499 3794 4553 modo

2220 4599 2368 4644 utere
2411 4591 2668 4644 adversus
2715 4605 2809 4642 eos
2858 4593 2946 4655 qui
2999 4591 3064 4641 de
3123 4591 3406 4642 multorum
3457 4590 3792 4659 improbitate

2219 4681 2384 4747 ipsam
2411 4682 2678 4734 criminari
2710 4687 2985 4735 conantur.
3021 4679 3296 4748 Perpende
3328 4680 3486 4746 igitur
3513 4694 3671 4748 quam
3698 4681 3793 4731 mi-

2220 4769 2402 4821 rabilia
2433 4781 2822 4837 perpetrentur,
2862 4781 2914 4821 et
2962 4768 3258 4822 futurorum
3295 4770 3438 4823 initia
3471 4788 3484 4821 :
3515 4784 3618 4822 non
3648 4771 3788 4823 cnim

2219 4858 2516 4926 paradisus,
2555 4861 2646 4914 sed
2689 4860 2877 4913 cadunt
2925 4859 3180 4924 aperitur.
3217 4857 3408 4913 Verum
3458 4858 3572 4912 ha‘c
3605 4871 3787 4913 centra

2214 4947 2430 5001 Judazos
2479 4953 2647 5002 oratio
2699 4951 2749 5002 in
2789 4948 2936 5001 aliud
2987 4958 3195 5015 tempus
3260 4947 3538 5002 differatur
3584 4965 3596 5000 :
3651 4964 3789 5001 nunc

2214 5050 2414 5097 autem.
2443 5040 2547 5092 Deo
2570 5042 2808 5106 juvaute,
2841 5039 2904 5092 ad
2936 5055 2995 5093 ea
3018 5056 3133 5107 qum
3158 5039 3266 5107 jam
3291 5049 3579 5094 tractamus
3611 5055 3788 5094 sermo

2217 5131 2480 5185 referatur
2510 5149 2519 5182 :
2555 5131 2617 5186 Et
2667 5133 2946 5198 baptizatus
2973 5131 3143 5196 Iesus,
3173 5131 3398 5186 ascendit
3423 5131 3688 5198 confestim
3726 5148 3786 5184 ex

2214 5237 2344 5288 aqua
2367 5235 2383 5282 ;
2415 5232 2457 5271 et
2481 5239 2587 5273 ecce
2607 5224 2768 5290 aperti
2797 5231 2909 5273 sum
2936 5223 2979 5274 ei
3000 5223 3127 5275 cwfi.
3155 5221 3262 5276 Cur
3290 5221 3457 5290 aperti
3482 5233 3605 5275 sunt
3629 5223 3739 5274 cel-'2
3768 5234 3780 5273 Ξ

2217 5310 2281 5365 Ut
2307 5312 2502 5371 discus,
2535 5328 2652 5366 cum
2691 5322 2746 5366 tu
2777 5313 3057 5381 baptizaris
3079 5356 3091 5374 ,
3139 5314 3364 5382 idipsum
3412 5313 3522 5367 fieri
3551 5357 3564 5377 ,
3598 5314 3705 5366 Deo
3734 5329 3782 5367 te

2214 5401 2277 5454 ad
2331 5402 2592 5456 crclrstem
2632 5406 2849 5472 patriam
2897 5415 3141 5464 vocante,
3183 5413 3236 5458 et
3288 5406 3543 5458 suadente
3571 5414 3626 5458 ttt
3655 5405 3781 5459 nihil

2212 5507 2330 5545 cum
2359 5500 2493 5544 terra
2522 5508 2801 5547 commune
2823 5493 3038 5547 habeas.
3065 5493 3215 5558 Quod
3241 5493 3284 5546 si
3309 5493 3359 5546 id
3389 5509 3494 5548 non
3521 5493 3692 5553 vides.
3720 5510 3785 5550 ne

2277 5717 2290 5743 ‘
2325 5714 2516 5769 Quidam
2533 5715 2729 5770 habent,
2744 5714 2803 5759 ob
2827 5712 2978 5773 ipsum
3000 5709 3220 5771 baptism
3244 5710 3545 5774 dignitatem;
3561 5712 3650 5764 scd
3668 5711 3782 5763 ωυι-

2213 5777 2259 5818 to
2289 5779 2476 5822 υιῖυδιὲιι
2501 5774 2644 5824 lectio
2668 5788 2775 5835 qua:
2804 5782 2878 5822 est.
2912 5775 2956 5821 in
2982 5780 3139 5822 textu.
