  <div class='ocr_page' id='page_1' title='image "/cluster/home/n/w/nwhite01/storage/ocr_20150623/57/uva.x004697226/134.png"; bbox 0 0 4082 6520; ppageno 0'>
   <div class='ocr_carea' id='block_1_1' title="bbox 267 469 381 524">
    <p class='ocr_par' dir='ltr' id='par_1_1' title="bbox 267 469 381 524">
     <span class='ocr_line' id='line_1_1' title="bbox 267 469 381 524; baseline -0.018 0"><span class='ocrx_word' id='word_1_1' title='bbox 267 469 381 524; x_wconf 69' lang='grc'><strong>205</strong></span> 
     </span>
    </p>
   </div>
   <div class='ocr_carea' id='block_1_2' title="bbox 270 606 1870 678">
    <p class='ocr_par' dir='ltr' id='par_1_2' title="bbox 270 606 1870 678">
     <span class='ocr_line' id='line_1_2' title="bbox 270 606 1870 678; baseline 0.001 -17"><span class='ocrx_word' id='word_1_2' title='bbox 270 617 457 664; x_wconf 87' lang='lat' dir='ltr'><strong>tamen</strong></span> <span class='ocrx_word' id='word_1_3' title='bbox 488 606 646 664; x_wconf 90' lang='lat' dir='ltr'><strong>iidem</strong></span> <span class='ocrx_word' id='word_1_4' title='bbox 674 620 858 677; x_wconf 83' lang='lat' dir='ltr'><strong>neges.</strong></span> <span class='ocrx_word' id='word_1_5' title='bbox 885 606 1016 663; x_wconf 83' lang='lat' dir='ltr'><strong>Nam</strong></span> <span class='ocrx_word' id='word_1_6' title='bbox 1047 606 1099 662; x_wconf 89' lang='lat' dir='ltr'><strong>in</strong></span> <span class='ocrx_word' id='word_1_7' title='bbox 1126 606 1400 678; x_wconf 79' lang='lat' dir='ltr'><strong>principiis</strong></span> <span class='ocrx_word' id='word_1_8' title='bbox 1450 622 1665 678; x_wconf 83' lang='lat' dir='ltr'><strong>semper</strong></span> <span class='ocrx_word' id='word_1_9' title='bbox 1697 610 1870 663; x_wconf 87' lang='lat' dir='ltr'><strong>admi-</strong></span> 
     </span>
    </p>
   </div>
   <div class='ocr_carea' id='block_1_3' title="bbox 269 698 1874 769">
    <p class='ocr_par' dir='ltr' id='par_1_3' title="bbox 269 698 1874 769">
     <span class='ocr_line' id='line_1_3' title="bbox 269 698 1874 769; baseline 0 -15"><span class='ocrx_word' id='word_1_10' title='bbox 269 699 566 754; x_wconf 83' lang='lat' dir='ltr'><strong>randarum</strong></span> <span class='ocrx_word' id='word_1_11' title='bbox 611 698 1073 767; x_wconf 88' lang='lat' dir='ltr'><strong>spiritualiumque</strong></span> <span class='ocrx_word' id='word_1_12' title='bbox 1121 713 1302 753; x_wconf 92' lang='lat' dir='ltr'><strong>rerum</strong></span> <span class='ocrx_word' id='word_1_13' title='bbox 1353 698 1587 754; x_wconf 78' lang='lat' dir='ltr'><strong>visiones</strong></span> <span class='ocrx_word' id='word_1_14' title='bbox 1617 708 1874 769; x_wconf 75' lang='lat' dir='ltr'><strong>apparent</strong></span> 
     </span>
    </p>
   </div>
   <div class='ocr_carea' id='block_1_4' title="bbox 268 789 1867 860">
    <p class='ocr_par' dir='ltr' id='par_1_4' title="bbox 268 789 1867 860">
     <span class='ocr_line' id='line_1_4' title="bbox 268 789 1867 860; baseline 0.001 -17"><span class='ocrx_word' id='word_1_15' title='bbox 268 804 493 843; x_wconf 88' lang='lat' dir='ltr'><strong>sensum</strong></span> <span class='ocrx_word' id='word_1_16' title='bbox 525 798 802 844; x_wconf 88' lang='lat' dir='ltr'><strong>moventes</strong></span> <span class='ocrx_word' id='word_1_17' title='bbox 831 798 885 845; x_wconf 91' lang='lat' dir='ltr'><strong>et</strong></span> <span class='ocrx_word' id='word_1_18' title='bbox 909 792 1058 860; x_wconf 85' lang='lat' dir='ltr'><strong>signa</strong></span> <span class='ocrx_word' id='word_1_19' title='bbox 1084 789 1411 859; x_wconf 87' lang='lat' dir='ltr'><strong>hujusmodi,</strong></span> <span class='ocrx_word' id='word_1_20' title='bbox 1437 790 1594 859; x_wconf 85' lang='lat' dir='ltr'><strong>idque</strong></span> <span class='ocrx_word' id='word_1_21' title='bbox 1623 792 1867 860; x_wconf 82' lang='lat' dir='ltr'><strong>stupido-</strong></span> 
     </span>
    </p>
   </div>
   <div class='ocr_carea' id='block_1_5' title="bbox 269 878 1867 950">
    <p class='ocr_par' dir='ltr' id='par_1_5' title="bbox 269 878 1867 950">
     <span class='ocr_line' id='line_1_5' title="bbox 269 878 1867 950; baseline 0.002 -17"><span class='ocrx_word' id='word_1_22' title='bbox 269 894 393 933; x_wconf 88' lang='lat' dir='ltr'><strong>rum</strong></span> <span class='ocrx_word' id='word_1_23' title='bbox 427 878 701 933; x_wconf 85' lang='lat' dir='ltr'><strong>hominum</strong></span> <span class='ocrx_word' id='word_1_24' title='bbox 728 894 907 944; x_wconf 89' lang='lat' dir='ltr'><strong>causa,</strong></span> <span class='ocrx_word' id='word_1_25' title='bbox 938 881 1027 949; x_wconf 88' lang='lat' dir='ltr'><strong>qui</strong></span> <span class='ocrx_word' id='word_1_26' title='bbox 1048 880 1231 935; x_wconf 88' lang='lat' dir='ltr'><strong>sensili</strong></span> <span class='ocrx_word' id='word_1_27' title='bbox 1259 882 1461 936; x_wconf 74' lang='lat' dir='ltr'><strong>visione</strong></span> <span class='ocrx_word' id='word_1_28' title='bbox 1489 895 1623 950; x_wconf 80' lang='lat' dir='ltr'><strong>opus</strong></span> <span class='ocrx_word' id='word_1_29' title='bbox 1648 882 1867 949; x_wconf 83' lang='lat' dir='ltr'><strong>habent,</strong></span> 
     </span>
    </p>
   </div>
   <div class='ocr_carea' id='block_1_6' title="bbox 271 972 1870 1041">
    <p class='ocr_par' dir='ltr' id='par_1_6' title="bbox 271 972 1870 1041">
     <span class='ocr_line' id='line_1_6' title="bbox 271 972 1870 1041; baseline 0.004 -19"><span class='ocrx_word' id='word_1_30' title='bbox 271 983 452 1035; x_wconf 88' lang='lat' dir='ltr'><strong>neque</strong></span> <span class='ocrx_word' id='word_1_31' title='bbox 475 981 697 1038; x_wconf 91' lang='lat' dir='ltr'><strong>possunt</strong></span> <span class='ocrx_word' id='word_1_32' title='bbox 718 972 945 1041; x_wconf 89' lang='lat' dir='ltr'><strong>aliquam</strong></span> <span class='ocrx_word' id='word_1_33' title='bbox 976 972 1310 1040; x_wconf 81' lang='lat' dir='ltr'><strong>incorporea:</strong></span> <span class='ocrx_word' id='word_1_34' title='bbox 1336 983 1538 1027; x_wconf 66' lang='lat' dir='ltr'><strong>natura:</strong></span> <span class='ocrx_word' id='word_1_35' title='bbox 1570 974 1742 1029; x_wconf 89' lang='lat' dir='ltr'><strong>ideam</strong></span> <span class='ocrx_word' id='word_1_36' title='bbox 1773 976 1870 1029; x_wconf 45' lang='lat' dir='ltr'><strong>ad-</strong></span> 
     </span>
    </p>
   </div>
   <div class='ocr_carea' id='block_1_7' title="bbox 270 1060 1865 1134">
    <p class='ocr_par' dir='ltr' id='par_1_7' title="bbox 270 1060 1865 1134">
     <span class='ocr_line' id='line_1_7' title="bbox 270 1060 1865 1134; baseline 0.004 -21"><span class='ocrx_word' id='word_1_37' title='bbox 270 1060 514 1125; x_wconf 89' lang='lat' dir='ltr'><strong>mittere,</strong></span> <span class='ocrx_word' id='word_1_38' title='bbox 565 1062 657 1115; x_wconf 89' lang='lat' dir='ltr'><strong>sed</strong></span> <span class='ocrx_word' id='word_1_39' title='bbox 701 1062 771 1115; x_wconf 87' lang='lat' dir='ltr'><strong>ad</strong></span> <span class='ocrx_word' id='word_1_40' title='bbox 820 1061 1048 1116; x_wconf 85' lang='lat' dir='ltr'><strong>visibilia</strong></span> <span class='ocrx_word' id='word_1_41' title='bbox 1099 1072 1303 1117; x_wconf 89' lang='lat' dir='ltr'><strong>tantum</strong></span> <span class='ocrx_word' id='word_1_42' title='bbox 1352 1064 1758 1134; x_wconf 86' lang='lat' dir='ltr'><strong>obstupescunt,</strong></span> <span class='ocrx_word' id='word_1_43' title='bbox 1811 1076 1865 1120; x_wconf 90' lang='lat' dir='ltr'><strong>ut</strong></span> 
     </span>
    </p>
   </div>
   <div class='ocr_carea' id='block_1_8' title="bbox 266 1151 1866 1224">
    <p class='ocr_par' dir='ltr' id='par_1_8' title="bbox 266 1151 1866 1224">
     <span class='ocr_line' id='line_1_8' title="bbox 266 1151 1866 1224; baseline 0.004 -19"><span class='ocrx_word' id='word_1_44' title='bbox 266 1151 481 1205; x_wconf 89' lang='lat' dir='ltr'><strong>etiamsi</strong></span> <span class='ocrx_word' id='word_1_45' title='bbox 515 1162 698 1220; x_wconf 87' lang='lat' dir='ltr'><strong>postea</strong></span> <span class='ocrx_word' id='word_1_46' title='bbox 745 1153 866 1205; x_wconf 85' lang='lat' dir='ltr'><strong>talia</strong></span> <span class='ocrx_word' id='word_1_47' title='bbox 898 1168 1002 1206; x_wconf 88' lang='lat' dir='ltr'><strong>non</strong></span> <span class='ocrx_word' id='word_1_48' title='bbox 1035 1154 1303 1218; x_wconf 73' lang='lat' dir='ltr'><strong>eveniant,</strong></span> <span class='ocrx_word' id='word_1_49' title='bbox 1335 1170 1397 1209; x_wconf 90' lang='lat' dir='ltr'><strong>ea</strong></span> <span class='ocrx_word' id='word_1_50' title='bbox 1439 1170 1560 1224; x_wconf 79' lang='lat' dir='ltr'><strong>quze</strong></span> <span class='ocrx_word' id='word_1_51' title='bbox 1603 1158 1768 1211; x_wconf 71' lang='lat' dir='ltr'><strong>semel</strong></span> <span class='ocrx_word' id='word_1_52' title='bbox 1812 1168 1866 1212; x_wconf 87' lang='lat' dir='ltr'><strong>et</strong></span> 
     </span>
    </p>
   </div>
   <div class='ocr_carea' id='block_1_9' title="bbox 267 1241 1862 1313">
    <p class='ocr_par' dir='ltr' id='par_1_9' title="bbox 267 1241 1862 1313">
     <span class='ocr_line' id='line_1_9' title="bbox 267 1241 1862 1313; baseline 0.006 -21"><span class='ocrx_word' id='word_1_53' title='bbox 267 1242 322 1293; x_wconf 91' lang='lat' dir='ltr'><strong>in</strong></span> <span class='ocrx_word' id='word_1_54' title='bbox 355 1241 614 1312; x_wconf 88' lang='lat' dir='ltr'><strong>principio</strong></span> <span class='ocrx_word' id='word_1_55' title='bbox 640 1242 777 1297; x_wconf 79' lang='lat' dir='ltr'><strong>facta</strong></span> <span class='ocrx_word' id='word_1_56' title='bbox 806 1255 931 1297; x_wconf 90' lang='lat' dir='ltr'><strong>sunt</strong></span> <span class='ocrx_word' id='word_1_57' title='bbox 958 1245 1174 1306; x_wconf 85' lang='lat' dir='ltr'><strong>similia,</strong></span> <span class='ocrx_word' id='word_1_58' title='bbox 1197 1244 1262 1298; x_wconf 90' lang='lat' dir='ltr'><strong>ad</strong></span> <span class='ocrx_word' id='word_1_59' title='bbox 1283 1245 1440 1300; x_wconf 87' lang='lat' dir='ltr'><strong>iidem</strong></span> <span class='ocrx_word' id='word_1_60' title='bbox 1474 1248 1537 1300; x_wconf 89' lang='lat' dir='ltr'><strong>iis</strong></span> <span class='ocrx_word' id='word_1_61' title='bbox 1565 1247 1862 1313; x_wconf 74' lang='lat' dir='ltr'><strong>habendam</strong></span> 
     </span>
    </p>
   </div>
   <div class='ocr_carea' id='block_1_10' title="bbox 265 1334 1864 1406">
    <p class='ocr_par' dir='ltr' id='par_1_10' title="bbox 265 1334 1864 1406">
     <span class='ocr_line' id='line_1_10' title="bbox 265 1334 1864 1406; baseline 0.006 -21"><span class='ocrx_word' id='word_1_62' title='bbox 265 1334 555 1389; x_wconf 89' lang='lat' dir='ltr'><strong>deducant.</strong></span> <span class='ocrx_word' id='word_1_63' title='bbox 614 1334 744 1388; x_wconf 84' lang='lat' dir='ltr'><strong>Nam</strong></span> <span class='ocrx_word' id='word_1_64' title='bbox 774 1344 829 1390; x_wconf 89' lang='lat' dir='ltr'><strong>et</strong></span> <span class='ocrx_word' id='word_1_65' title='bbox 871 1350 1034 1401; x_wconf 81' lang='lat' dir='ltr'><strong>super</strong></span> <span class='ocrx_word' id='word_1_66' title='bbox 1074 1338 1348 1406; x_wconf 84' lang='lat' dir='ltr'><strong>apostolos</strong></span> <span class='ocrx_word' id='word_1_67' title='bbox 1376 1355 1541 1393; x_wconf 89' lang='lat' dir='ltr'><strong>sonus</strong></span> <span class='ocrx_word' id='word_1_68' title='bbox 1570 1340 1741 1395; x_wconf 83' lang='lat' dir='ltr'><strong>iactus</strong></span> <span class='ocrx_word' id='word_1_69' title='bbox 1783 1350 1864 1395; x_wconf 80' lang='lat' dir='ltr'><strong>est</strong></span> 
     </span>
    </p>
   </div>
   <div class='ocr_carea' id='block_1_11' title="bbox 264 1426 1863 1501">
    <p class='ocr_par' dir='ltr' id='par_1_11' title="bbox 264 1426 1863 1501">
     <span class='ocr_line' id='line_1_11' title="bbox 264 1426 1863 1501; baseline 0.006 -23"><span class='ocrx_word' id='word_1_70' title='bbox 264 1426 489 1493; x_wconf 80' lang='lat' dir='ltr'><strong>spiritus</strong></span> <span class='ocrx_word' id='word_1_71' title='bbox 516 1426 880 1492; x_wconf 87' lang='lat' dir='ltr'><strong>vehementis,</strong></span> <span class='ocrx_word' id='word_1_72' title='bbox 910 1436 966 1481; x_wconf 91' lang='lat' dir='ltr'><strong>ct</strong></span> <span class='ocrx_word' id='word_1_73' title='bbox 1008 1429 1304 1497; x_wconf 79' lang='lat' dir='ltr'><strong>linguarum</strong></span> <span class='ocrx_word' id='word_1_74' title='bbox 1344 1431 1618 1500; x_wconf 88' lang='lat' dir='ltr'><strong>ignearnm</strong></span> <span class='ocrx_word' id='word_1_75' title='bbox 1654 1434 1863 1501; x_wconf 86' lang='lat' dir='ltr'><strong>species</strong></span> 
     </span>
    </p>
   </div>
   <div class='ocr_carea' id='block_1_12' title="bbox 264 1520 1862 1592">
    <p class='ocr_par' dir='ltr' id='par_1_12' title="bbox 264 1520 1862 1592">
     <span class='ocr_line' id='line_1_12' title="bbox 264 1520 1862 1592; baseline 0.008 -24"><span class='ocrx_word' id='word_1_76' title='bbox 264 1530 583 1585; x_wconf 76' lang='lat' dir='ltr'><strong>apparuere,</strong></span> <span class='ocrx_word' id='word_1_77' title='bbox 613 1534 717 1571; x_wconf 90' lang='lat' dir='ltr'><strong>non</strong></span> <span class='ocrx_word' id='word_1_78' title='bbox 766 1529 984 1586; x_wconf 90' lang='lat' dir='ltr'><strong>propter</strong></span> <span class='ocrx_word' id='word_1_79' title='bbox 1036 1520 1329 1587; x_wconf 77' lang='lat' dir='ltr'><strong>apostolos,</strong></span> <span class='ocrx_word' id='word_1_80' title='bbox 1378 1521 1469 1575; x_wconf 89' lang='lat' dir='ltr'><strong>sed</strong></span> <span class='ocrx_word' id='word_1_81' title='bbox 1503 1532 1721 1592; x_wconf 88' lang='lat' dir='ltr'><strong>propter</strong></span> <span class='ocrx_word' id='word_1_82' title='bbox 1768 1539 1862 1579; x_wconf 83' lang='lat' dir='ltr'><strong>eos</strong></span> 
     </span>
    </p>
   </div>
   <div class='ocr_carea' id='block_1_13' title="bbox 261 1609 1859 1679">
    <p class='ocr_par' dir='ltr' id='par_1_13' title="bbox 261 1609 1859 1679">
     <span class='ocr_line' id='line_1_13' title="bbox 261 1609 1859 1679; baseline 0.005 -19"><span class='ocrx_word' id='word_1_83' title='bbox 261 1609 357 1677; x_wconf 91' lang='lat' dir='ltr'><strong>qui</strong></span> <span class='ocrx_word' id='word_1_84' title='bbox 390 1618 513 1663; x_wconf 91' lang='lat' dir='ltr'><strong>tunc</strong></span> <span class='ocrx_word' id='word_1_85' title='bbox 543 1621 831 1679; x_wconf 58' lang='lat' dir='ltr'><strong>priesentes</strong></span> <span class='ocrx_word' id='word_1_86' title='bbox 853 1620 1006 1664; x_wconf 90' lang='lat' dir='ltr'><strong>erant</strong></span> <span class='ocrx_word' id='word_1_87' title='bbox 1030 1610 1263 1666; x_wconf 73' lang='lat' dir='ltr'><strong>Judteos.</strong></span> <span class='ocrx_word' id='word_1_88' title='bbox 1298 1612 1545 1665; x_wconf 82' lang='lat' dir='ltr'><strong>Attamen</strong></span> <span class='ocrx_word' id='word_1_89' title='bbox 1585 1613 1703 1668; x_wconf 89' lang='lat' dir='ltr'><strong>licet</strong></span> <span class='ocrx_word' id='word_1_90' title='bbox 1731 1629 1859 1668; x_wconf 87' lang='lat' dir='ltr'><strong>sen-</strong></span> 
     </span>
    </p>
   </div>
   <div class='ocr_carea' id='block_1_14' title="bbox 260 1698 1856 1771">
    <p class='ocr_par' dir='ltr' id='par_1_14' title="bbox 260 1698 1856 1771">
     <span class='ocr_line' id='line_1_14' title="bbox 260 1698 1856 1771; baseline 0.006 -20"><span class='ocrx_word' id='word_1_91' title='bbox 260 1698 383 1753; x_wconf 81' lang='lat' dir='ltr'><strong>silia</strong></span> <span class='ocrx_word' id='word_1_92' title='bbox 412 1699 561 1769; x_wconf 85' lang='lat' dir='ltr'><strong>signa</strong></span> <span class='ocrx_word' id='word_1_93' title='bbox 592 1716 694 1753; x_wconf 91' lang='lat' dir='ltr'><strong>non</strong></span> <span class='ocrx_word' id='word_1_94' title='bbox 739 1701 887 1766; x_wconf 88' lang='lat' dir='ltr'><strong>iiant,</strong></span> <span class='ocrx_word' id='word_1_95' title='bbox 920 1718 1037 1771; x_wconf 72' lang='lat' dir='ltr'><strong>qum</strong></span> <span class='ocrx_word' id='word_1_96' title='bbox 1065 1716 1161 1770; x_wconf 89' lang='lat' dir='ltr'><strong>per</strong></span> <span class='ocrx_word' id='word_1_97' title='bbox 1186 1703 1273 1756; x_wconf 86' lang='lat' dir='ltr'><strong>illa</strong></span> <span class='ocrx_word' id='word_1_98' title='bbox 1300 1706 1465 1759; x_wconf 77' lang='lat' dir='ltr'><strong>Semel</strong></span> <span class='ocrx_word' id='word_1_99' title='bbox 1496 1705 1856 1760; x_wconf 78' lang='lat' dir='ltr'><strong>demonstrata</strong></span> 
     </span>
    </p>
   </div>
   <div class='ocr_carea' id='block_1_15' title="bbox 259 1790 1854 1862">
    <p class='ocr_par' dir='ltr' id='par_1_15' title="bbox 259 1790 1854 1862">
     <span class='ocr_line' id='line_1_15' title="bbox 259 1790 1854 1862; baseline 0.005 -21"><span class='ocrx_word' id='word_1_100' title='bbox 259 1790 758 1845; x_wconf 83' lang='lat' dir='ltr'><strong>suntadtnittimus.</strong></span> <span class='ocrx_word' id='word_1_101' title='bbox 786 1791 919 1845; x_wconf 87' lang='lat' dir='ltr'><strong>Nam</strong></span> <span class='ocrx_word' id='word_1_102' title='bbox 946 1803 997 1846; x_wconf 91' lang='lat' dir='ltr'><strong>et</strong></span> <span class='ocrx_word' id='word_1_103' title='bbox 1020 1793 1269 1847; x_wconf 89' lang='lat' dir='ltr'><strong>columba</strong></span> <span class='ocrx_word' id='word_1_104' title='bbox 1302 1794 1422 1849; x_wconf 89' lang='lat' dir='ltr'><strong>ideo</strong></span> <span class='ocrx_word' id='word_1_105' title='bbox 1445 1805 1571 1850; x_wconf 89' lang='lat' dir='ltr'><strong>tunc</strong></span> <span class='ocrx_word' id='word_1_106' title='bbox 1604 1797 1715 1848; x_wconf 88' lang='lat' dir='ltr'><strong>visa</strong></span> <span class='ocrx_word' id='word_1_107' title='bbox 1753 1806 1854 1862; x_wconf 86' lang='lat' dir='ltr'><strong>est,</strong></span> 
     </span>
    </p>
   </div>
   <div class='ocr_carea' id='block_1_16' title="bbox 261 1882 1855 1953">
    <p class='ocr_par' dir='ltr' id='par_1_16' title="bbox 261 1882 1855 1953">
     <span class='ocr_line' id='line_1_16' title="bbox 261 1882 1855 1953; baseline 0.004 -19"><span class='ocrx_word' id='word_1_108' title='bbox 261 1890 321 1935; x_wconf 92' lang='lat' dir='ltr'><strong>ut</strong></span> <span class='ocrx_word' id='word_1_109' title='bbox 350 1883 499 1950; x_wconf 87' lang='lat' dir='ltr'><strong>quasi</strong></span> <span class='ocrx_word' id='word_1_110' title='bbox 528 1882 692 1952; x_wconf 80' lang='lat' dir='ltr'><strong>digito</strong></span> <span class='ocrx_word' id='word_1_111' title='bbox 715 1884 946 1953; x_wconf 87' lang='lat' dir='ltr'><strong>quodam</strong></span> <span class='ocrx_word' id='word_1_112' title='bbox 980 1885 1332 1953; x_wconf 71' lang='lat' dir='ltr'><strong>prazsentibus</strong></span> <span class='ocrx_word' id='word_1_113' title='bbox 1358 1898 1407 1941; x_wconf 93' lang='lat' dir='ltr'><strong>et</strong></span> <span class='ocrx_word' id='word_1_114' title='bbox 1439 1885 1631 1940; x_wconf 69' lang='lat' dir='ltr'><strong>Joatiri</strong></span> <span class='ocrx_word' id='word_1_115' title='bbox 1663 1887 1855 1941; x_wconf 87' lang='lat' dir='ltr'><strong>Filium</strong></span> 
     </span>
    </p>
   </div>
   <div class='ocr_carea' id='block_1_17' title="bbox 260 1972 1857 2045">
    <p class='ocr_par' dir='ltr' id='par_1_17' title="bbox 260 1972 1857 2045">
     <span class='ocr_line' id='line_1_17' title="bbox 260 1972 1857 2045; baseline 0.006 -19"><span class='ocrx_word' id='word_1_116' title='bbox 260 1972 358 2027; x_wconf 89' lang='lat' dir='ltr'><strong>Dei</strong></span> <span class='ocrx_word' id='word_1_117' title='bbox 382 1984 729 2031; x_wconf 88' lang='lat' dir='ltr'><strong>monstraret.</strong></span> <span class='ocrx_word' id='word_1_118' title='bbox 754 1976 937 2045; x_wconf 86' lang='lat' dir='ltr'><strong>Neque</strong></span> <span class='ocrx_word' id='word_1_119' title='bbox 969 1977 1088 2031; x_wconf 89' lang='lat' dir='ltr'><strong>ideo</strong></span> <span class='ocrx_word' id='word_1_120' title='bbox 1112 1986 1314 2031; x_wconf 89' lang='lat' dir='ltr'><strong>tantum</strong></span> <span class='ocrx_word' id='word_1_121' title='bbox 1336 2018 1353 2043; x_wconf 90' lang='lat'><strong>,</strong></span> <span class='ocrx_word' id='word_1_122' title='bbox 1391 1981 1483 2033; x_wconf 87' lang='lat' dir='ltr'><strong>sed</strong></span> <span class='ocrx_word' id='word_1_123' title='bbox 1532 1982 1690 2033; x_wconf 89' lang='lat' dir='ltr'><strong>etiam</strong></span> <span class='ocrx_word' id='word_1_124' title='bbox 1722 1990 1773 2035; x_wconf 91' lang='lat' dir='ltr'><strong>ut</strong></span> <span class='ocrx_word' id='word_1_125' title='bbox 1802 1990 1857 2035; x_wconf 94' lang='lat' dir='ltr'><strong>tu</strong></span> 
     </span>
    </p>
   </div>
   <div class='ocr_carea' id='block_1_18' title="bbox 256 2064 1857 2141">
    <p class='ocr_par' dir='ltr' id='par_1_18' title="bbox 256 2064 1857 2141">
     <span class='ocr_line' id='line_1_18' title="bbox 256 2064 1857 2141; baseline 0.006 -22"><span class='ocrx_word' id='word_1_126' title='bbox 256 2064 531 2131; x_wconf 84' lang='lat' dir='ltr'><strong>disceres,</strong></span> <span class='ocrx_word' id='word_1_127' title='bbox 564 2069 723 2121; x_wconf 89' lang='lat' dir='ltr'><strong>etiam</strong></span> <span class='ocrx_word' id='word_1_128' title='bbox 774 2082 937 2139; x_wconf 80' lang='lat' dir='ltr'><strong>super</strong></span> <span class='ocrx_word' id='word_1_129' title='bbox 982 2080 1032 2124; x_wconf 86' lang='lat' dir='ltr'><strong>te</strong></span> <span class='ocrx_word' id='word_1_130' title='bbox 1085 2071 1429 2140; x_wconf 78' lang='lat' dir='ltr'><strong>baptizatum,</strong></span> <span class='ocrx_word' id='word_1_131' title='bbox 1460 2072 1714 2141; x_wconf 80' lang='lat' dir='ltr'><strong>Spiritum</strong></span> <span class='ocrx_word' id='word_1_132' title='bbox 1763 2073 1857 2128; x_wconf 87' lang='lat' dir='ltr'><strong>de-</strong></span> 
     </span>
    </p>
   </div>
   <div class='ocr_carea' id='block_1_19' title="bbox 256 2156 538 2211">
    <p class='ocr_par' dir='ltr' id='par_1_19' title="bbox 256 2156 538 2211">
     <span class='ocr_line' id='line_1_19' title="bbox 256 2156 538 2211; baseline 0 -1"><span class='ocrx_word' id='word_1_133' title='bbox 256 2156 538 2211; x_wconf 65' lang='lat' dir='ltr'><strong>accudere.</strong></span> 
     </span>
    </p>
   </div>
   <div class='ocr_carea' id='block_1_20' title="bbox 327 2247 1855 2326">
    <p class='ocr_par' dir='ltr' id='par_1_20' title="bbox 327 2247 1855 2326">
     <span class='ocr_line' id='line_1_20' title="bbox 327 2247 1855 2326; baseline 0.007 -27"><span class='ocrx_word' id='word_1_134' title='bbox 327 2247 384 2300; x_wconf 85' lang='lat'><strong>5.</strong></span> <span class='ocrx_word' id='word_1_135' title='bbox 407 2247 565 2303; x_wconf 78' lang='lat' dir='ltr'><strong>Fides</strong></span> <span class='ocrx_word' id='word_1_136' title='bbox 593 2267 692 2304; x_wconf 83' lang='lat' dir='ltr'><strong>non</strong></span> <span class='ocrx_word' id='word_1_137' title='bbox 720 2268 847 2322; x_wconf 73' lang='lat' dir='ltr'><strong>opus</strong></span> <span class='ocrx_word' id='word_1_138' title='bbox 864 2254 1011 2307; x_wconf 83' lang='lat' dir='ltr'><strong>habet</strong></span> <span class='ocrx_word' id='word_1_139' title='bbox 1039 2254 1245 2308; x_wconf 72' lang='lat' dir='ltr'><strong>uisione.</strong></span> <span class='ocrx_word' id='word_1_140' title='bbox 1266 2254 1490 2326; x_wconf 77' lang='lat' dir='ltr'><strong>Spiritus</strong></span> <span class='ocrx_word' id='word_1_141' title='bbox 1518 2266 1722 2310; x_wconf 81' lang='lat' dir='ltr'><strong>sanctus</strong></span> <span class='ocrx_word' id='word_1_142' title='bbox 1753 2272 1855 2309; x_wconf 83' lang='lat' dir='ltr'><strong>non</strong></span> 
     </span>
    </p>
   </div>
   <div class='ocr_carea' id='block_1_21' title="bbox 256 2338 1856 2415">
    <p class='ocr_par' dir='ltr' id='par_1_21' title="bbox 256 2338 1856 2415">
     <span class='ocr_line' id='line_1_21' title="bbox 256 2338 1856 2415; baseline 0.011 -28"><span class='ocrx_word' id='word_1_143' title='bbox 256 2338 425 2391; x_wconf 78' lang='lat' dir='ltr'><strong>minor</strong></span> <span class='ocrx_word' id='word_1_144' title='bbox 473 2338 695 2394; x_wconf 73' lang='lat' dir='ltr'><strong>Christo.</strong></span> <span class='ocrx_word' id='word_1_145' title='bbox 760 2343 991 2397; x_wconf 75' lang='lat' dir='ltr'><strong>Christus</strong></span> <span class='ocrx_word' id='word_1_146' title='bbox 1042 2344 1343 2406; x_wconf 72' lang='lat' dir='ltr'><strong>Judmorum</strong></span> <span class='ocrx_word' id='word_1_147' title='bbox 1397 2358 1441 2401; x_wconf 78' lang='lat' dir='ltr'><strong>et</strong></span> <span class='ocrx_word' id='word_1_148' title='bbox 1498 2348 1746 2415; x_wconf 74' lang='lat' dir='ltr'><strong>baptisma</strong></span> <span class='ocrx_word' id='word_1_149' title='bbox 1808 2360 1856 2404; x_wconf 79' lang='lat' dir='ltr'><strong>et</strong></span> 
     </span>
    </p>
   </div>
   <div class='ocr_carea' id='block_1_22' title="bbox 257 2425 1851 2506">
    <p class='ocr_par' dir='ltr' id='par_1_22' title="bbox 257 2425 1851 2506">
     <span class='ocr_line' id='line_1_22' title="bbox 257 2425 1851 2506; baseline 0.009 -25"><span class='ocrx_word' id='word_1_150' title='bbox 257 2425 466 2483; x_wconf 71' lang='lat' dir='ltr'><strong>Pascha</strong></span> <span class='ocrx_word' id='word_1_151' title='bbox 493 2432 1031 2501; x_wconf 81' lang='lat' dir='ltr'><strong>abrogat.—Detnttm</strong></span> <span class='ocrx_word' id='word_1_152' title='bbox 1063 2451 1169 2489; x_wconf 88' lang='lat' dir='ltr'><strong>non</strong></span> <span class='ocrx_word' id='word_1_153' title='bbox 1197 2436 1331 2506; x_wconf 81' lang='lat' dir='ltr'><strong>opus</strong></span> <span class='ocrx_word' id='word_1_154' title='bbox 1375 2438 1531 2492; x_wconf 88' lang='lat' dir='ltr'><strong>nobis</strong></span> <span class='ocrx_word' id='word_1_155' title='bbox 1558 2450 1640 2493; x_wconf 81' lang='lat' dir='ltr'><strong>est</strong></span> <span class='ocrx_word' id='word_1_156' title='bbox 1666 2441 1851 2495; x_wconf 85' lang='lat' dir='ltr'><strong>sensili</strong></span> 
     </span>
    </p>
   </div>
   <div class='ocr_carea' id='block_1_23' title="bbox 254 2523 1849 2605">
    <p class='ocr_par' dir='ltr' id='par_1_23' title="bbox 254 2523 1849 2605">
     <span class='ocr_line' id='line_1_23' title="bbox 254 2523 1849 2605; baseline 0.01 -30"><span class='ocrx_word' id='word_1_157' title='bbox 254 2523 485 2587; x_wconf 81' lang='lat' dir='ltr'><strong>visione,</strong></span> <span class='ocrx_word' id='word_1_158' title='bbox 534 2541 655 2580; x_wconf 91' lang='lat' dir='ltr'><strong>cum</strong></span> <span class='ocrx_word' id='word_1_159' title='bbox 706 2528 838 2582; x_wconf 87' lang='lat' dir='ltr'><strong>tides</strong></span> <span class='ocrx_word' id='word_1_160' title='bbox 885 2530 1001 2585; x_wconf 87' lang='lat' dir='ltr'><strong>vice</strong></span> <span class='ocrx_word' id='word_1_161' title='bbox 1047 2533 1286 2585; x_wconf 87' lang='lat' dir='ltr'><strong>omnium</strong></span> <span class='ocrx_word' id='word_1_162' title='bbox 1338 2535 1469 2587; x_wconf 84' lang='lat' dir='ltr'><strong>satis</strong></span> <span class='ocrx_word' id='word_1_163' title='bbox 1517 2534 1583 2589; x_wconf 87' lang='lat' dir='ltr'><strong>sit</strong></span> <span class='ocrx_word' id='word_1_164' title='bbox 1635 2554 1648 2589; x_wconf 92' lang='lat'><strong>:</strong></span> <span class='ocrx_word' id='word_1_165' title='bbox 1702 2537 1849 2605; x_wconf 86' lang='lat' dir='ltr'><strong>signa</strong></span> 
     </span>
    </p>
   </div>
   <div class='ocr_carea' id='block_1_24' title="bbox 254 2616 1853 2688">
    <p class='ocr_par' dir='ltr' id='par_1_24' title="bbox 254 2616 1853 2688">
     <span class='ocr_line' id='line_1_24' title="bbox 254 2616 1853 2688; baseline 0.011 -22"><span class='ocrx_word' id='word_1_166' title='bbox 254 2616 455 2684; x_wconf 87' lang='lat' dir='ltr'><strong>quippe</strong></span> <span class='ocrx_word' id='word_1_167' title='bbox 486 2632 592 2671; x_wconf 91' lang='lat' dir='ltr'><strong>non</strong></span> <span class='ocrx_word' id='word_1_168' title='bbox 622 2620 965 2675; x_wconf 84' lang='lat' dir='ltr'><strong>credentibus</strong></span> <span class='ocrx_word' id='word_1_169' title='bbox 988 2664 1004 2688; x_wconf 96' lang='lat'><strong>,</strong></span> <span class='ocrx_word' id='word_1_170' title='bbox 1037 2623 1129 2677; x_wconf 89' lang='lat' dir='ltr'><strong>sed</strong></span> <span class='ocrx_word' id='word_1_171' title='bbox 1164 2625 1451 2680; x_wconf 85' lang='lat' dir='ltr'><strong>incredulis</strong></span> <span class='ocrx_word' id='word_1_172' title='bbox 1480 2627 1695 2681; x_wconf 86' lang='lat' dir='ltr'><strong>dantur.</strong></span> <span class='ocrx_word' id='word_1_173' title='bbox 1746 2627 1853 2684; x_wconf 87' lang='lat' dir='ltr'><strong>Cur</strong></span> 
     </span>
    </p>
   </div>
   <div class='ocr_carea' id='block_1_25' title="bbox 251 2708 1852 2781">
    <p class='ocr_par' dir='ltr' id='par_1_25' title="bbox 251 2708 1852 2781">
     <span class='ocr_line' id='line_1_25' title="bbox 251 2708 1852 2781; baseline 0.011 -24"><span class='ocrx_word' id='word_1_174' title='bbox 251 2716 432 2760; x_wconf 86' lang='lat' dir='ltr'><strong>autem</strong></span> <span class='ocrx_word' id='word_1_175' title='bbox 465 2708 517 2761; x_wconf 91' lang='lat' dir='ltr'><strong>in</strong></span> <span class='ocrx_word' id='word_1_176' title='bbox 546 2709 809 2765; x_wconf 66' lang='lat' dir='ltr'><strong>columbae</strong></span> <span class='ocrx_word' id='word_1_177' title='bbox 848 2713 1068 2781; x_wconf 82' lang='lat' dir='ltr'><strong>specie?</strong></span> <span class='ocrx_word' id='word_1_178' title='bbox 1095 2713 1426 2769; x_wconf 80' lang='lat' dir='ltr'><strong>Mansuetum</strong></span> <span class='ocrx_word' id='word_1_179' title='bbox 1458 2729 1539 2771; x_wconf 85' lang='lat' dir='ltr'><strong>est</strong></span> <span class='ocrx_word' id='word_1_180' title='bbox 1569 2719 1763 2771; x_wconf 77' lang='lat' dir='ltr'><strong>animal</strong></span> <span class='ocrx_word' id='word_1_181' title='bbox 1797 2728 1852 2774; x_wconf 86' lang='lat' dir='ltr'><strong>et</strong></span> 
     </span>
    </p>
   </div>
   <div class='ocr_carea' id='block_1_26' title="bbox 252 2796 1851 2872">
    <p class='ocr_par' dir='ltr' id='par_1_26' title="bbox 252 2796 1851 2872">
     <span class='ocr_line' id='line_1_26' title="bbox 252 2796 1851 2872; baseline 0.009 -24"><span class='ocrx_word' id='word_1_182' title='bbox 252 2796 533 2850; x_wconf 86' lang='lat' dir='ltr'><strong>mundum.</strong></span> <span class='ocrx_word' id='word_1_183' title='bbox 582 2798 715 2865; x_wconf 87' lang='lat' dir='ltr'><strong>Quia</strong></span> <span class='ocrx_word' id='word_1_184' title='bbox 782 2800 940 2869; x_wconf 80' lang='lat' dir='ltr'><strong>igitur</strong></span> <span class='ocrx_word' id='word_1_185' title='bbox 982 2802 1251 2872; x_wconf 82' lang='lat' dir='ltr'><strong>Spiritus,</strong></span> <span class='ocrx_word' id='word_1_186' title='bbox 1301 2808 1724 2861; x_wconf 85' lang='lat' dir='ltr'><strong>mansuetudinis</strong></span> <span class='ocrx_word' id='word_1_187' title='bbox 1768 2818 1851 2863; x_wconf 79' lang='lat' dir='ltr'><strong>est</strong></span> 
     </span>
    </p>
   </div>
   <div class='ocr_carea' id='block_1_27' title="bbox 249 2885 1846 2965">
    <p class='ocr_par' dir='ltr' id='par_1_27' title="bbox 249 2885 1846 2965">
     <span class='ocr_line' id='line_1_27' title="bbox 249 2885 1846 2965; baseline 0.007 -23"><span class='ocrx_word' id='word_1_188' title='bbox 249 2885 482 2955; x_wconf 85' lang='lat' dir='ltr'><strong>Spiritus</strong></span> <span class='ocrx_word' id='word_1_189' title='bbox 507 2928 524 2954; x_wconf 92' lang='lat'><strong>,</strong></span> <span class='ocrx_word' id='word_1_190' title='bbox 566 2889 687 2944; x_wconf 92' lang='lat' dir='ltr'><strong>ideo</strong></span> <span class='ocrx_word' id='word_1_191' title='bbox 734 2891 821 2945; x_wconf 90' lang='lat' dir='ltr'><strong>illa</strong></span> <span class='ocrx_word' id='word_1_192' title='bbox 870 2891 1038 2947; x_wconf 74' lang='lat' dir='ltr'><strong>forma</strong></span> <span class='ocrx_word' id='word_1_193' title='bbox 1082 2897 1347 2963; x_wconf 88' lang='lat' dir='ltr'><strong>apparuit.</strong></span> <span class='ocrx_word' id='word_1_194' title='bbox 1385 2898 1631 2965; x_wconf 84' lang='lat' dir='ltr'><strong>Alioquin</strong></span> <span class='ocrx_word' id='word_1_195' title='bbox 1667 2910 1846 2952; x_wconf 89' lang='lat' dir='ltr'><strong>autem</strong></span> 
     </span>
    </p>
   </div>
   <div class='ocr_carea' id='block_1_28' title="bbox 250 2981 1844 3045">
    <p class='ocr_par' dir='ltr' id='par_1_28' title="bbox 250 2981 1844 3045">
     <span class='ocr_line' id='line_1_28' title="bbox 250 2981 1844 3045; baseline 0.009 -14"><span class='ocrx_word' id='word_1_196' title='bbox 250 2987 491 3033; x_wconf 83' lang='lat' dir='ltr'><strong>veterem</strong></span> <span class='ocrx_word' id='word_1_197' title='bbox 527 2981 806 3035; x_wconf 84' lang='lat' dir='ltr'><strong>historiam</strong></span> <span class='ocrx_word' id='word_1_198' title='bbox 835 2984 989 3037; x_wconf 81' lang='lat' dir='ltr'><strong>nobis</strong></span> <span class='ocrx_word' id='word_1_199' title='bbox 1021 2986 1072 3038; x_wconf 91' lang='lat' dir='ltr'><strong>in</strong></span> <span class='ocrx_word' id='word_1_200' title='bbox 1101 2987 1413 3039; x_wconf 89' lang='lat' dir='ltr'><strong>memoriam</strong></span> <span class='ocrx_word' id='word_1_201' title='bbox 1446 2997 1681 3043; x_wconf 84' lang='lat' dir='ltr'><strong>revocat.</strong></span> <span class='ocrx_word' id='word_1_202' title='bbox 1712 2989 1844 3045; x_wconf 87' lang='lat' dir='ltr'><strong>Nam</strong></span> 
     </span>
    </p>
   </div>
   <div class='ocr_carea' id='block_1_29' title="bbox 251 3071 1919 3154">
    <p class='ocr_par' dir='ltr' id='par_1_29' title="bbox 251 3071 1919 3154">
     <span class='ocr_line' id='line_1_29' title="bbox 251 3071 1919 3154; baseline 0.008 -32"><span class='ocrx_word' id='word_1_203' title='bbox 251 3082 376 3122; x_wconf 85' lang='lat' dir='ltr'><strong>cum</strong></span> <span class='ocrx_word' id='word_1_204' title='bbox 424 3071 551 3124; x_wconf 92' lang='lat' dir='ltr'><strong>olim</strong></span> <span class='ocrx_word' id='word_1_205' title='bbox 595 3076 866 3127; x_wconf 89' lang='lat' dir='ltr'><strong>communi</strong></span> <span class='ocrx_word' id='word_1_206' title='bbox 917 3074 1193 3145; x_wconf 82' lang='lat' dir='ltr'><strong>naufragio</strong></span> <span class='ocrx_word' id='word_1_207' title='bbox 1240 3087 1405 3132; x_wconf 91' lang='lat' dir='ltr'><strong>totum</strong></span> <span class='ocrx_word' id='word_1_208' title='bbox 1460 3080 1644 3133; x_wconf 87' lang='lat' dir='ltr'><strong>orbem</strong></span> <span class='ocrx_word' id='word_1_209' title='bbox 1702 3082 1849 3135; x_wconf 88' lang='lat' dir='ltr'><strong>iuva-</strong></span> <span class='ocrx_word' id='word_1_210' title='bbox 1918 3151 1919 3154; x_wconf 17' lang='grc' dir='ltr'><strong>η</strong></span> 
     </span>
    </p>
   </div>
   <div class='ocr_carea' id='block_1_30' title="bbox 250 3160 1843 3239">
    <p class='ocr_par' dir='ltr' id='par_1_30' title="bbox 250 3160 1843 3239">
     <span class='ocr_line' id='line_1_30' title="bbox 250 3160 1843 3239; baseline 0.008 -25"><span class='ocrx_word' id='word_1_211' title='bbox 250 3160 432 3223; x_wconf 86' lang='lat' dir='ltr'><strong>dente,</strong></span> <span class='ocrx_word' id='word_1_212' title='bbox 468 3171 634 3216; x_wconf 90' lang='lat' dir='ltr'><strong>totum</strong></span> <span class='ocrx_word' id='word_1_213' title='bbox 664 3180 884 3234; x_wconf 88' lang='lat' dir='ltr'><strong>prorsus</strong></span> <span class='ocrx_word' id='word_1_214' title='bbox 912 3165 1183 3221; x_wconf 88' lang='lat' dir='ltr'><strong>hominum</strong></span> <span class='ocrx_word' id='word_1_215' title='bbox 1217 3184 1385 3239; x_wconf 88' lang='lat' dir='ltr'><strong>genus</strong></span> <span class='ocrx_word' id='word_1_216' title='bbox 1412 3171 1804 3238; x_wconf 87' lang='lat' dir='ltr'><strong>periclitaretur</strong></span> <span class='ocrx_word' id='word_1_217' title='bbox 1827 3213 1843 3237; x_wconf 93' lang='lat'><strong>,</strong></span> 
     </span>
    </p>
   </div>
   <div class='ocr_carea' id='block_1_31' title="bbox 252 3251 1842 3329">
    <p class='ocr_par' dir='ltr' id='par_1_31' title="bbox 252 3251 1842 3329">
     <span class='ocr_line' id='line_1_31' title="bbox 252 3251 1842 3329; baseline 0.008 -25"><span class='ocrx_word' id='word_1_218' title='bbox 252 3251 355 3307; x_wconf 83' lang='lat' dir='ltr'><strong>hoc</strong></span> <span class='ocrx_word' id='word_1_219' title='bbox 384 3253 580 3307; x_wconf 85' lang='lat' dir='ltr'><strong>animal</strong></span> <span class='ocrx_word' id='word_1_220' title='bbox 612 3255 895 3323; x_wconf 84' lang='lat' dir='ltr'><strong>apparuit,</strong></span> <span class='ocrx_word' id='word_1_221' title='bbox 925 3265 980 3310; x_wconf 87' lang='lat' dir='ltr'><strong>et</strong></span> <span class='ocrx_word' id='word_1_222' title='bbox 1012 3260 1343 3325; x_wconf 88' lang='lat' dir='ltr'><strong>tempestatis</strong></span> <span class='ocrx_word' id='word_1_223' title='bbox 1386 3262 1543 3314; x_wconf 86' lang='lat' dir='ltr'><strong>linem</strong></span> <span class='ocrx_word' id='word_1_224' title='bbox 1576 3264 1806 3316; x_wconf 70' lang='lat' dir='ltr'><strong>oslctniit</strong></span> <span class='ocrx_word' id='word_1_225' title='bbox 1827 3304 1842 3329; x_wconf 95' lang='lat'><strong>,</strong></span> 
     </span>
    </p>
   </div>
   <div class='ocr_carea' id='block_1_32' title="bbox 248 3346 1846 3413">
    <p class='ocr_par' dir='ltr' id='par_1_32' title="bbox 248 3346 1846 3413">
     <span class='ocr_line' id='line_1_32' title="bbox 248 3346 1846 3413; baseline 0.009 -18"><span class='ocrx_word' id='word_1_226' title='bbox 248 3356 314 3396; x_wconf 88' lang='lat' dir='ltr'><strong>ac</strong></span> <span class='ocrx_word' id='word_1_227' title='bbox 363 3358 570 3397; x_wconf 89' lang='lat' dir='ltr'><strong>ramum</strong></span> <span class='ocrx_word' id='word_1_228' title='bbox 621 3346 774 3400; x_wconf 79' lang='lat' dir='ltr'><strong>olivze</strong></span> <span class='ocrx_word' id='word_1_229' title='bbox 816 3356 993 3401; x_wconf 91' lang='lat' dir='ltr'><strong>rostro</strong></span> <span class='ocrx_word' id='word_1_230' title='bbox 1039 3357 1224 3404; x_wconf 90' lang='lat' dir='ltr'><strong>tenens</strong></span> <span class='ocrx_word' id='word_1_231' title='bbox 1253 3390 1267 3413; x_wconf 87' lang='lat'><strong>,</strong></span> <span class='ocrx_word' id='word_1_232' title='bbox 1316 3348 1651 3407; x_wconf 86' lang='lat' dir='ltr'><strong>communem</strong></span> <span class='ocrx_word' id='word_1_233' title='bbox 1701 3355 1846 3409; x_wconf 87' lang='lat' dir='ltr'><strong>orbis</strong></span> 
     </span>
    </p>
   </div>
   <div class='ocr_carea' id='block_1_33' title="bbox 251 3437 1845 3516">
    <p class='ocr_par' dir='ltr' id='par_1_33' title="bbox 251 3437 1845 3516">
     <span class='ocr_line' id='line_1_33' title="bbox 251 3437 1845 3516; baseline 0.007 -28"><span class='ocrx_word' id='word_1_234' title='bbox 251 3437 686 3504; x_wconf 80' lang='lat' dir='ltr'><strong>tranquillitatem</strong></span> <span class='ocrx_word' id='word_1_235' title='bbox 735 3440 996 3495; x_wconf 85' lang='lat' dir='ltr'><strong>nuntiavit</strong></span> <span class='ocrx_word' id='word_1_236' title='bbox 1030 3460 1041 3492; x_wconf 90' lang='lat'><strong>:</strong></span> <span class='ocrx_word' id='word_1_237' title='bbox 1075 3458 1194 3512; x_wconf 74' lang='lat' dir='ltr'><strong>qune</strong></span> <span class='ocrx_word' id='word_1_238' title='bbox 1222 3446 1399 3498; x_wconf 88' lang='lat' dir='ltr'><strong>omnia</strong></span> <span class='ocrx_word' id='word_1_239' title='bbox 1448 3446 1611 3516; x_wconf 83' lang='lat' dir='ltr'><strong>ilgura</strong></span> <span class='ocrx_word' id='word_1_240' title='bbox 1642 3446 1845 3501; x_wconf 81' lang='lat' dir='ltr'><strong>futuro-</strong></span> 
     </span>
    </p>
   </div>
   <div class='ocr_carea' id='block_1_34' title="bbox 250 3526 1845 3596">
    <p class='ocr_par' dir='ltr' id='par_1_34' title="bbox 250 3526 1845 3596">
     <span class='ocr_line' id='line_1_34' title="bbox 250 3526 1845 3596; baseline 0.011 -19"><span class='ocrx_word' id='word_1_241' title='bbox 250 3538 368 3577; x_wconf 88' lang='lat' dir='ltr'><strong>rum</strong></span> <span class='ocrx_word' id='word_1_242' title='bbox 412 3536 586 3580; x_wconf 86' lang='lat' dir='ltr'><strong>erant.</strong></span> <span class='ocrx_word' id='word_1_243' title='bbox 638 3526 787 3583; x_wconf 91' lang='lat' dir='ltr'><strong>Tunc</strong></span> <span class='ocrx_word' id='word_1_244' title='bbox 831 3531 974 3585; x_wconf 88' lang='lat' dir='ltr'><strong>enim</strong></span> <span class='ocrx_word' id='word_1_245' title='bbox 1024 3535 1187 3586; x_wconf 86' lang='lat' dir='ltr'><strong>m‘ulto</strong></span> <span class='ocrx_word' id='word_1_246' title='bbox 1230 3534 1496 3591; x_wconf 89' lang='lat' dir='ltr'><strong>deteriore</strong></span> <span class='ocrx_word' id='word_1_247' title='bbox 1538 3540 1845 3596; x_wconf 78' lang='lat' dir='ltr'><strong>conditione</strong></span> 
     </span>
    </p>
   </div>
   <div class='ocr_carea' id='block_1_35' title="bbox 249 3616 1845 3701">
    <p class='ocr_par' dir='ltr' id='par_1_35' title="bbox 249 3616 1845 3701">
     <span class='ocr_line' id='line_1_35' title="bbox 249 3616 1845 3701; baseline 0.01 -33"><span class='ocrx_word' id='word_1_248' title='bbox 249 3631 339 3671; x_wconf 86' lang='lat' dir='ltr'><strong>res</strong></span> <span class='ocrx_word' id='word_1_249' title='bbox 368 3616 639 3675; x_wconf 75' lang='lat' dir='ltr'><strong>hominum</strong></span> <span class='ocrx_word' id='word_1_250' title='bbox 669 3630 822 3675; x_wconf 89' lang='lat' dir='ltr'><strong>erant</strong></span> <span class='ocrx_word' id='word_1_251' title='bbox 841 3661 859 3688; x_wconf 86' lang='lat'><strong>,</strong></span> <span class='ocrx_word' id='word_1_252' title='bbox 889 3638 951 3677; x_wconf 89' lang='lat' dir='ltr'><strong>ac</strong></span> <span class='ocrx_word' id='word_1_253' title='bbox 978 3625 1143 3679; x_wconf 90' lang='lat' dir='ltr'><strong>multo</strong></span> <span class='ocrx_word' id='word_1_254' title='bbox 1183 3628 1384 3695; x_wconf 85' lang='lat' dir='ltr'><strong>majore</strong></span> <span class='ocrx_word' id='word_1_255' title='bbox 1427 3630 1498 3683; x_wconf 89' lang='lat' dir='ltr'><strong>illi</strong></span> <span class='ocrx_word' id='word_1_256' title='bbox 1526 3639 1678 3685; x_wconf 90' lang='lat' dir='ltr'><strong>erant</strong></span> <span class='ocrx_word' id='word_1_257' title='bbox 1719 3647 1845 3701; x_wconf 83' lang='lat' dir='ltr'><strong>sup-</strong></span> 
     </span>
    </p>
   </div>
   <div class='ocr_carea' id='block_1_36' title="bbox 250 3708 1840 3785">
    <p class='ocr_par' dir='ltr' id='par_1_36' title="bbox 250 3708 1840 3785">
     <span class='ocr_line' id='line_1_36' title="bbox 250 3708 1840 3785; baseline 0.009 -24"><span class='ocrx_word' id='word_1_258' title='bbox 250 3708 411 3777; x_wconf 88' lang='lat' dir='ltr'><strong>plicio</strong></span> <span class='ocrx_word' id='word_1_259' title='bbox 440 3710 607 3779; x_wconf 82' lang='lat' dir='ltr'><strong>digiti.</strong></span> <span class='ocrx_word' id='word_1_260' title='bbox 653 3712 732 3766; x_wconf 81' lang='lat' dir='ltr'><strong>Ne</strong></span> <span class='ocrx_word' id='word_1_261' title='bbox 759 3712 1013 3783; x_wconf 85' lang='lat' dir='ltr'><strong>desperes</strong></span> <span class='ocrx_word' id='word_1_262' title='bbox 1045 3716 1243 3785; x_wconf 88' lang='lat' dir='ltr'><strong>igitur,</strong></span> <span class='ocrx_word' id='word_1_263' title='bbox 1279 3719 1414 3773; x_wconf 90' lang='lat' dir='ltr'><strong>hanc</strong></span> <span class='ocrx_word' id='word_1_264' title='bbox 1444 3720 1533 3773; x_wconf 90' lang='lat' dir='ltr'><strong>tibi</strong></span> <span class='ocrx_word' id='word_1_265' title='bbox 1565 3720 1840 3776; x_wconf 83' lang='lat' dir='ltr'><strong>historiam</strong></span> 
     </span>
    </p>
   </div>
   <div class='ocr_carea' id='block_1_37' title="bbox 249 3799 1838 3878">
    <p class='ocr_par' dir='ltr' id='par_1_37' title="bbox 249 3799 1838 3878">
     <span class='ocr_line' id='line_1_37' title="bbox 249 3799 1838 3878; baseline 0.01 -26"><span class='ocrx_word' id='word_1_266' title='bbox 249 3799 302 3852; x_wconf 90' lang='lat' dir='ltr'><strong>itt</strong></span> <span class='ocrx_word' id='word_1_267' title='bbox 348 3802 663 3855; x_wconf 90' lang='lat' dir='ltr'><strong>memoriam</strong></span> <span class='ocrx_word' id='word_1_268' title='bbox 698 3813 929 3858; x_wconf 82' lang='lat' dir='ltr'><strong>remeat.</strong></span> <span class='ocrx_word' id='word_1_269' title='bbox 978 3804 1108 3859; x_wconf 85' lang='lat' dir='ltr'><strong>Nam</strong></span> <span class='ocrx_word' id='word_1_270' title='bbox 1140 3816 1263 3861; x_wconf 90' lang='lat' dir='ltr'><strong>tunc</strong></span> <span class='ocrx_word' id='word_1_271' title='bbox 1307 3809 1599 3878; x_wconf 82' lang='lat' dir='ltr'><strong>desperatis</strong></span> <span class='ocrx_word' id='word_1_272' title='bbox 1645 3807 1838 3877; x_wconf 83' lang='lat' dir='ltr'><strong>rebus,</strong></span> 
     </span>
    </p>
   </div>
   <div class='ocr_carea' id='block_1_38' title="bbox 248 3890 1843 3964">
    <p class='ocr_par' dir='ltr' id='par_1_38' title="bbox 248 3890 1843 3964">
     <span class='ocr_line' id='line_1_38' title="bbox 248 3890 1843 3964; baseline 0.011 -21"><span class='ocrx_word' id='word_1_273' title='bbox 248 3890 423 3946; x_wconf 79' lang='lat' dir='ltr'><strong>exitus</strong></span> <span class='ocrx_word' id='word_1_274' title='bbox 478 3901 652 3947; x_wconf 82' lang='lat' dir='ltr'><strong>tamen</strong></span> <span class='ocrx_word' id='word_1_275' title='bbox 696 3895 912 3964; x_wconf 86' lang='lat' dir='ltr'><strong>quidam</strong></span> <span class='ocrx_word' id='word_1_276' title='bbox 954 3906 1009 3951; x_wconf 90' lang='lat' dir='ltr'><strong>et</strong></span> <span class='ocrx_word' id='word_1_277' title='bbox 1049 3899 1355 3955; x_wconf 71' lang='lat' dir='ltr'><strong>emendatio</strong></span> <span class='ocrx_word' id='word_1_278' title='bbox 1399 3901 1498 3955; x_wconf 85' lang='lat' dir='ltr'><strong>fuit</strong></span> <span class='ocrx_word' id='word_1_279' title='bbox 1528 3924 1541 3957; x_wconf 86' lang='lat'><strong>:</strong></span> <span class='ocrx_word' id='word_1_280' title='bbox 1574 3905 1667 3959; x_wconf 91' lang='lat' dir='ltr'><strong>sed</strong></span> <span class='ocrx_word' id='word_1_281' title='bbox 1720 3914 1843 3960; x_wconf 89' lang='lat' dir='ltr'><strong>tunc</strong></span> 
     </span>
    </p>
   </div>
   <div class='ocr_carea' id='block_1_39' title="bbox 249 3988 1837 4064">
    <p class='ocr_par' dir='ltr' id='par_1_39' title="bbox 249 3988 1837 4064">
     <span class='ocr_line' id='line_1_39' title="bbox 249 3988 1837 4064; baseline 0.008 -26"><span class='ocrx_word' id='word_1_282' title='bbox 249 3999 349 4055; x_wconf 79' lang='lat' dir='ltr'><strong>per</strong></span> <span class='ocrx_word' id='word_1_283' title='bbox 388 3988 703 4056; x_wconf 77' lang='lat' dir='ltr'><strong>supplicium</strong></span> <span class='ocrx_word' id='word_1_284' title='bbox 730 4029 744 4051; x_wconf 97' lang='lat'><strong>,</strong></span> <span class='ocrx_word' id='word_1_285' title='bbox 779 4004 920 4043; x_wconf 91' lang='lat' dir='ltr'><strong>nunc</strong></span> <span class='ocrx_word' id='word_1_286' title='bbox 961 4006 1089 4045; x_wconf 89' lang='lat' dir='ltr'><strong>vero</strong></span> <span class='ocrx_word' id='word_1_287' title='bbox 1129 4008 1228 4061; x_wconf 91' lang='lat' dir='ltr'><strong>per</strong></span> <span class='ocrx_word' id='word_1_288' title='bbox 1270 3995 1494 4064; x_wconf 77' lang='lat' dir='ltr'><strong>gratiam</strong></span> <span class='ocrx_word' id='word_1_289' title='bbox 1544 4004 1597 4048; x_wconf 91' lang='lat' dir='ltr'><strong>et</strong></span> <span class='ocrx_word' id='word_1_290' title='bbox 1639 3996 1837 4051; x_wconf 87' lang='lat' dir='ltr'><strong>donum</strong></span> 
     </span>
    </p>
   </div>
   <div class='ocr_carea' id='block_1_40' title="bbox 250 4076 1838 4153">
    <p class='ocr_par' dir='ltr' id='par_1_40' title="bbox 250 4076 1838 4153">
     <span class='ocr_line' id='line_1_40' title="bbox 250 4076 1838 4153; baseline 0.008 -24"><span class='ocrx_word' id='word_1_291' title='bbox 250 4076 540 4132; x_wconf 74' lang='lat' dir='ltr'><strong>ineffabile.</strong></span> <span class='ocrx_word' id='word_1_292' title='bbox 592 4078 821 4150; x_wconf 86' lang='lat' dir='ltr'><strong>ideoque</strong></span> <span class='ocrx_word' id='word_1_293' title='bbox 864 4081 1108 4136; x_wconf 91' lang='lat' dir='ltr'><strong>cohunba</strong></span> <span class='ocrx_word' id='word_1_294' title='bbox 1160 4096 1425 4153; x_wconf 82' lang='lat' dir='ltr'><strong>apparet,</strong></span> <span class='ocrx_word' id='word_1_295' title='bbox 1477 4102 1580 4139; x_wconf 87' lang='lat' dir='ltr'><strong>non</strong></span> <span class='ocrx_word' id='word_1_296' title='bbox 1630 4102 1838 4141; x_wconf 90' lang='lat' dir='ltr'><strong>ramum</strong></span> 
     </span>
    </p>
   </div>
   <div class='ocr_carea' id='block_1_41' title="bbox 246 4166 1841 4236">
    <p class='ocr_par' dir='ltr' id='par_1_41' title="bbox 246 4166 1841 4236">
     <span class='ocr_line' id='line_1_41' title="bbox 246 4166 1841 4236; baseline 0.008 -17"><span class='ocrx_word' id='word_1_297' title='bbox 246 4166 402 4221; x_wconf 67' lang='lat' dir='ltr'><strong>oliva:</strong></span> <span class='ocrx_word' id='word_1_298' title='bbox 425 4168 622 4236; x_wconf 76' lang='lat' dir='ltr'><strong>ferens,</strong></span> <span class='ocrx_word' id='word_1_299' title='bbox 644 4170 737 4224; x_wconf 88' lang='lat' dir='ltr'><strong>sed</strong></span> <span class='ocrx_word' id='word_1_300' title='bbox 766 4173 1004 4226; x_wconf 90' lang='lat' dir='ltr'><strong>omnium</strong></span> <span class='ocrx_word' id='word_1_301' title='bbox 1032 4175 1293 4228; x_wconf 89' lang='lat' dir='ltr'><strong>malorum</strong></span> <span class='ocrx_word' id='word_1_302' title='bbox 1324 4177 1658 4232; x_wconf 86' lang='lat' dir='ltr'><strong>liberatorem</strong></span> <span class='ocrx_word' id='word_1_303' title='bbox 1688 4179 1841 4232; x_wconf 87' lang='lat' dir='ltr'><strong>nobis</strong></span> 
     </span>
    </p>
   </div>
   <div class='ocr_carea' id='block_1_42' title="bbox 247 4260 1837 4337">
    <p class='ocr_par' dir='ltr' id='par_1_42' title="bbox 247 4260 1837 4337">
     <span class='ocr_line' id='line_1_42' title="bbox 247 4260 1837 4337; baseline 0.009 -26"><span class='ocrx_word' id='word_1_304' title='bbox 247 4260 557 4327; x_wconf 87' lang='lat' dir='ltr'><strong>ostendens,</strong></span> <span class='ocrx_word' id='word_1_305' title='bbox 581 4262 881 4333; x_wconf 81' lang='lat' dir='ltr'><strong>bonamque</strong></span> <span class='ocrx_word' id='word_1_306' title='bbox 910 4281 1061 4333; x_wconf 89' lang='lat' dir='ltr'><strong>spem</strong></span> <span class='ocrx_word' id='word_1_307' title='bbox 1086 4265 1365 4322; x_wconf 81' lang='lat' dir='ltr'><strong>exhibens.</strong></span> <span class='ocrx_word' id='word_1_308' title='bbox 1397 4268 1578 4337; x_wconf 85' lang='lat' dir='ltr'><strong>Neque</strong></span> <span class='ocrx_word' id='word_1_309' title='bbox 1606 4270 1748 4323; x_wconf 83' lang='lat' dir='ltr'><strong>cuitu</strong></span> <span class='ocrx_word' id='word_1_310' title='bbox 1770 4286 1837 4325; x_wconf 77' lang='lat' dir='ltr'><strong>ex</strong></span> 
     </span>
    </p>
   </div>
   <div class='ocr_carea' id='block_1_43' title="bbox 249 4354 1837 4430">
    <p class='ocr_par' dir='ltr' id='par_1_43' title="bbox 249 4354 1837 4430">
     <span class='ocr_line' id='line_1_43' title="bbox 249 4354 1837 4430; baseline 0.008 -25"><span class='ocrx_word' id='word_1_311' title='bbox 249 4367 369 4407; x_wconf 84' lang='lat' dir='ltr'><strong>arca</strong></span> <span class='ocrx_word' id='word_1_312' title='bbox 409 4369 572 4408; x_wconf 91' lang='lat' dir='ltr'><strong>unum</strong></span> <span class='ocrx_word' id='word_1_313' title='bbox 602 4354 780 4411; x_wconf 84' lang='lat' dir='ltr'><strong>educit</strong></span> <span class='ocrx_word' id='word_1_314' title='bbox 810 4356 1100 4421; x_wconf 89' lang='lat' dir='ltr'><strong>hominem,</strong></span> <span class='ocrx_word' id='word_1_315' title='bbox 1127 4359 1219 4413; x_wconf 87' lang='lat' dir='ltr'><strong>sed</strong></span> <span class='ocrx_word' id='word_1_316' title='bbox 1249 4376 1370 4415; x_wconf 91' lang='lat' dir='ltr'><strong>cum</strong></span> <span class='ocrx_word' id='word_1_317' title='bbox 1402 4370 1641 4430; x_wconf 80' lang='lat' dir='ltr'><strong>apparet,</strong></span> <span class='ocrx_word' id='word_1_318' title='bbox 1671 4371 1837 4418; x_wconf 88' lang='lat' dir='ltr'><strong>totmn</strong></span> 
     </span>
    </p>
   </div>
   <div class='ocr_carea' id='block_1_44' title="bbox 249 4443 1839 4523">
    <p class='ocr_par' dir='ltr' id='par_1_44' title="bbox 249 4443 1839 4523">
     <span class='ocr_line' id='line_1_44' title="bbox 249 4443 1839 4523; baseline 0.008 -27"><span class='ocrx_word' id='word_1_319' title='bbox 249 4443 433 4499; x_wconf 87' lang='lat' dir='ltr'><strong>orbem</strong></span> <span class='ocrx_word' id='word_1_320' title='bbox 463 4447 658 4501; x_wconf 90' lang='lat' dir='ltr'><strong>attollit</strong></span> <span class='ocrx_word' id='word_1_321' title='bbox 681 4448 733 4501; x_wconf 87' lang='lat' dir='ltr'><strong>in</strong></span> <span class='ocrx_word' id='word_1_322' title='bbox 764 4448 953 4503; x_wconf 74' lang='lat' dir='ltr'><strong>czelum</strong></span> <span class='ocrx_word' id='word_1_323' title='bbox 975 4490 991 4512; x_wconf 89' lang='lat'><strong>,</strong></span> <span class='ocrx_word' id='word_1_324' title='bbox 1023 4459 1075 4504; x_wconf 90' lang='lat' dir='ltr'><strong>et</strong></span> <span class='ocrx_word' id='word_1_325' title='bbox 1106 4466 1203 4519; x_wconf 85' lang='lat' dir='ltr'><strong>pro</strong></span> <span class='ocrx_word' id='word_1_326' title='bbox 1232 4452 1385 4505; x_wconf 80' lang='lat' dir='ltr'><strong>olivze</strong></span> <span class='ocrx_word' id='word_1_327' title='bbox 1414 4470 1561 4505; x_wconf 85' lang='lat' dir='ltr'><strong>ramo</strong></span> <span class='ocrx_word' id='word_1_328' title='bbox 1592 4454 1839 4523; x_wconf 83' lang='lat' dir='ltr'><strong>adeptio—</strong></span> 
     </span>
    </p>
   </div>
   <div class='ocr_carea' id='block_1_45' title="bbox 249 4534 1838 4615">
    <p class='ocr_par' dir='ltr' id='par_1_45' title="bbox 249 4534 1838 4615">
     <span class='ocr_line' id='line_1_45' title="bbox 249 4534 1838 4615; baseline 0.006 -27"><span class='ocrx_word' id='word_1_329' title='bbox 249 4550 370 4589; x_wconf 86' lang='lat' dir='ltr'><strong>nem</strong></span> <span class='ocrx_word' id='word_1_330' title='bbox 404 4534 633 4589; x_wconf 89' lang='lat' dir='ltr'><strong>iiliorum</strong></span> <span class='ocrx_word' id='word_1_331' title='bbox 665 4540 932 4591; x_wconf 87' lang='lat' dir='ltr'><strong>communi</strong></span> <span class='ocrx_word' id='word_1_332' title='bbox 964 4540 1109 4593; x_wconf 87' lang='lat' dir='ltr'><strong>orbis</strong></span> <span class='ocrx_word' id='word_1_333' title='bbox 1137 4543 1321 4609; x_wconf 85' lang='lat' dir='ltr'><strong>generi</strong></span> <span class='ocrx_word' id='word_1_334' title='bbox 1361 4542 1533 4596; x_wconf 76' lang='lat' dir='ltr'><strong>aifert.</strong></span> <span class='ocrx_word' id='word_1_335' title='bbox 1579 4544 1838 4615; x_wconf 78' lang='lat' dir='ltr'><strong>Magnitu-</strong></span> 
     </span>
    </p>
   </div>
   <div class='ocr_carea' id='block_1_46' title="bbox 247 4623 1839 4703">
    <p class='ocr_par' dir='ltr' id='par_1_46' title="bbox 247 4623 1839 4703">
     <span class='ocr_line' id='line_1_46' title="bbox 247 4623 1839 4703; baseline 0.008 -26"><span class='ocrx_word' id='word_1_336' title='bbox 247 4623 428 4679; x_wconf 85' lang='lat' dir='ltr'><strong>dinem</strong></span> <span class='ocrx_word' id='word_1_337' title='bbox 470 4640 598 4695; x_wconf 91' lang='lat' dir='ltr'><strong>ergo</strong></span> <span class='ocrx_word' id='word_1_338' title='bbox 624 4624 748 4679; x_wconf 92' lang='lat' dir='ltr'><strong>doni</strong></span> <span class='ocrx_word' id='word_1_339' title='bbox 792 4636 966 4682; x_wconf 88' lang='lat' dir='ltr'><strong>tecum</strong></span> <span class='ocrx_word' id='word_1_340' title='bbox 999 4640 1253 4698; x_wconf 87' lang='lat' dir='ltr'><strong>reputans</strong></span> <span class='ocrx_word' id='word_1_341' title='bbox 1278 4672 1292 4694; x_wconf 93' lang='lat'><strong>,</strong></span> <span class='ocrx_word' id='word_1_342' title='bbox 1335 4648 1399 4686; x_wconf 89' lang='lat' dir='ltr'><strong>ne</strong></span> <span class='ocrx_word' id='word_1_343' title='bbox 1430 4634 1689 4689; x_wconf 85' lang='lat' dir='ltr'><strong>minorem</strong></span> <span class='ocrx_word' id='word_1_344' title='bbox 1722 4637 1839 4703; x_wconf 82' lang='lat' dir='ltr'><strong>ejus</strong></span> 
     </span>
    </p>
   </div>
   <div class='ocr_carea' id='block_1_47' title="bbox 248 4716 1835 4795">
    <p class='ocr_par' dir='ltr' id='par_1_47' title="bbox 248 4716 1835 4795">
     <span class='ocr_line' id='line_1_47' title="bbox 248 4716 1835 4795; baseline 0.006 -25"><span class='ocrx_word' id='word_1_345' title='bbox 248 4716 559 4786; x_wconf 81' lang='lat' dir='ltr'><strong>dignitatem</strong></span> <span class='ocrx_word' id='word_1_346' title='bbox 588 4718 894 4781; x_wconf 80' lang='lat' dir='ltr'><strong>existimes,</strong></span> <span class='ocrx_word' id='word_1_347' title='bbox 942 4721 1082 4789; x_wconf 91' lang='lat' dir='ltr'><strong>quod</strong></span> <span class='ocrx_word' id='word_1_348' title='bbox 1115 4723 1165 4775; x_wconf 93' lang='lat' dir='ltr'><strong>in</strong></span> <span class='ocrx_word' id='word_1_349' title='bbox 1207 4724 1296 4776; x_wconf 90' lang='lat' dir='ltr'><strong>tali</strong></span> <span class='ocrx_word' id='word_1_350' title='bbox 1346 4726 1523 4793; x_wconf 88' lang='lat' dir='ltr'><strong>specie</strong></span> <span class='ocrx_word' id='word_1_351' title='bbox 1561 4738 1835 4795; x_wconf 84' lang='lat' dir='ltr'><strong>appareat.</strong></span> 
     </span>
    </p>
   </div>
   <div class='ocr_carea' id='block_1_48' title="bbox 252 4801 1837 4877">
    <p class='ocr_par' dir='ltr' id='par_1_48' title="bbox 252 4801 1837 4877">
     <span class='ocr_line' id='line_1_48' title="bbox 252 4801 1837 4877; baseline 0.008 -17"><span class='ocrx_word' id='word_1_352' title='bbox 252 4801 383 4861; x_wconf 74' lang='lat' dir='ltr'><strong>Nam</strong></span> <span class='ocrx_word' id='word_1_353' title='bbox 411 4809 669 4877; x_wconf 85' lang='lat' dir='ltr'><strong>quosdam</strong></span> <span class='ocrx_word' id='word_1_354' title='bbox 695 4810 856 4866; x_wconf 92' lang='lat' dir='ltr'><strong>audio</strong></span> <span class='ocrx_word' id='word_1_355' title='bbox 881 4812 1140 4876; x_wconf 82' lang='lat' dir='ltr'><strong>dicentes,</strong></span> <span class='ocrx_word' id='word_1_356' title='bbox 1178 4822 1377 4868; x_wconf 90' lang='lat' dir='ltr'><strong>tantum</strong></span> <span class='ocrx_word' id='word_1_357' title='bbox 1420 4832 1539 4871; x_wconf 85' lang='lat' dir='ltr'><strong>esse</strong></span> <span class='ocrx_word' id='word_1_358' title='bbox 1570 4818 1837 4873; x_wconf 87' lang='lat' dir='ltr'><strong>hominem</strong></span> 
     </span>
    </p>
   </div>
   <div class='ocr_carea' id='block_1_49' title="bbox 251 4899 1840 4974">
    <p class='ocr_par' dir='ltr' id='par_1_49' title="bbox 251 4899 1840 4974">
     <span class='ocr_line' id='line_1_49' title="bbox 251 4899 1840 4974; baseline 0.006 -20"><span class='ocrx_word' id='word_1_359' title='bbox 251 4899 393 4954; x_wconf 64' lang='lat' dir='ltr'><strong>inter</strong></span> <span class='ocrx_word' id='word_1_360' title='bbox 424 4908 479 4954; x_wconf 90' lang='lat' dir='ltr'><strong>et</strong></span> <span class='ocrx_word' id='word_1_361' title='bbox 518 4902 819 4956; x_wconf 73' lang='lat' dir='ltr'><strong>columbam</strong></span> <span class='ocrx_word' id='word_1_362' title='bbox 848 4902 1135 4959; x_wconf 85' lang='lat' dir='ltr'><strong>discrimen</strong></span> <span class='ocrx_word' id='word_1_363' title='bbox 1156 4944 1171 4967; x_wconf 89' lang='lat'><strong>,</strong></span> <span class='ocrx_word' id='word_1_364' title='bbox 1219 4916 1473 4974; x_wconf 89' lang='lat' dir='ltr'><strong>quantum</strong></span> <span class='ocrx_word' id='word_1_365' title='bbox 1519 4908 1657 4962; x_wconf 89' lang='lat' dir='ltr'><strong>inter</strong></span> <span class='ocrx_word' id='word_1_366' title='bbox 1685 4908 1840 4963; x_wconf 81' lang='lat' dir='ltr'><strong>Citri-</strong></span> 
     </span>
    </p>
   </div>
   <div class='ocr_carea' id='block_1_50' title="bbox 252 4989 1838 5062">
    <p class='ocr_par' dir='ltr' id='par_1_50' title="bbox 252 4989 1838 5062">
     <span class='ocr_line' id='line_1_50' title="bbox 252 4989 1838 5062; baseline 0.009 -22"><span class='ocrx_word' id='word_1_367' title='bbox 252 4997 397 5041; x_wconf 80' lang='lat' dir='ltr'><strong>stum</strong></span> <span class='ocrx_word' id='word_1_368' title='bbox 430 4998 485 5042; x_wconf 87' lang='lat' dir='ltr'><strong>et</strong></span> <span class='ocrx_word' id='word_1_369' title='bbox 508 4989 762 5057; x_wconf 87' lang='lat' dir='ltr'><strong>Spiritum</strong></span> <span class='ocrx_word' id='word_1_370' title='bbox 790 5035 803 5056; x_wconf 93' lang='lat'><strong>,</strong></span> <span class='ocrx_word' id='word_1_371' title='bbox 846 4993 967 5060; x_wconf 88' lang='lat' dir='ltr'><strong>quia</strong></span> <span class='ocrx_word' id='word_1_372' title='bbox 996 4994 1083 5047; x_wconf 85' lang='lat' dir='ltr'><strong>ille</strong></span> <span class='ocrx_word' id='word_1_373' title='bbox 1110 4996 1159 5046; x_wconf 91' lang='lat' dir='ltr'><strong>in</strong></span> <span class='ocrx_word' id='word_1_374' title='bbox 1190 5006 1373 5049; x_wconf 87' lang='lat' dir='ltr'><strong>natura</strong></span> <span class='ocrx_word' id='word_1_375' title='bbox 1401 5008 1581 5051; x_wconf 67' lang='lat' dir='ltr'><strong>noswa</strong></span> <span class='ocrx_word' id='word_1_376' title='bbox 1604 5039 1619 5062; x_wconf 96' lang='lat'><strong>,</strong></span> <span class='ocrx_word' id='word_1_377' title='bbox 1673 4999 1759 5059; x_wconf 91' lang='lat' dir='ltr'><strong>hic</strong></span> <span class='ocrx_word' id='word_1_378' title='bbox 1787 5000 1838 5054; x_wconf 93' lang='lat' dir='ltr'><strong>in</strong></span> 
     </span>
    </p>
   </div>
   <div class='ocr_carea' id='block_1_51' title="bbox 251 5078 1838 5151">
    <p class='ocr_par' dir='ltr' id='par_1_51' title="bbox 251 5078 1838 5151">
     <span class='ocr_line' id='line_1_51' title="bbox 251 5078 1838 5151; baseline 0.008 -21"><span class='ocrx_word' id='word_1_379' title='bbox 251 5078 434 5144; x_wconf 85' lang='lat' dir='ltr'><strong>specie</strong></span> <span class='ocrx_word' id='word_1_380' title='bbox 472 5080 732 5133; x_wconf 68' lang='lat' dir='ltr'><strong>Columba!</strong></span> <span class='ocrx_word' id='word_1_381' title='bbox 772 5082 1039 5151; x_wconf 85' lang='lat' dir='ltr'><strong>apparuit.</strong></span> <span class='ocrx_word' id='word_1_382' title='bbox 1105 5083 1239 5150; x_wconf 86' lang='lat' dir='ltr'><strong>Quid</strong></span> <span class='ocrx_word' id='word_1_383' title='bbox 1290 5086 1356 5139; x_wconf 90' lang='lat' dir='ltr'><strong>ad</strong></span> <span class='ocrx_word' id='word_1_384' title='bbox 1405 5087 1519 5141; x_wconf 73' lang='lat' dir='ltr'><strong>iure</strong></span> <span class='ocrx_word' id='word_1_385' title='bbox 1557 5087 1838 5143; x_wconf 88' lang='lat' dir='ltr'><strong>dicendum</strong></span> 
     </span>
    </p>
   </div>
   <div class='ocr_carea' id='block_1_52' title="bbox 248 5165 1841 5234">
    <p class='ocr_par' dir='ltr' id='par_1_52' title="bbox 248 5165 1841 5234">
     <span class='ocr_line' id='line_1_52' title="bbox 248 5165 1841 5234; baseline 0.009 -14"><span class='ocrx_word' id='word_1_386' title='bbox 248 5168 377 5220; x_wconf 81' lang='lat' dir='ltr'><strong>est?</strong></span> <span class='ocrx_word' id='word_1_387' title='bbox 423 5165 641 5233; x_wconf 83' lang='lat' dir='ltr'><strong>Scilicet</strong></span> <span class='ocrx_word' id='word_1_388' title='bbox 686 5169 875 5224; x_wconf 77' lang='lat' dir='ltr'><strong>Filium</strong></span> <span class='ocrx_word' id='word_1_389' title='bbox 923 5172 1017 5226; x_wconf 89' lang='lat' dir='ltr'><strong>Dei</strong></span> <span class='ocrx_word' id='word_1_390' title='bbox 1068 5186 1309 5227; x_wconf 86' lang='lat' dir='ltr'><strong>naturam</strong></span> <span class='ocrx_word' id='word_1_391' title='bbox 1363 5176 1592 5231; x_wconf 88' lang='lat' dir='ltr'><strong>hominis</strong></span> <span class='ocrx_word' id='word_1_392' title='bbox 1637 5192 1841 5234; x_wconf 87' lang='lat' dir='ltr'><strong>assum-</strong></span> 
     </span>
    </p>
   </div>
   <div class='ocr_carea' id='block_1_53' title="bbox 252 5258 1842 5337">
    <p class='ocr_par' dir='ltr' id='par_1_53' title="bbox 252 5258 1842 5337">
     <span class='ocr_line' id='line_1_53' title="bbox 252 5258 1842 5337; baseline 0.009 -26"><span class='ocrx_word' id='word_1_393' title='bbox 252 5258 461 5324; x_wconf 81' lang='lat' dir='ltr'><strong>psisse;</strong></span> <span class='ocrx_word' id='word_1_394' title='bbox 490 5258 750 5327; x_wconf 84' lang='lat' dir='ltr'><strong>Spiritum</strong></span> <span class='ocrx_word' id='word_1_395' title='bbox 778 5276 905 5315; x_wconf 85' lang='lat' dir='ltr'><strong>vero</strong></span> <span class='ocrx_word' id='word_1_396' title='bbox 926 5278 1030 5317; x_wconf 85' lang='lat' dir='ltr'><strong>non</strong></span> <span class='ocrx_word' id='word_1_397' title='bbox 1064 5274 1306 5319; x_wconf 89' lang='lat' dir='ltr'><strong>naturam</strong></span> <span class='ocrx_word' id='word_1_398' title='bbox 1332 5269 1609 5337; x_wconf 83' lang='lat' dir='ltr'><strong>accepisse</strong></span> <span class='ocrx_word' id='word_1_399' title='bbox 1636 5270 1842 5325; x_wconf 90' lang='lat' dir='ltr'><strong>eolum-</strong></span> 
     </span>
    </p>
   </div>
   <div class='ocr_carea' id='block_1_54' title="bbox 254 5348 1839 5429">
    <p class='ocr_par' dir='ltr' id='par_1_54' title="bbox 254 5348 1839 5429">
     <span class='ocr_line' id='line_1_54' title="bbox 254 5348 1839 5429; baseline 0.008 -29"><span class='ocrx_word' id='word_1_400' title='bbox 254 5354 359 5401; x_wconf 75' lang='lat' dir='ltr'><strong>btc.</strong></span> <span class='ocrx_word' id='word_1_401' title='bbox 391 5348 513 5404; x_wconf 87' lang='lat' dir='ltr'><strong>Ideo</strong></span> <span class='ocrx_word' id='word_1_402' title='bbox 540 5350 861 5419; x_wconf 86' lang='lat' dir='ltr'><strong>evangelista</strong></span> <span class='ocrx_word' id='word_1_403' title='bbox 892 5367 996 5407; x_wconf 93' lang='lat' dir='ltr'><strong>non</strong></span> <span class='ocrx_word' id='word_1_404' title='bbox 1029 5354 1079 5407; x_wconf 89' lang='lat' dir='ltr'><strong>in</strong></span> <span class='ocrx_word' id='word_1_405' title='bbox 1109 5366 1315 5419; x_wconf 88' lang='lat' dir='ltr'><strong>natura,</strong></span> <span class='ocrx_word' id='word_1_406' title='bbox 1342 5358 1436 5412; x_wconf 88' lang='lat' dir='ltr'><strong>sed</strong></span> <span class='ocrx_word' id='word_1_407' title='bbox 1467 5358 1517 5411; x_wconf 93' lang='lat' dir='ltr'><strong>in</strong></span> <span class='ocrx_word' id='word_1_408' title='bbox 1544 5361 1721 5429; x_wconf 89' lang='lat' dir='ltr'><strong>specie</strong></span> <span class='ocrx_word' id='word_1_409' title='bbox 1744 5379 1839 5415; x_wconf 62' lang='lat' dir='ltr'><strong>eo.</strong></span> 
     </span>
    </p>
   </div>
   <div class='ocr_carea' id='block_1_55' title="bbox 257 5438 1842 5519">
    <p class='ocr_par' dir='ltr' id='par_1_55' title="bbox 257 5438 1842 5519">
     <span class='ocr_line' id='line_1_55' title="bbox 257 5438 1842 5519; baseline 0.011 -30"><span class='ocrx_word' id='word_1_410' title='bbox 257 5438 448 5492; x_wconf 79' lang='lat' dir='ltr'><strong>tumbtc</strong></span> <span class='ocrx_word' id='word_1_411' title='bbox 474 5438 608 5494; x_wconf 78' lang='lat' dir='ltr'><strong>dixit</strong></span> <span class='ocrx_word' id='word_1_412' title='bbox 637 5458 650 5492; x_wconf 92' lang='lat'>:</span> <span class='ocrx_word' id='word_1_413' title='bbox 684 5457 854 5511; x_wconf 90' lang='lat' dir='ltr'><strong>neque</strong></span> <span class='ocrx_word' id='word_1_414' title='bbox 882 5454 1064 5510; x_wconf 79' lang='lat' dir='ltr'><strong>pOSIea</strong></span> <span class='ocrx_word' id='word_1_415' title='bbox 1093 5461 1341 5515; x_wconf 89' lang='lat' dir='ltr'><strong>umquam</strong></span> <span class='ocrx_word' id='word_1_416' title='bbox 1376 5450 1471 5502; x_wconf 89' lang='lat' dir='ltr'><strong>hac</strong></span> <span class='ocrx_word' id='word_1_417' title='bbox 1505 5448 1667 5519; x_wconf 80' lang='lat' dir='ltr'><strong>ﬁgura</strong></span> <span class='ocrx_word' id='word_1_418' title='bbox 1700 5453 1842 5506; x_wconf 83' lang='lat' dir='ltr'><strong>visus</strong></span> 
     </span>
    </p>
   </div>
   <div class='ocr_carea' id='block_1_56' title="bbox 250 5524 1840 5611">
    <p class='ocr_par' dir='ltr' id='par_1_56' title="bbox 250 5524 1840 5611">
     <span class='ocr_line' id='line_1_56' title="bbox 250 5524 1840 5611; baseline 0.011 -31"><span class='ocrx_word' id='word_1_419' title='bbox 250 5524 337 5581; x_wconf 73' lang='lat' dir='ltr'><strong>&#39;est</strong></span> <span class='ocrx_word' id='word_1_420' title='bbox 363 5572 378 5595; x_wconf 92' lang='lat'><strong>,</strong></span> <span class='ocrx_word' id='word_1_421' title='bbox 408 5533 501 5586; x_wconf 88' lang='lat' dir='ltr'><strong>sed</strong></span> <span class='ocrx_word' id='word_1_422' title='bbox 535 5543 662 5586; x_wconf 91' lang='lat' dir='ltr'><strong>tunc</strong></span> <span class='ocrx_word' id='word_1_423' title='bbox 694 5541 917 5586; x_wconf 90' lang='lat' dir='ltr'><strong>tantum.</strong></span> <span class='ocrx_word' id='word_1_424' title='bbox 952 5532 1005 5587; x_wconf 93' lang='lat' dir='ltr'><strong>Si</strong></span> <span class='ocrx_word' id='word_1_425' title='bbox 1038 5550 1194 5602; x_wconf 90' lang='lat' dir='ltr'><strong>porro</strong></span> <span class='ocrx_word' id='word_1_426' title='bbox 1224 5536 1337 5605; x_wconf 81' lang='lat' dir='ltr'><strong>ejus</strong></span> <span class='ocrx_word' id='word_1_427' title='bbox 1370 5537 1489 5592; x_wconf 90' lang='lat' dir='ltr'><strong>ideo</strong></span> <span class='ocrx_word' id='word_1_428' title='bbox 1533 5541 1840 5611; x_wconf 80' lang='lat' dir='ltr'><strong>dignitatem</strong></span> 
     </span>
    </p>
   </div>
   <div class='ocr_carea' id='block_1_57' title="bbox 258 5621 1846 5693">
    <p class='ocr_par' dir='ltr' id='par_1_57' title="bbox 258 5621 1846 5693">
     <span class='ocr_line' id='line_1_57' title="bbox 258 5621 1846 5693; baseline 0.013 -20"><span class='ocrx_word' id='word_1_429' title='bbox 258 5621 518 5677; x_wconf 89' lang='lat' dir='ltr'><strong>minorem</strong></span> <span class='ocrx_word' id='word_1_430' title='bbox 549 5624 717 5688; x_wconf 86' lang='lat' dir='ltr'><strong>dicas,</strong></span> <span class='ocrx_word' id='word_1_431' title='bbox 751 5623 853 5679; x_wconf 88' lang='lat' dir='ltr'><strong>hoc</strong></span> <span class='ocrx_word' id='word_1_432' title='bbox 877 5626 1224 5682; x_wconf 86' lang='lat' dir='ltr'><strong>ratiocinandi</strong></span> <span class='ocrx_word' id='word_1_433' title='bbox 1254 5633 1413 5687; x_wconf 88' lang='lat' dir='ltr'><strong>modo</strong></span> <span class='ocrx_word' id='word_1_434' title='bbox 1442 5634 1727 5692; x_wconf 90' lang='lat' dir='ltr'><strong>Cherubini</strong></span> <span class='ocrx_word' id='word_1_435' title='bbox 1754 5641 1846 5693; x_wconf 85' lang='lat' dir='ltr'><strong>illo</strong></span> 
     </span>
    </p>
   </div>
   <div class='ocr_carea' id='block_1_58' title="bbox 259 5713 1847 5799">
    <p class='ocr_par' dir='ltr' id='par_1_58' title="bbox 259 5713 1847 5799">
     <span class='ocr_line' id='line_1_58' title="bbox 259 5713 1847 5799; baseline 0.014 -33"><span class='ocrx_word' id='word_1_436' title='bbox 259 5713 489 5783; x_wconf 84' lang='lat' dir='ltr'><strong>majores</strong></span> <span class='ocrx_word' id='word_1_437' title='bbox 518 5715 855 5785; x_wconf 87' lang='lat' dir='ltr'><strong>reperientur</strong></span> <span class='ocrx_word' id='word_1_438' title='bbox 884 5758 897 5782; x_wconf 93' lang='lat'><strong>,</strong></span> <span class='ocrx_word' id='word_1_439' title='bbox 946 5727 1000 5773; x_wconf 89' lang='lat' dir='ltr'><strong>et</strong></span> <span class='ocrx_word' id='word_1_440' title='bbox 1029 5731 1284 5790; x_wconf 88' lang='lat' dir='ltr'><strong>quantum</strong></span> <span class='ocrx_word' id='word_1_441' title='bbox 1321 5727 1495 5795; x_wconf 87' lang='lat' dir='ltr'><strong>aquila</strong></span> <span class='ocrx_word' id='word_1_442' title='bbox 1546 5731 1715 5799; x_wconf 83' lang='lat' dir='ltr'><strong>major</strong></span> <span class='ocrx_word' id='word_1_443' title='bbox 1764 5744 1847 5789; x_wconf 87' lang='lat' dir='ltr'><strong>cst</strong></span> 
     </span>
    </p>
   </div>
   <div class='ocr_carea' id='block_1_59' title="bbox 250 5808 1838 5889">
    <p class='ocr_par' dir='ltr' id='par_1_59' title="bbox 250 5808 1838 5889">
     <span class='ocr_line' id='line_1_59' title="bbox 250 5808 1838 5889; baseline 0.01 -27"><span class='ocrx_word' id='word_1_444' title='bbox 250 5808 497 5864; x_wconf 81' lang='lat' dir='ltr'><strong>cohunba</strong></span> <span class='ocrx_word' id='word_1_445' title='bbox 534 5822 549 5862; x_wconf 90' lang='lat'><strong>:</strong></span> <span class='ocrx_word' id='word_1_446' title='bbox 581 5822 704 5862; x_wconf 90' lang='lat' dir='ltr'><strong>nam</strong></span> <span class='ocrx_word' id='word_1_447' title='bbox 733 5809 809 5864; x_wconf 88' lang='lat' dir='ltr'><strong>illi</strong></span> <span class='ocrx_word' id='word_1_448' title='bbox 853 5809 990 5867; x_wconf 85' lang='lat' dir='ltr'><strong>hanc</strong></span> <span class='ocrx_word' id='word_1_449' title='bbox 1022 5827 1309 5885; x_wconf 79' lang='lat' dir='ltr'><strong>suscepere</strong></span> <span class='ocrx_word' id='word_1_450' title='bbox 1350 5818 1615 5889; x_wconf 70' lang='lat' dir='ltr'><strong>Speciem;</strong></span> <span class='ocrx_word' id='word_1_451' title='bbox 1645 5813 1699 5878; x_wconf 69' lang='lat' dir='ltr'><strong>ct</strong></span> <span class='ocrx_word' id='word_1_452' title='bbox 1742 5839 1838 5878; x_wconf 73' lang='lat' dir='ltr'><strong>an~</strong></span> 
     </span>
    </p>
   </div>
   <div class='ocr_carea' id='block_1_60' title="bbox 1379 464 2311 529">
    <p class='ocr_par' dir='ltr' id='par_1_60' title="bbox 1379 464 2311 529">
     <span class='ocr_line' id='line_1_60' title="bbox 1379 464 2311 529; baseline 0.004 -4"><span class='ocrx_word' id='word_1_453' title='bbox 1379 469 1443 525; x_wconf 84' lang='lat' dir='ltr'><strong>iN</strong></span> <span class='ocrx_word' id='word_1_454' title='bbox 1480 468 1887 526; x_wconf 73' lang='lat' dir='ltr'><strong>MATTIM‘IUM</strong></span> <span class='ocrx_word' id='word_1_455' title='bbox 1927 464 2153 525; x_wconf 72' lang='lat' dir='ltr'><strong>liOMlL.</strong></span> <span class='ocrx_word' id='word_1_456' title='bbox 2198 471 2311 529; x_wconf 78' lang='grc' dir='ltr'><strong>ΧΗ.</strong></span> 
     </span>
    </p>
   </div>
   <div class='ocr_carea' id='block_1_61' title="bbox 3479 500 3586 556">
    <p class='ocr_par' dir='ltr' id='par_1_61' title="bbox 3479 500 3586 556">
     <span class='ocr_line' id='line_1_61' title="bbox 3479 500 3586 556; baseline 0.028 -3"><span class='ocrx_word' id='word_1_457' title='bbox 3479 500 3586 556; x_wconf 71' lang='grc'><strong>206</strong></span> 
     </span>
    </p>
   </div>
   <div class='ocr_carea' id='block_1_62' title="bbox 1987 588 3582 683">
    <p class='ocr_par' dir='ltr' id='par_1_62' title="bbox 1987 588 3582 683">
     <span class='ocr_line' id='line_1_62' title="bbox 1987 588 3582 683; baseline 0.018 -42"><span class='ocrx_word' id='word_1_458' title='bbox 1987 588 2090 657; x_wconf 84' lang='lat' dir='ltr'><strong>geli</strong></span> <span class='ocrx_word' id='word_1_459' title='bbox 2116 604 2331 663; x_wconf 86' lang='lat' dir='ltr'><strong>quoque</strong></span> <span class='ocrx_word' id='word_1_460' title='bbox 2356 598 2775 663; x_wconf 69' lang='lat' dir='ltr'><strong>prmstantiores.</strong></span> <span class='ocrx_word' id='word_1_461' title='bbox 2804 600 2895 671; x_wconf 89' lang='lat' dir='ltr'><strong>qui</strong></span> <span class='ocrx_word' id='word_1_462' title='bbox 2921 601 3201 663; x_wconf 86' lang='lat' dir='ltr'><strong>hominum</strong></span> <span class='ocrx_word' id='word_1_463' title='bbox 3228 609 3407 678; x_wconf 85' lang='lat' dir='ltr'><strong>specie</strong></span> <span class='ocrx_word' id='word_1_464' title='bbox 3436 628 3582 683; x_wconf 77' lang='lat' dir='ltr'><strong>strpe</strong></span> 
     </span>
    </p>
   </div>
   <div class='ocr_carea' id='block_1_63' title="bbox 1978 689 3575 768">
    <p class='ocr_par' dir='ltr' id='par_1_63' title="bbox 1978 689 3575 768">
     <span class='ocr_line' id='line_1_63' title="bbox 1978 689 3575 768; baseline 0.016 -36"><span class='ocrx_word' id='word_1_465' title='bbox 1978 692 2357 751; x_wconf 87' lang='lat' dir='ltr'><strong>apparuerunt.</strong></span> <span class='ocrx_word' id='word_1_466' title='bbox 2390 689 2463 741; x_wconf 80' lang='lat' dir='ltr'><strong>At</strong></span> <span class='ocrx_word' id='word_1_467' title='bbox 2489 704 2595 743; x_wconf 92' lang='lat' dir='ltr'><strong>non</strong></span> <span class='ocrx_word' id='word_1_468' title='bbox 2629 690 2722 758; x_wconf 89' lang='lat' dir='ltr'><strong>ita,</strong></span> <span class='ocrx_word' id='word_1_469' title='bbox 2752 706 2859 748; x_wconf 90' lang='lat' dir='ltr'><strong>non</strong></span> <span class='ocrx_word' id='word_1_470' title='bbox 2880 694 2952 749; x_wconf 87' lang='lat' dir='ltr'><strong>ita</strong></span> <span class='ocrx_word' id='word_1_471' title='bbox 2980 699 3164 768; x_wconf 90' lang='lat' dir='ltr'><strong>utique</strong></span> <span class='ocrx_word' id='word_1_472' title='bbox 3192 717 3279 756; x_wconf 87' lang='lat' dir='ltr'><strong>res</strong></span> <span class='ocrx_word' id='word_1_473' title='bbox 3304 717 3364 758; x_wconf 84' lang='lat' dir='ltr'><strong>se</strong></span> <span class='ocrx_word' id='word_1_474' title='bbox 3395 702 3575 763; x_wconf 81' lang='lat' dir='ltr'><strong>habet.</strong></span> 
     </span>
    </p>
   </div>
   <div class='ocr_carea' id='block_1_64' title="bbox 1976 770 3577 864">
    <p class='ocr_par' dir='ltr' id='par_1_64' title="bbox 1976 770 3577 864">
     <span class='ocr_line' id='line_1_64' title="bbox 1976 770 3577 864; baseline 0.016 -39"><span class='ocrx_word' id='word_1_475' title='bbox 1976 770 2110 827; x_wconf 86' lang='lat' dir='ltr'><strong>Nam</strong></span> <span class='ocrx_word' id='word_1_476' title='bbox 2149 774 2293 830; x_wconf 87' lang='lat' dir='ltr'><strong>aliud</strong></span> <span class='ocrx_word' id='word_1_477' title='bbox 2321 785 2405 832; x_wconf 91' lang='lat' dir='ltr'><strong>est</strong></span> <span class='ocrx_word' id='word_1_478' title='bbox 2432 779 2631 837; x_wconf 83' lang='lat' dir='ltr'><strong>veritas</strong></span> <span class='ocrx_word' id='word_1_479' title='bbox 2653 787 2971 842; x_wconf 78' lang='lat' dir='ltr'><strong>(economiae</strong></span> <span class='ocrx_word' id='word_1_480' title='bbox 2993 828 3008 853; x_wconf 87' lang='lat'><strong>,</strong></span> <span class='ocrx_word' id='word_1_481' title='bbox 3040 790 3184 846; x_wconf 82' lang='lat' dir='ltr'><strong>aliud</strong></span> <span class='ocrx_word' id='word_1_482' title='bbox 3213 800 3577 864; x_wconf 70' lang='lat' dir='ltr'><strong>temperantem</strong></span> 
     </span>
    </p>
   </div>
   <div class='ocr_carea' id='block_1_65' title="bbox 1977 863 3574 954">
    <p class='ocr_par' dir='ltr' id='par_1_65' title="bbox 1977 863 3574 954">
     <span class='ocr_line' id='line_1_65' title="bbox 1977 863 3574 954; baseline 0.017 -39"><span class='ocrx_word' id='word_1_483' title='bbox 1977 863 2199 918; x_wconf 84' lang='lat' dir='ltr'><strong>visionis</strong></span> <span class='ocrx_word' id='word_1_484' title='bbox 2228 870 2525 925; x_wconf 87' lang='lat' dir='ltr'><strong>concessio.</strong></span> <span class='ocrx_word' id='word_1_485' title='bbox 2574 871 2653 926; x_wconf 85' lang='lat' dir='ltr'><strong>Ne</strong></span> <span class='ocrx_word' id='word_1_486' title='bbox 2673 874 2853 945; x_wconf 86' lang='lat' dir='ltr'><strong>itaque</strong></span> <span class='ocrx_word' id='word_1_487' title='bbox 2883 878 3121 949; x_wconf 88' lang='lat' dir='ltr'><strong>ingratus</strong></span> <span class='ocrx_word' id='word_1_488' title='bbox 3149 883 3225 937; x_wconf 86' lang='lat' dir='ltr'><strong>sis</strong></span> <span class='ocrx_word' id='word_1_489' title='bbox 3248 863 3375 954; x_wconf 84' lang='lat' dir='ltr'><strong>erga</strong></span> <span class='ocrx_word' id='word_1_490' title='bbox 3404 889 3574 941; x_wconf 84' lang='lat' dir='ltr'><strong>bene-</strong></span> 
     </span>
    </p>
   </div>
   <div class='ocr_carea' id='block_1_66' title="bbox 1976 952 3570 1047">
    <p class='ocr_par' dir='ltr' id='par_1_66' title="bbox 1976 952 3570 1047">
     <span class='ocr_line' id='line_1_66' title="bbox 1976 952 3570 1047; baseline 0.017 -42"><span class='ocrx_word' id='word_1_491' title='bbox 1976 952 2271 1022; x_wconf 78' lang='lat' dir='ltr'><strong>!actorem,</strong></span> <span class='ocrx_word' id='word_1_492' title='bbox 2318 974 2494 1029; x_wconf 88' lang='lat' dir='ltr'><strong>neque</strong></span> <span class='ocrx_word' id='word_1_493' title='bbox 2535 969 2859 1020; x_wconf 85' lang='lat' dir='ltr'><strong>contrariam</strong></span> <span class='ocrx_word' id='word_1_494' title='bbox 2894 971 3146 1039; x_wconf 88' lang='lat' dir='ltr'><strong>repende</strong></span> <span class='ocrx_word' id='word_1_495' title='bbox 3176 952 3347 1030; x_wconf 80' lang='lat' dir='ltr'><strong>vicem</strong></span> <span class='ocrx_word' id='word_1_496' title='bbox 3388 977 3437 1031; x_wconf 91' lang='lat' dir='ltr'><strong>ei</strong></span> <span class='ocrx_word' id='word_1_497' title='bbox 3478 980 3570 1047; x_wconf 89' lang='lat' dir='ltr'><strong>qui</strong></span> 
     </span>
    </p>
   </div>
   <div class='ocr_carea' id='block_1_67' title="bbox 1974 1046 3572 1125">
    <p class='ocr_par' dir='ltr' id='par_1_67' title="bbox 1974 1046 3572 1125">
     <span class='ocr_line' id='line_1_67' title="bbox 1974 1046 3572 1125; baseline 0.018 -27"><span class='ocrx_word' id='word_1_498' title='bbox 1974 1046 2068 1099; x_wconf 90' lang='lat' dir='ltr'><strong>tibi</strong></span> <span class='ocrx_word' id='word_1_499' title='bbox 2097 1048 2443 1108; x_wconf 87' lang='lat' dir='ltr'><strong>beatitudinis</strong></span> <span class='ocrx_word' id='word_1_500' title='bbox 2472 1056 2671 1110; x_wconf 82' lang='lat' dir='ltr'><strong>fontem</strong></span> <span class='ocrx_word' id='word_1_501' title='bbox 2710 1058 2948 1115; x_wconf 88' lang='lat' dir='ltr'><strong>donavit.</strong></span> <span class='ocrx_word' id='word_1_502' title='bbox 3003 1062 3103 1118; x_wconf 88' lang='lat' dir='ltr'><strong>Ubi</strong></span> <span class='ocrx_word' id='word_1_503' title='bbox 3148 1067 3291 1121; x_wconf 91' lang='lat' dir='ltr'><strong>enim</strong></span> <span class='ocrx_word' id='word_1_504' title='bbox 3319 1076 3402 1122; x_wconf 72' lang='lat' dir='ltr'><strong>est</strong></span> <span class='ocrx_word' id='word_1_505' title='bbox 3440 1046 3572 1125; x_wconf 81' lang='lat' dir='ltr'><strong>ado-</strong></span> 
     </span>
    </p>
   </div>
   <div class='ocr_carea' id='block_1_68' title="bbox 1974 1137 3571 1225">
    <p class='ocr_par' dir='ltr' id='par_1_68' title="bbox 1974 1137 3571 1225">
     <span class='ocr_line' id='line_1_68' title="bbox 1974 1137 3571 1225; baseline 0.018 -37"><span class='ocrx_word' id='word_1_506' title='bbox 1974 1137 2170 1203; x_wconf 87' lang='lat' dir='ltr'><strong>ptionis</strong></span> <span class='ocrx_word' id='word_1_507' title='bbox 2199 1140 2431 1211; x_wconf 88' lang='lat' dir='ltr'><strong>dignitas</strong></span> <span class='ocrx_word' id='word_1_508' title='bbox 2454 1186 2470 1211; x_wconf 95' lang='lat'><strong>,</strong></span> <span class='ocrx_word' id='word_1_509' title='bbox 2515 1145 2587 1200; x_wconf 89' lang='lat' dir='ltr'><strong>ibi</strong></span> <span class='ocrx_word' id='word_1_510' title='bbox 2617 1158 2672 1201; x_wconf 90' lang='lat' dir='ltr'><strong>et</strong></span> <span class='ocrx_word' id='word_1_511' title='bbox 2702 1151 2965 1206; x_wconf 90' lang='lat' dir='ltr'><strong>malorum</strong></span> <span class='ocrx_word' id='word_1_512' title='bbox 2995 1155 3238 1225; x_wconf 89' lang='lat' dir='ltr'><strong>depulsio</strong></span> <span class='ocrx_word' id='word_1_513' title='bbox 3262 1199 3277 1223; x_wconf 86' lang='lat'><strong>,</strong></span> <span class='ocrx_word' id='word_1_514' title='bbox 3319 1170 3373 1213; x_wconf 86' lang='lat' dir='ltr'><strong>et</strong></span> <span class='ocrx_word' id='word_1_515' title='bbox 3401 1161 3571 1217; x_wconf 75' lang='lat' dir='ltr'><strong>bono-</strong></span> 
     </span>
    </p>
   </div>
   <div class='ocr_carea' id='block_1_69' title="bbox 1972 1234 3571 1327">
    <p class='ocr_par' dir='ltr' id='par_1_69' title="bbox 1972 1234 3571 1327">
     <span class='ocr_line' id='line_1_69' title="bbox 1972 1234 3571 1327; baseline 0.016 -45"><span class='ocrx_word' id='word_1_516' title='bbox 1972 1244 2088 1283; x_wconf 90' lang='lat' dir='ltr'><strong>rum</strong></span> <span class='ocrx_word' id='word_1_517' title='bbox 2134 1234 2373 1289; x_wconf 88' lang='lat' dir='ltr'><strong>omniutn</strong></span> <span class='ocrx_word' id='word_1_518' title='bbox 2435 1254 2647 1294; x_wconf 89' lang='lat' dir='ltr'><strong>munus.</strong></span> <span class='ocrx_word' id='word_1_519' title='bbox 2719 1241 2842 1297; x_wconf 86' lang='lat' dir='ltr'><strong>ideo</strong></span> <span class='ocrx_word' id='word_1_520' title='bbox 2891 1242 3171 1301; x_wconf 83' lang='lat' dir='ltr'><strong>Judaicum</strong></span> <span class='ocrx_word' id='word_1_521' title='bbox 3209 1250 3429 1327; x_wconf 74' lang='lat' dir='ltr'><strong>quidem</strong></span> <span class='ocrx_word' id='word_1_522' title='bbox 3476 1253 3571 1307; x_wconf 79' lang='lat' dir='ltr'><strong>ba-</strong></span> 
     </span>
    </p>
   </div>
   <div class='ocr_carea' id='block_1_70' title="bbox 1971 1321 3563 1398">
    <p class='ocr_par' dir='ltr' id='par_1_70' title="bbox 1971 1321 3563 1398">
     <span class='ocr_line' id='line_1_70' title="bbox 1971 1321 3563 1398; baseline 0.015 -24"><span class='ocrx_word' id='word_1_523' title='bbox 1971 1321 2163 1391; x_wconf 88' lang='lat' dir='ltr'><strong>ptisma</strong></span> <span class='ocrx_word' id='word_1_524' title='bbox 2193 1326 2481 1398; x_wconf 81' lang='lat' dir='ltr'><strong>abrogatur</strong></span> <span class='ocrx_word' id='word_1_525' title='bbox 2505 1372 2519 1393; x_wconf 89' lang='lat'><strong>,</strong></span> <span class='ocrx_word' id='word_1_526' title='bbox 2568 1346 2809 1387; x_wconf 86' lang='lat' dir='ltr'><strong>nostrum</strong></span> <span class='ocrx_word' id='word_1_527' title='bbox 2838 1345 3013 1390; x_wconf 89' lang='lat' dir='ltr'><strong>autem</strong></span> <span class='ocrx_word' id='word_1_528' title='bbox 3045 1339 3327 1395; x_wconf 75' lang='lat' dir='ltr'><strong>exordium</strong></span> <span class='ocrx_word' id='word_1_529' title='bbox 3359 1321 3519 1398; x_wconf 80' lang='lat' dir='ltr'><strong>habet</strong></span> <span class='ocrx_word' id='word_1_530' title='bbox 3546 1360 3563 1398; x_wconf 88' lang='lat'><strong>:</strong></span> 
     </span>
    </p>
   </div>
   <div class='ocr_carea' id='block_1_71' title="bbox 1968 1419 3562 1504">
    <p class='ocr_par' dir='ltr' id='par_1_71' title="bbox 1968 1419 3562 1504">
     <span class='ocr_line' id='line_1_71' title="bbox 1968 1419 3562 1504; baseline 0.014 -36"><span class='ocrx_word' id='word_1_531' title='bbox 1968 1425 2129 1485; x_wconf 84' lang='lat' dir='ltr'><strong>atque</strong></span> <span class='ocrx_word' id='word_1_532' title='bbox 2174 1419 2403 1488; x_wconf 86' lang='lat' dir='ltr'><strong>idipsum</strong></span> <span class='ocrx_word' id='word_1_533' title='bbox 2436 1424 2574 1492; x_wconf 91' lang='lat' dir='ltr'><strong>quod</strong></span> <span class='ocrx_word' id='word_1_534' title='bbox 2608 1425 2659 1478; x_wconf 90' lang='lat' dir='ltr'><strong>in</strong></span> <span class='ocrx_word' id='word_1_535' title='bbox 2693 1426 2974 1494; x_wconf 83' lang='lat' dir='ltr'><strong>Paschate,</strong></span> <span class='ocrx_word' id='word_1_536' title='bbox 3004 1430 3055 1483; x_wconf 91' lang='lat' dir='ltr'><strong>in</strong></span> <span class='ocrx_word' id='word_1_537' title='bbox 3084 1431 3403 1499; x_wconf 88' lang='lat' dir='ltr'><strong>baptismate</strong></span> <span class='ocrx_word' id='word_1_538' title='bbox 3428 1450 3562 1504; x_wconf 79' lang='lat' dir='ltr'><strong>quo-</strong></span> 
     </span>
    </p>
   </div>
   <div class='ocr_carea' id='block_1_72' title="bbox 1968 1512 3566 1591">
    <p class='ocr_par' dir='ltr' id='par_1_72' title="bbox 1968 1512 3566 1591">
     <span class='ocr_line' id='line_1_72' title="bbox 1968 1512 3566 1591; baseline 0.016 -33"><span class='ocrx_word' id='word_1_539' title='bbox 1968 1523 2072 1577; x_wconf 88' lang='lat' dir='ltr'><strong>que</strong></span> <span class='ocrx_word' id='word_1_540' title='bbox 2097 1512 2338 1582; x_wconf 87' lang='lat' dir='ltr'><strong>contigit.</strong></span> <span class='ocrx_word' id='word_1_541' title='bbox 2381 1514 2513 1569; x_wconf 83' lang='lat' dir='ltr'><strong>Nam</strong></span> <span class='ocrx_word' id='word_1_542' title='bbox 2541 1532 2662 1570; x_wconf 90' lang='lat' dir='ltr'><strong>cum</strong></span> <span class='ocrx_word' id='word_1_543' title='bbox 2692 1528 2980 1589; x_wconf 89' lang='lat' dir='ltr'><strong>utrumque</strong></span> <span class='ocrx_word' id='word_1_544' title='bbox 3025 1524 3218 1591; x_wconf 85' lang='lat' dir='ltr'><strong>pascha</strong></span> <span class='ocrx_word' id='word_1_545' title='bbox 3250 1526 3566 1583; x_wconf 86' lang='lat' dir='ltr'><strong>celebrave-</strong></span> 
     </span>
    </p>
   </div>
   <div class='ocr_carea' id='block_1_73' title="bbox 1968 1601 3561 1686">
    <p class='ocr_par' dir='ltr' id='par_1_73' title="bbox 1968 1601 3561 1686">
     <span class='ocr_line' id='line_1_73' title="bbox 1968 1601 3561 1686; baseline 0.014 -32"><span class='ocrx_word' id='word_1_546' title='bbox 1968 1601 2057 1668; x_wconf 87' lang='lat' dir='ltr'><strong>rit,</strong></span> <span class='ocrx_word' id='word_1_547' title='bbox 2089 1603 2317 1659; x_wconf 89' lang='lat' dir='ltr'><strong>altcrum</strong></span> <span class='ocrx_word' id='word_1_548' title='bbox 2349 1607 2650 1678; x_wconf 87' lang='lat' dir='ltr'><strong>abrogavit,</strong></span> <span class='ocrx_word' id='word_1_549' title='bbox 2680 1611 2836 1666; x_wconf 89' lang='lat' dir='ltr'><strong>alteri</strong></span> <span class='ocrx_word' id='word_1_550' title='bbox 2868 1629 2995 1668; x_wconf 86' lang='lat' dir='ltr'><strong>vero</strong></span> <span class='ocrx_word' id='word_1_551' title='bbox 3024 1617 3341 1686; x_wconf 90' lang='lat' dir='ltr'><strong>principium</strong></span> <span class='ocrx_word' id='word_1_552' title='bbox 3371 1618 3517 1674; x_wconf 79' lang='lat' dir='ltr'><strong>dedit</strong></span> <span class='ocrx_word' id='word_1_553' title='bbox 3546 1638 3561 1676; x_wconf 92' lang='lat'>:</span> 
     </span>
    </p>
   </div>
   <div class='ocr_carea' id='block_1_74' title="bbox 1966 1693 3561 1778">
    <p class='ocr_par' dir='ltr' id='par_1_74' title="bbox 1966 1693 3561 1778">
     <span class='ocr_line' id='line_1_74' title="bbox 1966 1693 3561 1778; baseline 0.013 -33"><span class='ocrx_word' id='word_1_554' title='bbox 1966 1700 2023 1746; x_wconf 84' lang='lat' dir='ltr'><strong>et</strong></span> <span class='ocrx_word' id='word_1_555' title='bbox 2070 1693 2157 1749; x_wconf 89' lang='lat' dir='ltr'><strong>hic</strong></span> <span class='ocrx_word' id='word_1_556' title='bbox 2194 1711 2448 1763; x_wconf 88' lang='lat' dir='ltr'><strong>rursum,</strong></span> <span class='ocrx_word' id='word_1_557' title='bbox 2494 1714 2614 1754; x_wconf 91' lang='lat' dir='ltr'><strong>cum</strong></span> <span class='ocrx_word' id='word_1_558' title='bbox 2642 1700 2920 1757; x_wconf 83' lang='lat' dir='ltr'><strong>Judaicum</strong></span> <span class='ocrx_word' id='word_1_559' title='bbox 2973 1704 3234 1775; x_wconf 85' lang='lat' dir='ltr'><strong>baptisma</strong></span> <span class='ocrx_word' id='word_1_560' title='bbox 3282 1709 3561 1778; x_wconf 84' lang='lat' dir='ltr'><strong>implevit,</strong></span> 
     </span>
    </p>
   </div>
   <div class='ocr_carea' id='block_1_75' title="bbox 1965 1787 3565 1868">
    <p class='ocr_par' dir='ltr' id='par_1_75' title="bbox 1965 1787 3565 1868">
     <span class='ocr_line' id='line_1_75' title="bbox 1965 1787 3565 1868; baseline 0.013 -31"><span class='ocrx_word' id='word_1_561' title='bbox 1965 1794 2094 1839; x_wconf 91' lang='lat' dir='ltr'><strong>tunc</strong></span> <span class='ocrx_word' id='word_1_562' title='bbox 2151 1796 2205 1840; x_wconf 88' lang='lat' dir='ltr'><strong>et</strong></span> <span class='ocrx_word' id='word_1_563' title='bbox 2248 1787 2504 1844; x_wconf 82' lang='lat' dir='ltr'><strong>Ecclesiae</strong></span> <span class='ocrx_word' id='word_1_564' title='bbox 2557 1790 2891 1861; x_wconf 84' lang='lat' dir='ltr'><strong>baptismatis</strong></span> <span class='ocrx_word' id='word_1_565' title='bbox 2939 1795 3133 1866; x_wconf 88' lang='lat' dir='ltr'><strong>januas</strong></span> <span class='ocrx_word' id='word_1_566' title='bbox 3174 1800 3379 1868; x_wconf 88' lang='lat' dir='ltr'><strong>aperit;</strong></span> <span class='ocrx_word' id='word_1_567' title='bbox 3425 1804 3565 1857; x_wconf 84' lang='lat' dir='ltr'><strong>sicut</strong></span> 
     </span>
    </p>
   </div>
   <div class='ocr_carea' id='block_1_76' title="bbox 1967 1875 3565 1955">
    <p class='ocr_par' dir='ltr' id='par_1_76' title="bbox 1967 1875 3565 1955">
     <span class='ocr_line' id='line_1_76' title="bbox 1967 1875 3565 1955; baseline 0.013 -28"><span class='ocrx_word' id='word_1_568' title='bbox 1967 1881 2091 1928; x_wconf 90' lang='lat' dir='ltr'><strong>tunc</strong></span> <span class='ocrx_word' id='word_1_569' title='bbox 2117 1875 2167 1929; x_wconf 90' lang='lat' dir='ltr'><strong>in</strong></span> <span class='ocrx_word' id='word_1_570' title='bbox 2198 1892 2297 1930; x_wconf 90' lang='lat' dir='ltr'><strong>una</strong></span> <span class='ocrx_word' id='word_1_571' title='bbox 2329 1894 2512 1934; x_wconf 90' lang='lat' dir='ltr'><strong>mensa</strong></span> <span class='ocrx_word' id='word_1_572' title='bbox 2539 1921 2553 1943; x_wconf 88' lang='lat'><strong>,</strong></span> <span class='ocrx_word' id='word_1_573' title='bbox 2584 1881 2829 1938; x_wconf 85' lang='lat' dir='ltr'><strong>sienunc</strong></span> <span class='ocrx_word' id='word_1_574' title='bbox 2869 1884 2919 1937; x_wconf 89' lang='lat' dir='ltr'><strong>in</strong></span> <span class='ocrx_word' id='word_1_575' title='bbox 2951 1902 3057 1939; x_wconf 91' lang='lat' dir='ltr'><strong>uno</strong></span> <span class='ocrx_word' id='word_1_576' title='bbox 3080 1886 3299 1943; x_wconf 82' lang='lat' dir='ltr'><strong>ﬂumine</strong></span> <span class='ocrx_word' id='word_1_577' title='bbox 3323 1931 3337 1955; x_wconf 88' lang='lat'><strong>,</strong></span> <span class='ocrx_word' id='word_1_578' title='bbox 3371 1900 3425 1945; x_wconf 90' lang='lat' dir='ltr'><strong>et</strong></span> <span class='ocrx_word' id='word_1_579' title='bbox 3447 1908 3565 1946; x_wconf 86' lang='lat' dir='ltr'><strong>um-</strong></span> 
     </span>
    </p>
   </div>
   <div class='ocr_carea' id='block_1_77' title="bbox 1962 1964 3563 2051">
    <p class='ocr_par' dir='ltr' id='par_1_77' title="bbox 1962 1964 3563 2051">
     <span class='ocr_line' id='line_1_77' title="bbox 1962 1964 3563 2051; baseline 0.011 -32"><span class='ocrx_word' id='word_1_580' title='bbox 1962 1964 2112 2019; x_wconf 88' lang='lat' dir='ltr'><strong>bram</strong></span> <span class='ocrx_word' id='word_1_581' title='bbox 2143 1968 2442 2033; x_wconf 66' lang='lat' dir='ltr'><strong>delineans,</strong></span> <span class='ocrx_word' id='word_1_582' title='bbox 2475 1982 2526 2027; x_wconf 89' lang='lat' dir='ltr'><strong>et</strong></span> <span class='ocrx_word' id='word_1_583' title='bbox 2549 1974 2829 2028; x_wconf 85' lang='lat' dir='ltr'><strong>veritatem</strong></span> <span class='ocrx_word' id='word_1_584' title='bbox 2859 1977 3081 2032; x_wconf 88' lang='lat' dir='ltr'><strong>addens.</strong></span> <span class='ocrx_word' id='word_1_585' title='bbox 3111 1978 3343 2048; x_wconf 88' lang='lat' dir='ltr'><strong>Spiritus</strong></span> <span class='ocrx_word' id='word_1_586' title='bbox 3363 1984 3563 2051; x_wconf 85' lang='lat' dir='ltr'><strong>quippe</strong></span> 
     </span>
    </p>
   </div>
   <div class='ocr_carea' id='block_1_78' title="bbox 1962 2057 3561 2134">
    <p class='ocr_par' dir='ltr' id='par_1_78' title="bbox 1962 2057 3561 2134">
     <span class='ocr_line' id='line_1_78' title="bbox 1962 2057 3561 2134; baseline 0.013 -26"><span class='ocrx_word' id='word_1_587' title='bbox 1962 2057 2184 2125; x_wconf 77' lang='lat' dir='ltr'><strong>gratiam</strong></span> <span class='ocrx_word' id='word_1_588' title='bbox 2214 2058 2314 2113; x_wconf 91' lang='lat' dir='ltr'><strong>hoc</strong></span> <span class='ocrx_word' id='word_1_589' title='bbox 2343 2062 2514 2116; x_wconf 86' lang='lat' dir='ltr'><strong>solum</strong></span> <span class='ocrx_word' id='word_1_590' title='bbox 2546 2066 2807 2134; x_wconf 88' lang='lat' dir='ltr'><strong>baptisma</strong></span> <span class='ocrx_word' id='word_1_591' title='bbox 2840 2066 3035 2133; x_wconf 89' lang='lat' dir='ltr'><strong>habet;</strong></span> <span class='ocrx_word' id='word_1_592' title='bbox 3066 2069 3288 2125; x_wconf 83' lang='lat' dir='ltr'><strong>Joannis</strong></span> <span class='ocrx_word' id='word_1_593' title='bbox 3316 2088 3443 2127; x_wconf 88' lang='lat' dir='ltr'><strong>vero</strong></span> <span class='ocrx_word' id='word_1_594' title='bbox 3467 2075 3561 2128; x_wconf 87' lang='lat' dir='ltr'><strong>ha-</strong></span> 
     </span>
    </p>
   </div>
   <div class='ocr_carea' id='block_1_79' title="bbox 1906 2147 3561 2228">
    <p class='ocr_par' dir='ltr' id='par_1_79' title="bbox 1906 2147 3561 2228">
     <span class='ocr_line' id='line_1_79' title="bbox 1906 2147 3561 2228; baseline 0.012 -29"><span class='ocrx_word' id='word_1_595' title='bbox 1906 2197 1908 2199; x_wconf 85' lang='lat'><strong>.</strong></span> <span class='ocrx_word' id='word_1_596' title='bbox 1960 2147 2152 2213; x_wconf 62' lang='lat' dir='ltr'><strong>ptisma</strong></span> <span class='ocrx_word' id='word_1_597' title='bbox 2182 2148 2282 2203; x_wconf 91' lang='lat' dir='ltr'><strong>hoc</strong></span> <span class='ocrx_word' id='word_1_598' title='bbox 2314 2151 2457 2205; x_wconf 92' lang='lat' dir='ltr'><strong>dono</strong></span> <span class='ocrx_word' id='word_1_599' title='bbox 2485 2168 2708 2208; x_wconf 89' lang='lat' dir='ltr'><strong>vacuum</strong></span> <span class='ocrx_word' id='word_1_600' title='bbox 2754 2169 2891 2210; x_wconf 89' lang='lat' dir='ltr'><strong>erat.</strong></span> <span class='ocrx_word' id='word_1_601' title='bbox 2924 2157 3152 2228; x_wconf 89' lang='lat' dir='ltr'><strong>Ideoque</strong></span> <span class='ocrx_word' id='word_1_602' title='bbox 3180 2159 3307 2214; x_wconf 89' lang='lat' dir='ltr'><strong>dum</strong></span> <span class='ocrx_word' id='word_1_603' title='bbox 3330 2162 3419 2215; x_wconf 91' lang='lat' dir='ltr'><strong>alii</strong></span> <span class='ocrx_word' id='word_1_604' title='bbox 3442 2177 3561 2218; x_wconf 82' lang='lat' dir='ltr'><strong>om-</strong></span> 
     </span>
    </p>
   </div>
   <div class='ocr_carea' id='block_1_80' title="bbox 1923 2231 3557 2317">
    <p class='ocr_par' dir='ltr' id='par_1_80' title="bbox 1923 2231 3557 2317">
     <span class='ocr_line' id='line_1_80' title="bbox 1923 2231 3557 2317; baseline 0.012 -29"><span class='ocrx_word' id='word_1_605' title='bbox 1923 2231 1925 2233; x_wconf 69' lang='grc'><strong>’</strong></span> <span class='ocrx_word' id='word_1_606' title='bbox 1960 2251 2057 2291; x_wconf 89' lang='lat' dir='ltr'><strong>nes</strong></span> <span class='ocrx_word' id='word_1_607' title='bbox 2084 2237 2507 2309; x_wconf 84' lang='lat' dir='ltr'><strong>baptizarentur,</strong></span> <span class='ocrx_word' id='word_1_608' title='bbox 2535 2243 2663 2298; x_wconf 86' lang='lat' dir='ltr'><strong>nihil</strong></span> <span class='ocrx_word' id='word_1_609' title='bbox 2697 2246 2801 2301; x_wconf 90' lang='lat' dir='ltr'><strong>tale</strong></span> <span class='ocrx_word' id='word_1_610' title='bbox 2823 2249 3078 2317; x_wconf 90' lang='lat' dir='ltr'><strong>contigit;</strong></span> <span class='ocrx_word' id='word_1_611' title='bbox 3107 2250 3203 2303; x_wconf 89' lang='lat' dir='ltr'><strong>sed</strong></span> <span class='ocrx_word' id='word_1_612' title='bbox 3238 2251 3290 2304; x_wconf 92' lang='lat' dir='ltr'><strong>in</strong></span> <span class='ocrx_word' id='word_1_613' title='bbox 3321 2252 3410 2306; x_wconf 90' lang='lat' dir='ltr'><strong>illo</strong></span> <span class='ocrx_word' id='word_1_614' title='bbox 3438 2262 3557 2307; x_wconf 89' lang='lat' dir='ltr'><strong>tan-</strong></span> 
     </span>
    </p>
   </div>
   <div class='ocr_carea' id='block_1_81' title="bbox 1961 2332 3556 2409">
    <p class='ocr_par' dir='ltr' id='par_1_81' title="bbox 1961 2332 3556 2409">
     <span class='ocr_line' id='line_1_81' title="bbox 1961 2332 3556 2409; baseline 0.011 -27"><span class='ocrx_word' id='word_1_615' title='bbox 1961 2339 2071 2385; x_wconf 87' lang='lat' dir='ltr'><strong>tum</strong></span> <span class='ocrx_word' id='word_1_616' title='bbox 2102 2332 2188 2399; x_wconf 92' lang='lat' dir='ltr'><strong>qni</strong></span> <span class='ocrx_word' id='word_1_617' title='bbox 2216 2334 2342 2405; x_wconf 79' lang='lat' dir='ltr'><strong>illud</strong></span> <span class='ocrx_word' id='word_1_618' title='bbox 2373 2336 2664 2391; x_wconf 70' lang='lat' dir='ltr'><strong>traditurus</strong></span> <span class='ocrx_word' id='word_1_619' title='bbox 2690 2348 2836 2403; x_wconf 91' lang='lat' dir='ltr'><strong>erat;</strong></span> <span class='ocrx_word' id='word_1_620' title='bbox 2862 2348 2918 2392; x_wconf 89' lang='lat' dir='ltr'><strong>ut</strong></span> <span class='ocrx_word' id='word_1_621' title='bbox 2948 2356 3068 2393; x_wconf 89' lang='lat' dir='ltr'><strong>eum</strong></span> <span class='ocrx_word' id='word_1_622' title='bbox 3096 2342 3422 2409; x_wconf 89' lang='lat' dir='ltr'><strong>supradictis</strong></span> <span class='ocrx_word' id='word_1_623' title='bbox 3452 2344 3556 2400; x_wconf 87' lang='lat' dir='ltr'><strong>hoc</strong></span> 
     </span>
    </p>
   </div>
   <div class='ocr_carea' id='block_1_82' title="bbox 1958 2425 3559 2506">
    <p class='ocr_par' dir='ltr' id='par_1_82' title="bbox 1958 2425 3559 2506">
     <span class='ocr_line' id='line_1_82' title="bbox 1958 2425 3559 2506; baseline 0.009 -29"><span class='ocrx_word' id='word_1_624' title='bbox 1958 2439 2172 2491; x_wconf 84' lang='lat' dir='ltr'><strong>queque</strong></span> <span class='ocrx_word' id='word_1_625' title='bbox 2198 2425 2396 2489; x_wconf 82' lang='lat' dir='ltr'><strong>discas,</strong></span> <span class='ocrx_word' id='word_1_626' title='bbox 2423 2444 2529 2481; x_wconf 90' lang='lat' dir='ltr'><strong>non</strong></span> <span class='ocrx_word' id='word_1_627' title='bbox 2558 2428 2842 2496; x_wconf 89' lang='lat' dir='ltr'><strong>puritatem</strong></span> <span class='ocrx_word' id='word_1_628' title='bbox 2872 2431 3249 2501; x_wconf 71' lang='lat' dir='ltr'><strong>baptizantis‘,</strong></span> <span class='ocrx_word' id='word_1_629' title='bbox 3269 2436 3364 2489; x_wconf 88' lang='lat' dir='ltr'><strong>sed</strong></span> <span class='ocrx_word' id='word_1_630' title='bbox 3386 2435 3559 2506; x_wconf 82' lang='lat' dir='ltr'><strong>bapti-</strong></span> 
     </span>
    </p>
   </div>
   <div class='ocr_carea' id='block_1_83' title="bbox 1958 2513 3552 2593">
    <p class='ocr_par' dir='ltr' id='par_1_83' title="bbox 1958 2513 3552 2593">
     <span class='ocr_line' id='line_1_83' title="bbox 1958 2513 3552 2593; baseline 0.01 -27"><span class='ocrx_word' id='word_1_631' title='bbox 1958 2514 2060 2567; x_wconf 86' lang='lat' dir='ltr'><strong>zati</strong></span> <span class='ocrx_word' id='word_1_632' title='bbox 2089 2513 2340 2568; x_wconf 74' lang='lat' dir='ltr'><strong>virtutem</strong></span> <span class='ocrx_word' id='word_1_633' title='bbox 2384 2516 2433 2570; x_wconf 91' lang='lat' dir='ltr'><strong>id</strong></span> <span class='ocrx_word' id='word_1_634' title='bbox 2468 2517 2676 2572; x_wconf 82' lang='lat' dir='ltr'><strong>iecisse.</strong></span> <span class='ocrx_word' id='word_1_635' title='bbox 2732 2519 2883 2575; x_wconf 87' lang='lat' dir='ltr'><strong>Tunc</strong></span> <span class='ocrx_word' id='word_1_636' title='bbox 2928 2523 3107 2593; x_wconf 85' lang='lat' dir='ltr'><strong>itaque</strong></span> <span class='ocrx_word' id='word_1_637' title='bbox 3136 2533 3191 2579; x_wconf 89' lang='lat' dir='ltr'><strong>et</strong></span> <span class='ocrx_word' id='word_1_638' title='bbox 3217 2527 3335 2580; x_wconf 75' lang='lat' dir='ltr'><strong>ctcli</strong></span> <span class='ocrx_word' id='word_1_639' title='bbox 3383 2530 3552 2591; x_wconf 87' lang='lat' dir='ltr'><strong>aperti</strong></span> 
     </span>
    </p>
   </div>
   <div class='ocr_carea' id='block_1_84' title="bbox 1957 2606 3555 2689">
    <p class='ocr_par' dir='ltr' id='par_1_84' title="bbox 1957 2606 3555 2689">
     <span class='ocr_line' id='line_1_84' title="bbox 1957 2606 3555 2689; baseline 0.011 -33"><span class='ocrx_word' id='word_1_640' title='bbox 1957 2614 2102 2670; x_wconf 86' lang='lat' dir='ltr'><strong>sunt,</strong></span> <span class='ocrx_word' id='word_1_641' title='bbox 2132 2615 2185 2660; x_wconf 87' lang='lat' dir='ltr'><strong>ct</strong></span> <span class='ocrx_word' id='word_1_642' title='bbox 2212 2606 2443 2676; x_wconf 86' lang='lat' dir='ltr'><strong>Spiri:us</strong></span> <span class='ocrx_word' id='word_1_643' title='bbox 2466 2611 2793 2677; x_wconf 89' lang='lat' dir='ltr'><strong>supervenit.</strong></span> <span class='ocrx_word' id='word_1_644' title='bbox 2816 2610 2946 2665; x_wconf 83' lang='lat' dir='ltr'><strong>Nam</strong></span> <span class='ocrx_word' id='word_1_645' title='bbox 2970 2627 2998 2664; x_wconf 90' lang='lat' dir='ltr'><strong>a</strong></span> <span class='ocrx_word' id='word_1_646' title='bbox 3030 2615 3196 2669; x_wconf 91' lang='lat' dir='ltr'><strong>veteri</strong></span> <span class='ocrx_word' id='word_1_647' title='bbox 3228 2618 3439 2671; x_wconf 88' lang='lat' dir='ltr'><strong>vivendi</strong></span> <span class='ocrx_word' id='word_1_648' title='bbox 3462 2634 3555 2689; x_wconf 80' lang='lat' dir='ltr'><strong>ge-</strong></span> 
     </span>
    </p>
   </div>
   <div class='ocr_carea' id='block_1_85' title="bbox 1958 2700 3555 2784">
    <p class='ocr_par' dir='ltr' id='par_1_85' title="bbox 1958 2700 3555 2784">
     <span class='ocr_line' id='line_1_85' title="bbox 1958 2700 3555 2784; baseline 0.011 -35"><span class='ocrx_word' id='word_1_649' title='bbox 1958 2712 2085 2751; x_wconf 86' lang='lat' dir='ltr'><strong>nere</strong></span> <span class='ocrx_word' id='word_1_650' title='bbox 2116 2700 2345 2767; x_wconf 82' lang='lat' dir='ltr'><strong>nosjam</strong></span> <span class='ocrx_word' id='word_1_651' title='bbox 2395 2700 2623 2755; x_wconf 84' lang='lat' dir='ltr'><strong>traducit</strong></span> <span class='ocrx_word' id='word_1_652' title='bbox 2664 2702 2728 2757; x_wconf 90' lang='lat' dir='ltr'><strong>ad</strong></span> <span class='ocrx_word' id='word_1_653' title='bbox 2759 2719 3002 2784; x_wconf 60' lang='lat' dir='ltr'><strong>novum,</strong></span> <span class='ocrx_word' id='word_1_654' title='bbox 3052 2707 3245 2775; x_wconf 81' lang='lat' dir='ltr'><strong>januas</strong></span> <span class='ocrx_word' id='word_1_655' title='bbox 3292 2724 3555 2780; x_wconf 88' lang='lat' dir='ltr'><strong>supernas</strong></span> 
     </span>
    </p>
   </div>
   <div class='ocr_carea' id='block_1_86' title="bbox 1955 2789 3551 2869">
    <p class='ocr_par' dir='ltr' id='par_1_86' title="bbox 1955 2789 3551 2869">
     <span class='ocr_line' id='line_1_86' title="bbox 1955 2789 3551 2869; baseline 0.01 -28"><span class='ocrx_word' id='word_1_656' title='bbox 1955 2789 2231 2855; x_wconf 81' lang='lat' dir='ltr'><strong>aperiens,</strong></span> <span class='ocrx_word' id='word_1_657' title='bbox 2264 2800 2318 2869; x_wconf 85' lang='lat' dir='ltr'><strong>et</strong></span> <span class='ocrx_word' id='word_1_658' title='bbox 2346 2789 2602 2859; x_wconf 88' lang='lat' dir='ltr'><strong>Spiritum</strong></span> <span class='ocrx_word' id='word_1_659' title='bbox 2643 2793 2766 2848; x_wconf 93' lang='lat' dir='ltr'><strong>inde</strong></span> <span class='ocrx_word' id='word_1_660' title='bbox 2798 2796 3016 2851; x_wconf 89' lang='lat' dir='ltr'><strong>mittens</strong></span> <span class='ocrx_word' id='word_1_661' title='bbox 3060 2798 3125 2852; x_wconf 88' lang='lat' dir='ltr'><strong>ad</strong></span> <span class='ocrx_word' id='word_1_662' title='bbox 3159 2799 3302 2854; x_wconf 87' lang='lat' dir='ltr'><strong>illam</strong></span> <span class='ocrx_word' id='word_1_663' title='bbox 3326 2803 3551 2869; x_wconf 87' lang='lat' dir='ltr'><strong>patriam</strong></span> 
     </span>
    </p>
   </div>
   <div class='ocr_carea' id='block_1_87' title="bbox 1955 2864 3554 2961">
    <p class='ocr_par' dir='ltr' id='par_1_87' title="bbox 1955 2864 3554 2961">
     <span class='ocr_line' id='line_1_87' title="bbox 1955 2864 3554 2961; baseline 0.012 -33"><span class='ocrx_word' id='word_1_664' title='bbox 1955 2888 2235 2932; x_wconf 81' lang='lat' dir='ltr'><strong>vocantem</strong></span> <span class='ocrx_word' id='word_1_665' title='bbox 2256 2898 2269 2944; x_wconf 91' lang='lat'><strong>;</strong></span> <span class='ocrx_word' id='word_1_666' title='bbox 2292 2864 2391 2935; x_wconf 79' lang='lat' dir='ltr'><strong>nec</strong></span> <span class='ocrx_word' id='word_1_667' title='bbox 2413 2891 2614 2936; x_wconf 86' lang='lat' dir='ltr'><strong>tantum</strong></span> <span class='ocrx_word' id='word_1_668' title='bbox 2637 2894 2939 2953; x_wconf 89' lang='lat' dir='ltr'><strong>vocantem,</strong></span> <span class='ocrx_word' id='word_1_669' title='bbox 2959 2887 3055 2941; x_wconf 83' lang='lat' dir='ltr'><strong>sed</strong></span> <span class='ocrx_word' id='word_1_670' title='bbox 3076 2898 3130 2944; x_wconf 89' lang='lat' dir='ltr'><strong>et</strong></span> <span class='ocrx_word' id='word_1_671' title='bbox 3153 2905 3273 2944; x_wconf 91' lang='lat' dir='ltr'><strong>eum</strong></span> <span class='ocrx_word' id='word_1_672' title='bbox 3293 2892 3554 2961; x_wconf 84' lang='lat' dir='ltr'><strong>dignitate</strong></span> 
     </span>
    </p>
   </div>
   <div class='ocr_carea' id='block_1_88' title="bbox 1955 2971 3553 3051">
    <p class='ocr_par' dir='ltr' id='par_1_88' title="bbox 1955 2971 3553 3051">
     <span class='ocr_line' id='line_1_88' title="bbox 1955 2971 3553 3051; baseline 0.012 -29"><span class='ocrx_word' id='word_1_673' title='bbox 1955 2972 2204 3024; x_wconf 76' lang='lat' dir='ltr'><strong>maxima.</strong></span> <span class='ocrx_word' id='word_1_674' title='bbox 2258 2971 2372 3025; x_wconf 83' lang='lat' dir='ltr'><strong>Non</strong></span> <span class='ocrx_word' id='word_1_675' title='bbox 2404 2975 2547 3028; x_wconf 90' lang='lat' dir='ltr'><strong>enim</strong></span> <span class='ocrx_word' id='word_1_676' title='bbox 2577 2976 2798 3045; x_wconf 88' lang='lat' dir='ltr'><strong>angelos</strong></span> <span class='ocrx_word' id='word_1_677' title='bbox 2826 2988 2881 3033; x_wconf 90' lang='lat' dir='ltr'><strong>et</strong></span> <span class='ocrx_word' id='word_1_678' title='bbox 2908 2980 3259 3051; x_wconf 69' lang='lat' dir='ltr'><strong>archangt-los</strong></span> <span class='ocrx_word' id='word_1_679' title='bbox 3278 2984 3420 3047; x_wconf 78' lang='lat' dir='ltr'><strong>fecit,</strong></span> <span class='ocrx_word' id='word_1_680' title='bbox 3453 2987 3553 3042; x_wconf 84' lang='lat' dir='ltr'><strong>sed</strong></span> 
     </span>
    </p>
   </div>
   <div class='ocr_carea' id='block_1_89' title="bbox 1954 3060 3551 3130">
    <p class='ocr_par' dir='ltr' id='par_1_89' title="bbox 1954 3060 3551 3130">
     <span class='ocr_line' id='line_1_89' title="bbox 1954 3060 3551 3130; baseline 0.011 -17"><span class='ocrx_word' id='word_1_681' title='bbox 1954 3060 2090 3113; x_wconf 81' lang='lat' dir='ltr'><strong>filios</strong></span> <span class='ocrx_word' id='word_1_682' title='bbox 2118 3061 2209 3115; x_wconf 91' lang='lat' dir='ltr'><strong>l)ei</strong></span> <span class='ocrx_word' id='word_1_683' title='bbox 2242 3073 2294 3116; x_wconf 92' lang='lat' dir='ltr'><strong>et</strong></span> <span class='ocrx_word' id='word_1_684' title='bbox 2317 3064 2542 3120; x_wconf 89' lang='lat' dir='ltr'><strong>dilectos</strong></span> <span class='ocrx_word' id='word_1_685' title='bbox 2570 3084 2583 3120; x_wconf 88' lang='lat'><strong>:</strong></span> <span class='ocrx_word' id='word_1_686' title='bbox 2608 3068 2686 3121; x_wconf 89' lang='lat' dir='ltr'><strong>sic</strong></span> <span class='ocrx_word' id='word_1_687' title='bbox 2716 3082 2814 3123; x_wconf 90' lang='lat' dir='ltr'><strong>nos</strong></span> <span class='ocrx_word' id='word_1_688' title='bbox 2840 3069 2907 3123; x_wconf 92' lang='lat' dir='ltr'><strong>ad</strong></span> <span class='ocrx_word' id='word_1_689' title='bbox 2932 3072 3074 3124; x_wconf 88' lang='lat' dir='ltr'><strong>illam</strong></span> <span class='ocrx_word' id='word_1_690' title='bbox 3094 3084 3291 3128; x_wconf 90' lang='lat' dir='ltr'><strong>sortem</strong></span> <span class='ocrx_word' id='word_1_691' title='bbox 3310 3077 3551 3130; x_wconf 88' lang='lat' dir='ltr'><strong>attrahit.</strong></span> 
     </span>
    </p>
   </div>
   <div class='ocr_carea' id='block_1_90' title="bbox 2023 3152 3552 3229">
    <p class='ocr_par' dir='ltr' id='par_1_90' title="bbox 2023 3152 3552 3229">
     <span class='ocr_line' id='line_1_90' title="bbox 2023 3152 3552 3229; baseline 0.01 -25"><span class='ocrx_word' id='word_1_692' title='bbox 2023 3153 2076 3205; x_wconf 63' lang='lat'><strong>4.</strong></span> <span class='ocrx_word' id='word_1_693' title='bbox 2124 3152 2247 3207; x_wconf 57' lang='lat' dir='ltr'><strong>lia‘c</strong></span> <span class='ocrx_word' id='word_1_694' title='bbox 2276 3156 2517 3225; x_wconf 88' lang='lat' dir='ltr'><strong>cogitans</strong></span> <span class='ocrx_word' id='word_1_695' title='bbox 2537 3159 2713 3211; x_wconf 89' lang='lat' dir='ltr'><strong>omnia</strong></span> <span class='ocrx_word' id='word_1_696' title='bbox 2740 3198 2757 3221; x_wconf 89' lang='lat'><strong>,</strong></span> <span class='ocrx_word' id='word_1_697' title='bbox 2787 3170 2841 3214; x_wconf 88' lang='lat' dir='ltr'><strong>et</strong></span> <span class='ocrx_word' id='word_1_698' title='bbox 2869 3160 3159 3217; x_wconf 76' lang='lat' dir='ltr'><strong>dileCIione</strong></span> <span class='ocrx_word' id='word_1_699' title='bbox 3188 3166 3429 3219; x_wconf 85' lang='lat' dir='ltr'><strong>vocantis</strong></span> <span class='ocrx_word' id='word_1_700' title='bbox 3449 3207 3463 3229; x_wconf 95' lang='lat'><strong>,</strong></span> <span class='ocrx_word' id='word_1_701' title='bbox 3497 3176 3552 3220; x_wconf 88' lang='lat' dir='ltr'><strong>et</strong></span> 
     </span>
    </p>
   </div>
   <div class='ocr_carea' id='block_1_91' title="bbox 1952 3244 3551 3324">
    <p class='ocr_par' dir='ltr' id='par_1_91' title="bbox 1952 3244 3551 3324">
     <span class='ocr_line' id='line_1_91' title="bbox 1952 3244 3551 3324; baseline 0.011 -31"><span class='ocrx_word' id='word_1_702' title='bbox 1952 3244 2227 3295; x_wconf 82' lang='lat' dir='ltr'><strong>conSortio</strong></span> <span class='ocrx_word' id='word_1_703' title='bbox 2254 3245 2345 3297; x_wconf 91' lang='lat' dir='ltr'><strong>illo</strong></span> <span class='ocrx_word' id='word_1_704' title='bbox 2374 3247 2573 3299; x_wconf 79' lang='lat' dir='ltr'><strong>ca-lesti</strong></span> <span class='ocrx_word' id='word_1_705' title='bbox 2602 3257 2656 3299; x_wconf 91' lang='lat' dir='ltr'><strong>et</strong></span> <span class='ocrx_word' id='word_1_706' title='bbox 2685 3249 2880 3303; x_wconf 88' lang='lat' dir='ltr'><strong>collato</strong></span> <span class='ocrx_word' id='word_1_707' title='bbox 2903 3250 3107 3306; x_wconf 89' lang='lat' dir='ltr'><strong>honore</strong></span> <span class='ocrx_word' id='word_1_708' title='bbox 3138 3253 3351 3324; x_wconf 87' lang='lat' dir='ltr'><strong>dignam</strong></span> <span class='ocrx_word' id='word_1_709' title='bbox 3384 3256 3551 3311; x_wconf 88' lang='lat' dir='ltr'><strong>duCas</strong></span> 
     </span>
    </p>
   </div>
   <div class='ocr_carea' id='block_1_92' title="bbox 1951 3332 3550 3407">
    <p class='ocr_par' dir='ltr' id='par_1_92' title="bbox 1951 3332 3550 3407">
     <span class='ocr_line' id='line_1_92' title="bbox 1951 3332 3550 3407; baseline 0.014 -25"><span class='ocrx_word' id='word_1_710' title='bbox 1951 3332 2113 3385; x_wconf 87' lang='lat' dir='ltr'><strong>vitam</strong></span> <span class='ocrx_word' id='word_1_711' title='bbox 2140 3343 2381 3402; x_wconf 87' lang='lat' dir='ltr'><strong>oportet;</strong></span> <span class='ocrx_word' id='word_1_712' title='bbox 2416 3336 2616 3390; x_wconf 88' lang='lat' dir='ltr'><strong>mundo</strong></span> <span class='ocrx_word' id='word_1_713' title='bbox 2654 3339 2973 3407; x_wconf 80' lang='lat' dir='ltr'><strong>cruciﬁxus,</strong></span> <span class='ocrx_word' id='word_1_714' title='bbox 3016 3353 3069 3398; x_wconf 91' lang='lat' dir='ltr'><strong>ct</strong></span> <span class='ocrx_word' id='word_1_715' title='bbox 3113 3346 3368 3401; x_wconf 87' lang='lat' dir='ltr'><strong>mundum</strong></span> <span class='ocrx_word' id='word_1_716' title='bbox 3400 3348 3451 3402; x_wconf 91' lang='lat' dir='ltr'><strong>in</strong></span> <span class='ocrx_word' id='word_1_717' title='bbox 3498 3359 3550 3405; x_wconf 88' lang='lat' dir='ltr'><strong>te</strong></span> 
     </span>
    </p>
   </div>
   <div class='ocr_carea' id='block_1_93' title="bbox 1949 3423 3546 3500">
    <p class='ocr_par' dir='ltr' id='par_1_93' title="bbox 1949 3423 3546 3500">
     <span class='ocr_line' id='line_1_93' title="bbox 1949 3423 3546 3500; baseline 0.011 -24"><span class='ocrx_word' id='word_1_718' title='bbox 1949 3423 2290 3493; x_wconf 76' lang='lat' dir='ltr'><strong>crucifigens,</strong></span> <span class='ocrx_word' id='word_1_719' title='bbox 2343 3440 2463 3479; x_wconf 91' lang='lat' dir='ltr'><strong>cum</strong></span> <span class='ocrx_word' id='word_1_720' title='bbox 2495 3428 2640 3481; x_wconf 87' lang='lat' dir='ltr'><strong>onmi</strong></span> <span class='ocrx_word' id='word_1_721' title='bbox 2682 3430 2956 3500; x_wconf 82' lang='lat' dir='ltr'><strong>diligentia</strong></span> <span class='ocrx_word' id='word_1_722' title='bbox 2988 3434 3199 3489; x_wconf 70' lang='lat' dir='ltr'><strong>carieste</strong></span> <span class='ocrx_word' id='word_1_723' title='bbox 3245 3438 3546 3493; x_wconf 87' lang='lat' dir='ltr'><strong>institutum</strong></span> 
     </span>
    </p>
   </div>
   <div class='ocr_carea' id='block_1_94' title="bbox 1949 3513 3546 3590">
    <p class='ocr_par' dir='ltr' id='par_1_94' title="bbox 1949 3513 3546 3590">
     <span class='ocr_line' id='line_1_94' title="bbox 1949 3513 3546 3590; baseline 0.011 -23"><span class='ocrx_word' id='word_1_724' title='bbox 1949 3513 2173 3570; x_wconf 82' lang='lat' dir='ltr'><strong>exhibe:</strong></span> <span class='ocrx_word' id='word_1_725' title='bbox 2204 3533 2376 3585; x_wconf 84' lang='lat' dir='ltr'><strong>neque</strong></span> <span class='ocrx_word' id='word_1_726' title='bbox 2402 3519 2523 3589; x_wconf 88' lang='lat' dir='ltr'><strong>quia</strong></span> <span class='ocrx_word' id='word_1_727' title='bbox 2566 3535 2762 3590; x_wconf 79' lang='lat' dir='ltr'><strong>Corpus</strong></span> <span class='ocrx_word' id='word_1_728' title='bbox 2790 3530 2934 3576; x_wconf 90' lang='lat' dir='ltr'><strong>tuum</strong></span> <span class='ocrx_word' id='word_1_729' title='bbox 2964 3526 3198 3581; x_wconf 87' lang='lat' dir='ltr'><strong>nondum</strong></span> <span class='ocrx_word' id='word_1_730' title='bbox 3231 3530 3546 3585; x_wconf 85' lang='lat' dir='ltr'><strong>translatum</strong></span> 
     </span>
    </p>
   </div>
   <div class='ocr_carea' id='block_1_95' title="bbox 1949 3606 3547 3682">
    <p class='ocr_par' dir='ltr' id='par_1_95' title="bbox 1949 3606 3547 3682">
     <span class='ocr_line' id='line_1_95' title="bbox 1949 3606 3547 3682; baseline 0.013 -24"><span class='ocrx_word' id='word_1_731' title='bbox 1949 3615 2031 3659; x_wconf 88' lang='lat' dir='ltr'><strong>est</strong></span> <span class='ocrx_word' id='word_1_732' title='bbox 2071 3606 2121 3659; x_wconf 92' lang='lat' dir='ltr'><strong>in</strong></span> <span class='ocrx_word' id='word_1_733' title='bbox 2164 3608 2378 3674; x_wconf 76' lang='lat' dir='ltr'><strong>cadum,</strong></span> <span class='ocrx_word' id='word_1_734' title='bbox 2424 3620 2577 3679; x_wconf 88' lang='lat' dir='ltr'><strong>putes</strong></span> <span class='ocrx_word' id='word_1_735' title='bbox 2624 3623 2674 3666; x_wconf 92' lang='lat' dir='ltr'><strong>Ic</strong></span> <span class='ocrx_word' id='word_1_736' title='bbox 2699 3614 2897 3682; x_wconf 89' lang='lat' dir='ltr'><strong>aliquid</strong></span> <span class='ocrx_word' id='word_1_737' title='bbox 2921 3632 3042 3670; x_wconf 89' lang='lat' dir='ltr'><strong>cum</strong></span> <span class='ocrx_word' id='word_1_738' title='bbox 3076 3626 3215 3672; x_wconf 88' lang='lat' dir='ltr'><strong>terra</strong></span> <span class='ocrx_word' id='word_1_739' title='bbox 3256 3608 3547 3678; x_wconf 87' lang='lat' dir='ltr'><strong>commune</strong></span> 
     </span>
    </p>
   </div>
   <div class='ocr_carea' id='block_1_96' title="bbox 1950 3694 3549 3768">
    <p class='ocr_par' dir='ltr' id='par_1_96' title="bbox 1950 3694 3549 3768">
     <span class='ocr_line' id='line_1_96' title="bbox 1950 3694 3549 3768; baseline 0.011 -22"><span class='ocrx_word' id='word_1_740' title='bbox 1950 3694 2165 3751; x_wconf 89' lang='lat' dir='ltr'><strong>habere.</strong></span> <span class='ocrx_word' id='word_1_741' title='bbox 2189 3699 2363 3768; x_wconf 89' lang='lat' dir='ltr'><strong>Caput</strong></span> <span class='ocrx_word' id='word_1_742' title='bbox 2385 3704 2527 3756; x_wconf 90' lang='lat' dir='ltr'><strong>enim</strong></span> <span class='ocrx_word' id='word_1_743' title='bbox 2554 3714 2702 3757; x_wconf 86' lang='lat' dir='ltr'><strong>tuum</strong></span> <span class='ocrx_word' id='word_1_744' title='bbox 2725 3703 2890 3760; x_wconf 90' lang='lat' dir='ltr'><strong>habes</strong></span> <span class='ocrx_word' id='word_1_745' title='bbox 2914 3707 2966 3761; x_wconf 92' lang='lat' dir='ltr'><strong>in</strong></span> <span class='ocrx_word' id='word_1_746' title='bbox 2990 3709 3124 3764; x_wconf 62' lang='lat' dir='ltr'><strong>caelo</strong></span> <span class='ocrx_word' id='word_1_747' title='bbox 3150 3710 3364 3764; x_wconf 88' lang='lat' dir='ltr'><strong>sedens.</strong></span> <span class='ocrx_word' id='word_1_748' title='bbox 3396 3714 3549 3767; x_wconf 73' lang='lat' dir='ltr'><strong>ideo.</strong></span> 
     </span>
    </p>
   </div>
   <div class='ocr_carea' id='block_1_97' title="bbox 1948 3790 3544 3875">
    <p class='ocr_par' dir='ltr' id='par_1_97' title="bbox 1948 3790 3544 3875">
     <span class='ocr_line' id='line_1_97' title="bbox 1948 3790 3544 3875; baseline 0.014 -37"><span class='ocrx_word' id='word_1_749' title='bbox 1948 3803 2051 3858; x_wconf 90' lang='lat' dir='ltr'><strong>que</strong></span> <span class='ocrx_word' id='word_1_750' title='bbox 2078 3790 2334 3846; x_wconf 89' lang='lat' dir='ltr'><strong>Dominus</strong></span> <span class='ocrx_word' id='word_1_751' title='bbox 2359 3809 2477 3847; x_wconf 87' lang='lat' dir='ltr'><strong>cum</strong></span> <span class='ocrx_word' id='word_1_752' title='bbox 2513 3795 2659 3863; x_wconf 89' lang='lat' dir='ltr'><strong>prius</strong></span> <span class='ocrx_word' id='word_1_753' title='bbox 2680 3795 2793 3852; x_wconf 81' lang='lat' dir='ltr'><strong>huc</strong></span> <span class='ocrx_word' id='word_1_754' title='bbox 2820 3799 3076 3863; x_wconf 77' lang='lat' dir='ltr'><strong>venisset,</strong></span> <span class='ocrx_word' id='word_1_755' title='bbox 3106 3804 3433 3875; x_wconf 83' lang='lat' dir='ltr'><strong>angelusque</strong></span> <span class='ocrx_word' id='word_1_756' title='bbox 3453 3822 3544 3861; x_wconf 85' lang='lat' dir='ltr'><strong>sc-</strong></span> 
     </span>
    </p>
   </div>
   <div class='ocr_carea' id='block_1_98' title="bbox 1950 3880 3541 3957">
    <p class='ocr_par' dir='ltr' id='par_1_98' title="bbox 1950 3880 3541 3957">
     <span class='ocr_line' id='line_1_98' title="bbox 1950 3880 3541 3957; baseline 0.013 -27"><span class='ocrx_word' id='word_1_757' title='bbox 1950 3894 2069 3931; x_wconf 88' lang='lat' dir='ltr'><strong>cum</strong></span> <span class='ocrx_word' id='word_1_758' title='bbox 2092 3880 2438 3949; x_wconf 77' lang='lat' dir='ltr'><strong>adduxisset,</strong></span> <span class='ocrx_word' id='word_1_759' title='bbox 2478 3894 2603 3938; x_wconf 89' lang='lat' dir='ltr'><strong>tnnc</strong></span> <span class='ocrx_word' id='word_1_760' title='bbox 2632 3896 2682 3941; x_wconf 89' lang='lat' dir='ltr'><strong>te</strong></span> <span class='ocrx_word' id='word_1_761' title='bbox 2706 3899 2983 3957; x_wconf 88' lang='lat' dir='ltr'><strong>assumpto</strong></span> <span class='ocrx_word' id='word_1_762' title='bbox 3025 3890 3147 3944; x_wconf 83' lang='lat' dir='ltr'><strong>illuc</strong></span> <span class='ocrx_word' id='word_1_763' title='bbox 3174 3893 3339 3957; x_wconf 88' lang='lat' dir='ltr'><strong>abiit,</strong></span> <span class='ocrx_word' id='word_1_764' title='bbox 3384 3906 3440 3949; x_wconf 90' lang='lat' dir='ltr'><strong>ut</strong></span> <span class='ocrx_word' id='word_1_765' title='bbox 3488 3908 3541 3951; x_wconf 90' lang='lat' dir='ltr'><strong>In</strong></span> 
     </span>
    </p>
   </div>
   <div class='ocr_carea' id='block_1_99' title="bbox 1947 3973 3539 4049">
    <p class='ocr_par' dir='ltr' id='par_1_99' title="bbox 1947 3973 3539 4049">
     <span class='ocr_line' id='line_1_99' title="bbox 1947 3973 3539 4049; baseline 0.012 -27"><span class='ocrx_word' id='word_1_766' title='bbox 1947 3978 2234 4039; x_wconf 91' lang='lat' dir='ltr'><strong>antequam</strong></span> <span class='ocrx_word' id='word_1_767' title='bbox 2262 3973 2387 4026; x_wconf 92' lang='lat' dir='ltr'><strong>illuc</strong></span> <span class='ocrx_word' id='word_1_768' title='bbox 2412 3976 2672 4029; x_wconf 78' lang='lat' dir='ltr'><strong>ascendas</strong></span> <span class='ocrx_word' id='word_1_769' title='bbox 2694 4016 2707 4039; x_wconf 89' lang='lat'><strong>,</strong></span> <span class='ocrx_word' id='word_1_770' title='bbox 2754 3978 2961 4033; x_wconf 70' lang='lat' dir='ltr'><strong>ediscas</strong></span> <span class='ocrx_word' id='word_1_771' title='bbox 2993 3997 3149 4049; x_wconf 80' lang='lat' dir='ltr'><strong>posse</strong></span> <span class='ocrx_word' id='word_1_772' title='bbox 3179 3993 3229 4038; x_wconf 87' lang='lat' dir='ltr'><strong>te</strong></span> <span class='ocrx_word' id='word_1_773' title='bbox 3260 3994 3456 4040; x_wconf 89' lang='lat' dir='ltr'><strong>terram</strong></span> <span class='ocrx_word' id='word_1_774' title='bbox 3486 3998 3539 4041; x_wconf 87' lang='lat' dir='ltr'><strong>ttt</strong></span> 
     </span>
    </p>
   </div>
   <div class='ocr_carea' id='block_1_100' title="bbox 1948 4063 3540 4143">
    <p class='ocr_par' dir='ltr' id='par_1_100' title="bbox 1948 4063 3540 4143">
     <span class='ocr_line' id='line_1_100' title="bbox 1948 4063 3540 4143; baseline 0.013 -30"><span class='ocrx_word' id='word_1_775' title='bbox 1948 4063 2135 4115; x_wconf 83' lang='lat' dir='ltr'><strong>ca-ium</strong></span> <span class='ocrx_word' id='word_1_776' title='bbox 2207 4065 2464 4119; x_wconf 87' lang='lat' dir='ltr'><strong>incolere.</strong></span> <span class='ocrx_word' id='word_1_777' title='bbox 2518 4070 2933 4126; x_wconf 65' lang='lat' dir='ltr'><strong>Perseveremus</strong></span> <span class='ocrx_word' id='word_1_778' title='bbox 2980 4076 3157 4143; x_wconf 81' lang='lat' dir='ltr'><strong>itaque</strong></span> <span class='ocrx_word' id='word_1_779' title='bbox 3207 4078 3540 4133; x_wconf 87' lang='lat' dir='ltr'><strong>nobilitatem</strong></span> 
     </span>
    </p>
   </div>
   <div class='ocr_carea' id='block_1_101' title="bbox 1947 4154 3541 4237">
    <p class='ocr_par' dir='ltr' id='par_1_101' title="bbox 1947 4154 3541 4237">
     <span class='ocr_line' id='line_1_101' title="bbox 1947 4154 3541 4237; baseline 0.013 -32"><span class='ocrx_word' id='word_1_780' title='bbox 1947 4166 2182 4216; x_wconf 88' lang='lat' dir='ltr'><strong>servare,</strong></span> <span class='ocrx_word' id='word_1_781' title='bbox 2212 4154 2370 4222; x_wconf 88' lang='lat' dir='ltr'><strong>quam</strong></span> <span class='ocrx_word' id='word_1_782' title='bbox 2400 4157 2467 4209; x_wconf 90' lang='lat' dir='ltr'><strong>ab</strong></span> <span class='ocrx_word' id='word_1_783' title='bbox 2494 4156 2643 4214; x_wconf 88' lang='lat' dir='ltr'><strong>initio</strong></span> <span class='ocrx_word' id='word_1_784' title='bbox 2672 4164 3026 4230; x_wconf 79' lang='lat' dir='ltr'><strong>suscepimus.</strong></span> <span class='ocrx_word' id='word_1_785' title='bbox 3064 4168 3371 4237; x_wconf 72' lang='lat' dir='ltr'><strong>regiamque</strong></span> <span class='ocrx_word' id='word_1_786' title='bbox 3398 4168 3541 4225; x_wconf 91' lang='lat' dir='ltr'><strong>illam</strong></span> 
     </span>
    </p>
   </div>
   <div class='ocr_carea' id='block_1_102' title="bbox 1946 4242 3543 4327">
    <p class='ocr_par' dir='ltr' id='par_1_102' title="bbox 1946 4242 3543 4327">
     <span class='ocr_line' id='line_1_102' title="bbox 1946 4242 3543 4327; baseline 0.014 -31"><span class='ocrx_word' id='word_1_787' title='bbox 1946 4242 2215 4297; x_wconf 76' lang='lat' dir='ltr'><strong>crelestem</strong></span> <span class='ocrx_word' id='word_1_788' title='bbox 2260 4246 2498 4315; x_wconf 89' lang='lat' dir='ltr'><strong>quotidie</strong></span> <span class='ocrx_word' id='word_1_789' title='bbox 2537 4263 2880 4319; x_wconf 72' lang='lat' dir='ltr'><strong>qumramus,</strong></span> <span class='ocrx_word' id='word_1_790' title='bbox 2929 4271 2991 4313; x_wconf 87' lang='lat' dir='ltr'><strong>ac</strong></span> <span class='ocrx_word' id='word_1_791' title='bbox 3032 4260 3314 4327; x_wconf 35' lang='lat' dir='ltr'><strong>praesentia</strong></span> <span class='ocrx_word' id='word_1_792' title='bbox 3361 4265 3543 4318; x_wconf 91' lang='lat' dir='ltr'><strong>omnia</strong></span> 
     </span>
    </p>
   </div>
   <div class='ocr_carea' id='block_1_103' title="bbox 1947 4331 3543 4420">
    <p class='ocr_par' dir='ltr' id='par_1_103' title="bbox 1947 4331 3543 4420">
     <span class='ocr_line' id='line_1_103' title="bbox 1947 4331 3543 4420; baseline 0.016 -37"><span class='ocrx_word' id='word_1_793' title='bbox 1947 4331 2193 4386; x_wconf 87' lang='lat' dir='ltr'><strong>umbram</strong></span> <span class='ocrx_word' id='word_1_794' title='bbox 2241 4345 2297 4388; x_wconf 90' lang='lat' dir='ltr'><strong>et</strong></span> <span class='ocrx_word' id='word_1_795' title='bbox 2338 4339 2605 4391; x_wconf 87' lang='lat' dir='ltr'><strong>somnium</strong></span> <span class='ocrx_word' id='word_1_796' title='bbox 2634 4356 2753 4394; x_wconf 87' lang='lat' dir='ltr'><strong>esse</strong></span> <span class='ocrx_word' id='word_1_797' title='bbox 2786 4354 3053 4412; x_wconf 89' lang='lat' dir='ltr'><strong>putemus.</strong></span> <span class='ocrx_word' id='word_1_798' title='bbox 3098 4336 3285 4420; x_wconf 74' lang='lat' dir='ltr'><strong>Neque</strong></span> <span class='ocrx_word' id='word_1_799' title='bbox 3311 4354 3453 4407; x_wconf 90' lang='lat' dir='ltr'><strong>enim</strong></span> <span class='ocrx_word' id='word_1_800' title='bbox 3494 4356 3543 4409; x_wconf 87' lang='lat' dir='ltr'><strong>si</strong></span> 
     </span>
    </p>
   </div>
   <div class='ocr_carea' id='block_1_104' title="bbox 1945 4426 3544 4514">
    <p class='ocr_par' dir='ltr' id='par_1_104' title="bbox 1945 4426 3544 4514">
     <span class='ocr_line' id='line_1_104' title="bbox 1945 4426 3544 4514; baseline 0.018 -38"><span class='ocrx_word' id='word_1_801' title='bbox 1945 4426 2210 4495; x_wconf 88' lang='lat' dir='ltr'><strong>quispiam</strong></span> <span class='ocrx_word' id='word_1_802' title='bbox 2237 4444 2328 4483; x_wconf 74' lang='lat' dir='ltr'><strong>rex</strong></span> <span class='ocrx_word' id='word_1_803' title='bbox 2360 4439 2604 4487; x_wconf 87' lang='lat' dir='ltr'><strong>terrenus</strong></span> <span class='ocrx_word' id='word_1_804' title='bbox 2651 4443 2702 4487; x_wconf 88' lang='lat' dir='ltr'><strong>te</strong></span> <span class='ocrx_word' id='word_1_805' title='bbox 2733 4440 3035 4493; x_wconf 83' lang='lat' dir='ltr'><strong>mendicum</strong></span> <span class='ocrx_word' id='word_1_806' title='bbox 3062 4454 3113 4495; x_wconf 87' lang='lat' dir='ltr'><strong>et</strong></span> <span class='ocrx_word' id='word_1_807' title='bbox 3142 4459 3431 4514; x_wconf 88' lang='lat' dir='ltr'><strong>pauperem</strong></span> <span class='ocrx_word' id='word_1_808' title='bbox 3460 4464 3544 4504; x_wconf 82' lang='lat' dir='ltr'><strong>rc—</strong></span> 
     </span>
    </p>
   </div>
   <div class='ocr_carea' id='block_1_105' title="bbox 1949 4518 3540 4605">
    <p class='ocr_par' dir='ltr' id='par_1_105' title="bbox 1949 4518 3540 4605">
     <span class='ocr_line' id='line_1_105' title="bbox 1949 4518 3540 4605; baseline 0.015 -38"><span class='ocrx_word' id='word_1_809' title='bbox 1949 4529 2105 4581; x_wconf 87' lang='lat' dir='ltr'><strong>pente</strong></span> <span class='ocrx_word' id='word_1_810' title='bbox 2134 4518 2184 4571; x_wconf 88' lang='lat' dir='ltr'><strong>itt</strong></span> <span class='ocrx_word' id='word_1_811' title='bbox 2209 4519 2373 4571; x_wconf 81' lang='lat' dir='ltr'><strong>tiliam</strong></span> <span class='ocrx_word' id='word_1_812' title='bbox 2400 4520 2707 4589; x_wconf 79' lang='lat' dir='ltr'><strong>adoptaret,</strong></span> <span class='ocrx_word' id='word_1_813' title='bbox 2735 4528 3001 4595; x_wconf 83' lang='lat' dir='ltr'><strong>tugurium</strong></span> <span class='ocrx_word' id='word_1_814' title='bbox 3032 4540 3176 4585; x_wconf 81' lang='lat' dir='ltr'><strong>tntun</strong></span> <span class='ocrx_word' id='word_1_815' title='bbox 3205 4534 3429 4605; x_wconf 85' lang='lat' dir='ltr'><strong>ejusque</strong></span> <span class='ocrx_word' id='word_1_816' title='bbox 3459 4540 3540 4591; x_wconf 86' lang='lat' dir='ltr'><strong>vi-</strong></span> 
     </span>
    </p>
   </div>
   <div class='ocr_carea' id='block_1_106' title="bbox 1948 4606 3539 4697">
    <p class='ocr_par' dir='ltr' id='par_1_106' title="bbox 1948 4606 3539 4697">
     <span class='ocr_line' id='line_1_106' title="bbox 1948 4606 3539 4697; baseline 0.016 -40"><span class='ocrx_word' id='word_1_817' title='bbox 1948 4606 2151 4661; x_wconf 87' lang='lat' dir='ltr'><strong>litatem</strong></span> <span class='ocrx_word' id='word_1_818' title='bbox 2212 4609 2349 4663; x_wconf 88' lang='lat' dir='ltr'><strong>ultra</strong></span> <span class='ocrx_word' id='word_1_819' title='bbox 2400 4614 2731 4691; x_wconf 77' lang='lat' dir='ltr'><strong>respiceres,</strong></span> <span class='ocrx_word' id='word_1_820' title='bbox 2778 4618 2986 4673; x_wconf 87' lang='lat' dir='ltr'><strong>etiamsi</strong></span> <span class='ocrx_word' id='word_1_821' title='bbox 3034 4620 3150 4676; x_wconf 70' lang='lat' dir='ltr'><strong>hare</strong></span> <span class='ocrx_word' id='word_1_822' title='bbox 3201 4640 3305 4678; x_wconf 93' lang='lat' dir='ltr'><strong>non</strong></span> <span class='ocrx_word' id='word_1_823' title='bbox 3351 4631 3539 4697; x_wconf 72' lang='lat' dir='ltr'><strong>grandi</strong></span> 
     </span>
    </p>
   </div>
   <div class='ocr_carea' id='block_1_107' title="bbox 1949 4699 3534 4785">
    <p class='ocr_par' dir='ltr' id='par_1_107' title="bbox 1949 4699 3534 4785">
     <span class='ocr_line' id='line_1_107' title="bbox 1949 4699 3534 4785; baseline 0.015 -34"><span class='ocrx_word' id='word_1_824' title='bbox 1949 4699 2231 4754; x_wconf 81' lang='lat' dir='ltr'><strong>intervallo</strong></span> <span class='ocrx_word' id='word_1_825' title='bbox 2282 4712 2618 4771; x_wconf 76' lang='lat' dir='ltr'><strong>separantur.</strong></span> <span class='ocrx_word' id='word_1_826' title='bbox 2667 4705 2746 4760; x_wconf 85' lang='lat' dir='ltr'><strong>Ne</strong></span> <span class='ocrx_word' id='word_1_827' title='bbox 2793 4708 2972 4778; x_wconf 85' lang='lat' dir='ltr'><strong>itaque</strong></span> <span class='ocrx_word' id='word_1_828' title='bbox 3022 4713 3106 4767; x_wconf 92' lang='lat' dir='ltr'><strong>hic</strong></span> <span class='ocrx_word' id='word_1_829' title='bbox 3154 4716 3430 4785; x_wconf 87' lang='lat' dir='ltr'><strong>quidpiam</strong></span> <span class='ocrx_word' id='word_1_830' title='bbox 3477 4738 3534 4773; x_wconf 73' lang='lat' dir='ltr'><strong>es</strong></span> 
     </span>
    </p>
   </div>
   <div class='ocr_carea' id='block_1_108' title="bbox 1947 4792 3540 4870">
    <p class='ocr_par' dir='ltr' id='par_1_108' title="bbox 1947 4792 3540 4870">
     <span class='ocr_line' id='line_1_108' title="bbox 1947 4792 3540 4870; baseline 0.014 -28"><span class='ocrx_word' id='word_1_831' title='bbox 1947 4792 2213 4858; x_wconf 86' lang='lat' dir='ltr'><strong>prioribus</strong></span> <span class='ocrx_word' id='word_1_832' title='bbox 2260 4792 2311 4845; x_wconf 91' lang='lat' dir='ltr'><strong>in</strong></span> <span class='ocrx_word' id='word_1_833' title='bbox 2354 4803 2531 4849; x_wconf 84' lang='lat' dir='ltr'><strong>mente</strong></span> <span class='ocrx_word' id='word_1_834' title='bbox 2578 4810 2804 4851; x_wconf 84' lang='lat' dir='ltr'><strong>verses:</strong></span> <span class='ocrx_word' id='word_1_835' title='bbox 2838 4815 2959 4853; x_wconf 89' lang='lat' dir='ltr'><strong>nam</strong></span> <span class='ocrx_word' id='word_1_836' title='bbox 3006 4801 3072 4855; x_wconf 91' lang='lat' dir='ltr'><strong>ad</strong></span> <span class='ocrx_word' id='word_1_837' title='bbox 3120 4805 3276 4870; x_wconf 68' lang='lat' dir='ltr'><strong>longe</strong></span> <span class='ocrx_word' id='word_1_838' title='bbox 3322 4810 3540 4863; x_wconf 84' lang='lat' dir='ltr'><strong>meliora</strong></span> 
     </span>
    </p>
   </div>
   <div class='ocr_carea' id='block_1_109' title="bbox 1946 4880 3541 4958">
    <p class='ocr_par' dir='ltr' id='par_1_109' title="bbox 1946 4880 3541 4958">
     <span class='ocr_line' id='line_1_109' title="bbox 1946 4880 3541 4958; baseline 0.013 -27"><span class='ocrx_word' id='word_1_839' title='bbox 1946 4889 2176 4935; x_wconf 87' lang='lat' dir='ltr'><strong>vocatus</strong></span> <span class='ocrx_word' id='word_1_840' title='bbox 2224 4896 2305 4937; x_wconf 88' lang='lat' dir='ltr'><strong>es.</strong></span> <span class='ocrx_word' id='word_1_841' title='bbox 2364 4880 2466 4947; x_wconf 87' lang='lat' dir='ltr'><strong>Qui</strong></span> <span class='ocrx_word' id='word_1_842' title='bbox 2493 4883 2640 4937; x_wconf 90' lang='lat' dir='ltr'><strong>enim</strong></span> <span class='ocrx_word' id='word_1_843' title='bbox 2684 4896 2863 4952; x_wconf 82' lang='lat' dir='ltr'><strong>vocat,</strong></span> <span class='ocrx_word' id='word_1_844' title='bbox 2898 4890 3217 4958; x_wconf 84' lang='lat' dir='ltr'><strong>angelorum</strong></span> <span class='ocrx_word' id='word_1_845' title='bbox 3274 4896 3541 4951; x_wconf 86' lang='lat' dir='ltr'><strong>Dominus</strong></span> 
     </span>
    </p>
   </div>
   <div class='ocr_carea' id='block_1_110' title="bbox 1944 4972 3543 5042">
    <p class='ocr_par' dir='ltr' id='par_1_110' title="bbox 1944 4972 3543 5042">
     <span class='ocr_line' id='line_1_110' title="bbox 1944 4972 3543 5042; baseline 0.009 -17"><span class='ocrx_word' id='word_1_846' title='bbox 1944 4982 2047 5036; x_wconf 88' lang='lat' dir='ltr'><strong>est,</strong></span> <span class='ocrx_word' id='word_1_847' title='bbox 2110 4974 2363 5042; x_wconf 84' lang='lat' dir='ltr'><strong>bonaque</strong></span> <span class='ocrx_word' id='word_1_848' title='bbox 2429 4975 2522 5028; x_wconf 91' lang='lat' dir='ltr'><strong>tibi</strong></span> <span class='ocrx_word' id='word_1_849' title='bbox 2588 4977 2788 5031; x_wconf 82' lang='lat' dir='ltr'><strong>eollata</strong></span> <span class='ocrx_word' id='word_1_850' title='bbox 2860 4982 3126 5035; x_wconf 75' lang='lat' dir='ltr'><strong>rationem</strong></span> <span class='ocrx_word' id='word_1_851' title='bbox 3208 5002 3424 5040; x_wconf 88' lang='lat' dir='ltr'><strong>onmem</strong></span> <span class='ocrx_word' id='word_1_852' title='bbox 3486 4972 3543 5041; x_wconf 68' lang='grc' dir='ltr'><strong>ὀι</strong></span> 
     </span>
    </p>
   </div>
   <div class='ocr_carea' id='block_1_111' title="bbox 1948 5065 3546 5133">
    <p class='ocr_par' dir='ltr' id='par_1_111' title="bbox 1948 5065 3546 5133">
     <span class='ocr_line' id='line_1_111' title="bbox 1948 5065 3546 5133; baseline 0.009 -15"><span class='ocrx_word' id='word_1_853' title='bbox 1948 5079 2179 5118; x_wconf 75' lang='lat' dir='ltr'><strong>mentem</strong></span> <span class='ocrx_word' id='word_1_854' title='bbox 2216 5077 2497 5133; x_wconf 76' lang='lat' dir='ltr'><strong>superant.</strong></span> <span class='ocrx_word' id='word_1_855' title='bbox 2557 5065 2675 5121; x_wconf 85' lang='lat' dir='ltr'><strong>Non</strong></span> <span class='ocrx_word' id='word_1_856' title='bbox 2709 5070 2855 5123; x_wconf 61' lang='lat' dir='ltr'><strong>enim</strong></span> <span class='ocrx_word' id='word_1_857' title='bbox 2886 5088 2912 5124; x_wconf 89' lang='lat' dir='ltr'><strong>a</strong></span> <span class='ocrx_word' id='word_1_858' title='bbox 2949 5083 3092 5126; x_wconf 86' lang='lat' dir='ltr'><strong>terra</strong></span> <span class='ocrx_word' id='word_1_859' title='bbox 3147 5074 3199 5128; x_wconf 92' lang='lat' dir='ltr'><strong>in</strong></span> <span class='ocrx_word' id='word_1_860' title='bbox 3262 5086 3458 5131; x_wconf 81' lang='lat' dir='ltr'><strong>terram</strong></span> <span class='ocrx_word' id='word_1_861' title='bbox 3496 5090 3546 5133; x_wconf 80' lang='lat' dir='ltr'><strong>to</strong></span> 
     </span>
    </p>
   </div>
   <div class='ocr_carea' id='block_1_112' title="bbox 1948 5155 3539 5231">
    <p class='ocr_par' dir='ltr' id='par_1_112' title="bbox 1948 5155 3539 5231">
     <span class='ocr_line' id='line_1_112' title="bbox 1948 5155 3539 5231; baseline 0.01 -25"><span class='ocrx_word' id='word_1_862' title='bbox 1948 5155 2237 5221; x_wconf 74' lang='lat' dir='ltr'><strong>transfert,</strong></span> <span class='ocrx_word' id='word_1_863' title='bbox 2288 5164 2346 5208; x_wconf 91' lang='lat' dir='ltr'><strong>ut</strong></span> <span class='ocrx_word' id='word_1_864' title='bbox 2383 5156 2473 5210; x_wconf 81' lang='lat' dir='ltr'><strong>ille</strong></span> <span class='ocrx_word' id='word_1_865' title='bbox 2502 5172 2631 5223; x_wconf 84' lang='lat' dir='ltr'><strong>rex;</strong></span> <span class='ocrx_word' id='word_1_866' title='bbox 2676 5158 2771 5212; x_wconf 88' lang='lat' dir='ltr'><strong>sed</strong></span> <span class='ocrx_word' id='word_1_867' title='bbox 2817 5174 2847 5213; x_wconf 91' lang='lat' dir='ltr'><strong>a</strong></span> <span class='ocrx_word' id='word_1_868' title='bbox 2894 5168 3031 5215; x_wconf 89' lang='lat' dir='ltr'><strong>terra</strong></span> <span class='ocrx_word' id='word_1_869' title='bbox 3066 5162 3118 5215; x_wconf 92' lang='lat' dir='ltr'><strong>in</strong></span> <span class='ocrx_word' id='word_1_870' title='bbox 3148 5164 3364 5231; x_wconf 67' lang='lat' dir='ltr'><strong>cadum,</strong></span> <span class='ocrx_word' id='word_1_871' title='bbox 3410 5176 3466 5222; x_wconf 91' lang='lat' dir='ltr'><strong>et</strong></span> <span class='ocrx_word' id='word_1_872' title='bbox 3511 5186 3539 5221; x_wconf 87' lang='lat' dir='ltr'><strong>a</strong></span> 
     </span>
    </p>
   </div>
   <div class='ocr_carea' id='block_1_113' title="bbox 1948 5249 3545 5321">
    <p class='ocr_par' dir='ltr' id='par_1_113' title="bbox 1948 5249 3545 5321">
     <span class='ocr_line' id='line_1_113' title="bbox 1948 5249 3545 5321; baseline 0.011 -21"><span class='ocrx_word' id='word_1_873' title='bbox 1948 5249 2155 5301; x_wconf 89' lang='lat' dir='ltr'><strong>mortali</strong></span> <span class='ocrx_word' id='word_1_874' title='bbox 2190 5257 2374 5303; x_wconf 90' lang='lat' dir='ltr'><strong>natura</strong></span> <span class='ocrx_word' id='word_1_875' title='bbox 2420 5250 2471 5302; x_wconf 91' lang='lat' dir='ltr'><strong>in</strong></span> <span class='ocrx_word' id='word_1_876' title='bbox 2522 5251 2745 5321; x_wconf 87' lang='lat' dir='ltr'><strong>gloriam</strong></span> <span class='ocrx_word' id='word_1_877' title='bbox 2795 5253 3151 5311; x_wconf 88' lang='lat' dir='ltr'><strong>immortalem</strong></span> <span class='ocrx_word' id='word_1_878' title='bbox 3198 5270 3253 5313; x_wconf 90' lang='lat' dir='ltr'><strong>et</strong></span> <span class='ocrx_word' id='word_1_879' title='bbox 3303 5262 3545 5317; x_wconf 80' lang='lat' dir='ltr'><strong>ineii‘ahi-</strong></span> 
     </span>
    </p>
   </div>
   <div class='ocr_carea' id='block_1_114' title="bbox 1948 5336 3539 5419">
    <p class='ocr_par' dir='ltr' id='par_1_114' title="bbox 1948 5336 3539 5419">
     <span class='ocr_line' id='line_1_114' title="bbox 1948 5336 3539 5419; baseline 0.009 -25"><span class='ocrx_word' id='word_1_880' title='bbox 1948 5341 2076 5403; x_wconf 85' lang='lat' dir='ltr'><strong>lem,</strong></span> <span class='ocrx_word' id='word_1_881' title='bbox 2109 5356 2226 5410; x_wconf 78' lang='lat' dir='ltr'><strong>qua:</strong></span> <span class='ocrx_word' id='word_1_882' title='bbox 2253 5352 2379 5395; x_wconf 91' lang='lat' dir='ltr'><strong>tunc</strong></span> <span class='ocrx_word' id='word_1_883' title='bbox 2404 5351 2607 5397; x_wconf 88' lang='lat' dir='ltr'><strong>tantum</strong></span> <span class='ocrx_word' id='word_1_884' title='bbox 2634 5336 2777 5399; x_wconf 87' lang='lat' dir='ltr'><strong>clare</strong></span> <span class='ocrx_word' id='word_1_885' title='bbox 2806 5352 2997 5413; x_wconf 89' lang='lat' dir='ltr'><strong>poterit</strong></span> <span class='ocrx_word' id='word_1_886' title='bbox 3026 5352 3275 5419; x_wconf 83' lang='lat' dir='ltr'><strong>perspici,</strong></span> <span class='ocrx_word' id='word_1_887' title='bbox 3306 5369 3424 5407; x_wconf 84' lang='lat' dir='ltr'><strong>cum</strong></span> <span class='ocrx_word' id='word_1_888' title='bbox 3455 5357 3539 5409; x_wconf 87' lang='lat' dir='ltr'><strong>illa</strong></span> 
     </span>
    </p>
   </div>
   <div class='ocr_carea' id='block_1_115' title="bbox 1951 5432 3543 5511">
    <p class='ocr_par' dir='ltr' id='par_1_115' title="bbox 1951 5432 3543 5511">
     <span class='ocr_line' id='line_1_115' title="bbox 1951 5432 3543 5511; baseline 0.012 -29"><span class='ocrx_word' id='word_1_889' title='bbox 1951 5432 2206 5485; x_wconf 83' lang='lat' dir='ltr'><strong>fruemur.</strong></span> <span class='ocrx_word' id='word_1_890' title='bbox 2251 5432 2399 5487; x_wconf 85' lang='lat' dir='ltr'><strong>Talia</strong></span> <span class='ocrx_word' id='word_1_891' title='bbox 2434 5444 2607 5491; x_wconf 88' lang='lat' dir='ltr'><strong>tamen</strong></span> <span class='ocrx_word' id='word_1_892' title='bbox 2637 5449 3063 5505; x_wconf 79' lang='lat' dir='ltr'><strong>consequuturos</strong></span> <span class='ocrx_word' id='word_1_893' title='bbox 3092 5440 3251 5503; x_wconf 85' lang='lat' dir='ltr'><strong>bona,</strong></span> <span class='ocrx_word' id='word_1_894' title='bbox 3288 5447 3543 5511; x_wconf 65' lang='lat' dir='ltr'><strong>pecunias</strong></span> 
     </span>
    </p>
   </div>
   <div class='ocr_carea' id='block_1_116' title="bbox 1952 5521 3548 5597">
    <p class='ocr_par' dir='ltr' id='par_1_116' title="bbox 1952 5521 3548 5597">
     <span class='ocr_line' id='line_1_116' title="bbox 1952 5521 3548 5597; baseline 0.008 -23"><span class='ocrx_word' id='word_1_895' title='bbox 1952 5521 2077 5574; x_wconf 90' lang='lat' dir='ltr'><strong>mihi</strong></span> <span class='ocrx_word' id='word_1_896' title='bbox 2110 5536 2540 5589; x_wconf 87' lang='lat' dir='ltr'><strong>commemoras,</strong></span> <span class='ocrx_word' id='word_1_897' title='bbox 2589 5534 2963 5596; x_wconf 78' lang='lat' dir='ltr'><strong>terrenamqnc</strong></span> <span class='ocrx_word' id='word_1_898' title='bbox 3009 5545 3251 5597; x_wconf 86' lang='lat' dir='ltr'><strong>pompam</strong></span> <span class='ocrx_word' id='word_1_899' title='bbox 3303 5534 3548 5587; x_wconf 76' lang='lat' dir='ltr'><strong>retines?</strong></span> 
     </span>
    </p>
   </div>
   <div class='ocr_carea' id='block_1_117' title="bbox 1953 5614 3539 5687">
    <p class='ocr_par' dir='ltr' id='par_1_117' title="bbox 1953 5614 3539 5687">
     <span class='ocr_line' id='line_1_117' title="bbox 1953 5614 3539 5687; baseline 0.005 -24"><span class='ocrx_word' id='word_1_900' title='bbox 1953 5627 2049 5664; x_wconf 77' lang='lat' dir='ltr'><strong>nec</strong></span> <span class='ocrx_word' id='word_1_901' title='bbox 2104 5622 2256 5679; x_wconf 88' lang='lat' dir='ltr'><strong>putas</strong></span> <span class='ocrx_word' id='word_1_902' title='bbox 2302 5614 2415 5667; x_wconf 65' lang='lat' dir='ltr'><strong>htrc</strong></span> <span class='ocrx_word' id='word_1_903' title='bbox 2454 5616 2629 5667; x_wconf 86' lang='lat' dir='ltr'><strong>omnia</strong></span> <span class='ocrx_word' id='word_1_904' title='bbox 2676 5633 2792 5684; x_wconf 85' lang='lat' dir='ltr'><strong>qu:e</strong></span> <span class='ocrx_word' id='word_1_905' title='bbox 2835 5618 2935 5670; x_wconf 88' lang='lat' dir='ltr'><strong>sub</strong></span> <span class='ocrx_word' id='word_1_906' title='bbox 2977 5628 3251 5687; x_wconf 82' lang='lat' dir='ltr'><strong>aspectum</strong></span> <span class='ocrx_word' id='word_1_907' title='bbox 3306 5621 3539 5686; x_wconf 88' lang='lat' dir='ltr'><strong>cadunt,</strong></span> 
     </span>
    </p>
   </div>
   <div class='ocr_carea' id='block_1_118' title="bbox 1952 5701 3545 5777">
    <p class='ocr_par' dir='ltr' id='par_1_118' title="bbox 1952 5701 3545 5777">
     <span class='ocr_line' id='line_1_118' title="bbox 1952 5701 3545 5777; baseline 0.006 -23"><span class='ocrx_word' id='word_1_908' title='bbox 1952 5701 2318 5757; x_wconf 88' lang='lat' dir='ltr'><strong>mendicorum</strong></span> <span class='ocrx_word' id='word_1_909' title='bbox 2352 5705 2541 5773; x_wconf 86' lang='lat' dir='ltr'><strong>pannis</strong></span> <span class='ocrx_word' id='word_1_910' title='bbox 2568 5721 2688 5761; x_wconf 81' lang='lat' dir='ltr'><strong>esse</strong></span> <span class='ocrx_word' id='word_1_911' title='bbox 2718 5707 2940 5761; x_wconf 83' lang='lat' dir='ltr'><strong>viliora?</strong></span> <span class='ocrx_word' id='word_1_912' title='bbox 2976 5708 3047 5762; x_wconf 81' lang='lat' dir='ltr'><strong>Et</strong></span> <span class='ocrx_word' id='word_1_913' title='bbox 3086 5710 3358 5777; x_wconf 88' lang='lat' dir='ltr'><strong>quomodo</strong></span> <span class='ocrx_word' id='word_1_914' title='bbox 3394 5718 3545 5763; x_wconf 87' lang='lat' dir='ltr'><strong>tanto</strong></span> 
     </span>
    </p>
   </div>
   <div class='ocr_carea' id='block_1_119' title="bbox 2021 5857 3228 5921">
    <p class='ocr_par' dir='ltr' id='par_1_119' title="bbox 2021 5857 3228 5921">
     <span class='ocr_line' id='line_1_119' title="bbox 2021 5857 3228 5921; baseline 0 -15"><span class='ocrx_word' id='word_1_915' title='bbox 2021 5858 2038 5889; x_wconf 75' lang='grc' dir='ltr'>ι</span> <span class='ocrx_word' id='word_1_916' title='bbox 2074 5864 2217 5919; x_wconf 77' lang='lat' dir='ltr'><strong>L‘nus,</strong></span> <span class='ocrx_word' id='word_1_917' title='bbox 2243 5870 2336 5908; x_wconf 78' lang='lat' dir='ltr'><strong>non</strong></span> <span class='ocrx_word' id='word_1_918' title='bbox 2355 5860 2611 5921; x_wconf 74' lang='lat' dir='ltr'><strong>puritatem</strong></span> <span class='ocrx_word' id='word_1_919' title='bbox 2636 5857 2877 5921; x_wconf 71' lang='lat' dir='ltr'><strong>baptismi;</strong></span> <span class='ocrx_word' id='word_1_920' title='bbox 2901 5861 3060 5909; x_wconf 90' lang='lat' dir='ltr'><strong>minus</strong></span> <span class='ocrx_word' id='word_1_921' title='bbox 3073 5865 3228 5908; x_wconf 83' lang='lat' dir='ltr'><strong>recte.</strong></span> 
     </span>
    </p>
   </div>
  </div>
