  <div class='ocr_page' id='page_1' title='image "/cluster/home/n/w/nwhite01/storage/ocr_20150623/57/uva.x004697226/135.png"; bbox 0 0 4082 6510; ppageno 0'>
   <div class='ocr_carea' id='block_1_1' title="bbox 402 5296 417 5321">
    <p class='ocr_par' dir='ltr' id='par_1_1' title="bbox 402 5296 417 5321">
     <span class='ocr_line' id='line_1_1' title="bbox 402 5296 417 5321; baseline 0 -2"><span class='ocrx_word' id='word_1_1' title='bbox 402 5296 417 5321; x_wconf 65' lang='grc' dir='ltr'>δ</span> 
     </span>
    </p>
   </div>
   <div class='ocr_carea' id='block_1_2' title="bbox 764 318 791 337">
    <p class='ocr_par' dir='ltr' id='par_1_2' title="bbox 764 318 791 337">
     <span class='ocr_line' id='line_1_2' title="bbox 764 318 791 337; baseline 0 0"><span class='ocrx_word' id='word_1_2' title='bbox 764 318 791 337; x_wconf 59' lang='grc' dir='ltr'><strong><em>ἐ</em></strong></span> 
     </span>
    </p>
   </div>
   <div class='ocr_carea' id='block_1_3' title="bbox 628 396 3895 479">
    <p class='ocr_par' dir='ltr' id='par_1_3' title="bbox 628 396 3895 479">
     <span class='ocr_line' id='line_1_3' title="bbox 628 396 3895 479; baseline -0.003 -17"><span class='ocrx_word' id='word_1_3' title='bbox 628 419 733 479; x_wconf 64' lang='lat' dir='ltr'><strong>9m</strong></span> <span class='ocrx_word' id='word_1_4' title='bbox 1336 402 1392 458; x_wconf 89' lang='lat' dir='ltr'><strong>S.</strong></span> <span class='ocrx_word' id='word_1_5' title='bbox 1432 401 1710 461; x_wconf 81' lang='lat' dir='ltr'><strong>JOANNIS</strong></span> <span class='ocrx_word' id='word_1_6' title='bbox 1744 398 2220 457; x_wconf 67' lang='lat' dir='ltr'><strong>CHRYSOSTOHI</strong></span> <span class='ocrx_word' id='word_1_7' title='bbox 2256 397 2571 457; x_wconf 78' lang='lat' dir='ltr'><strong>ARCHIEP.</strong></span> <span class='ocrx_word' id='word_1_8' title='bbox 2612 397 3147 455; x_wconf 78' lang='lat' dir='ltr'><strong>CONSTANTINOP.</strong></span> <span class='ocrx_word' id='word_1_9' title='bbox 3780 396 3895 451; x_wconf 71' lang='lat'><strong>208</strong></span> 
     </span>
    </p>
   </div>
   <div class='ocr_carea' id='block_1_4' title="bbox 627 510 2205 597">
    <p class='ocr_par' dir='ltr' id='par_1_4' title="bbox 627 510 2205 597">
     <span class='ocr_line' id='line_1_4' title="bbox 627 510 2205 597; baseline -0.016 -7"><span class='ocrx_word' id='word_1_10' title='bbox 627 536 832 589; x_wconf 86' lang='lat' dir='ltr'><strong>bonore</strong></span> <span class='ocrx_word' id='word_1_11' title='bbox 859 527 1049 597; x_wconf 85' lang='lat' dir='ltr'><strong>dignus</strong></span> <span class='ocrx_word' id='word_1_12' title='bbox 1076 518 1354 578; x_wconf 67' lang='lat' dir='ltr'><strong>balvearis&quot;</strong></span> <span class='ocrx_word' id='word_1_13' title='bbox 1379 532 1535 587; x_wconf 89' lang='lat' dir='ltr'><strong>quam</strong></span> <span class='ocrx_word' id='word_1_14' title='bbox 1562 514 1926 571; x_wconf 79' lang='lat' dir='ltr'><strong>defensionem</strong></span> <span class='ocrx_word' id='word_1_15' title='bbox 1967 510 2205 582; x_wconf 83' lang='lat' dir='ltr'><strong>proferre</strong></span> 
     </span>
    </p>
   </div>
   <div class='ocr_carea' id='block_1_5' title="bbox 630 606 2205 693">
    <p class='ocr_par' dir='ltr' id='par_1_5' title="bbox 630 606 2205 693">
     <span class='ocr_line' id='line_1_5' title="bbox 630 606 2205 693; baseline -0.011 -19"><span class='ocrx_word' id='word_1_16' title='bbox 630 620 848 693; x_wconf 76' lang='lat' dir='ltr'><strong>possis?</strong></span> <span class='ocrx_word' id='word_1_17' title='bbox 893 619 1005 681; x_wconf 80' lang='lat' dir='ltr'><strong>imo</strong></span> <span class='ocrx_word' id='word_1_18' title='bbox 1027 614 1205 685; x_wconf 89' lang='lat' dir='ltr'><strong>potius</strong></span> <span class='ocrx_word' id='word_1_19' title='bbox 1239 624 1371 679; x_wconf 87' lang='lat' dir='ltr'><strong>quas</strong></span> <span class='ocrx_word' id='word_1_20' title='bbox 1398 623 1583 681; x_wconf 76' lang='lat' dir='ltr'><strong>pcenas</strong></span> <span class='ocrx_word' id='word_1_21' title='bbox 1606 622 1711 660; x_wconf 89' lang='lat' dir='ltr'><strong>non</strong></span> <span class='ocrx_word' id='word_1_22' title='bbox 1738 606 1888 669; x_wconf 85' lang='lat' dir='ltr'><strong>lues,</strong></span> <span class='ocrx_word' id='word_1_23' title='bbox 1920 619 2039 693; x_wconf 89' lang='lat' dir='ltr'><strong>cum</strong></span> <span class='ocrx_word' id='word_1_24' title='bbox 2085 612 2205 693; x_wconf 73' lang='lat' dir='ltr'><strong>poet</strong></span> 
     </span>
    </p>
   </div>
   <div class='ocr_carea' id='block_1_6' title="bbox 625 690 2201 770">
    <p class='ocr_par' dir='ltr' id='par_1_6' title="bbox 625 690 2201 770">
     <span class='ocr_line' id='line_1_6' title="bbox 625 690 2201 770; baseline -0.015 -2"><span class='ocrx_word' id='word_1_25' title='bbox 625 690 832 769; x_wconf 76' lang='lat' dir='ltr'><strong>tantum</strong></span> <span class='ocrx_word' id='word_1_26' title='bbox 884 708 1080 761; x_wconf 83' lang='lat' dir='ltr'><strong>donum</strong></span> <span class='ocrx_word' id='word_1_27' title='bbox 1124 702 1190 756; x_wconf 89' lang='lat' dir='ltr'><strong>ad</strong></span> <span class='ocrx_word' id='word_1_28' title='bbox 1236 702 1467 770; x_wconf 79' lang='lat' dir='ltr'><strong>priorem</strong></span> <span class='ocrx_word' id='word_1_29' title='bbox 1520 696 1773 751; x_wconf 85' lang='lat' dir='ltr'><strong>vomitum</strong></span> <span class='ocrx_word' id='word_1_30' title='bbox 1820 692 2045 748; x_wconf 70' lang='lat' dir='ltr'><strong>curras?</strong></span> <span class='ocrx_word' id='word_1_31' title='bbox 2087 690 2201 747; x_wconf 88' lang='lat' dir='ltr'><strong>Non</strong></span> 
     </span>
    </p>
   </div>
   <div class='ocr_carea' id='block_1_7' title="bbox 627 782 2201 854">
    <p class='ocr_par' dir='ltr' id='par_1_7' title="bbox 627 782 2201 854">
     <span class='ocr_line' id='line_1_7' title="bbox 627 782 2201 854; baseline -0.012 -1"><span class='ocrx_word' id='word_1_32' title='bbox 627 798 772 854; x_wconf 88' lang='lat' dir='ltr'><strong>enim</strong></span> <span class='ocrx_word' id='word_1_33' title='bbox 814 796 951 851; x_wconf 85' lang='lat' dir='ltr'><strong>ultra</strong></span> <span class='ocrx_word' id='word_1_34' title='bbox 982 802 1041 849; x_wconf 92' lang='lat' dir='ltr'><strong>ut</strong></span> <span class='ocrx_word' id='word_1_35' title='bbox 1087 793 1246 846; x_wconf 87' lang='lat' dir='ltr'><strong>homo</strong></span> <span class='ocrx_word' id='word_1_36' title='bbox 1271 833 1286 854; x_wconf 93' lang='lat'><strong>,</strong></span> <span class='ocrx_word' id='word_1_37' title='bbox 1330 789 1422 844; x_wconf 82' lang='lat' dir='ltr'><strong>sed</strong></span> <span class='ocrx_word' id='word_1_38' title='bbox 1469 796 1523 841; x_wconf 89' lang='lat' dir='ltr'><strong>ut</strong></span> <span class='ocrx_word' id='word_1_39' title='bbox 1552 786 1686 839; x_wconf 81' lang='lat' dir='ltr'><strong>filius</strong></span> <span class='ocrx_word' id='word_1_40' title='bbox 1737 782 1827 838; x_wconf 87' lang='lat' dir='ltr'><strong>Dei</strong></span> <span class='ocrx_word' id='word_1_41' title='bbox 1860 791 2201 852; x_wconf 76' lang='lat' dir='ltr'><strong>peccatorum</strong></span> 
     </span>
    </p>
   </div>
   <div class='ocr_carea' id='block_1_8' title="bbox 622 868 2204 957">
    <p class='ocr_par' dir='ltr' id='par_1_8' title="bbox 622 868 2204 957">
     <span class='ocr_line' id='line_1_8' title="bbox 622 868 2204 957; baseline -0.011 -16"><span class='ocrx_word' id='word_1_42' title='bbox 622 900 816 957; x_wconf 75' lang='lat' dir='ltr'><strong>pcenas</strong></span> <span class='ocrx_word' id='word_1_43' title='bbox 844 884 994 939; x_wconf 84' lang='lat' dir='ltr'><strong>dabis</strong></span> <span class='ocrx_word' id='word_1_44' title='bbox 1018 924 1034 947; x_wconf 92' lang='lat'><strong>,</strong></span> <span class='ocrx_word' id='word_1_45' title='bbox 1086 881 1282 947; x_wconf 88' lang='lat' dir='ltr'><strong>tibique</strong></span> <span class='ocrx_word' id='word_1_46' title='bbox 1316 878 1529 931; x_wconf 79' lang='lat' dir='ltr'><strong>honoris</strong></span> <span class='ocrx_word' id='word_1_47' title='bbox 1572 871 1876 945; x_wconf 75' lang='lat' dir='ltr'><strong>magnitudo</strong></span> <span class='ocrx_word' id='word_1_48' title='bbox 1918 870 1983 925; x_wconf 90' lang='lat' dir='ltr'><strong>ad</strong></span> <span class='ocrx_word' id='word_1_49' title='bbox 2031 868 2204 939; x_wconf 84' lang='lat' dir='ltr'><strong>majus</strong></span> 
     </span>
    </p>
   </div>
   <div class='ocr_carea' id='block_1_9' title="bbox 627 961 2204 1044">
    <p class='ocr_par' dir='ltr' id='par_1_9' title="bbox 627 961 2204 1044">
     <span class='ocr_line' id='line_1_9' title="bbox 627 961 2204 1044; baseline -0.012 -14"><span class='ocrx_word' id='word_1_50' title='bbox 627 974 945 1044; x_wconf 79' lang='lat' dir='ltr'><strong>supplicium</strong></span> <span class='ocrx_word' id='word_1_51' title='bbox 974 973 1111 1024; x_wconf 85' lang='lat' dir='ltr'><strong>viam</strong></span> <span class='ocrx_word' id='word_1_52' title='bbox 1144 966 1367 1038; x_wconf 83' lang='lat' dir='ltr'><strong>parabit.</strong></span> <span class='ocrx_word' id='word_1_53' title='bbox 1413 961 1685 1031; x_wconf 83' lang='lat' dir='ltr'><strong>Siquidem</strong></span> <span class='ocrx_word' id='word_1_54' title='bbox 1732 974 1868 1024; x_wconf 85' lang='lat' dir='ltr'><strong>nos,</strong></span> <span class='ocrx_word' id='word_1_55' title='bbox 1922 964 2204 1029; x_wconf 79' lang='lat' dir='ltr'><strong>peccantes</strong></span> 
     </span>
    </p>
   </div>
   <div class='ocr_carea' id='block_1_10' title="bbox 626 1048 2205 1142">
    <p class='ocr_par' dir='ltr' id='par_1_10' title="bbox 626 1048 2205 1142">
     <span class='ocr_line' id='line_1_10' title="bbox 626 1048 2205 1142; baseline -0.011 -21"><span class='ocrx_word' id='word_1_56' title='bbox 626 1079 837 1131; x_wconf 87' lang='lat' dir='ltr'><strong>servos,</strong></span> <span class='ocrx_word' id='word_1_57' title='bbox 868 1072 922 1118; x_wconf 90' lang='lat' dir='ltr'><strong>et</strong></span> <span class='ocrx_word' id='word_1_58' title='bbox 943 1063 1077 1116; x_wconf 87' lang='lat' dir='ltr'><strong>filios</strong></span> <span class='ocrx_word' id='word_1_59' title='bbox 1106 1058 1473 1126; x_wconf 75' lang='lat' dir='ltr'><strong>delinquentes</strong></span> <span class='ocrx_word' id='word_1_60' title='bbox 1501 1068 1607 1106; x_wconf 90' lang='lat' dir='ltr'><strong>non</strong></span> <span class='ocrx_word' id='word_1_61' title='bbox 1655 1052 1765 1121; x_wconf 89' lang='lat' dir='ltr'><strong>pari</strong></span> <span class='ocrx_word' id='word_1_62' title='bbox 1810 1048 2205 1142; x_wconf 42' lang='lat' dir='ltr'><strong>supplicioque-</strong></span> 
     </span>
    </p>
   </div>
   <div class='ocr_carea' id='block_1_11' title="bbox 624 1140 2203 1216">
    <p class='ocr_par' dir='ltr' id='par_1_11' title="bbox 624 1140 2203 1216">
     <span class='ocr_line' id='line_1_11' title="bbox 624 1140 2203 1216; baseline -0.011 -6"><span class='ocrx_word' id='word_1_63' title='bbox 624 1149 975 1216; x_wconf 81' lang='lat' dir='ltr'><strong>ctin&#39;tus,cum</strong></span> <span class='ocrx_word' id='word_1_64' title='bbox 1003 1149 1231 1203; x_wconf 86' lang='lat' dir='ltr'><strong>maxime</strong></span> <span class='ocrx_word' id='word_1_65' title='bbox 1258 1146 1328 1200; x_wconf 88' lang='lat' dir='ltr'><strong>illi</strong></span> <span class='ocrx_word' id='word_1_66' title='bbox 1358 1158 1543 1212; x_wconf 86' lang='lat' dir='ltr'><strong>magna</strong></span> <span class='ocrx_word' id='word_1_67' title='bbox 1567 1150 1687 1197; x_wconf 90' lang='lat' dir='ltr'><strong>sunt</strong></span> <span class='ocrx_word' id='word_1_68' title='bbox 1713 1158 1742 1196; x_wconf 87' lang='lat' dir='ltr'><strong>a</strong></span> <span class='ocrx_word' id='word_1_69' title='bbox 1772 1141 1924 1196; x_wconf 90' lang='lat' dir='ltr'><strong>nobis</strong></span> <span class='ocrx_word' id='word_1_70' title='bbox 1948 1140 2203 1195; x_wconf 84' lang='lat' dir='ltr'><strong>beneficia</strong></span> 
     </span>
    </p>
   </div>
   <div class='ocr_carea' id='block_1_12' title="bbox 626 1230 2202 1311">
    <p class='ocr_par' dir='ltr' id='par_1_12' title="bbox 626 1230 2202 1311">
     <span class='ocr_line' id='line_1_12' title="bbox 626 1230 2202 1311; baseline -0.011 -13"><span class='ocrx_word' id='word_1_71' title='bbox 626 1240 959 1311; x_wconf 90' lang='lat' dir='ltr'><strong>consequuti.</strong></span> <span class='ocrx_word' id='word_1_72' title='bbox 987 1238 1118 1293; x_wconf 84' lang='lat' dir='ltr'><strong>Nam</strong></span> <span class='ocrx_word' id='word_1_73' title='bbox 1146 1236 1187 1290; x_wconf 91' lang='lat' dir='ltr'><strong>si</strong></span> <span class='ocrx_word' id='word_1_74' title='bbox 1217 1237 1261 1289; x_wconf 88' lang='lat' dir='ltr'><strong>is</strong></span> <span class='ocrx_word' id='word_1_75' title='bbox 1281 1234 1372 1304; x_wconf 87' lang='lat' dir='ltr'><strong>qui</strong></span> <span class='ocrx_word' id='word_1_76' title='bbox 1402 1231 1703 1303; x_wconf 78' lang='lat' dir='ltr'><strong>paradisum</strong></span> <span class='ocrx_word' id='word_1_77' title='bbox 1729 1230 1781 1284; x_wconf 90' lang='lat' dir='ltr'><strong>in</strong></span> <span class='ocrx_word' id='word_1_78' title='bbox 1808 1239 2007 1284; x_wconf 82' lang='lat' dir='ltr'><strong>sortem</strong></span> <span class='ocrx_word' id='word_1_79' title='bbox 2046 1243 2202 1283; x_wconf 53' lang='lat' dir='ltr'><strong>acce.</strong></span> 
     </span>
    </p>
   </div>
   <div class='ocr_carea' id='block_1_13' title="bbox 625 1320 2225 1403">
    <p class='ocr_par' dir='ltr' id='par_1_13' title="bbox 625 1320 2225 1403">
     <span class='ocr_line' id='line_1_13' title="bbox 625 1320 2225 1403; baseline -0.011 -15"><span class='ocrx_word' id='word_1_80' title='bbox 625 1340 796 1403; x_wconf 84' lang='lat' dir='ltr'><strong>perat,</strong></span> <span class='ocrx_word' id='word_1_81' title='bbox 833 1329 975 1401; x_wconf 89' lang='lat' dir='ltr'><strong>quod</strong></span> <span class='ocrx_word' id='word_1_82' title='bbox 1000 1327 1164 1382; x_wconf 87' lang='lat' dir='ltr'><strong>semel</strong></span> <span class='ocrx_word' id='word_1_83' title='bbox 1204 1336 1565 1395; x_wconf 76' lang='lat' dir='ltr'><strong>transgressus</strong></span> <span class='ocrx_word' id='word_1_84' title='bbox 1587 1330 1731 1379; x_wconf 80' lang='lat' dir='ltr'><strong>esset</strong></span> <span class='ocrx_word' id='word_1_85' title='bbox 1754 1363 1765 1384; x_wconf 92' lang='lat'><strong>,</strong></span> <span class='ocrx_word' id='word_1_86' title='bbox 1791 1329 1931 1375; x_wconf 87' lang='lat' dir='ltr'><strong>tanta</strong></span> <span class='ocrx_word' id='word_1_87' title='bbox 1959 1328 2077 1389; x_wconf 89' lang='lat' dir='ltr'><strong>post</strong></span> <span class='ocrx_word' id='word_1_88' title='bbox 2105 1320 2225 1383; x_wconf 21' lang='lat' dir='ltr'><strong>ho-A</strong></span> 
     </span>
    </p>
   </div>
   <div class='ocr_carea' id='block_1_14' title="bbox 626 1413 2207 1492">
    <p class='ocr_par' dir='ltr' id='par_1_14' title="bbox 626 1413 2207 1492">
     <span class='ocr_line' id='line_1_14' title="bbox 626 1413 2207 1492; baseline -0.008 -14"><span class='ocrx_word' id='word_1_89' title='bbox 626 1438 811 1479; x_wconf 88' lang='lat' dir='ltr'><strong>norem</strong></span> <span class='ocrx_word' id='word_1_90' title='bbox 840 1421 1059 1492; x_wconf 74' lang='lat' dir='ltr'><strong>pertulit</strong></span> <span class='ocrx_word' id='word_1_91' title='bbox 1088 1418 1223 1473; x_wconf 87' lang='lat' dir='ltr'><strong>mala</strong></span> <span class='ocrx_word' id='word_1_92' title='bbox 1248 1434 1261 1483; x_wconf 89' lang='lat'><strong>;</strong></span> <span class='ocrx_word' id='word_1_93' title='bbox 1295 1430 1391 1469; x_wconf 90' lang='lat' dir='ltr'><strong>nos</strong></span> <span class='ocrx_word' id='word_1_94' title='bbox 1416 1416 1504 1483; x_wconf 87' lang='lat' dir='ltr'><strong>qui</strong></span> <span class='ocrx_word' id='word_1_95' title='bbox 1532 1413 2050 1480; x_wconf 64' lang='lat' dir='ltr'><strong>cminm&#39;accepitnus</strong></span> <span class='ocrx_word' id='word_1_96' title='bbox 2082 1452 2096 1474; x_wconf 95' lang='lat'><strong>,</strong></span> <span class='ocrx_word' id='word_1_97' title='bbox 2125 1418 2207 1465; x_wconf 84' lang='lat' dir='ltr'><strong>at-</strong></span> 
     </span>
    </p>
   </div>
   <div class='ocr_carea' id='block_1_15' title="bbox 625 1502 2207 1586">
    <p class='ocr_par' dir='ltr' id='par_1_15' title="bbox 625 1502 2207 1586">
     <span class='ocr_line' id='line_1_15' title="bbox 625 1502 2207 1586; baseline -0.009 -17"><span class='ocrx_word' id='word_1_98' title='bbox 625 1530 731 1586; x_wconf 91' lang='lat' dir='ltr'><strong>que</strong></span> <span class='ocrx_word' id='word_1_99' title='bbox 759 1514 1028 1583; x_wconf 87' lang='lat' dir='ltr'><strong>Unigeniti</strong></span> <span class='ocrx_word' id='word_1_100' title='bbox 1057 1508 1349 1565; x_wconf 80' lang='lat' dir='ltr'><strong>coheredes</strong></span> <span class='ocrx_word' id='word_1_101' title='bbox 1377 1507 1496 1559; x_wconf 87' lang='lat' dir='ltr'><strong>facti</strong></span> <span class='ocrx_word' id='word_1_102' title='bbox 1521 1520 1702 1559; x_wconf 83' lang='lat' dir='ltr'><strong>sumus</strong></span> <span class='ocrx_word' id='word_1_103' title='bbox 1720 1543 1735 1568; x_wconf 92' lang='lat'><strong>,</strong></span> <span class='ocrx_word' id='word_1_104' title='bbox 1766 1517 1921 1571; x_wconf 88' lang='lat' dir='ltr'><strong>quam</strong></span> <span class='ocrx_word' id='word_1_105' title='bbox 1951 1502 2207 1575; x_wconf 48' lang='lat' dir='ltr'><strong>impetrat-1</strong></span> 
     </span>
    </p>
   </div>
   <div class='ocr_carea' id='block_1_16' title="bbox 625 1591 2202 1664">
    <p class='ocr_par' dir='ltr' id='par_1_16' title="bbox 625 1591 2202 1664">
     <span class='ocr_line' id='line_1_16' title="bbox 625 1591 2202 1664; baseline -0.011 -7"><span class='ocrx_word' id='word_1_106' title='bbox 625 1605 802 1657; x_wconf 83' lang='lat' dir='ltr'><strong>bimus</strong></span> <span class='ocrx_word' id='word_1_107' title='bbox 832 1602 1035 1656; x_wconf 91' lang='lat' dir='ltr'><strong>veniam</strong></span> <span class='ocrx_word' id='word_1_108' title='bbox 1062 1641 1075 1664; x_wconf 93' lang='lat'><strong>,</strong></span> <span class='ocrx_word' id='word_1_109' title='bbox 1104 1599 1149 1653; x_wconf 88' lang='lat' dir='ltr'><strong>si</strong></span> <span class='ocrx_word' id='word_1_110' title='bbox 1169 1598 1234 1651; x_wconf 85' lang='lat' dir='ltr'><strong>ad</strong></span> <span class='ocrx_word' id='word_1_111' title='bbox 1263 1604 1562 1664; x_wconf 82' lang='lat' dir='ltr'><strong>serpentem</strong></span> <span class='ocrx_word' id='word_1_112' title='bbox 1606 1595 1788 1647; x_wconf 84' lang='lat' dir='ltr'><strong>relicta</strong></span> <span class='ocrx_word' id='word_1_113' title='bbox 1807 1591 2049 1645; x_wconf 83' lang='lat' dir='ltr'><strong>columba</strong></span> <span class='ocrx_word' id='word_1_114' title='bbox 2078 1605 2202 1643; x_wconf 65' lang='lat' dir='ltr'><strong>curo</strong></span> 
     </span>
    </p>
   </div>
   <div class='ocr_carea' id='block_1_17' title="bbox 628 1679 2199 1747">
    <p class='ocr_par' dir='ltr' id='par_1_17' title="bbox 628 1679 2199 1747">
     <span class='ocr_line' id='line_1_17' title="bbox 628 1679 2199 1747; baseline -0.01 -2"><span class='ocrx_word' id='word_1_115' title='bbox 628 1692 848 1747; x_wconf 79' lang='lat' dir='ltr'><strong>ramus?</strong></span> <span class='ocrx_word' id='word_1_116' title='bbox 873 1689 986 1745; x_wconf 83' lang='lat' dir='ltr'><strong>Non</strong></span> <span class='ocrx_word' id='word_1_117' title='bbox 1013 1689 1153 1742; x_wconf 87' lang='lat' dir='ltr'><strong>enim</strong></span> <span class='ocrx_word' id='word_1_118' title='bbox 1183 1686 1317 1739; x_wconf 89' lang='lat' dir='ltr'><strong>ultra</strong></span> <span class='ocrx_word' id='word_1_119' title='bbox 1346 1684 1642 1738; x_wconf 87' lang='lat' dir='ltr'><strong>audiemus.</strong></span> <span class='ocrx_word' id='word_1_120' title='bbox 1674 1681 1827 1735; x_wconf 80' lang='lat' dir='ltr'><strong>Terra</strong></span> <span class='ocrx_word' id='word_1_121' title='bbox 1854 1697 1923 1743; x_wconf 73' lang='lat' dir='ltr'><strong>es,</strong></span> <span class='ocrx_word' id='word_1_122' title='bbox 1949 1690 1995 1733; x_wconf 85' lang='lat' dir='ltr'><strong>et</strong></span> <span class='ocrx_word' id='word_1_123' title='bbox 2022 1679 2074 1732; x_wconf 72' lang='lat' dir='ltr'><strong>in</strong></span> <span class='ocrx_word' id='word_1_124' title='bbox 2096 1689 2199 1730; x_wconf 86' lang='lat' dir='ltr'><strong>ter-</strong></span> 
     </span>
    </p>
   </div>
   <div class='ocr_carea' id='block_1_18' title="bbox 626 1772 2205 1850">
    <p class='ocr_par' dir='ltr' id='par_1_18' title="bbox 626 1772 2205 1850">
     <span class='ocr_line' id='line_1_18' title="bbox 626 1772 2205 1850; baseline -0.008 -14"><span class='ocrx_word' id='word_1_125' title='bbox 626 1798 741 1837; x_wconf 85' lang='lat' dir='ltr'><strong>ram</strong></span> <span class='ocrx_word' id='word_1_126' title='bbox 762 1782 1017 1835; x_wconf 74' lang='lat' dir='ltr'><strong>reverteris</strong></span> <span class='ocrx_word' id='word_1_127' title='bbox 1043 1777 1191 1850; x_wconf 80' lang='lat' dir='ltr'><strong>(Gen.</strong></span> <span class='ocrx_word' id='word_1_128' title='bbox 1238 1777 1293 1833; x_wconf 81' lang='lat'><strong>3.</strong></span> <span class='ocrx_word' id='word_1_129' title='bbox 1325 1775 1437 1845; x_wconf 77' lang='lat' dir='ltr'><strong>i9),</strong></span> <span class='ocrx_word' id='word_1_130' title='bbox 1469 1789 1639 1843; x_wconf 90' lang='lat' dir='ltr'><strong>neque</strong></span> <span class='ocrx_word' id='word_1_131' title='bbox 1686 1772 1984 1841; x_wconf 77' lang='lat' dir='ltr'><strong>Operaberis</strong></span> <span class='ocrx_word' id='word_1_132' title='bbox 2021 1780 2205 1824; x_wconf 70' lang='lat' dir='ltr'><strong>let-ram</strong></span> 
     </span>
    </p>
   </div>
   <div class='ocr_carea' id='block_1_19' title="bbox 629 1862 2204 1946">
    <p class='ocr_par' dir='ltr' id='par_1_19' title="bbox 629 1862 2204 1946">
     <span class='ocr_line' id='line_1_19' title="bbox 629 1862 2204 1946; baseline -0.011 -16"><span class='ocrx_word' id='word_1_133' title='bbox 629 1875 782 1946; x_wconf 75' lang='lat' dir='ltr'><strong>(Gen.</strong></span> <span class='ocrx_word' id='word_1_134' title='bbox 813 1875 867 1929; x_wconf 69' lang='grc'><strong>4.</strong></span> <span class='ocrx_word' id='word_1_135' title='bbox 902 1872 1007 1942; x_wconf 71' lang='grc' dir='ltr'><strong>η)</strong></span> <span class='ocrx_word' id='word_1_136' title='bbox 1034 1912 1049 1937; x_wconf 92' lang='lat'><strong>,</strong></span> <span class='ocrx_word' id='word_1_137' title='bbox 1079 1870 1161 1925; x_wconf 92' lang='lat' dir='ltr'><strong>vel</strong></span> <span class='ocrx_word' id='word_1_138' title='bbox 1186 1870 1286 1923; x_wconf 90' lang='lat' dir='ltr'><strong>alia</strong></span> <span class='ocrx_word' id='word_1_139' title='bbox 1314 1868 1438 1922; x_wconf 90' lang='lat' dir='ltr'><strong>olim</strong></span> <span class='ocrx_word' id='word_1_140' title='bbox 1464 1864 1625 1931; x_wconf 86' lang='lat' dir='ltr'><strong>dicta,</strong></span> <span class='ocrx_word' id='word_1_141' title='bbox 1659 1864 1751 1919; x_wconf 90' lang='lat' dir='ltr'><strong>sed</strong></span> <span class='ocrx_word' id='word_1_142' title='bbox 1780 1864 1937 1932; x_wconf 84' lang='lat' dir='ltr'><strong>longe</strong></span> <span class='ocrx_word' id='word_1_143' title='bbox 1968 1862 2052 1915; x_wconf 89' lang='lat' dir='ltr'><strong>bis</strong></span> <span class='ocrx_word' id='word_1_144' title='bbox 2085 1875 2204 1931; x_wconf 87' lang='lat' dir='ltr'><strong>gra-</strong></span> 
     </span>
    </p>
   </div>
   <div class='ocr_carea' id='block_1_20' title="bbox 632 1952 2204 2028">
    <p class='ocr_par' dir='ltr' id='par_1_20' title="bbox 632 1952 2204 2028">
     <span class='ocr_line' id='line_1_20' title="bbox 632 1952 2204 2028; baseline -0.008 -12"><span class='ocrx_word' id='word_1_145' title='bbox 632 1965 779 2020; x_wconf 82' lang='lat' dir='ltr'><strong>viora</strong></span> <span class='ocrx_word' id='word_1_146' title='bbox 805 2005 820 2028; x_wconf 95' lang='lat'><strong>,</strong></span> <span class='ocrx_word' id='word_1_147' title='bbox 851 1964 1094 2019; x_wconf 81' lang='lat' dir='ltr'><strong>tenebras</strong></span> <span class='ocrx_word' id='word_1_148' title='bbox 1119 1961 1413 2015; x_wconf 85' lang='lat' dir='ltr'><strong>exteriores</strong></span> <span class='ocrx_word' id='word_1_149' title='bbox 1436 1999 1451 2024; x_wconf 93' lang='lat'><strong>,</strong></span> <span class='ocrx_word' id='word_1_150' title='bbox 1492 1955 1703 2011; x_wconf 84' lang='lat' dir='ltr'><strong>vincula</strong></span> <span class='ocrx_word' id='word_1_151' title='bbox 1732 1952 2049 2017; x_wconf 90' lang='lat' dir='ltr'><strong>insolubilia,</strong></span> <span class='ocrx_word' id='word_1_152' title='bbox 2082 1965 2204 2005; x_wconf 87' lang='lat' dir='ltr'><strong>ver-</strong></span> 
     </span>
    </p>
   </div>
   <div class='ocr_carea' id='block_1_21' title="bbox 627 2040 2203 2115">
    <p class='ocr_par' dir='ltr' id='par_1_21' title="bbox 627 2040 2203 2115">
     <span class='ocr_line' id='line_1_21' title="bbox 627 2040 2203 2115; baseline -0.01 -5"><span class='ocrx_word' id='word_1_153' title='bbox 627 2053 767 2110; x_wconf 85' lang='lat' dir='ltr'><strong>mem</strong></span> <span class='ocrx_word' id='word_1_154' title='bbox 791 2067 1134 2115; x_wconf 81' lang='lat' dir='ltr'><strong>venenosum,</strong></span> <span class='ocrx_word' id='word_1_155' title='bbox 1160 2049 1441 2105; x_wconf 87' lang='lat' dir='ltr'><strong>stridorem</strong></span> <span class='ocrx_word' id='word_1_156' title='bbox 1461 2046 1726 2104; x_wconf 82' lang='lat' dir='ltr'><strong>dentium;</strong></span> <span class='ocrx_word' id='word_1_157' title='bbox 1748 2053 1803 2097; x_wconf 91' lang='lat' dir='ltr'><strong>et</strong></span> <span class='ocrx_word' id='word_1_158' title='bbox 1827 2042 1946 2112; x_wconf 85' lang='lat' dir='ltr'><strong>jure</strong></span> <span class='ocrx_word' id='word_1_159' title='bbox 1964 2040 2203 2111; x_wconf 84' lang='lat' dir='ltr'><strong>quidem.</strong></span> 
     </span>
    </p>
   </div>
   <div class='ocr_carea' id='block_1_22' title="bbox 627 2132 2201 2218">
    <p class='ocr_par' dir='ltr' id='par_1_22' title="bbox 627 2132 2201 2218">
     <span class='ocr_line' id='line_1_22' title="bbox 627 2132 2201 2218; baseline -0.013 -13"><span class='ocrx_word' id='word_1_160' title='bbox 627 2149 726 2218; x_wconf 92' lang='lat' dir='ltr'><strong>Qui</strong></span> <span class='ocrx_word' id='word_1_161' title='bbox 752 2149 892 2204; x_wconf 89' lang='lat' dir='ltr'><strong>enim</strong></span> <span class='ocrx_word' id='word_1_162' title='bbox 920 2162 1018 2201; x_wconf 91' lang='lat' dir='ltr'><strong>nec</strong></span> <span class='ocrx_word' id='word_1_163' title='bbox 1049 2154 1168 2215; x_wconf 89' lang='lat' dir='ltr'><strong>post</strong></span> <span class='ocrx_word' id='word_1_164' title='bbox 1195 2152 1396 2196; x_wconf 90' lang='lat' dir='ltr'><strong>tantum</strong></span> <span class='ocrx_word' id='word_1_165' title='bbox 1425 2137 1741 2194; x_wconf 86' lang='lat' dir='ltr'><strong>beneficium</strong></span> <span class='ocrx_word' id='word_1_166' title='bbox 1771 2135 1961 2188; x_wconf 87' lang='lat' dir='ltr'><strong>melior</strong></span> <span class='ocrx_word' id='word_1_167' title='bbox 1988 2132 2161 2187; x_wconf 80' lang='lat' dir='ltr'><strong>evadit</strong></span> <span class='ocrx_word' id='word_1_168' title='bbox 2185 2172 2201 2196; x_wconf 92' lang='lat'><strong>,</strong></span> 
     </span>
    </p>
   </div>
   <div class='ocr_carea' id='block_1_23' title="bbox 620 2222 2205 2310">
    <p class='ocr_par' dir='ltr' id='par_1_23' title="bbox 620 2222 2205 2310">
     <span class='ocr_line' id='line_1_23' title="bbox 620 2222 2205 2310; baseline -0.014 -15"><span class='ocrx_word' id='word_1_169' title='bbox 620 2240 741 2310; x_wconf 85' lang='lat' dir='ltr'><strong>jure</strong></span> <span class='ocrx_word' id='word_1_170' title='bbox 768 2247 1031 2293; x_wconf 86' lang='lat' dir='ltr'><strong>extremas</strong></span> <span class='ocrx_word' id='word_1_171' title='bbox 1073 2243 1127 2288; x_wconf 87' lang='lat' dir='ltr'><strong>et</strong></span> <span class='ocrx_word' id='word_1_172' title='bbox 1164 2232 1504 2302; x_wconf 82' lang='lat' dir='ltr'><strong>gravissimas</strong></span> <span class='ocrx_word' id='word_1_173' title='bbox 1549 2228 1733 2295; x_wconf 68' lang='lat' dir='ltr'><strong>pinnas</strong></span> <span class='ocrx_word' id='word_1_174' title='bbox 1770 2224 1937 2279; x_wconf 84' lang='lat' dir='ltr'><strong>dabit.</strong></span> <span class='ocrx_word' id='word_1_175' title='bbox 1984 2222 2205 2291; x_wconf 79' lang='lat' dir='ltr'><strong>Aperuit</strong></span> 
     </span>
    </p>
   </div>
   <div class='ocr_carea' id='block_1_24' title="bbox 626 2314 2198 2384">
    <p class='ocr_par' dir='ltr' id='par_1_24' title="bbox 626 2314 2198 2384">
     <span class='ocr_line' id='line_1_24' title="bbox 626 2314 2198 2384; baseline -0.011 0"><span class='ocrx_word' id='word_1_176' title='bbox 626 2331 754 2384; x_wconf 88' lang='lat' dir='ltr'><strong>olim</strong></span> <span class='ocrx_word' id='word_1_177' title='bbox 793 2336 847 2381; x_wconf 90' lang='lat' dir='ltr'><strong>et</strong></span> <span class='ocrx_word' id='word_1_178' title='bbox 871 2325 1062 2382; x_wconf 85' lang='lat' dir='ltr'><strong>clausit</strong></span> <span class='ocrx_word' id='word_1_179' title='bbox 1088 2324 1277 2379; x_wconf 73' lang='lat' dir='ltr'><strong>czelum</strong></span> <span class='ocrx_word' id='word_1_180' title='bbox 1308 2320 1466 2383; x_wconf 85' lang='lat' dir='ltr'><strong>Elias,</strong></span> <span class='ocrx_word' id='word_1_181' title='bbox 1499 2317 1595 2373; x_wconf 85' lang='lat' dir='ltr'><strong>sed</strong></span> <span class='ocrx_word' id='word_1_182' title='bbox 1625 2317 1697 2371; x_wconf 88' lang='lat' dir='ltr'><strong>ita</strong></span> <span class='ocrx_word' id='word_1_183' title='bbox 1736 2323 1795 2369; x_wconf 89' lang='lat' dir='ltr'><strong>ut</strong></span> <span class='ocrx_word' id='word_1_184' title='bbox 1832 2314 2061 2383; x_wconf 80' lang='lat' dir='ltr'><strong>pluviam</strong></span> <span class='ocrx_word' id='word_1_185' title='bbox 2107 2320 2198 2367; x_wconf 85' lang='lat' dir='ltr'><strong>aut</strong></span> 
     </span>
    </p>
   </div>
   <div class='ocr_carea' id='block_1_25' title="bbox 626 2404 2201 2488">
    <p class='ocr_par' dir='ltr' id='par_1_25' title="bbox 626 2404 2201 2488">
     <span class='ocr_line' id='line_1_25' title="bbox 626 2404 2201 2488; baseline -0.012 -15"><span class='ocrx_word' id='word_1_186' title='bbox 626 2418 927 2488; x_wconf 69' lang='lat' dir='ltr'><strong>demitteret</strong></span> <span class='ocrx_word' id='word_1_187' title='bbox 970 2426 1061 2469; x_wconf 88' lang='lat' dir='ltr'><strong>aut</strong></span> <span class='ocrx_word' id='word_1_188' title='bbox 1090 2414 1341 2467; x_wconf 83' lang='lat' dir='ltr'><strong>retineret</strong></span> <span class='ocrx_word' id='word_1_189' title='bbox 1371 2407 1447 2482; x_wconf 75' lang='lat'><strong>(3.</strong></span> <span class='ocrx_word' id='word_1_190' title='bbox 1481 2406 1607 2478; x_wconf 82' lang='lat' dir='ltr'><strong>Reg.</strong></span> <span class='ocrx_word' id='word_1_191' title='bbox 1642 2408 1731 2474; x_wconf 81' lang='grc'><strong>17)</strong></span> <span class='ocrx_word' id='word_1_192' title='bbox 1761 2423 1774 2458; x_wconf 91' lang='lat'>:</span> <span class='ocrx_word' id='word_1_193' title='bbox 1804 2404 1896 2459; x_wconf 89' lang='lat' dir='ltr'><strong>tibi</strong></span> <span class='ocrx_word' id='word_1_194' title='bbox 1924 2418 2052 2457; x_wconf 86' lang='lat' dir='ltr'><strong>vero</strong></span> <span class='ocrx_word' id='word_1_195' title='bbox 2095 2417 2201 2455; x_wconf 90' lang='lat' dir='ltr'><strong>non</strong></span> 
     </span>
    </p>
   </div>
   <div class='ocr_carea' id='block_1_26' title="bbox 624 2492 2205 2577">
    <p class='ocr_par' dir='ltr' id='par_1_26' title="bbox 624 2492 2205 2577">
     <span class='ocr_line' id='line_1_26' title="bbox 624 2492 2205 2577; baseline -0.013 -12"><span class='ocrx_word' id='word_1_196' title='bbox 624 2510 699 2577; x_wconf 80' lang='lat' dir='ltr'><strong>ita</strong></span> <span class='ocrx_word' id='word_1_197' title='bbox 727 2508 916 2563; x_wconf 72' lang='lat' dir='ltr'><strong>czelum</strong></span> <span class='ocrx_word' id='word_1_198' title='bbox 958 2504 1195 2575; x_wconf 87' lang='lat' dir='ltr'><strong>aperitur</strong></span> <span class='ocrx_word' id='word_1_199' title='bbox 1220 2543 1236 2568; x_wconf 94' lang='lat'><strong>,</strong></span> <span class='ocrx_word' id='word_1_200' title='bbox 1267 2500 1358 2555; x_wconf 89' lang='lat' dir='ltr'><strong>sed</strong></span> <span class='ocrx_word' id='word_1_201' title='bbox 1392 2506 1446 2553; x_wconf 91' lang='lat' dir='ltr'><strong>ut</strong></span> <span class='ocrx_word' id='word_1_202' title='bbox 1474 2497 1598 2552; x_wconf 89' lang='lat' dir='ltr'><strong>illuc</strong></span> <span class='ocrx_word' id='word_1_203' title='bbox 1626 2493 1912 2557; x_wconf 88' lang='lat' dir='ltr'><strong>ascendas;</strong></span> <span class='ocrx_word' id='word_1_204' title='bbox 1957 2492 2205 2562; x_wconf 86' lang='lat' dir='ltr'><strong>quodque</strong></span> 
     </span>
    </p>
   </div>
   <div class='ocr_carea' id='block_1_27' title="bbox 624 2582 2204 2668">
    <p class='ocr_par' dir='ltr' id='par_1_27' title="bbox 624 2582 2204 2668">
     <span class='ocr_line' id='line_1_27' title="bbox 624 2582 2204 2668; baseline -0.012 -14"><span class='ocrx_word' id='word_1_205' title='bbox 624 2599 795 2668; x_wconf 83' lang='lat' dir='ltr'><strong>majus</strong></span> <span class='ocrx_word' id='word_1_206' title='bbox 834 2606 951 2663; x_wconf 87' lang='lat' dir='ltr'><strong>est,</strong></span> <span class='ocrx_word' id='word_1_207' title='bbox 999 2610 1102 2649; x_wconf 90' lang='lat' dir='ltr'><strong>non</strong></span> <span class='ocrx_word' id='word_1_208' title='bbox 1150 2604 1206 2648; x_wconf 84' lang='lat' dir='ltr'><strong>ut</strong></span> <span class='ocrx_word' id='word_1_209' title='bbox 1248 2589 1509 2651; x_wconf 81' lang='lat' dir='ltr'><strong>ascendas</strong></span> <span class='ocrx_word' id='word_1_210' title='bbox 1555 2596 1758 2640; x_wconf 88' lang='lat' dir='ltr'><strong>tantum</strong></span> <span class='ocrx_word' id='word_1_211' title='bbox 1784 2626 1800 2651; x_wconf 90' lang='lat'><strong>,</strong></span> <span class='ocrx_word' id='word_1_212' title='bbox 1832 2583 1926 2639; x_wconf 87' lang='lat' dir='ltr'><strong>sed</strong></span> <span class='ocrx_word' id='word_1_213' title='bbox 1973 2591 2029 2637; x_wconf 90' lang='lat' dir='ltr'><strong>ut</strong></span> <span class='ocrx_word' id='word_1_214' title='bbox 2070 2582 2204 2635; x_wconf 89' lang='lat' dir='ltr'><strong>alios</strong></span> 
     </span>
    </p>
   </div>
   <div class='ocr_carea' id='block_1_28' title="bbox 625 2673 2204 2747">
    <p class='ocr_par' dir='ltr' id='par_1_28' title="bbox 625 2673 2204 2747">
     <span class='ocr_line' id='line_1_28' title="bbox 625 2673 2204 2747; baseline -0.013 -3"><span class='ocrx_word' id='word_1_215' title='bbox 625 2692 787 2744; x_wconf 79' lang='lat' dir='ltr'><strong>etiam</strong></span> <span class='ocrx_word' id='word_1_216' title='bbox 818 2699 991 2742; x_wconf 84' lang='lat' dir='ltr'><strong>tecum</strong></span> <span class='ocrx_word' id='word_1_217' title='bbox 1018 2686 1202 2747; x_wconf 88' lang='lat' dir='ltr'><strong>ducas,</strong></span> <span class='ocrx_word' id='word_1_218' title='bbox 1234 2684 1276 2736; x_wconf 89' lang='lat' dir='ltr'><strong>si</strong></span> <span class='ocrx_word' id='word_1_219' title='bbox 1308 2679 1464 2743; x_wconf 88' lang='lat' dir='ltr'><strong>velis,</strong></span> <span class='ocrx_word' id='word_1_220' title='bbox 1500 2686 1708 2741; x_wconf 59' lang='lat' dir='ltr'><strong>tantam,</strong></span> <span class='ocrx_word' id='word_1_221' title='bbox 1723 2673 1816 2729; x_wconf 88' lang='lat' dir='ltr'><strong>tibi</strong></span> <span class='ocrx_word' id='word_1_222' title='bbox 1859 2674 1911 2727; x_wconf 93' lang='lat' dir='ltr'><strong>in</strong></span> <span class='ocrx_word' id='word_1_223' title='bbox 1939 2673 2050 2726; x_wconf 88' lang='lat' dir='ltr'><strong>suis</strong></span> <span class='ocrx_word' id='word_1_224' title='bbox 2081 2687 2204 2725; x_wconf 51' lang='lat' dir='ltr'><strong>ama</strong></span> 
     </span>
    </p>
   </div>
   <div class='ocr_carea' id='block_1_29' title="bbox 624 2760 2203 2841">
    <p class='ocr_par' dir='ltr' id='par_1_29' title="bbox 624 2760 2203 2841">
     <span class='ocr_line' id='line_1_29' title="bbox 624 2760 2203 2841; baseline -0.012 -8"><span class='ocrx_word' id='word_1_225' title='bbox 624 2779 782 2833; x_wconf 73' lang='lat' dir='ltr'><strong>nibus</strong></span> <span class='ocrx_word' id='word_1_226' title='bbox 807 2777 1050 2831; x_wconf 82' lang='lat' dir='ltr'><strong>fiduciam</strong></span> <span class='ocrx_word' id='word_1_227' title='bbox 1094 2781 1148 2827; x_wconf 89' lang='lat' dir='ltr'><strong>et</strong></span> <span class='ocrx_word' id='word_1_228' title='bbox 1188 2777 1500 2841; x_wconf 83' lang='lat' dir='ltr'><strong>potestatein</strong></span> <span class='ocrx_word' id='word_1_229' title='bbox 1543 2765 1706 2820; x_wconf 87' lang='lat' dir='ltr'><strong>dedit.</strong></span> <span class='ocrx_word' id='word_1_230' title='bbox 1738 2763 1997 2830; x_wconf 84' lang='lat' dir='ltr'><strong>Quoniam</strong></span> <span class='ocrx_word' id='word_1_231' title='bbox 2044 2760 2203 2831; x_wconf 87' lang='lat' dir='ltr'><strong>igitur</strong></span> 
     </span>
    </p>
   </div>
   <div class='ocr_carea' id='block_1_30' title="bbox 623 2851 2199 2924">
    <p class='ocr_par' dir='ltr' id='par_1_30' title="bbox 623 2851 2199 2924">
     <span class='ocr_line' id='line_1_30' title="bbox 623 2851 2199 2924; baseline -0.013 -1"><span class='ocrx_word' id='word_1_232' title='bbox 623 2869 695 2924; x_wconf 81' lang='lat' dir='ltr'><strong>ibi</strong></span> <span class='ocrx_word' id='word_1_233' title='bbox 724 2868 915 2922; x_wconf 85' lang='lat' dir='ltr'><strong>domus</strong></span> <span class='ocrx_word' id='word_1_234' title='bbox 940 2872 1119 2919; x_wconf 84' lang='lat' dir='ltr'><strong>nostra</strong></span> <span class='ocrx_word' id='word_1_235' title='bbox 1148 2872 1247 2923; x_wconf 82' lang='lat' dir='ltr'><strong>est,</strong></span> <span class='ocrx_word' id='word_1_236' title='bbox 1278 2860 1385 2913; x_wconf 90' lang='lat' dir='ltr'><strong>illic</strong></span> <span class='ocrx_word' id='word_1_237' title='bbox 1406 2857 1583 2913; x_wconf 87' lang='lat' dir='ltr'><strong>omnia</strong></span> <span class='ocrx_word' id='word_1_238' title='bbox 1609 2856 1961 2923; x_wconf 84' lang='lat' dir='ltr'><strong>deponamus,</strong></span> <span class='ocrx_word' id='word_1_239' title='bbox 1987 2862 2040 2906; x_wconf 90' lang='lat' dir='ltr'><strong>et</strong></span> <span class='ocrx_word' id='word_1_240' title='bbox 2070 2851 2199 2904; x_wconf 84' lang='lat' dir='ltr'><strong>nihil</strong></span> 
     </span>
    </p>
   </div>
   <div class='ocr_carea' id='block_1_31' title="bbox 627 2943 2199 3025">
    <p class='ocr_par' dir='ltr' id='par_1_31' title="bbox 627 2943 2199 3025">
     <span class='ocr_line' id='line_1_31' title="bbox 627 2943 2199 3025; baseline -0.012 -13"><span class='ocrx_word' id='word_1_241' title='bbox 627 2960 713 3013; x_wconf 83' lang='lat' dir='ltr'><strong>hic</strong></span> <span class='ocrx_word' id='word_1_242' title='bbox 743 2958 1124 3025; x_wconf 84' lang='lat' dir='ltr'><strong>relinquamus,</strong></span> <span class='ocrx_word' id='word_1_243' title='bbox 1160 2968 1226 3006; x_wconf 90' lang='lat' dir='ltr'><strong>ne</strong></span> <span class='ocrx_word' id='word_1_244' title='bbox 1255 2951 1342 3004; x_wconf 86' lang='lat' dir='ltr'><strong>illa</strong></span> <span class='ocrx_word' id='word_1_245' title='bbox 1365 2948 1669 3019; x_wconf 79' lang='lat' dir='ltr'><strong>perdamus.</strong></span> <span class='ocrx_word' id='word_1_246' title='bbox 1700 2945 1797 2999; x_wconf 68' lang='lat' dir='ltr'><strong>llic</strong></span> <span class='ocrx_word' id='word_1_247' title='bbox 1824 2944 1964 2999; x_wconf 91' lang='lat' dir='ltr'><strong>enim</strong></span> <span class='ocrx_word' id='word_1_248' title='bbox 1993 2943 2199 2997; x_wconf 88' lang='lat' dir='ltr'><strong>etiamsi</strong></span> 
     </span>
    </p>
   </div>
   <div class='ocr_carea' id='block_1_32' title="bbox 624 3035 2201 3111">
    <p class='ocr_par' dir='ltr' id='par_1_32' title="bbox 624 3035 2201 3111">
     <span class='ocr_line' id='line_1_32' title="bbox 624 3035 2201 3111; baseline -0.01 -7"><span class='ocrx_word' id='word_1_249' title='bbox 624 3049 830 3104; x_wconf 80' lang='lat' dir='ltr'><strong>clavem</strong></span> <span class='ocrx_word' id='word_1_250' title='bbox 856 3046 1109 3099; x_wconf 85' lang='lat' dir='ltr'><strong>adhibeas</strong></span> <span class='ocrx_word' id='word_1_251' title='bbox 1136 3085 1148 3106; x_wconf 94' lang='lat'><strong>,</strong></span> <span class='ocrx_word' id='word_1_252' title='bbox 1180 3052 1232 3096; x_wconf 89' lang='lat' dir='ltr'><strong>et</strong></span> <span class='ocrx_word' id='word_1_253' title='bbox 1261 3052 1441 3111; x_wconf 85' lang='lat' dir='ltr'><strong>portas</strong></span> <span class='ocrx_word' id='word_1_254' title='bbox 1466 3047 1519 3094; x_wconf 85' lang='lat' dir='ltr'><strong>et</strong></span> <span class='ocrx_word' id='word_1_255' title='bbox 1545 3048 1753 3103; x_wconf 89' lang='lat' dir='ltr'><strong>vectes,</strong></span> <span class='ocrx_word' id='word_1_256' title='bbox 1783 3037 1827 3090; x_wconf 89' lang='lat' dir='ltr'><strong>si</strong></span> <span class='ocrx_word' id='word_1_257' title='bbox 1852 3035 1997 3090; x_wconf 91' lang='lat' dir='ltr'><strong>mille</strong></span> <span class='ocrx_word' id='word_1_258' title='bbox 2018 3050 2201 3088; x_wconf 82' lang='lat' dir='ltr'><strong>servos</strong></span> 
     </span>
    </p>
   </div>
   <div class='ocr_carea' id='block_1_33' title="bbox 621 3126 2200 3204">
    <p class='ocr_par' dir='ltr' id='par_1_33' title="bbox 621 3126 2200 3204">
     <span class='ocr_line' id='line_1_33' title="bbox 621 3126 2200 3204; baseline -0.009 -12"><span class='ocrx_word' id='word_1_259' title='bbox 621 3140 779 3192; x_wconf 74' lang='lat' dir='ltr'><strong>sisms</strong></span> <span class='ocrx_word' id='word_1_260' title='bbox 803 3177 818 3201; x_wconf 92' lang='lat'><strong>,</strong></span> <span class='ocrx_word' id='word_1_261' title='bbox 865 3146 921 3189; x_wconf 88' lang='lat' dir='ltr'><strong>et</strong></span> <span class='ocrx_word' id='word_1_262' title='bbox 954 3134 1287 3204; x_wconf 77' lang='lat' dir='ltr'><strong>insidiatores</strong></span> <span class='ocrx_word' id='word_1_263' title='bbox 1315 3145 1503 3185; x_wconf 88' lang='lat' dir='ltr'><strong>omnes</strong></span> <span class='ocrx_word' id='word_1_264' title='bbox 1530 3129 1765 3183; x_wconf 87' lang='lat' dir='ltr'><strong>declines</strong></span> <span class='ocrx_word' id='word_1_265' title='bbox 1785 3168 1799 3192; x_wconf 96' lang='lat'><strong>,</strong></span> <span class='ocrx_word' id='word_1_266' title='bbox 1829 3126 2034 3181; x_wconf 79' lang='lat' dir='ltr'><strong>etiamsi</strong></span> <span class='ocrx_word' id='word_1_267' title='bbox 2068 3127 2200 3179; x_wconf 78' lang='lat' dir='ltr'><strong>invi-</strong></span> 
     </span>
    </p>
   </div>
   <div class='ocr_carea' id='block_1_34' title="bbox 621 3217 2196 3291">
    <p class='ocr_par' dir='ltr' id='par_1_34' title="bbox 621 3217 2196 3291">
     <span class='ocr_line' id='line_1_34' title="bbox 621 3217 2196 3291; baseline -0.008 -10"><span class='ocrx_word' id='word_1_268' title='bbox 621 3229 810 3281; x_wconf 87' lang='lat' dir='ltr'><strong>dorum</strong></span> <span class='ocrx_word' id='word_1_269' title='bbox 842 3226 1023 3279; x_wconf 85' lang='lat' dir='ltr'><strong>oculos</strong></span> <span class='ocrx_word' id='word_1_270' title='bbox 1052 3222 1291 3291; x_wconf 71' lang='lat' dir='ltr'><strong>effugias,</strong></span> <span class='ocrx_word' id='word_1_271' title='bbox 1320 3222 1418 3275; x_wconf 82' lang='lat' dir='ltr'><strong>etsi</strong></span> <span class='ocrx_word' id='word_1_272' title='bbox 1449 3220 1637 3280; x_wconf 83' lang='lat' dir='ltr'><strong>tineas,</strong></span> <span class='ocrx_word' id='word_1_273' title='bbox 1666 3217 1874 3273; x_wconf 89' lang='lat' dir='ltr'><strong>etiamsi</strong></span> <span class='ocrx_word' id='word_1_274' title='bbox 1909 3217 2196 3285; x_wconf 72' lang='lat' dir='ltr'><strong>pernicium</strong></span> 
     </span>
    </p>
   </div>
   <div class='ocr_carea' id='block_1_35' title="bbox 628 3307 2197 3386">
    <p class='ocr_par' dir='ltr' id='par_1_35' title="bbox 628 3307 2197 3386">
     <span class='ocr_line' id='line_1_35' title="bbox 628 3307 2197 3386; baseline -0.008 -16"><span class='ocrx_word' id='word_1_275' title='bbox 628 3333 785 3386; x_wconf 88' lang='lat' dir='ltr'><strong>quam</strong></span> <span class='ocrx_word' id='word_1_276' title='bbox 814 3324 1050 3368; x_wconf 85' lang='lat' dir='ltr'><strong>vetustas</strong></span> <span class='ocrx_word' id='word_1_277' title='bbox 1071 3312 1226 3366; x_wconf 83' lang='lat' dir='ltr'><strong>affert</strong></span> <span class='ocrx_word' id='word_1_278' title='bbox 1254 3352 1268 3374; x_wconf 95' lang='lat'><strong>,</strong></span> <span class='ocrx_word' id='word_1_279' title='bbox 1299 3310 1439 3379; x_wconf 88' lang='lat' dir='ltr'><strong>quod</strong></span> <span class='ocrx_word' id='word_1_280' title='bbox 1468 3319 1642 3362; x_wconf 89' lang='lat' dir='ltr'><strong>tamen</strong></span> <span class='ocrx_word' id='word_1_281' title='bbox 1677 3308 1788 3361; x_wconf 85' lang='lat' dir='ltr'><strong>fieri</strong></span> <span class='ocrx_word' id='word_1_282' title='bbox 1820 3307 2021 3374; x_wconf 89' lang='lat' dir='ltr'><strong>nequit,</strong></span> <span class='ocrx_word' id='word_1_283' title='bbox 2050 3322 2197 3357; x_wconf 83' lang='lat' dir='ltr'><strong>tuor-</strong></span> 
     </span>
    </p>
   </div>
   <div class='ocr_carea' id='block_1_36' title="bbox 624 3397 2198 3469">
    <p class='ocr_par' dir='ltr' id='par_1_36' title="bbox 624 3397 2198 3469">
     <span class='ocr_line' id='line_1_36' title="bbox 624 3397 2198 3469; baseline -0.008 -9"><span class='ocrx_word' id='word_1_284' title='bbox 624 3418 731 3460; x_wconf 90' lang='lat' dir='ltr'><strong>tem</strong></span> <span class='ocrx_word' id='word_1_285' title='bbox 759 3416 903 3457; x_wconf 88' lang='lat' dir='ltr'><strong>eerte</strong></span> <span class='ocrx_word' id='word_1_286' title='bbox 934 3418 1037 3456; x_wconf 91' lang='lat' dir='ltr'><strong>non</strong></span> <span class='ocrx_word' id='word_1_287' title='bbox 1068 3399 1287 3469; x_wconf 83' lang='lat' dir='ltr'><strong>effugies</strong></span> <span class='ocrx_word' id='word_1_288' title='bbox 1311 3441 1325 3462; x_wconf 95' lang='lat'><strong>,</strong></span> <span class='ocrx_word' id='word_1_289' title='bbox 1372 3413 1581 3467; x_wconf 88' lang='lat' dir='ltr'><strong>unoque</strong></span> <span class='ocrx_word' id='word_1_290' title='bbox 1633 3397 1886 3464; x_wconf 87' lang='lat' dir='ltr'><strong>temporis</strong></span> <span class='ocrx_word' id='word_1_291' title='bbox 1928 3404 2198 3449; x_wconf 88' lang='lat' dir='ltr'><strong>momento</strong></span> 
     </span>
    </p>
   </div>
   <div class='ocr_carea' id='block_1_37' title="bbox 631 3484 2195 3549">
    <p class='ocr_par' dir='ltr' id='par_1_37' title="bbox 631 3484 2195 3549">
     <span class='ocr_line' id='line_1_37' title="bbox 631 3484 2195 3549; baseline -0.009 0"><span class='ocrx_word' id='word_1_292' title='bbox 631 3497 747 3549; x_wconf 73' lang='lat' dir='ltr'><strong>haec</strong></span> <span class='ocrx_word' id='word_1_293' title='bbox 774 3494 947 3547; x_wconf 86' lang='lat' dir='ltr'><strong>omnia</strong></span> <span class='ocrx_word' id='word_1_294' title='bbox 996 3490 1301 3544; x_wconf 72' lang='lat' dir='ltr'><strong>auferantur</strong></span> <span class='ocrx_word' id='word_1_295' title='bbox 1331 3506 1345 3542; x_wconf 76' lang='grc' dir='ltr'>ε</span> <span class='ocrx_word' id='word_1_296' title='bbox 1391 3502 1488 3542; x_wconf 86' lang='lat' dir='ltr'><strong>nec</strong></span> <span class='ocrx_word' id='word_1_297' title='bbox 1520 3486 1677 3540; x_wconf 88' lang='lat' dir='ltr'><strong>modo</strong></span> <span class='ocrx_word' id='word_1_298' title='bbox 1706 3484 2049 3543; x_wconf 86' lang='lat' dir='ltr'><strong>auferentur,</strong></span> <span class='ocrx_word' id='word_1_299' title='bbox 2103 3486 2195 3537; x_wconf 89' lang='lat' dir='ltr'><strong>sed</strong></span> 
     </span>
    </p>
   </div>
   <div class='ocr_carea' id='block_1_38' title="bbox 621 3576 2195 3653">
    <p class='ocr_par' dir='ltr' id='par_1_38' title="bbox 621 3576 2195 3653">
     <span class='ocr_line' id='line_1_38' title="bbox 621 3576 2195 3653; baseline -0.006 -14"><span class='ocrx_word' id='word_1_300' title='bbox 621 3588 780 3641; x_wconf 86' lang='lat' dir='ltr'><strong>etiam</strong></span> <span class='ocrx_word' id='word_1_301' title='bbox 826 3600 966 3653; x_wconf 68' lang='lat' dir='ltr'><strong>saepe</strong></span> <span class='ocrx_word' id='word_1_302' title='bbox 998 3584 1048 3637; x_wconf 93' lang='lat' dir='ltr'><strong>in</strong></span> <span class='ocrx_word' id='word_1_303' title='bbox 1079 3598 1265 3635; x_wconf 88' lang='lat' dir='ltr'><strong>manus</strong></span> <span class='ocrx_word' id='word_1_304' title='bbox 1294 3580 1629 3633; x_wconf 86' lang='lat' dir='ltr'><strong>inimicorum</strong></span> <span class='ocrx_word' id='word_1_305' title='bbox 1663 3577 1953 3631; x_wconf 86' lang='lat' dir='ltr'><strong>tradentur.</strong></span> <span class='ocrx_word' id='word_1_306' title='bbox 1984 3576 2038 3628; x_wconf 88' lang='lat' dir='ltr'><strong>Si</strong></span> <span class='ocrx_word' id='word_1_307' title='bbox 2069 3591 2195 3629; x_wconf 71' lang='lat' dir='ltr'><strong>vero</strong></span> 
     </span>
    </p>
   </div>
   <div class='ocr_carea' id='block_1_39' title="bbox 570 3665 2194 3733">
    <p class='ocr_par' dir='ltr' id='par_1_39' title="bbox 570 3665 2194 3733">
     <span class='ocr_line' id='line_1_39' title="bbox 570 3665 2194 3733; baseline -0.008 -2"><span class='ocrx_word' id='word_1_308' title='bbox 570 3684 571 3687; x_wconf 70' lang='grc'><em>“</em></span> <span class='ocrx_word' id='word_1_309' title='bbox 619 3680 671 3731; x_wconf 82' lang='grc' dir='ltr'><strong>1η</strong></span> <span class='ocrx_word' id='word_1_310' title='bbox 701 3676 913 3730; x_wconf 87' lang='lat' dir='ltr'><strong>donmm</strong></span> <span class='ocrx_word' id='word_1_311' title='bbox 955 3673 1096 3727; x_wconf 86' lang='lat' dir='ltr'><strong>illam</strong></span> <span class='ocrx_word' id='word_1_312' title='bbox 1139 3672 1498 3730; x_wconf 69' lang='lat' dir='ltr'><strong>transmittas,</strong></span> <span class='ocrx_word' id='word_1_313' title='bbox 1535 3667 1779 3722; x_wconf 87' lang='lat' dir='ltr'><strong>omnibus</strong></span> <span class='ocrx_word' id='word_1_314' title='bbox 1829 3665 1910 3719; x_wconf 84' lang='lat' dir='ltr'><strong>liis</strong></span> <span class='ocrx_word' id='word_1_315' title='bbox 1950 3666 2194 3733; x_wconf 81' lang='lat' dir='ltr'><strong>Superior</strong></span> 
     </span>
    </p>
   </div>
   <div class='ocr_carea' id='block_1_40' title="bbox 616 3754 2190 3833">
    <p class='ocr_par' dir='ltr' id='par_1_40' title="bbox 616 3754 2190 3833">
     <span class='ocr_line' id='line_1_40' title="bbox 616 3754 2190 3833; baseline -0.009 -12"><span class='ocrx_word' id='word_1_316' title='bbox 616 3769 744 3822; x_wconf 84' lang='lat' dir='ltr'><strong>eris.</strong></span> <span class='ocrx_word' id='word_1_317' title='bbox 786 3766 965 3833; x_wconf 78' lang='lat' dir='ltr'><strong>Neque</strong></span> <span class='ocrx_word' id='word_1_318' title='bbox 990 3765 1129 3818; x_wconf 90' lang='lat' dir='ltr'><strong>enim</strong></span> <span class='ocrx_word' id='word_1_319' title='bbox 1161 3762 1337 3815; x_wconf 73' lang='lat' dir='ltr'><strong>claves</strong></span> <span class='ocrx_word' id='word_1_320' title='bbox 1364 3800 1377 3821; x_wconf 91' lang='lat'><strong>,</strong></span> <span class='ocrx_word' id='word_1_321' title='bbox 1418 3759 1503 3813; x_wconf 88' lang='lat' dir='ltr'><strong>vel</strong></span> <span class='ocrx_word' id='word_1_322' title='bbox 1544 3768 1744 3826; x_wconf 62' lang='lat' dir='ltr'><strong>portas,</strong></span> <span class='ocrx_word' id='word_1_323' title='bbox 1778 3758 1857 3809; x_wconf 89' lang='lat' dir='ltr'><strong>vel</strong></span> <span class='ocrx_word' id='word_1_324' title='bbox 1887 3766 2065 3809; x_wconf 80' lang='lat' dir='ltr'><strong>vectes</strong></span> <span class='ocrx_word' id='word_1_325' title='bbox 2094 3754 2190 3807; x_wconf 81' lang='lat' dir='ltr'><strong>ad-</strong></span> 
     </span>
    </p>
   </div>
   <div class='ocr_carea' id='block_1_41' title="bbox 619 3847 2189 3923">
    <p class='ocr_par' dir='ltr' id='par_1_41' title="bbox 619 3847 2189 3923">
     <span class='ocr_line' id='line_1_41' title="bbox 619 3847 2189 3923; baseline -0.008 -14"><span class='ocrx_word' id='word_1_326' title='bbox 619 3857 803 3909; x_wconf 88' lang='lat' dir='ltr'><strong>bibere</strong></span> <span class='ocrx_word' id='word_1_327' title='bbox 831 3863 1038 3923; x_wconf 88' lang='lat' dir='ltr'><strong>oportet</strong></span> <span class='ocrx_word' id='word_1_328' title='bbox 1065 3871 1078 3911; x_wconf 85' lang='lat'><strong>;</strong></span> <span class='ocrx_word' id='word_1_329' title='bbox 1124 3867 1289 3917; x_wconf 74' lang='lat' dir='ltr'><strong>usque</strong></span> <span class='ocrx_word' id='word_1_330' title='bbox 1331 3848 1464 3902; x_wconf 86' lang='lat' dir='ltr'><strong>adeo</strong></span> <span class='ocrx_word' id='word_1_331' title='bbox 1491 3848 1689 3900; x_wconf 88' lang='lat' dir='ltr'><strong>munita</strong></span> <span class='ocrx_word' id='word_1_332' title='bbox 1729 3857 1808 3899; x_wconf 85' lang='lat' dir='ltr'><strong>est</strong></span> <span class='ocrx_word' id='word_1_333' title='bbox 1853 3847 1941 3900; x_wconf 88' lang='lat' dir='ltr'><strong>illa</strong></span> <span class='ocrx_word' id='word_1_334' title='bbox 1970 3847 2155 3899; x_wconf 84' lang='lat' dir='ltr'><strong>civitas</strong></span> <span class='ocrx_word' id='word_1_335' title='bbox 2177 3886 2189 3907; x_wconf 92' lang='lat'><strong>,</strong></span> 
     </span>
    </p>
   </div>
   <div class='ocr_carea' id='block_1_42' title="bbox 620 3936 2189 4012">
    <p class='ocr_par' dir='ltr' id='par_1_42' title="bbox 620 3936 2189 4012">
     <span class='ocr_line' id='line_1_42' title="bbox 620 3936 2189 4012; baseline -0.008 -12"><span class='ocrx_word' id='word_1_336' title='bbox 620 3957 726 4001; x_wconf 90' lang='lat' dir='ltr'><strong>tam</strong></span> <span class='ocrx_word' id='word_1_337' title='bbox 758 3943 1189 4012; x_wconf 80' lang='lat' dir='ltr'><strong>inexpugnabilis</strong></span> <span class='ocrx_word' id='word_1_338' title='bbox 1215 3942 1382 4003; x_wconf 89' lang='lat' dir='ltr'><strong>locus,</strong></span> <span class='ocrx_word' id='word_1_339' title='bbox 1408 3948 1511 3992; x_wconf 85' lang='lat' dir='ltr'><strong>tam</strong></span> <span class='ocrx_word' id='word_1_340' title='bbox 1542 3937 1839 3990; x_wconf 69' lang='lat' dir='ltr'><strong>inaccessos</strong></span> <span class='ocrx_word' id='word_1_341' title='bbox 1867 3936 2189 4004; x_wconf 84' lang='lat' dir='ltr'><strong>corruptioui</strong></span> 
     </span>
    </p>
   </div>
   <div class='ocr_carea' id='block_1_43' title="bbox 614 4034 1029 4103">
    <p class='ocr_par' dir='ltr' id='par_1_43' title="bbox 614 4034 1029 4103">
     <span class='ocr_line' id='line_1_43' title="bbox 614 4034 1029 4103; baseline -0.017 -12"><span class='ocrx_word' id='word_1_342' title='bbox 614 4048 669 4091; x_wconf 86' lang='lat' dir='ltr'><strong>ct</strong></span> <span class='ocrx_word' id='word_1_343' title='bbox 695 4034 1029 4103; x_wconf 78' lang='lat' dir='ltr'><strong>malignitati.</strong></span> 
     </span>
    </p>
   </div>
   <div class='ocr_carea' id='block_1_44' title="bbox 683 4114 2180 4179">
    <p class='ocr_par' dir='ltr' id='par_1_44' title="bbox 683 4114 2180 4179">
     <span class='ocr_line' id='line_1_44' title="bbox 683 4114 2180 4179; baseline -0.007 0"><span class='ocrx_word' id='word_1_344' title='bbox 683 4124 736 4179; x_wconf 85' lang='lat'><strong>5.</strong></span> <span class='ocrx_word' id='word_1_345' title='bbox 778 4127 967 4175; x_wconf 84' lang='lat' dir='ltr'><strong>Annon</strong></span> <span class='ocrx_word' id='word_1_346' title='bbox 1012 4129 1262 4175; x_wconf 72' lang='lat' dir='ltr'><strong>extrema:</strong></span> <span class='ocrx_word' id='word_1_347' title='bbox 1302 4115 1582 4170; x_wconf 64' lang='lat' dir='ltr'><strong>dementiae</strong></span> <span class='ocrx_word' id='word_1_348' title='bbox 1608 4126 1723 4174; x_wconf 80' lang='lat' dir='ltr'><strong>est.</strong></span> <span class='ocrx_word' id='word_1_349' title='bbox 1758 4114 1829 4167; x_wconf 86' lang='lat' dir='ltr'><strong>ibi</strong></span> <span class='ocrx_word' id='word_1_350' title='bbox 1874 4116 2051 4168; x_wconf 87' lang='lat' dir='ltr'><strong>omnia</strong></span> <span class='ocrx_word' id='word_1_351' title='bbox 2091 4130 2180 4168; x_wconf 86' lang='lat' dir='ltr'><strong>ac-</strong></span> 
     </span>
    </p>
   </div>
   <div class='ocr_carea' id='block_1_45' title="bbox 612 4208 2184 4278">
    <p class='ocr_par' dir='ltr' id='par_1_45' title="bbox 612 4208 2184 4278">
     <span class='ocr_line' id='line_1_45' title="bbox 612 4208 2184 4278; baseline -0.006 -10"><span class='ocrx_word' id='word_1_352' title='bbox 612 4213 884 4268; x_wconf 85' lang='lat' dir='ltr'><strong>cumulare</strong></span> <span class='ocrx_word' id='word_1_353' title='bbox 908 4213 995 4264; x_wconf 90' lang='lat' dir='ltr'><strong>ubi</strong></span> <span class='ocrx_word' id='word_1_354' title='bbox 1024 4210 1265 4278; x_wconf 85' lang='lat' dir='ltr'><strong>deposita</strong></span> <span class='ocrx_word' id='word_1_355' title='bbox 1294 4213 1516 4273; x_wconf 89' lang='lat' dir='ltr'><strong>pereunt</strong></span> <span class='ocrx_word' id='word_1_356' title='bbox 1555 4213 1607 4257; x_wconf 88' lang='lat' dir='ltr'><strong>et</strong></span> <span class='ocrx_word' id='word_1_357' title='bbox 1628 4214 2062 4273; x_wconf 87' lang='lat' dir='ltr'><strong>corrumpuntur,</strong></span> <span class='ocrx_word' id='word_1_358' title='bbox 2096 4208 2184 4258; x_wconf 88' lang='lat' dir='ltr'><strong>ubi</strong></span> 
     </span>
    </p>
   </div>
   <div class='ocr_carea' id='block_1_46' title="bbox 613 4293 2187 4365">
    <p class='ocr_par' dir='ltr' id='par_1_46' title="bbox 613 4293 2187 4365">
     <span class='ocr_line' id='line_1_46' title="bbox 613 4293 2187 4365; baseline -0.006 -8"><span class='ocrx_word' id='word_1_359' title='bbox 613 4322 742 4360; x_wconf 80' lang='lat' dir='ltr'><strong>vero</strong></span> <span class='ocrx_word' id='word_1_360' title='bbox 789 4306 986 4357; x_wconf 88' lang='lat' dir='ltr'><strong>intacta</strong></span> <span class='ocrx_word' id='word_1_361' title='bbox 1036 4308 1252 4353; x_wconf 86' lang='lat' dir='ltr'><strong>manent</strong></span> <span class='ocrx_word' id='word_1_362' title='bbox 1298 4306 1351 4351; x_wconf 90' lang='lat' dir='ltr'><strong>et</strong></span> <span class='ocrx_word' id='word_1_363' title='bbox 1375 4304 1669 4365; x_wconf 77' lang='lat' dir='ltr'><strong>augentur,</strong></span> <span class='ocrx_word' id='word_1_364' title='bbox 1704 4294 1772 4347; x_wconf 89' lang='lat' dir='ltr'><strong>ibi</strong></span> <span class='ocrx_word' id='word_1_365' title='bbox 1805 4310 1872 4349; x_wconf 88' lang='lat' dir='ltr'><strong>ne</strong></span> <span class='ocrx_word' id='word_1_366' title='bbox 1916 4293 2187 4348; x_wconf 87' lang='lat' dir='ltr'><strong>minimam</strong></span> 
     </span>
    </p>
   </div>
   <div class='ocr_carea' id='block_1_47' title="bbox 613 4386 2182 4463">
    <p class='ocr_par' dir='ltr' id='par_1_47' title="bbox 613 4386 2182 4463">
     <span class='ocr_line' id='line_1_47' title="bbox 613 4386 2182 4463; baseline -0.008 -12"><span class='ocrx_word' id='word_1_367' title='bbox 613 4411 796 4451; x_wconf 90' lang='lat' dir='ltr'><strong>eorum</strong></span> <span class='ocrx_word' id='word_1_368' title='bbox 829 4403 1035 4463; x_wconf 83' lang='lat' dir='ltr'><strong>partem</strong></span> <span class='ocrx_word' id='word_1_369' title='bbox 1062 4393 1363 4459; x_wconf 80' lang='lat' dir='ltr'><strong>deponere,</strong></span> <span class='ocrx_word' id='word_1_370' title='bbox 1392 4401 1511 4439; x_wconf 82' lang='lat' dir='ltr'><strong>cum</strong></span> <span class='ocrx_word' id='word_1_371' title='bbox 1542 4386 1770 4439; x_wconf 84' lang='lat' dir='ltr'><strong>maxime</strong></span> <span class='ocrx_word' id='word_1_372' title='bbox 1818 4386 1885 4439; x_wconf 88' lang='lat' dir='ltr'><strong>ibi</strong></span> <span class='ocrx_word' id='word_1_373' title='bbox 1916 4387 2032 4441; x_wconf 90' lang='lat' dir='ltr'><strong>sine</strong></span> <span class='ocrx_word' id='word_1_374' title='bbox 2079 4386 2182 4439; x_wconf 82' lang='lat' dir='ltr'><strong>fine</strong></span> 
     </span>
    </p>
   </div>
   <div class='ocr_carea' id='block_1_48' title="bbox 613 4474 2184 4549">
    <p class='ocr_par' dir='ltr' id='par_1_48' title="bbox 613 4474 2184 4549">
     <span class='ocr_line' id='line_1_48' title="bbox 613 4474 2184 4549; baseline -0.008 -12"><span class='ocrx_word' id='word_1_375' title='bbox 613 4487 799 4539; x_wconf 84' lang='lat' dir='ltr'><strong>victuri</strong></span> <span class='ocrx_word' id='word_1_376' title='bbox 856 4484 1021 4535; x_wconf 82' lang='lat' dir='ltr'><strong>simus</strong></span> <span class='ocrx_word' id='word_1_377' title='bbox 1038 4482 1061 4527; x_wconf 62' lang='grc' dir='ltr'><em>’ἶ</em></span> <span class='ocrx_word' id='word_1_378' title='bbox 1106 4481 1227 4533; x_wconf 80' lang='lat' dir='ltr'><strong>ideo</strong></span> <span class='ocrx_word' id='word_1_379' title='bbox 1268 4478 1493 4549; x_wconf 82' lang='lat' dir='ltr'><strong>gentiles</strong></span> <span class='ocrx_word' id='word_1_380' title='bbox 1544 4474 1696 4528; x_wconf 86' lang='lat' dir='ltr'><strong>fidem</strong></span> <span class='ocrx_word' id='word_1_381' title='bbox 1732 4484 1929 4543; x_wconf 80' lang='lat' dir='ltr'><strong>negant</strong></span> <span class='ocrx_word' id='word_1_382' title='bbox 1975 4476 2039 4528; x_wconf 81' lang='lat' dir='ltr'><strong>iis</strong></span> <span class='ocrx_word' id='word_1_383' title='bbox 2066 4490 2184 4543; x_wconf 70' lang='lat' dir='ltr'><strong>qum</strong></span> 
     </span>
    </p>
   </div>
   <div class='ocr_carea' id='block_1_49' title="bbox 620 4567 2181 4631">
    <p class='ocr_par' dir='ltr' id='par_1_49' title="bbox 620 4567 2181 4631">
     <span class='ocr_line' id='line_1_49' title="bbox 620 4567 2181 4631; baseline -0.01 0"><span class='ocrx_word' id='word_1_384' title='bbox 620 4576 847 4631; x_wconf 86' lang='lat' dir='ltr'><strong>dicimus</strong></span> <span class='ocrx_word' id='word_1_385' title='bbox 879 4592 891 4626; x_wconf 92' lang='lat'><strong>:</strong></span> <span class='ocrx_word' id='word_1_386' title='bbox 922 4589 1041 4625; x_wconf 88' lang='lat' dir='ltr'><strong>nam</strong></span> <span class='ocrx_word' id='word_1_387' title='bbox 1072 4587 1135 4627; x_wconf 81' lang='lat' dir='ltr'><strong>ex</strong></span> <span class='ocrx_word' id='word_1_388' title='bbox 1187 4569 1367 4631; x_wconf 86' lang='lat' dir='ltr'><strong>factis,</strong></span> <span class='ocrx_word' id='word_1_389' title='bbox 1403 4584 1509 4621; x_wconf 88' lang='lat' dir='ltr'><strong>non</strong></span> <span class='ocrx_word' id='word_1_390' title='bbox 1536 4586 1601 4624; x_wconf 74' lang='lat' dir='ltr'><strong>ex</strong></span> <span class='ocrx_word' id='word_1_391' title='bbox 1644 4567 1797 4621; x_wconf 58' lang='lat' dir='ltr'><strong>dietis</strong></span> <span class='ocrx_word' id='word_1_392' title='bbox 1843 4568 2181 4621; x_wconf 86' lang='lat' dir='ltr'><strong>demonstra-</strong></span> 
     </span>
    </p>
   </div>
   <div class='ocr_carea' id='block_1_50' title="bbox 2309 508 3895 579">
    <p class='ocr_par' dir='ltr' id='par_1_50' title="bbox 2309 508 3895 579">
     <span class='ocr_line' id='line_1_50' title="bbox 2309 508 3895 579; baseline 0.001 -15"><span class='ocrx_word' id='word_1_393' title='bbox 2309 511 2509 565; x_wconf 87' lang='lat' dir='ltr'><strong>tionem</strong></span> <span class='ocrx_word' id='word_1_394' title='bbox 2553 526 2583 565; x_wconf 87' lang='lat' dir='ltr'><strong>a</strong></span> <span class='ocrx_word' id='word_1_395' title='bbox 2634 510 2787 565; x_wconf 90' lang='lat' dir='ltr'><strong>nobis</strong></span> <span class='ocrx_word' id='word_1_396' title='bbox 2817 510 3037 579; x_wconf 84' lang='lat' dir='ltr'><strong>exigunt</strong></span> <span class='ocrx_word' id='word_1_397' title='bbox 3071 524 3173 565; x_wconf 88' lang='lat' dir='ltr'><strong>:ac</strong></span> <span class='ocrx_word' id='word_1_398' title='bbox 3201 524 3323 564; x_wconf 89' lang='lat' dir='ltr'><strong>eum</strong></span> <span class='ocrx_word' id='word_1_399' title='bbox 3376 508 3557 565; x_wconf 76' lang='lat' dir='ltr'><strong>rident</strong></span> <span class='ocrx_word' id='word_1_400' title='bbox 3602 526 3702 566; x_wconf 84' lang='lat' dir='ltr'><strong>nos</strong></span> <span class='ocrx_word' id='word_1_401' title='bbox 3745 510 3895 565; x_wconf 62' lang='lat' dir='ltr'><strong>mdes</strong></span> 
     </span>
    </p>
   </div>
   <div class='ocr_carea' id='block_1_51' title="bbox 2309 600 3895 672">
    <p class='ocr_par' dir='ltr' id='par_1_51' title="bbox 2309 600 3895 672">
     <span class='ocr_line' id='line_1_51' title="bbox 2309 600 3895 672; baseline 0.001 -16"><span class='ocrx_word' id='word_1_402' title='bbox 2309 609 2583 656; x_wconf 80' lang='lat' dir='ltr'><strong>exstruere</strong></span> <span class='ocrx_word' id='word_1_403' title='bbox 2608 600 2939 670; x_wconf 87' lang='lat' dir='ltr'><strong>splendidas,</strong></span> <span class='ocrx_word' id='word_1_404' title='bbox 2971 600 3157 655; x_wconf 90' lang='lat' dir='ltr'><strong>hortos</strong></span> <span class='ocrx_word' id='word_1_405' title='bbox 3183 610 3238 655; x_wconf 88' lang='lat' dir='ltr'><strong>et</strong></span> <span class='ocrx_word' id='word_1_406' title='bbox 3266 602 3454 657; x_wconf 90' lang='lat' dir='ltr'><strong>balnea</strong></span> <span class='ocrx_word' id='word_1_407' title='bbox 3480 617 3669 671; x_wconf 84' lang='lat' dir='ltr'><strong>parare</strong></span> <span class='ocrx_word' id='word_1_408' title='bbox 3691 645 3705 665; x_wconf 92' lang='lat'><strong>,</strong></span> <span class='ocrx_word' id='word_1_409' title='bbox 3733 616 3895 672; x_wconf 68' lang='lat' dir='ltr'><strong>agros</strong></span> 
     </span>
    </p>
   </div>
   <div class='ocr_carea' id='block_1_52' title="bbox 2310 688 3891 760">
    <p class='ocr_par' dir='ltr' id='par_1_52' title="bbox 2310 688 3891 760">
     <span class='ocr_line' id='line_1_52' title="bbox 2310 688 3891 760; baseline -0.001 -14"><span class='ocrx_word' id='word_1_410' title='bbox 2310 706 2508 755; x_wconf 88' lang='lat' dir='ltr'><strong>emere,</strong></span> <span class='ocrx_word' id='word_1_411' title='bbox 2541 691 2726 745; x_wconf 88' lang='lat' dir='ltr'><strong>nolunt</strong></span> <span class='ocrx_word' id='word_1_412' title='bbox 2763 690 2989 745; x_wconf 86' lang='lat' dir='ltr'><strong>credere</strong></span> <span class='ocrx_word' id='word_1_413' title='bbox 3035 688 3132 745; x_wconf 78' lang='lat' dir='ltr'><strong>nos</strong></span> <span class='ocrx_word' id='word_1_414' title='bbox 3161 693 3459 760; x_wconf 82' lang='lat' dir='ltr'><strong>profectum</strong></span> <span class='ocrx_word' id='word_1_415' title='bbox 3493 694 3544 747; x_wconf 91' lang='lat' dir='ltr'><strong>in</strong></span> <span class='ocrx_word' id='word_1_416' title='bbox 3574 693 3734 747; x_wconf 91' lang='lat' dir='ltr'><strong>aliam</strong></span> <span class='ocrx_word' id='word_1_417' title='bbox 3763 693 3891 747; x_wconf 83' lang='lat' dir='ltr'><strong>civi-</strong></span> 
     </span>
    </p>
   </div>
   <div class='ocr_carea' id='block_1_53' title="bbox 2311 781 3901 853">
    <p class='ocr_par' dir='ltr' id='par_1_53' title="bbox 2311 781 3901 853">
     <span class='ocr_line' id='line_1_53' title="bbox 2311 781 3901 853; baseline -0.001 -17"><span class='ocrx_word' id='word_1_418' title='bbox 2311 789 2470 836; x_wconf 82' lang='lat' dir='ltr'><strong>tatem</strong></span> <span class='ocrx_word' id='word_1_419' title='bbox 2504 796 2712 851; x_wconf 87' lang='lat' dir='ltr'><strong>parare.</strong></span> <span class='ocrx_word' id='word_1_420' title='bbox 2760 781 2889 835; x_wconf 83' lang='lat' dir='ltr'><strong>Nam</strong></span> <span class='ocrx_word' id='word_1_421' title='bbox 2934 782 2980 835; x_wconf 87' lang='lat' dir='ltr'><strong>si</strong></span> <span class='ocrx_word' id='word_1_422' title='bbox 3032 783 3099 835; x_wconf 91' lang='lat' dir='ltr'><strong>ita</strong></span> <span class='ocrx_word' id='word_1_423' title='bbox 3144 790 3319 846; x_wconf 88' lang='lat' dir='ltr'><strong>esset,</strong></span> <span class='ocrx_word' id='word_1_424' title='bbox 3352 784 3536 849; x_wconf 88' lang='lat' dir='ltr'><strong>aiunt,</strong></span> <span class='ocrx_word' id='word_1_425' title='bbox 3565 783 3741 838; x_wconf 83' lang='lat' dir='ltr'><strong>omnia</strong></span> <span class='ocrx_word' id='word_1_426' title='bbox 3773 798 3901 853; x_wconf 67' lang='lat' dir='ltr'><strong>qum</strong></span> 
     </span>
    </p>
   </div>
   <div class='ocr_carea' id='block_1_54' title="bbox 2311 869 3903 943">
    <p class='ocr_par' dir='ltr' id='par_1_54' title="bbox 2311 869 3903 943">
     <span class='ocr_line' id='line_1_54' title="bbox 2311 869 3903 943; baseline 0.001 -19"><span class='ocrx_word' id='word_1_427' title='bbox 2311 869 2398 925; x_wconf 85' lang='lat' dir='ltr'><strong>hic</strong></span> <span class='ocrx_word' id='word_1_428' title='bbox 2423 869 2624 925; x_wconf 85' lang='lat' dir='ltr'><strong>habent</strong></span> <span class='ocrx_word' id='word_1_429' title='bbox 2654 872 2705 925; x_wconf 94' lang='lat' dir='ltr'><strong>in</strong></span> <span class='ocrx_word' id='word_1_430' title='bbox 2748 879 3025 940; x_wconf 80' lang='lat' dir='ltr'><strong>argentum</strong></span> <span class='ocrx_word' id='word_1_431' title='bbox 3072 880 3394 926; x_wconf 87' lang='lat' dir='ltr'><strong>commutata</strong></span> <span class='ocrx_word' id='word_1_432' title='bbox 3416 915 3430 938; x_wconf 92' lang='lat'><strong>,</strong></span> <span class='ocrx_word' id='word_1_433' title='bbox 3480 874 3588 928; x_wconf 89' lang='lat' dir='ltr'><strong>illic</strong></span> <span class='ocrx_word' id='word_1_434' title='bbox 3623 874 3903 943; x_wconf 78' lang='lat' dir='ltr'><strong>deponere</strong></span> 
     </span>
    </p>
   </div>
   <div class='ocr_carea' id='block_1_55' title="bbox 2312 962 3901 1035">
    <p class='ocr_par' dir='ltr' id='par_1_55' title="bbox 2312 962 3901 1035">
     <span class='ocr_line' id='line_1_55' title="bbox 2312 962 3901 1035; baseline 0.002 -19"><span class='ocrx_word' id='word_1_435' title='bbox 2312 971 2724 1030; x_wconf 67' lang='lat' dir='ltr'><strong>praeverterent;</strong></span> <span class='ocrx_word' id='word_1_436' title='bbox 2770 962 3235 1033; x_wconf 88' lang='lat' dir='ltr'><strong>eonjecturamque</strong></span> <span class='ocrx_word' id='word_1_437' title='bbox 3282 964 3483 1018; x_wconf 88' lang='lat' dir='ltr'><strong>ducunt</strong></span> <span class='ocrx_word' id='word_1_438' title='bbox 3523 981 3587 1021; x_wconf 87' lang='lat' dir='ltr'><strong>ex</strong></span> <span class='ocrx_word' id='word_1_439' title='bbox 3639 966 3739 1030; x_wconf 90' lang='lat' dir='ltr'><strong>iis,</strong></span> <span class='ocrx_word' id='word_1_440' title='bbox 3774 980 3901 1035; x_wconf 74' lang='lat' dir='ltr'><strong>qua:</strong></span> 
     </span>
    </p>
   </div>
   <div class='ocr_carea' id='block_1_56' title="bbox 2268 1051 3901 1125">
    <p class='ocr_par' dir='ltr' id='par_1_56' title="bbox 2268 1051 3901 1125">
     <span class='ocr_line' id='line_1_56' title="bbox 2268 1051 3901 1125; baseline 0.002 -19"><span class='ocrx_word' id='word_1_441' title='bbox 2268 1087 2273 1093; x_wconf 84' lang='lat'><strong><em>-</em></strong></span> <span class='ocrx_word' id='word_1_442' title='bbox 2313 1051 2399 1108; x_wconf 89' lang='lat' dir='ltr'><strong>hic</strong></span> <span class='ocrx_word' id='word_1_443' title='bbox 2427 1054 2542 1107; x_wconf 84' lang='lat' dir='ltr'><strong>fieri</strong></span> <span class='ocrx_word' id='word_1_444' title='bbox 2586 1053 2782 1108; x_wconf 89' lang='lat' dir='ltr'><strong>solent.</strong></span> <span class='ocrx_word' id='word_1_445' title='bbox 2811 1052 3189 1121; x_wconf 86' lang='lat' dir='ltr'><strong>Opulentiores</strong></span> <span class='ocrx_word' id='word_1_446' title='bbox 3214 1055 3415 1125; x_wconf 85' lang='lat' dir='ltr'><strong>quippe</strong></span> <span class='ocrx_word' id='word_1_447' title='bbox 3434 1055 3678 1110; x_wconf 85' lang='lat' dir='ltr'><strong>videmus</strong></span> <span class='ocrx_word' id='word_1_448' title='bbox 3708 1055 3760 1110; x_wconf 85' lang='lat' dir='ltr'><strong>in</strong></span> <span class='ocrx_word' id='word_1_449' title='bbox 3786 1054 3901 1109; x_wconf 84' lang='lat' dir='ltr'><strong>illis</strong></span> 
     </span>
    </p>
   </div>
   <div class='ocr_carea' id='block_1_57' title="bbox 2310 1143 3900 1215">
    <p class='ocr_par' dir='ltr' id='par_1_57' title="bbox 2310 1143 3900 1215">
     <span class='ocr_line' id='line_1_57' title="bbox 2310 1143 3900 1215; baseline 0.001 -17"><span class='ocrx_word' id='word_1_450' title='bbox 2310 1144 2543 1198; x_wconf 79' lang='lat' dir='ltr'><strong>maxime</strong></span> <span class='ocrx_word' id='word_1_451' title='bbox 2565 1144 2783 1198; x_wconf 90' lang='lat' dir='ltr'><strong>urbibus</strong></span> <span class='ocrx_word' id='word_1_452' title='bbox 2813 1143 3002 1197; x_wconf 88' lang='lat' dir='ltr'><strong>domos</strong></span> <span class='ocrx_word' id='word_1_453' title='bbox 3021 1185 3037 1209; x_wconf 92' lang='lat'><strong>,</strong></span> <span class='ocrx_word' id='word_1_454' title='bbox 3082 1158 3242 1215; x_wconf 91' lang='lat' dir='ltr'><strong>agros</strong></span> <span class='ocrx_word' id='word_1_455' title='bbox 3262 1184 3276 1207; x_wconf 93' lang='lat'><strong>,</strong></span> <span class='ocrx_word' id='word_1_456' title='bbox 3303 1145 3509 1214; x_wconf 88' lang='lat' dir='ltr'><strong>aliaque</strong></span> <span class='ocrx_word' id='word_1_457' title='bbox 3533 1145 3711 1199; x_wconf 87' lang='lat' dir='ltr'><strong>omnia</strong></span> <span class='ocrx_word' id='word_1_458' title='bbox 3738 1158 3900 1199; x_wconf 88' lang='lat' dir='ltr'><strong>com-</strong></span> 
     </span>
    </p>
   </div>
   <div class='ocr_carea' id='block_1_58' title="bbox 2313 1236 3901 1305">
    <p class='ocr_par' dir='ltr' id='par_1_58' title="bbox 2313 1236 3901 1305">
     <span class='ocr_line' id='line_1_58' title="bbox 2313 1236 3901 1305; baseline 0.003 -18"><span class='ocrx_word' id='word_1_459' title='bbox 2313 1249 2501 1304; x_wconf 86' lang='lat' dir='ltr'><strong>parare</strong></span> <span class='ocrx_word' id='word_1_460' title='bbox 2524 1274 2538 1297; x_wconf 89' lang='lat'><strong>,</strong></span> <span class='ocrx_word' id='word_1_461' title='bbox 2567 1236 2619 1289; x_wconf 90' lang='lat' dir='ltr'><strong>in</strong></span> <span class='ocrx_word' id='word_1_462' title='bbox 2642 1236 2834 1304; x_wconf 88' lang='lat' dir='ltr'><strong>quibus</strong></span> <span class='ocrx_word' id='word_1_463' title='bbox 2877 1236 3035 1291; x_wconf 83' lang='lat' dir='ltr'><strong>sedes</strong></span> <span class='ocrx_word' id='word_1_464' title='bbox 3064 1237 3283 1305; x_wconf 89' lang='lat' dir='ltr'><strong>posituri</strong></span> <span class='ocrx_word' id='word_1_465' title='bbox 3318 1246 3441 1290; x_wconf 88' lang='lat' dir='ltr'><strong>sunt</strong></span> <span class='ocrx_word' id='word_1_466' title='bbox 3471 1253 3484 1288; x_wconf 92' lang='lat'><strong>:</strong></span> <span class='ocrx_word' id='word_1_467' title='bbox 3514 1236 3609 1291; x_wconf 89' lang='lat' dir='ltr'><strong>sed</strong></span> <span class='ocrx_word' id='word_1_468' title='bbox 3636 1252 3735 1291; x_wconf 82' lang='lat' dir='ltr'><strong>nos</strong></span> <span class='ocrx_word' id='word_1_469' title='bbox 3757 1250 3901 1291; x_wconf 84' lang='lat' dir='ltr'><strong>eon-</strong></span> 
     </span>
    </p>
   </div>
   <div class='ocr_carea' id='block_1_59' title="bbox 2313 1327 3898 1399">
    <p class='ocr_par' dir='ltr' id='par_1_59' title="bbox 2313 1327 3898 1399">
     <span class='ocr_line' id='line_1_59' title="bbox 2313 1327 3898 1399; baseline 0.001 -19"><span class='ocrx_word' id='word_1_470' title='bbox 2313 1336 2391 1381; x_wconf 90' lang='lat' dir='ltr'><strong>tra</strong></span> <span class='ocrx_word' id='word_1_471' title='bbox 2416 1327 2658 1391; x_wconf 81' lang='lat' dir='ltr'><strong>facimus,</strong></span> <span class='ocrx_word' id='word_1_472' title='bbox 2687 1341 2903 1394; x_wconf 88' lang='lat' dir='ltr'><strong>terram,</strong></span> <span class='ocrx_word' id='word_1_473' title='bbox 2926 1345 3083 1399; x_wconf 87' lang='lat' dir='ltr'><strong>quam</strong></span> <span class='ocrx_word' id='word_1_474' title='bbox 3116 1329 3392 1399; x_wconf 88' lang='lat' dir='ltr'><strong>paulopost</strong></span> <span class='ocrx_word' id='word_1_475' title='bbox 3413 1328 3650 1383; x_wconf 86' lang='lat' dir='ltr'><strong>relicturi</strong></span> <span class='ocrx_word' id='word_1_476' title='bbox 3680 1341 3898 1393; x_wconf 88' lang='lat' dir='ltr'><strong>sumus,</strong></span> 
     </span>
    </p>
   </div>
   <div class='ocr_carea' id='block_1_60' title="bbox 2313 1418 3899 1488">
    <p class='ocr_par' dir='ltr' id='par_1_60' title="bbox 2313 1418 3899 1488">
     <span class='ocr_line' id='line_1_60' title="bbox 2313 1418 3899 1488; baseline 0.003 -18"><span class='ocrx_word' id='word_1_477' title='bbox 2313 1431 2503 1486; x_wconf 87' lang='lat' dir='ltr'><strong>magno</strong></span> <span class='ocrx_word' id='word_1_478' title='bbox 2526 1432 2647 1471; x_wconf 89' lang='lat' dir='ltr'><strong>cum</strong></span> <span class='ocrx_word' id='word_1_479' title='bbox 2675 1418 2853 1473; x_wconf 90' lang='lat' dir='ltr'><strong>studio</strong></span> <span class='ocrx_word' id='word_1_480' title='bbox 2880 1420 3213 1488; x_wconf 85' lang='lat' dir='ltr'><strong>possidemus</strong></span> <span class='ocrx_word' id='word_1_481' title='bbox 3232 1462 3246 1482; x_wconf 91' lang='lat'><strong>,</strong></span> <span class='ocrx_word' id='word_1_482' title='bbox 3276 1435 3374 1475; x_wconf 91' lang='lat' dir='ltr'><strong>nec</strong></span> <span class='ocrx_word' id='word_1_483' title='bbox 3416 1420 3670 1487; x_wconf 83' lang='lat' dir='ltr'><strong>pecunias</strong></span> <span class='ocrx_word' id='word_1_484' title='bbox 3694 1418 3857 1474; x_wconf 91' lang='lat' dir='ltr'><strong>modo</strong></span> <span class='ocrx_word' id='word_1_485' title='bbox 3879 1458 3899 1483; x_wconf 86' lang='lat'><strong>,</strong></span> 
     </span>
    </p>
   </div>
   <div class='ocr_carea' id='block_1_61' title="bbox 2311 1504 3901 1585">
    <p class='ocr_par' dir='ltr' id='par_1_61' title="bbox 2311 1504 3901 1585">
     <span class='ocr_line' id='line_1_61' title="bbox 2311 1504 3901 1585; baseline 0.003 -26"><span class='ocrx_word' id='word_1_486' title='bbox 2311 1504 2407 1585; x_wconf 56' lang='lat' dir='ltr'><strong>sed</strong></span> <span class='ocrx_word' id='word_1_487' title='bbox 2452 1508 2765 1576; x_wconf 86' lang='lat' dir='ltr'><strong>sanguinem</strong></span> <span class='ocrx_word' id='word_1_488' title='bbox 2793 1511 2952 1563; x_wconf 88' lang='lat' dir='ltr'><strong>etiam</strong></span> <span class='ocrx_word' id='word_1_489' title='bbox 3000 1525 3097 1577; x_wconf 90' lang='lat' dir='ltr'><strong>pro</strong></span> <span class='ocrx_word' id='word_1_490' title='bbox 3128 1511 3308 1579; x_wconf 81' lang='lat' dir='ltr'><strong>paucis</strong></span> <span class='ocrx_word' id='word_1_491' title='bbox 3356 1522 3513 1567; x_wconf 64' lang='lat' dir='ltr'><strong>terra:</strong></span> <span class='ocrx_word' id='word_1_492' title='bbox 3537 1510 3817 1580; x_wconf 74' lang='lat' dir='ltr'><strong>iugeribus</strong></span> <span class='ocrx_word' id='word_1_493' title='bbox 3841 1518 3901 1564; x_wconf 81' lang='lat' dir='ltr'><strong>et</strong></span> 
     </span>
    </p>
   </div>
   <div class='ocr_carea' id='block_1_62' title="bbox 2310 1583 3897 1669">
    <p class='ocr_par' dir='ltr' id='par_1_62' title="bbox 2310 1583 3897 1669">
     <span class='ocr_line' id='line_1_62' title="bbox 2310 1583 3897 1669; baseline 0.006 -22"><span class='ocrx_word' id='word_1_494' title='bbox 2310 1583 2556 1649; x_wconf 70' lang='lat' dir='ltr'><strong>domibus</strong></span> <span class='ocrx_word' id='word_1_495' title='bbox 2582 1597 2887 1661; x_wconf 88' lang='lat' dir='ltr'><strong>fundimus;</strong></span> <span class='ocrx_word' id='word_1_496' title='bbox 2918 1599 2983 1653; x_wconf 90' lang='lat' dir='ltr'><strong>ad</strong></span> <span class='ocrx_word' id='word_1_497' title='bbox 3012 1600 3199 1654; x_wconf 59' lang='lat' dir='ltr'><strong>calum</strong></span> <span class='ocrx_word' id='word_1_498' title='bbox 3228 1615 3354 1655; x_wconf 80' lang='lat' dir='ltr'><strong>vero</strong></span> <span class='ocrx_word' id='word_1_499' title='bbox 3378 1601 3795 1669; x_wconf 86' lang='lat' dir='ltr'><strong>comparandum</strong></span> <span class='ocrx_word' id='word_1_500' title='bbox 3823 1616 3897 1656; x_wconf 80' lang='lat' dir='ltr'><strong>ne</strong></span> 
     </span>
    </p>
   </div>
   <div class='ocr_carea' id='block_1_63' title="bbox 2311 1690 3895 1763">
    <p class='ocr_par' dir='ltr' id='par_1_63' title="bbox 2311 1690 3895 1763">
     <span class='ocr_line' id='line_1_63' title="bbox 2311 1690 3895 1763; baseline 0.004 -20"><span class='ocrx_word' id='word_1_501' title='bbox 2311 1690 2576 1758; x_wconf 83' lang='lat' dir='ltr'><strong>superﬂua</strong></span> <span class='ocrx_word' id='word_1_502' title='bbox 2628 1692 2844 1761; x_wconf 89' lang='lat' dir='ltr'><strong>quidem</strong></span> <span class='ocrx_word' id='word_1_503' title='bbox 2891 1707 3113 1763; x_wconf 86' lang='lat' dir='ltr'><strong>erogare</strong></span> <span class='ocrx_word' id='word_1_504' title='bbox 3167 1694 3444 1757; x_wconf 87' lang='lat' dir='ltr'><strong>volumus,</strong></span> <span class='ocrx_word' id='word_1_505' title='bbox 3498 1695 3706 1749; x_wconf 88' lang='lat' dir='ltr'><strong>etiamsi</strong></span> <span class='ocrx_word' id='word_1_506' title='bbox 3762 1694 3895 1749; x_wconf 80' lang='lat' dir='ltr'><strong>illud</strong></span> 
     </span>
    </p>
   </div>
   <div class='ocr_carea' id='block_1_64' title="bbox 2311 1782 3899 1855">
    <p class='ocr_par' dir='ltr' id='par_1_64' title="bbox 2311 1782 3899 1855">
     <span class='ocr_line' id='line_1_64' title="bbox 2311 1782 3899 1855; baseline 0.004 -22"><span class='ocrx_word' id='word_1_507' title='bbox 2311 1794 2480 1848; x_wconf 83' lang='lat' dir='ltr'><strong>parvo</strong></span> <span class='ocrx_word' id='word_1_508' title='bbox 2509 1782 2681 1851; x_wconf 90' lang='lat' dir='ltr'><strong>pretio</strong></span> <span class='ocrx_word' id='word_1_509' title='bbox 2710 1790 2919 1837; x_wconf 91' lang='lat' dir='ltr'><strong>ematur</strong></span> <span class='ocrx_word' id='word_1_510' title='bbox 2944 1824 2958 1846; x_wconf 95' lang='lat'><strong>,</strong></span> <span class='ocrx_word' id='word_1_511' title='bbox 2983 1792 3039 1839; x_wconf 89' lang='lat' dir='ltr'><strong>et</strong></span> <span class='ocrx_word' id='word_1_512' title='bbox 3087 1784 3139 1837; x_wconf 92' lang='lat' dir='ltr'><strong>in</strong></span> <span class='ocrx_word' id='word_1_513' title='bbox 3186 1783 3571 1852; x_wconf 88' lang='lat' dir='ltr'><strong>sempiternum</strong></span> <span class='ocrx_word' id='word_1_514' title='bbox 3621 1786 3899 1855; x_wconf 84' lang='lat' dir='ltr'><strong>possidea-</strong></span> 
     </span>
    </p>
   </div>
   <div class='ocr_carea' id='block_1_65' title="bbox 2313 1876 3898 1947">
    <p class='ocr_par' dir='ltr' id='par_1_65' title="bbox 2313 1876 3898 1947">
     <span class='ocr_line' id='line_1_65' title="bbox 2313 1876 3898 1947; baseline 0.003 -19"><span class='ocrx_word' id='word_1_515' title='bbox 2313 1883 2416 1937; x_wconf 87' lang='lat' dir='ltr'><strong>tur,</strong></span> <span class='ocrx_word' id='word_1_516' title='bbox 2442 1876 2487 1929; x_wconf 91' lang='lat' dir='ltr'><strong>si</strong></span> <span class='ocrx_word' id='word_1_517' title='bbox 2508 1890 2771 1931; x_wconf 89' lang='lat' dir='ltr'><strong>emamus.</strong></span> <span class='ocrx_word' id='word_1_518' title='bbox 2805 1877 3091 1946; x_wconf 79' lang='lat' dir='ltr'><strong>Propterea</strong></span> <span class='ocrx_word' id='word_1_519' title='bbox 3117 1886 3387 1932; x_wconf 89' lang='lat' dir='ltr'><strong>extremas</strong></span> <span class='ocrx_word' id='word_1_520' title='bbox 3412 1876 3658 1931; x_wconf 74' lang='lat' dir='ltr'><strong>dabimus</strong></span> <span class='ocrx_word' id='word_1_521' title='bbox 3683 1894 3898 1947; x_wconf 64' lang='lat' dir='ltr'><strong>pinnas,</strong></span> 
     </span>
    </p>
   </div>
   <div class='ocr_carea' id='block_1_66' title="bbox 2309 1966 3899 2038">
    <p class='ocr_par' dir='ltr' id='par_1_66' title="bbox 2309 1966 3899 2038">
     <span class='ocr_line' id='line_1_66' title="bbox 2309 1966 3899 2038; baseline 0.001 -17"><span class='ocrx_word' id='word_1_522' title='bbox 2309 1981 2429 2021; x_wconf 89' lang='lat' dir='ltr'><strong>cum</strong></span> <span class='ocrx_word' id='word_1_523' title='bbox 2458 1966 2583 2023; x_wconf 92' lang='lat' dir='ltr'><strong>nudi</strong></span> <span class='ocrx_word' id='word_1_524' title='bbox 2611 1977 2665 2022; x_wconf 90' lang='lat' dir='ltr'><strong>et</strong></span> <span class='ocrx_word' id='word_1_525' title='bbox 2686 1981 2946 2037; x_wconf 86' lang='lat' dir='ltr'><strong>pauperes</strong></span> <span class='ocrx_word' id='word_1_526' title='bbox 2966 1982 3032 2022; x_wconf 88' lang='lat' dir='ltr'><strong>eo</strong></span> <span class='ocrx_word' id='word_1_527' title='bbox 3059 1967 3422 2037; x_wconf 87' lang='lat' dir='ltr'><strong>migrabimus;</strong></span> <span class='ocrx_word' id='word_1_528' title='bbox 3453 1968 3563 2022; x_wconf 91' lang='lat' dir='ltr'><strong>imo</strong></span> <span class='ocrx_word' id='word_1_529' title='bbox 3585 1969 3767 2038; x_wconf 86' lang='lat' dir='ltr'><strong>potius</strong></span> <span class='ocrx_word' id='word_1_530' title='bbox 3787 1984 3899 2024; x_wconf 85' lang='lat' dir='ltr'><strong>non</strong></span> 
     </span>
    </p>
   </div>
   <div class='ocr_carea' id='block_1_67' title="bbox 2310 2057 3902 2128">
    <p class='ocr_par' dir='ltr' id='par_1_67' title="bbox 2310 2057 3902 2128">
     <span class='ocr_line' id='line_1_67' title="bbox 2310 2057 3902 2128; baseline 0.003 -18"><span class='ocrx_word' id='word_1_531' title='bbox 2310 2057 2380 2112; x_wconf 91' lang='lat' dir='ltr'><strong>ob</strong></span> <span class='ocrx_word' id='word_1_532' title='bbox 2406 2065 2769 2128; x_wconf 82' lang='lat' dir='ltr'><strong>paupertatem</strong></span> <span class='ocrx_word' id='word_1_533' title='bbox 2800 2066 3058 2122; x_wconf 86' lang='lat' dir='ltr'><strong>nostram,</strong></span> <span class='ocrx_word' id='word_1_534' title='bbox 3087 2057 3182 2113; x_wconf 88' lang='lat' dir='ltr'><strong>sed</strong></span> <span class='ocrx_word' id='word_1_535' title='bbox 3211 2057 3352 2127; x_wconf 89' lang='lat' dir='ltr'><strong>quod</strong></span> <span class='ocrx_word' id='word_1_536' title='bbox 3382 2057 3517 2113; x_wconf 87' lang='lat' dir='ltr'><strong>alios</strong></span> <span class='ocrx_word' id='word_1_537' title='bbox 3544 2057 3596 2111; x_wconf 91' lang='lat' dir='ltr'><strong>in</strong></span> <span class='ocrx_word' id='word_1_538' title='bbox 3624 2060 3764 2113; x_wconf 88' lang='lat' dir='ltr'><strong>banc</strong></span> <span class='ocrx_word' id='word_1_539' title='bbox 3792 2060 3902 2115; x_wconf 80' lang='lat' dir='ltr'><strong>mi-</strong></span> 
     </span>
    </p>
   </div>
   <div class='ocr_carea' id='block_1_68' title="bbox 2308 2146 3901 2219">
    <p class='ocr_par' dir='ltr' id='par_1_68' title="bbox 2308 2146 3901 2219">
     <span class='ocr_line' id='line_1_68' title="bbox 2308 2146 3901 2219; baseline 0 -15"><span class='ocrx_word' id='word_1_540' title='bbox 2308 2150 2500 2204; x_wconf 87' lang='lat' dir='ltr'><strong>seriam</strong></span> <span class='ocrx_word' id='word_1_541' title='bbox 2529 2146 2942 2219; x_wconf 88' lang='lat' dir='ltr'><strong>conjecerimus,</strong></span> <span class='ocrx_word' id='word_1_542' title='bbox 2974 2147 3293 2204; x_wconf 85' lang='lat' dir='ltr'><strong>intolerabili</strong></span> <span class='ocrx_word' id='word_1_543' title='bbox 3326 2149 3613 2203; x_wconf 86' lang='lat' dir='ltr'><strong>calamitati</strong></span> <span class='ocrx_word' id='word_1_544' title='bbox 3640 2149 3901 2218; x_wconf 84' lang='lat' dir='ltr'><strong>subjicie—</strong></span> 
     </span>
    </p>
   </div>
   <div class='ocr_carea' id='block_1_69' title="bbox 2309 2239 3903 2309">
    <p class='ocr_par' dir='ltr' id='par_1_69' title="bbox 2309 2239 3903 2309">
     <span class='ocr_line' id='line_1_69' title="bbox 2309 2239 3903 2309; baseline 0.002 -16"><span class='ocrx_word' id='word_1_545' title='bbox 2309 2256 2448 2294; x_wconf 90' lang='lat' dir='ltr'><strong>mur.</strong></span> <span class='ocrx_word' id='word_1_546' title='bbox 2478 2240 2607 2294; x_wconf 80' lang='lat' dir='ltr'><strong>Nam</strong></span> <span class='ocrx_word' id='word_1_547' title='bbox 2652 2256 2775 2295; x_wconf 92' lang='lat' dir='ltr'><strong>cum</strong></span> <span class='ocrx_word' id='word_1_548' title='bbox 2818 2240 3049 2309; x_wconf 75' lang='lat' dir='ltr'><strong>gentiles</strong></span> <span class='ocrx_word' id='word_1_549' title='bbox 3094 2240 3309 2296; x_wconf 83' lang='lat' dir='ltr'><strong>videant</strong></span> <span class='ocrx_word' id='word_1_550' title='bbox 3334 2239 3417 2295; x_wconf 85' lang='lat' dir='ltr'><strong>his</strong></span> <span class='ocrx_word' id='word_1_551' title='bbox 3465 2240 3658 2295; x_wconf 88' lang='lat' dir='ltr'><strong>studiis</strong></span> <span class='ocrx_word' id='word_1_552' title='bbox 3685 2241 3903 2296; x_wconf 87' lang='lat' dir='ltr'><strong>deditos</strong></span> 
     </span>
    </p>
   </div>
   <div class='ocr_carea' id='block_1_70' title="bbox 2311 2330 3904 2402">
    <p class='ocr_par' dir='ltr' id='par_1_70' title="bbox 2311 2330 3904 2402">
     <span class='ocr_line' id='line_1_70' title="bbox 2311 2330 3904 2402; baseline 0.002 -19"><span class='ocrx_word' id='word_1_553' title='bbox 2311 2333 2470 2387; x_wconf 87' lang='lat' dir='ltr'><strong>tantis</strong></span> <span class='ocrx_word' id='word_1_554' title='bbox 2499 2331 2600 2385; x_wconf 82' lang='lat' dir='ltr'><strong>frui</strong></span> <span class='ocrx_word' id='word_1_555' title='bbox 2630 2331 2902 2401; x_wconf 77' lang='lat' dir='ltr'><strong>mysteriis</strong></span> <span class='ocrx_word' id='word_1_556' title='bbox 2931 2349 2944 2385; x_wconf 92' lang='lat'><strong>:</strong></span> <span class='ocrx_word' id='word_1_557' title='bbox 2976 2330 3145 2385; x_wconf 89' lang='lat' dir='ltr'><strong>multo</strong></span> <span class='ocrx_word' id='word_1_558' title='bbox 3190 2332 3361 2402; x_wconf 89' lang='lat' dir='ltr'><strong>magis</strong></span> <span class='ocrx_word' id='word_1_559' title='bbox 3387 2342 3443 2386; x_wconf 88' lang='lat' dir='ltr'><strong>et</strong></span> <span class='ocrx_word' id='word_1_560' title='bbox 3490 2332 3587 2400; x_wconf 89' lang='lat' dir='ltr'><strong>ipsi</strong></span> <span class='ocrx_word' id='word_1_561' title='bbox 3622 2333 3904 2401; x_wconf 55' lang='lat' dir='ltr'><strong>presenti-</strong></span> 
     </span>
    </p>
   </div>
   <div class='ocr_carea' id='block_1_71' title="bbox 2308 2421 3906 2491">
    <p class='ocr_par' dir='ltr' id='par_1_71' title="bbox 2308 2421 3906 2491">
     <span class='ocr_line' id='line_1_71' title="bbox 2308 2421 3906 2491; baseline 0.001 -15"><span class='ocrx_word' id='word_1_562' title='bbox 2308 2421 2409 2476; x_wconf 89' lang='lat' dir='ltr'><strong>bus</strong></span> <span class='ocrx_word' id='word_1_563' title='bbox 2435 2422 2595 2478; x_wconf 91' lang='lat' dir='ltr'><strong>rebus</strong></span> <span class='ocrx_word' id='word_1_564' title='bbox 2634 2422 2964 2486; x_wconf 87' lang='lat' dir='ltr'><strong>addicentur,</strong></span> <span class='ocrx_word' id='word_1_565' title='bbox 3014 2424 3283 2491; x_wconf 84' lang='lat' dir='ltr'><strong>ingentem</strong></span> <span class='ocrx_word' id='word_1_566' title='bbox 3328 2422 3504 2491; x_wconf 90' lang='lat' dir='ltr'><strong>ignem</strong></span> <span class='ocrx_word' id='word_1_567' title='bbox 3535 2436 3693 2491; x_wconf 87' lang='lat' dir='ltr'><strong>supra</strong></span> <span class='ocrx_word' id='word_1_568' title='bbox 3741 2433 3906 2490; x_wconf 83' lang='lat' dir='ltr'><strong>caput</strong></span> 
     </span>
    </p>
   </div>
   <div class='ocr_carea' id='block_1_72' title="bbox 2313 2496 3903 2582">
    <p class='ocr_par' dir='ltr' id='par_1_72' title="bbox 2313 2496 3903 2582">
     <span class='ocr_line' id='line_1_72' title="bbox 2313 2496 3903 2582; baseline 0 -15"><span class='ocrx_word' id='word_1_569' title='bbox 2313 2522 2553 2569; x_wconf 91' lang='lat' dir='ltr'><strong>nostrum</strong></span> <span class='ocrx_word' id='word_1_570' title='bbox 2582 2514 3000 2569; x_wconf 85' lang='lat' dir='ltr'><strong>accumulantes.</strong></span> <span class='ocrx_word' id='word_1_571' title='bbox 3044 2511 3177 2569; x_wconf 91' lang='lat' dir='ltr'><strong>Cum</strong></span> <span class='ocrx_word' id='word_1_572' title='bbox 3210 2514 3351 2567; x_wconf 89' lang='lat' dir='ltr'><strong>enim</strong></span> <span class='ocrx_word' id='word_1_573' title='bbox 3380 2496 3625 2582; x_wconf 53' lang='lat' dir='ltr'><strong>nos;qu</strong></span> <span class='ocrx_word' id='word_1_574' title='bbox 3655 2528 3903 2581; x_wconf 67' lang='lat' dir='ltr'><strong>prmscn~</strong></span> 
     </span>
    </p>
   </div>
   <div class='ocr_carea' id='block_1_73' title="bbox 2312 2602 3905 2669">
    <p class='ocr_par' dir='ltr' id='par_1_73' title="bbox 2312 2602 3905 2669">
     <span class='ocr_line' id='line_1_73' title="bbox 2312 2602 3905 2669; baseline 0 -12"><span class='ocrx_word' id='word_1_575' title='bbox 2312 2606 2442 2657; x_wconf 82' lang='lat' dir='ltr'><strong>tium</strong></span> <span class='ocrx_word' id='word_1_576' title='bbox 2468 2618 2646 2658; x_wconf 87' lang='lat' dir='ltr'><strong>rerum</strong></span> <span class='ocrx_word' id='word_1_577' title='bbox 2690 2611 3059 2669; x_wconf 88' lang='lat' dir='ltr'><strong>contemptum</strong></span> <span class='ocrx_word' id='word_1_578' title='bbox 3106 2602 3227 2656; x_wconf 89' lang='lat' dir='ltr'><strong>illos</strong></span> <span class='ocrx_word' id='word_1_579' title='bbox 3252 2602 3446 2657; x_wconf 87' lang='lat' dir='ltr'><strong>docere</strong></span> <span class='ocrx_word' id='word_1_580' title='bbox 3472 2603 3753 2668; x_wconf 85' lang='lat' dir='ltr'><strong>debemus,</strong></span> <span class='ocrx_word' id='word_1_581' title='bbox 3784 2617 3905 2657; x_wconf 84' lang='lat' dir='ltr'><strong>ma-</strong></span> 
     </span>
    </p>
   </div>
   <div class='ocr_carea' id='block_1_74' title="bbox 2314 2693 3902 2763">
    <p class='ocr_par' dir='ltr' id='par_1_74' title="bbox 2314 2693 3902 2763">
     <span class='ocr_line' id='line_1_74' title="bbox 2314 2693 3902 2763; baseline 0.001 -17"><span class='ocrx_word' id='word_1_582' title='bbox 2314 2693 2457 2747; x_wconf 81' lang='lat' dir='ltr'><strong>xime</strong></span> <span class='ocrx_word' id='word_1_583' title='bbox 2485 2693 2721 2748; x_wconf 85' lang='lat' dir='ltr'><strong>omnium</strong></span> <span class='ocrx_word' id='word_1_584' title='bbox 2754 2693 2965 2746; x_wconf 87' lang='lat' dir='ltr'><strong>illarum</strong></span> <span class='ocrx_word' id='word_1_585' title='bbox 2998 2693 3050 2747; x_wconf 90' lang='lat' dir='ltr'><strong>in</strong></span> <span class='ocrx_word' id='word_1_586' title='bbox 3082 2693 3160 2749; x_wconf 88' lang='lat' dir='ltr'><strong>eis</strong></span> <span class='ocrx_word' id='word_1_587' title='bbox 3186 2693 3532 2763; x_wconf 89' lang='lat' dir='ltr'><strong>cupiditatem</strong></span> <span class='ocrx_word' id='word_1_588' title='bbox 3560 2694 3860 2748; x_wconf 81' lang='lat' dir='ltr'><strong>excitemus</strong></span> <span class='ocrx_word' id='word_1_589' title='bbox 3881 2734 3902 2757; x_wconf 91' lang='lat'><strong>,</strong></span> 
     </span>
    </p>
   </div>
   <div class='ocr_carea' id='block_1_75' title="bbox 2308 2781 3903 2853">
    <p class='ocr_par' dir='ltr' id='par_1_75' title="bbox 2308 2781 3903 2853">
     <span class='ocr_line' id='line_1_75' title="bbox 2308 2781 3903 2853; baseline 0 -18"><span class='ocrx_word' id='word_1_590' title='bbox 2308 2781 2573 2850; x_wconf 88' lang='lat' dir='ltr'><strong>quomodo</strong></span> <span class='ocrx_word' id='word_1_591' title='bbox 2618 2784 2842 2838; x_wconf 88' lang='lat' dir='ltr'><strong>salutem</strong></span> <span class='ocrx_word' id='word_1_592' title='bbox 2886 2782 3139 2850; x_wconf 76' lang='lat' dir='ltr'><strong>consequi</strong></span> <span class='ocrx_word' id='word_1_593' title='bbox 3184 2782 3494 2850; x_wconf 86' lang='lat' dir='ltr'><strong>poterimus,</strong></span> <span class='ocrx_word' id='word_1_594' title='bbox 3541 2782 3631 2853; x_wconf 90' lang='lat' dir='ltr'><strong>qui</strong></span> <span class='ocrx_word' id='word_1_595' title='bbox 3670 2783 3903 2837; x_wconf 84' lang='lat' dir='ltr'><strong>aliorum</strong></span> 
     </span>
    </p>
   </div>
   <div class='ocr_carea' id='block_1_76' title="bbox 2312 2875 3902 2943">
    <p class='ocr_par' dir='ltr' id='par_1_76' title="bbox 2312 2875 3902 2943">
     <span class='ocr_line' id='line_1_76' title="bbox 2312 2875 3902 2943; baseline 0.003 -16"><span class='ocrx_word' id='word_1_596' title='bbox 2312 2875 2561 2943; x_wconf 82' lang='lat' dir='ltr'><strong>perniciei</strong></span> <span class='ocrx_word' id='word_1_597' title='bbox 2610 2890 2796 2943; x_wconf 75' lang='lat' dir='ltr'><strong>pmnas</strong></span> <span class='ocrx_word' id='word_1_598' title='bbox 2849 2876 3027 2929; x_wconf 88' lang='lat' dir='ltr'><strong>subire</strong></span> <span class='ocrx_word' id='word_1_599' title='bbox 3056 2876 3387 2931; x_wconf 83' lang='lat' dir='ltr'><strong>debeamus?</strong></span> <span class='ocrx_word' id='word_1_600' title='bbox 3415 2876 3530 2930; x_wconf 80' lang='lat' dir='ltr'><strong>Non</strong></span> <span class='ocrx_word' id='word_1_601' title='bbox 3558 2877 3712 2932; x_wconf 82' lang='lat' dir='ltr'><strong>audis</strong></span> <span class='ocrx_word' id='word_1_602' title='bbox 3741 2876 3902 2932; x_wconf 79' lang='lat' dir='ltr'><strong>Chri-</strong></span> 
     </span>
    </p>
   </div>
   <div class='ocr_carea' id='block_1_77' title="bbox 2310 2964 3902 3034">
    <p class='ocr_par' dir='ltr' id='par_1_77' title="bbox 2310 2964 3902 3034">
     <span class='ocr_line' id='line_1_77' title="bbox 2310 2964 3902 3034; baseline 0.004 -19"><span class='ocrx_word' id='word_1_603' title='bbox 2310 2972 2448 3015; x_wconf 90' lang='lat' dir='ltr'><strong>stum</strong></span> <span class='ocrx_word' id='word_1_604' title='bbox 2474 2964 2741 3018; x_wconf 87' lang='lat' dir='ltr'><strong>dicentem</strong></span> <span class='ocrx_word' id='word_1_605' title='bbox 2764 3005 2776 3028; x_wconf 94' lang='lat'><strong>,</strong></span> <span class='ocrx_word' id='word_1_606' title='bbox 2809 2981 2867 3019; x_wconf 92' lang='lat' dir='ltr'><strong>se</strong></span> <span class='ocrx_word' id='word_1_607' title='bbox 2895 2982 2991 3034; x_wconf 89' lang='lat' dir='ltr'><strong>pro</strong></span> <span class='ocrx_word' id='word_1_608' title='bbox 3021 2966 3135 3020; x_wconf 87' lang='lat' dir='ltr'><strong>sale</strong></span> <span class='ocrx_word' id='word_1_609' title='bbox 3162 2976 3217 3021; x_wconf 89' lang='lat' dir='ltr'><strong>et</strong></span> <span class='ocrx_word' id='word_1_610' title='bbox 3263 2966 3597 3034; x_wconf 85' lang='lat' dir='ltr'><strong>lampadibus</strong></span> <span class='ocrx_word' id='word_1_611' title='bbox 3635 2982 3732 3022; x_wconf 87' lang='lat' dir='ltr'><strong>nos</strong></span> <span class='ocrx_word' id='word_1_612' title='bbox 3764 2967 3902 3021; x_wconf 86' lang='lat' dir='ltr'><strong>reli-</strong></span> 
     </span>
    </p>
   </div>
   <div class='ocr_carea' id='block_1_78' title="bbox 2309 3054 3899 3126">
    <p class='ocr_par' dir='ltr' id='par_1_78' title="bbox 2309 3054 3899 3126">
     <span class='ocr_line' id='line_1_78' title="bbox 2309 3054 3899 3126; baseline 0.004 -20"><span class='ocrx_word' id='word_1_613' title='bbox 2309 3054 2489 3121; x_wconf 89' lang='lat' dir='ltr'><strong>quisse</strong></span> <span class='ocrx_word' id='word_1_614' title='bbox 2521 3055 2572 3107; x_wconf 91' lang='lat' dir='ltr'><strong>in</strong></span> <span class='ocrx_word' id='word_1_615' title='bbox 2624 3057 2725 3109; x_wconf 79' lang='lat' dir='ltr'><strong>hoc</strong></span> <span class='ocrx_word' id='word_1_616' title='bbox 2772 3056 2972 3110; x_wconf 90' lang='lat' dir='ltr'><strong>mundo</strong></span> <span class='ocrx_word' id='word_1_617' title='bbox 2994 3098 3008 3119; x_wconf 90' lang='lat'><strong>,</strong></span> <span class='ocrx_word' id='word_1_618' title='bbox 3042 3068 3098 3110; x_wconf 81' lang='lat' dir='ltr'><strong>ut</strong></span> <span class='ocrx_word' id='word_1_619' title='bbox 3128 3058 3401 3126; x_wconf 78' lang='lat' dir='ltr'><strong>voIUptate</strong></span> <span class='ocrx_word' id='word_1_620' title='bbox 3428 3057 3733 3115; x_wconf 74' lang='lat' dir='ltr'><strong>difﬂuentes</strong></span> <span class='ocrx_word' id='word_1_621' title='bbox 3760 3074 3899 3113; x_wconf 81' lang='lat' dir='ltr'><strong>con—</strong></span> 
     </span>
    </p>
   </div>
   <div class='ocr_carea' id='block_1_79' title="bbox 2307 3144 3898 3213">
    <p class='ocr_par' dir='ltr' id='par_1_79' title="bbox 2307 3144 3898 3213">
     <span class='ocr_line' id='line_1_79' title="bbox 2307 3144 3898 3213; baseline 0.006 -18"><span class='ocrx_word' id='word_1_622' title='bbox 2307 3144 2631 3213; x_wconf 86' lang='lat' dir='ltr'><strong>stringamus</strong></span> <span class='ocrx_word' id='word_1_623' title='bbox 2651 3188 2663 3207; x_wconf 90' lang='lat'><strong>,</strong></span> <span class='ocrx_word' id='word_1_624' title='bbox 2694 3155 2747 3201; x_wconf 92' lang='lat' dir='ltr'><strong>et</strong></span> <span class='ocrx_word' id='word_1_625' title='bbox 2781 3148 3018 3213; x_wconf 75' lang='lat' dir='ltr'><strong>pecunia:</strong></span> <span class='ocrx_word' id='word_1_626' title='bbox 3048 3147 3239 3201; x_wconf 86' lang='lat' dir='ltr'><strong>studiis</strong></span> <span class='ocrx_word' id='word_1_627' title='bbox 3283 3148 3661 3204; x_wconf 89' lang='lat' dir='ltr'><strong>obtenebratos</strong></span> <span class='ocrx_word' id='word_1_628' title='bbox 3690 3150 3898 3205; x_wconf 86' lang='lat' dir='ltr'><strong>illumi-</strong></span> 
     </span>
    </p>
   </div>
   <div class='ocr_carea' id='block_1_80' title="bbox 2300 3235 3898 3310">
    <p class='ocr_par' dir='ltr' id='par_1_80' title="bbox 2300 3235 3898 3310">
     <span class='ocr_line' id='line_1_80' title="bbox 2300 3235 3898 3310; baseline 0.004 -23"><span class='ocrx_word' id='word_1_629' title='bbox 2300 3235 2537 3289; x_wconf 75' lang='lat' dir='ltr'><strong>‘nemus?</strong></span> <span class='ocrx_word' id='word_1_630' title='bbox 2569 3235 2621 3290; x_wconf 89' lang='lat' dir='ltr'><strong>Si</strong></span> <span class='ocrx_word' id='word_1_631' title='bbox 2652 3251 2781 3306; x_wconf 78' lang='lat' dir='ltr'><strong>ergo</strong></span> <span class='ocrx_word' id='word_1_632' title='bbox 2812 3238 2932 3291; x_wconf 92' lang='lat' dir='ltr'><strong>illos</strong></span> <span class='ocrx_word' id='word_1_633' title='bbox 2959 3238 3127 3307; x_wconf 83' lang='lat' dir='ltr'><strong>magis</strong></span> <span class='ocrx_word' id='word_1_634' title='bbox 3152 3239 3203 3291; x_wconf 92' lang='lat' dir='ltr'><strong>in</strong></span> <span class='ocrx_word' id='word_1_635' title='bbox 3238 3240 3489 3293; x_wconf 88' lang='lat' dir='ltr'><strong>tenebras</strong></span> <span class='ocrx_word' id='word_1_636' title='bbox 3517 3241 3898 3310; x_wconf 86' lang='lat' dir='ltr'><strong>conjiciamns,</strong></span> 
     </span>
    </p>
   </div>
   <div class='ocr_carea' id='block_1_81' title="bbox 2307 3326 3898 3400">
    <p class='ocr_par' dir='ltr' id='par_1_81' title="bbox 2307 3326 3898 3400">
     <span class='ocr_line' id='line_1_81' title="bbox 2307 3326 3898 3400; baseline 0.007 -24"><span class='ocrx_word' id='word_1_637' title='bbox 2307 3335 2361 3377; x_wconf 89' lang='lat' dir='ltr'><strong>et</strong></span> <span class='ocrx_word' id='word_1_638' title='bbox 2389 3326 2662 3381; x_wconf 88' lang='lat' dir='ltr'><strong>molliores</strong></span> <span class='ocrx_word' id='word_1_639' title='bbox 2690 3328 2997 3396; x_wconf 83' lang='lat' dir='ltr'><strong>reddamus,</strong></span> <span class='ocrx_word' id='word_1_640' title='bbox 3028 3345 3148 3398; x_wconf 76' lang='lat' dir='ltr'><strong>qua:</strong></span> <span class='ocrx_word' id='word_1_641' title='bbox 3180 3330 3333 3383; x_wconf 87' lang='lat' dir='ltr'><strong>nobis</strong></span> <span class='ocrx_word' id='word_1_642' title='bbox 3377 3346 3502 3400; x_wconf 78' lang='lat' dir='ltr'><strong>spes</strong></span> <span class='ocrx_word' id='word_1_643' title='bbox 3533 3332 3720 3385; x_wconf 89' lang='lat' dir='ltr'><strong>salutis</strong></span> <span class='ocrx_word' id='word_1_644' title='bbox 3746 3334 3898 3387; x_wconf 74' lang='lat' dir='ltr'><strong>erit?</strong></span> 
     </span>
    </p>
   </div>
   <div class='ocr_carea' id='block_1_82' title="bbox 2306 3413 3897 3492">
    <p class='ocr_par' dir='ltr' id='par_1_82' title="bbox 2306 3413 3897 3492">
     <span class='ocr_line' id='line_1_82' title="bbox 2306 3413 3897 3492; baseline 0.009 -26"><span class='ocrx_word' id='word_1_645' title='bbox 2306 3413 2459 3468; x_wconf 83' lang='lat' dir='ltr'><strong>Nulla</strong></span> <span class='ocrx_word' id='word_1_646' title='bbox 2490 3434 2501 3467; x_wconf 91' lang='lat'><strong>:</strong></span> <span class='ocrx_word' id='word_1_647' title='bbox 2531 3416 2621 3471; x_wconf 89' lang='lat' dir='ltr'><strong>sed</strong></span> <span class='ocrx_word' id='word_1_648' title='bbox 2669 3418 2934 3485; x_wconf 87' lang='lat' dir='ltr'><strong>ejulantcs</strong></span> <span class='ocrx_word' id='word_1_649' title='bbox 2975 3431 3031 3473; x_wconf 86' lang='lat' dir='ltr'><strong>et</strong></span> <span class='ocrx_word' id='word_1_650' title='bbox 3068 3420 3317 3475; x_wconf 83' lang='lat' dir='ltr'><strong>dentibus</strong></span> <span class='ocrx_word' id='word_1_651' title='bbox 3362 3420 3667 3486; x_wconf 84' lang='lat' dir='ltr'><strong>stridentes,</strong></span> <span class='ocrx_word' id='word_1_652' title='bbox 3720 3422 3897 3492; x_wconf 78' lang='lat' dir='ltr'><strong>ligatis</strong></span> 
     </span>
    </p>
   </div>
   <div class='ocr_carea' id='block_1_83' title="bbox 2308 3509 3892 3581">
    <p class='ocr_par' dir='ltr' id='par_1_83' title="bbox 2308 3509 3892 3581">
     <span class='ocr_line' id='line_1_83' title="bbox 2308 3509 3892 3581; baseline 0.003 -16"><span class='ocrx_word' id='word_1_653' title='bbox 2308 3509 2530 3578; x_wconf 88' lang='lat' dir='ltr'><strong>pedibus</strong></span> <span class='ocrx_word' id='word_1_654' title='bbox 2558 3510 2910 3577; x_wconf 87' lang='lat' dir='ltr'><strong>manibusque</strong></span> <span class='ocrx_word' id='word_1_655' title='bbox 2940 3512 2990 3563; x_wconf 91' lang='lat' dir='ltr'><strong>in</strong></span> <span class='ocrx_word' id='word_1_656' title='bbox 3022 3510 3283 3580; x_wconf 76' lang='lat' dir='ltr'><strong>gehennae</strong></span> <span class='ocrx_word' id='word_1_657' title='bbox 3312 3512 3486 3575; x_wconf 77' lang='lat' dir='ltr'><strong>ignem</strong></span> <span class='ocrx_word' id='word_1_658' title='bbox 3518 3514 3892 3581; x_wconf 75' lang='lat' dir='ltr'><strong>conjiciantur,</strong></span> 
     </span>
    </p>
   </div>
   <div class='ocr_carea' id='block_1_84' title="bbox 2304 3600 3890 3673">
    <p class='ocr_par' dir='ltr' id='par_1_84' title="bbox 2304 3600 3890 3673">
     <span class='ocr_line' id='line_1_84' title="bbox 2304 3600 3890 3673; baseline 0.006 -20"><span class='ocrx_word' id='word_1_659' title='bbox 2304 3610 2582 3669; x_wconf 90' lang='lat' dir='ltr'><strong>postquam</strong></span> <span class='ocrx_word' id='word_1_660' title='bbox 2606 3600 2910 3654; x_wconf 80' lang='lat' dir='ltr'><strong>divitiarum</strong></span> <span class='ocrx_word' id='word_1_661' title='bbox 2934 3602 3236 3655; x_wconf 88' lang='lat' dir='ltr'><strong>sollicitudo</strong></span> <span class='ocrx_word' id='word_1_662' title='bbox 3264 3618 3363 3656; x_wconf 87' lang='lat' dir='ltr'><strong>nos</strong></span> <span class='ocrx_word' id='word_1_663' title='bbox 3386 3605 3541 3673; x_wconf 88' lang='lat' dir='ltr'><strong>plane</strong></span> <span class='ocrx_word' id='word_1_664' title='bbox 3572 3604 3890 3662; x_wconf 62' lang='lat' dir='ltr'><strong>confecerit.</strong></span> 
     </span>
    </p>
   </div>
   <div class='ocr_carea' id='block_1_85' title="bbox 2304 3693 3891 3761">
    <p class='ocr_par' dir='ltr' id='par_1_85' title="bbox 2304 3693 3891 3761">
     <span class='ocr_line' id='line_1_85' title="bbox 2304 3693 3891 3761; baseline 0.004 -16"><span class='ocrx_word' id='word_1_665' title='bbox 2304 3693 2428 3747; x_wconf 68' lang='lat' dir='ltr'><strong>llmc</strong></span> <span class='ocrx_word' id='word_1_666' title='bbox 2470 3693 2646 3761; x_wconf 87' lang='lat' dir='ltr'><strong>itaque</strong></span> <span class='ocrx_word' id='word_1_667' title='bbox 2677 3693 2970 3760; x_wconf 85' lang='lat' dir='ltr'><strong>cogitantes</strong></span> <span class='ocrx_word' id='word_1_668' title='bbox 2994 3732 3009 3755; x_wconf 89' lang='lat'><strong>,</strong></span> <span class='ocrx_word' id='word_1_669' title='bbox 3036 3694 3213 3748; x_wconf 87' lang='lat' dir='ltr'><strong>omnia</strong></span> <span class='ocrx_word' id='word_1_670' title='bbox 3261 3696 3380 3749; x_wconf 80' lang='lat' dir='ltr'><strong>talis</strong></span> <span class='ocrx_word' id='word_1_671' title='bbox 3424 3695 3647 3751; x_wconf 74' lang='lat' dir='ltr'><strong>fallacia:</strong></span> <span class='ocrx_word' id='word_1_672' title='bbox 3681 3699 3891 3751; x_wconf 74' lang='lat' dir='ltr'><strong>vincula</strong></span> 
     </span>
    </p>
   </div>
   <div class='ocr_carea' id='block_1_86' title="bbox 2303 3782 3894 3855">
    <p class='ocr_par' dir='ltr' id='par_1_86' title="bbox 2303 3782 3894 3855">
     <span class='ocr_line' id='line_1_86' title="bbox 2303 3782 3894 3855; baseline 0.003 -18"><span class='ocrx_word' id='word_1_673' title='bbox 2303 3785 2599 3843; x_wconf 89' lang='lat' dir='ltr'><strong>solvamus.</strong></span> <span class='ocrx_word' id='word_1_674' title='bbox 2640 3800 2706 3837; x_wconf 88' lang='lat' dir='ltr'><strong>ne</strong></span> <span class='ocrx_word' id='word_1_675' title='bbox 2735 3784 2784 3835; x_wconf 90' lang='lat' dir='ltr'><strong>in</strong></span> <span class='ocrx_word' id='word_1_676' title='bbox 2816 3783 2902 3835; x_wconf 86' lang='lat' dir='ltr'><strong>illa</strong></span> <span class='ocrx_word' id='word_1_677' title='bbox 2929 3782 3227 3837; x_wconf 88' lang='lat' dir='ltr'><strong>incidamus</strong></span> <span class='ocrx_word' id='word_1_678' title='bbox 3254 3800 3373 3853; x_wconf 64' lang='lat' dir='ltr'><strong>qua:</strong></span> <span class='ocrx_word' id='word_1_679' title='bbox 3401 3786 3504 3855; x_wconf 89' lang='lat' dir='ltr'><strong>igni</strong></span> <span class='ocrx_word' id='word_1_680' title='bbox 3535 3788 3894 3854; x_wconf 61' lang='lat' dir='ltr'><strong>inexstinguiv</strong></span> 
     </span>
    </p>
   </div>
   <div class='ocr_carea' id='block_1_87' title="bbox 2304 3871 3891 3944">
    <p class='ocr_par' dir='ltr' id='par_1_87' title="bbox 2304 3871 3891 3944">
     <span class='ocr_line' id='line_1_87' title="bbox 2304 3871 3891 3944; baseline 0.004 -15"><span class='ocrx_word' id='word_1_681' title='bbox 2304 3875 2392 3929; x_wconf 89' lang='lat' dir='ltr'><strong>bili</strong></span> <span class='ocrx_word' id='word_1_682' title='bbox 2422 3891 2519 3931; x_wconf 90' lang='lat' dir='ltr'><strong>nos</strong></span> <span class='ocrx_word' id='word_1_683' title='bbox 2546 3871 2797 3929; x_wconf 78' lang='lat' dir='ltr'><strong>traditum</strong></span> <span class='ocrx_word' id='word_1_684' title='bbox 2821 3885 2963 3929; x_wconf 89' lang='lat' dir='ltr'><strong>sunt.</strong></span> <span class='ocrx_word' id='word_1_685' title='bbox 3002 3872 3132 3928; x_wconf 83' lang='lat' dir='ltr'><strong>Nam</strong></span> <span class='ocrx_word' id='word_1_686' title='bbox 3164 3878 3250 3944; x_wconf 75' lang='lat' dir='ltr'><strong>qui</strong></span> <span class='ocrx_word' id='word_1_687' title='bbox 3282 3878 3481 3932; x_wconf 84' lang='lat' dir='ltr'><strong>divitiis</strong></span> <span class='ocrx_word' id='word_1_688' title='bbox 3507 3879 3693 3942; x_wconf 82' lang='lat' dir='ltr'><strong>servit,</strong></span> <span class='ocrx_word' id='word_1_689' title='bbox 3714 3890 3769 3935; x_wconf 88' lang='lat' dir='ltr'><strong>et</strong></span> <span class='ocrx_word' id='word_1_690' title='bbox 3792 3895 3891 3935; x_wconf 75' lang='lat' dir='ltr'><strong>ca-</strong></span> 
     </span>
    </p>
   </div>
   <div class='ocr_carea' id='block_1_88' title="bbox 2302 3968 3888 4042">
    <p class='ocr_par' dir='ltr' id='par_1_88' title="bbox 2302 3968 3888 4042">
     <span class='ocr_line' id='line_1_88' title="bbox 2302 3968 3888 4042; baseline 0.005 -22"><span class='ocrx_word' id='word_1_691' title='bbox 2302 3970 2437 4022; x_wconf 83' lang='lat' dir='ltr'><strong>tenis</strong></span> <span class='ocrx_word' id='word_1_692' title='bbox 2464 3968 2568 4032; x_wconf 87' lang='lat' dir='ltr'><strong>hic,</strong></span> <span class='ocrx_word' id='word_1_693' title='bbox 2588 3980 2642 4025; x_wconf 89' lang='lat' dir='ltr'><strong>et</strong></span> <span class='ocrx_word' id='word_1_694' title='bbox 2669 3971 2873 4024; x_wconf 88' lang='lat' dir='ltr'><strong>catenis</strong></span> <span class='ocrx_word' id='word_1_695' title='bbox 2902 3971 3007 4026; x_wconf 89' lang='lat' dir='ltr'><strong>illic</strong></span> <span class='ocrx_word' id='word_1_696' title='bbox 3026 3980 3282 4041; x_wconf 85' lang='lat' dir='ltr'><strong>perpetuo</strong></span> <span class='ocrx_word' id='word_1_697' title='bbox 3306 3971 3594 4025; x_wconf 88' lang='lat' dir='ltr'><strong>adstrictus</strong></span> <span class='ocrx_word' id='word_1_698' title='bbox 3617 3971 3721 4025; x_wconf 89' lang='lat' dir='ltr'><strong>erit</strong></span> <span class='ocrx_word' id='word_1_699' title='bbox 3749 3992 3764 4027; x_wconf 91' lang='lat'><strong><em>:</em></strong></span> <span class='ocrx_word' id='word_1_700' title='bbox 3792 3974 3888 4042; x_wconf 83' lang='lat' dir='ltr'><strong>qui</strong></span> 
     </span>
    </p>
   </div>
   <div class='ocr_carea' id='block_1_89' title="bbox 2296 4061 3889 4130">
    <p class='ocr_par' dir='ltr' id='par_1_89' title="bbox 2296 4061 3889 4130">
     <span class='ocr_line' id='line_1_89' title="bbox 2296 4061 3889 4130; baseline 0.003 -15"><span class='ocrx_word' id='word_1_701' title='bbox 2296 4070 2471 4115; x_wconf 86' lang='lat' dir='ltr'><strong>autem</strong></span> <span class='ocrx_word' id='word_1_702' title='bbox 2520 4062 2586 4116; x_wconf 87' lang='lat' dir='ltr'><strong>ab</strong></span> <span class='ocrx_word' id='word_1_703' title='bbox 2614 4063 2713 4116; x_wconf 87' lang='lat' dir='ltr'><strong>hac</strong></span> <span class='ocrx_word' id='word_1_704' title='bbox 2750 4062 3043 4130; x_wconf 84' lang='lat' dir='ltr'><strong>cupiditate</strong></span> <span class='ocrx_word' id='word_1_705' title='bbox 3083 4062 3218 4116; x_wconf 84' lang='lat' dir='ltr'><strong>liber</strong></span> <span class='ocrx_word' id='word_1_706' title='bbox 3237 4070 3351 4126; x_wconf 85' lang='lat' dir='ltr'><strong>est,</strong></span> <span class='ocrx_word' id='word_1_707' title='bbox 3386 4070 3610 4130; x_wconf 87' lang='lat' dir='ltr'><strong>utraque</strong></span> <span class='ocrx_word' id='word_1_708' title='bbox 3642 4061 3889 4119; x_wconf 75' lang='lat' dir='ltr'><strong>libertate</strong></span> 
     </span>
    </p>
   </div>
   <div class='ocr_carea' id='block_1_90' title="bbox 2298 4158 3887 4228">
    <p class='ocr_par' dir='ltr' id='par_1_90' title="bbox 2298 4158 3887 4228">
     <span class='ocr_line' id='line_1_90' title="bbox 2298 4158 3887 4228; baseline 0.001 -18"><span class='ocrx_word' id='word_1_709' title='bbox 2298 4159 2528 4225; x_wconf 86' lang='lat' dir='ltr'><strong>potietur</strong></span> <span class='ocrx_word' id='word_1_710' title='bbox 2558 4176 2569 4210; x_wconf 92' lang='lat'>:</span> <span class='ocrx_word' id='word_1_711' title='bbox 2599 4174 2755 4224; x_wconf 87' lang='lat' dir='ltr'><strong>quam</strong></span> <span class='ocrx_word' id='word_1_712' title='bbox 2787 4166 2843 4211; x_wconf 87' lang='lat' dir='ltr'><strong>ut</strong></span> <span class='ocrx_word' id='word_1_713' title='bbox 2875 4174 2970 4212; x_wconf 89' lang='lat' dir='ltr'><strong>nos</strong></span> <span class='ocrx_word' id='word_1_714' title='bbox 2999 4173 3212 4227; x_wconf 86' lang='lat' dir='ltr'><strong>quoque</strong></span> <span class='ocrx_word' id='word_1_715' title='bbox 3242 4172 3615 4228; x_wconf 81' lang='lat' dir='ltr'><strong>assequamur,</strong></span> <span class='ocrx_word' id='word_1_716' title='bbox 3648 4158 3887 4212; x_wconf 83' lang='lat' dir='ltr'><strong>contrito</strong></span> 
     </span>
    </p>
   </div>
   <div class='ocr_carea' id='block_1_91' title="bbox 2298 4248 3885 4317">
    <p class='ocr_par' dir='ltr' id='par_1_91' title="bbox 2298 4248 3885 4317">
     <span class='ocr_line' id='line_1_91' title="bbox 2298 4248 3885 4317; baseline 0.001 -19"><span class='ocrx_word' id='word_1_717' title='bbox 2298 4248 2443 4315; x_wconf 82' lang='lat' dir='ltr'><strong>gravi</strong></span> <span class='ocrx_word' id='word_1_718' title='bbox 2474 4248 2565 4300; x_wconf 90' lang='lat' dir='ltr'><strong>illo</strong></span> <span class='ocrx_word' id='word_1_719' title='bbox 2593 4249 2827 4299; x_wconf 68' lang='lat' dir='ltr'><strong>avaritia:</strong></span> <span class='ocrx_word' id='word_1_720' title='bbox 2852 4249 2979 4317; x_wconf 76' lang='lat' dir='ltr'><strong>jngo</strong></span> <span class='ocrx_word' id='word_1_721' title='bbox 3002 4289 3015 4311; x_wconf 85' lang='lat'><strong>,</strong></span> <span class='ocrx_word' id='word_1_722' title='bbox 3045 4248 3110 4300; x_wconf 87' lang='lat' dir='ltr'><strong>ad</strong></span> <span class='ocrx_word' id='word_1_723' title='bbox 3142 4250 3332 4302; x_wconf 70' lang='lat' dir='ltr'><strong>cmlum</strong></span> <span class='ocrx_word' id='word_1_724' title='bbox 3379 4248 3633 4301; x_wconf 83' lang='lat' dir='ltr'><strong>advolare</strong></span> <span class='ocrx_word' id='word_1_725' title='bbox 3655 4257 3885 4301; x_wconf 85' lang='lat' dir='ltr'><strong>conten-</strong></span> 
     </span>
    </p>
   </div>
   <div class='ocr_carea' id='block_1_92' title="bbox 2294 4339 3882 4411">
    <p class='ocr_par' dir='ltr' id='par_1_92' title="bbox 2294 4339 3882 4411">
     <span class='ocr_line' id='line_1_92' title="bbox 2294 4339 3882 4411; baseline 0.001 -19"><span class='ocrx_word' id='word_1_726' title='bbox 2294 4341 2516 4405; x_wconf 85' lang='lat' dir='ltr'><strong>damus,</strong></span> <span class='ocrx_word' id='word_1_727' title='bbox 2570 4340 2739 4408; x_wconf 83' lang='lat' dir='ltr'><strong>gratia</strong></span> <span class='ocrx_word' id='word_1_728' title='bbox 2792 4350 2846 4393; x_wconf 89' lang='lat' dir='ltr'><strong>et</strong></span> <span class='ocrx_word' id='word_1_729' title='bbox 2899 4340 3223 4411; x_wconf 82' lang='lat' dir='ltr'><strong>benignitate</strong></span> <span class='ocrx_word' id='word_1_730' title='bbox 3274 4341 3481 4394; x_wconf 87' lang='lat' dir='ltr'><strong>Domini</strong></span> <span class='ocrx_word' id='word_1_731' title='bbox 3536 4340 3705 4394; x_wconf 87' lang='lat' dir='ltr'><strong>nostri</strong></span> <span class='ocrx_word' id='word_1_732' title='bbox 3753 4339 3882 4394; x_wconf 79' lang='lat' dir='ltr'><strong>Jesu</strong></span> 
     </span>
    </p>
   </div>
   <div class='ocr_carea' id='block_1_93' title="bbox 2293 4430 3878 4500">
    <p class='ocr_par' dir='ltr' id='par_1_93' title="bbox 2293 4430 3878 4500">
     <span class='ocr_line' id='line_1_93' title="bbox 2293 4430 3878 4500; baseline 0 -16"><span class='ocrx_word' id='word_1_733' title='bbox 2293 4430 2521 4495; x_wconf 87' lang='lat' dir='ltr'><strong>Christi,</strong></span> <span class='ocrx_word' id='word_1_734' title='bbox 2548 4432 2630 4486; x_wconf 91' lang='lat' dir='ltr'><strong>cui</strong></span> <span class='ocrx_word' id='word_1_735' title='bbox 2652 4431 2817 4500; x_wconf 87' lang='lat' dir='ltr'><strong>gloria</strong></span> <span class='ocrx_word' id='word_1_736' title='bbox 2850 4444 2903 4485; x_wconf 81' lang='lat' dir='ltr'><strong>et</strong></span> <span class='ocrx_word' id='word_1_737' title='bbox 2932 4432 3211 4500; x_wconf 86' lang='lat' dir='ltr'><strong>imperium</strong></span> <span class='ocrx_word' id='word_1_738' title='bbox 3240 4432 3292 4485; x_wconf 92' lang='lat' dir='ltr'><strong>iu</strong></span> <span class='ocrx_word' id='word_1_739' title='bbox 3320 4435 3512 4487; x_wconf 76' lang='lat' dir='ltr'><strong>smcula</strong></span> <span class='ocrx_word' id='word_1_740' title='bbox 3537 4430 3878 4487; x_wconf 62' lang='lat' dir='ltr'><strong>surculorum.</strong></span> 
     </span>
    </p>
   </div>
   <div class='ocr_carea' id='block_1_94' title="bbox 2294 4524 2483 4575">
    <p class='ocr_par' dir='ltr' id='par_1_94' title="bbox 2294 4524 2483 4575">
     <span class='ocr_line' id='line_1_94' title="bbox 2294 4524 2483 4575; baseline 0.011 -2"><span class='ocrx_word' id='word_1_741' title='bbox 2294 4524 2483 4575; x_wconf 81' lang='lat' dir='ltr'><strong>Amen.</strong></span> 
     </span>
    </p>
   </div>
   <div class='ocr_carea' id='block_1_95' title="bbox 3344 4684 3787 4709">
    <p class='ocr_par' dir='ltr' id='par_1_95' title="bbox 3344 4684 3787 4709">
     <span class='ocr_line' id='line_1_95' title="bbox 3344 4684 3787 4709; baseline -0.002 -2"><span class='ocrx_word' id='word_1_742' title='bbox 3344 4684 3787 4709; x_wconf 45' lang='lat' dir='ltr'><strong>md.“</strong></span> 
     </span>
    </p>
   </div>
   <div class='ocr_carea' id='block_1_96' title="bbox 3070 4697 3337 4708">
    <p class='ocr_par' dir='ltr' id='par_1_96' title="bbox 3070 4697 3337 4708">
     <span class='ocr_line' id='line_1_96' title="bbox 3070 4697 3337 4708; baseline -0.007 -1"><span class='ocrx_word' id='word_1_743' title='bbox 3070 4698 3164 4708; x_wconf 55' lang='lat' dir='ltr'><strong>q——</strong></span> <span class='ocrx_word' id='word_1_744' title='bbox 3172 4697 3337 4708; x_wconf 50' lang='lat' dir='ltr'><strong>ww</strong></span> 
     </span>
    </p>
   </div>
   <div class='ocr_carea' id='block_1_97' title="bbox 1950 4812 2516 4877">
    <p class='ocr_par' dir='ltr' id='par_1_97' title="bbox 1950 4812 2516 4877">
     <span class='ocr_line' id='line_1_97' title="bbox 1950 4812 2516 4877; baseline -0.005 -2"><span class='ocrx_word' id='word_1_745' title='bbox 1950 4814 2295 4877; x_wconf 73' lang='lat' dir='ltr'><strong>HOMILIA</strong></span> <span class='ocrx_word' id='word_1_746' title='bbox 2341 4812 2516 4874; x_wconf 76' lang='lat' dir='ltr'><strong>XIII.</strong></span> 
     </span>
    </p>
   </div>
   <div class='ocr_carea' id='block_1_98' title="bbox 496 4955 2173 5031">
    <p class='ocr_par' dir='ltr' id='par_1_98' title="bbox 496 4955 2173 5031">
     <span class='ocr_line' id='line_1_98' title="bbox 496 4955 2173 5031; baseline -0.01 -7"><span class='ocrx_word' id='word_1_747' title='bbox 496 5019 515 5031; x_wconf 82' lang='grc'><em>,</em></span> <span class='ocrx_word' id='word_1_748' title='bbox 598 4966 725 5027; x_wconf 66' lang='lat' dir='ltr'><strong>CAP.</strong></span> <span class='ocrx_word' id='word_1_749' title='bbox 757 4965 809 5019; x_wconf 72' lang='grc' dir='ltr'><strong>ι.</strong></span> <span class='ocrx_word' id='word_1_750' title='bbox 840 4978 888 5014; x_wconf 87' lang='lat' dir='ltr'><strong>v.</strong></span> <span class='ocrx_word' id='word_1_751' title='bbox 926 4964 971 5015; x_wconf 87' lang='lat' dir='ltr'><strong>l.</strong></span> <span class='ocrx_word' id='word_1_752' title='bbox 1005 4959 1143 5014; x_wconf 82' lang='lat' dir='ltr'><strong>Tunc</strong></span> <span class='ocrx_word' id='word_1_753' title='bbox 1166 4958 1316 5013; x_wconf 75' lang='lat' dir='ltr'><strong>Jews</strong></span> <span class='ocrx_word' id='word_1_754' title='bbox 1341 4958 1519 5011; x_wconf 73' lang='lat' dir='ltr'><strong>ductus</strong></span> <span class='ocrx_word' id='word_1_755' title='bbox 1550 4967 1617 5010; x_wconf 67' lang='lat' dir='ltr'><strong>est</strong></span> <span class='ocrx_word' id='word_1_756' title='bbox 1646 4955 1700 5010; x_wconf 79' lang='lat' dir='ltr'><strong>in</strong></span> <span class='ocrx_word' id='word_1_757' title='bbox 1724 4955 1970 5010; x_wconf 72' lang='lat' dir='ltr'><strong>desertum</strong></span> <span class='ocrx_word' id='word_1_758' title='bbox 1993 4974 2022 5009; x_wconf 82' lang='grc' dir='ltr'><em>α</em></span> <span class='ocrx_word' id='word_1_759' title='bbox 2053 4955 2173 5024; x_wconf 81' lang='lat' dir='ltr'><strong>Spi-</strong></span> 
     </span>
    </p>
   </div>
   <div class='ocr_carea' id='block_1_99' title="bbox 981 5048 1791 5112">
    <p class='ocr_par' dir='ltr' id='par_1_99' title="bbox 981 5048 1791 5112">
     <span class='ocr_line' id='line_1_99' title="bbox 981 5048 1791 5112; baseline -0.004 -8"><span class='ocrx_word' id='word_1_760' title='bbox 981 5053 1079 5105; x_wconf 83' lang='lat' dir='ltr'><strong>ritu</strong></span> <span class='ocrx_word' id='word_1_761' title='bbox 1098 5092 1112 5112; x_wconf 90' lang='lat'><strong>.</strong></span> <span class='ocrx_word' id='word_1_762' title='bbox 1141 5062 1192 5103; x_wconf 81' lang='lat' dir='ltr'><strong>ut</strong></span> <span class='ocrx_word' id='word_1_763' title='bbox 1220 5060 1490 5104; x_wconf 78' lang='lat' dir='ltr'><strong>tentaretur</strong></span> <span class='ocrx_word' id='word_1_764' title='bbox 1508 5066 1539 5101; x_wconf 88' lang='lat' dir='ltr'><strong>a</strong></span> <span class='ocrx_word' id='word_1_765' title='bbox 1569 5048 1791 5103; x_wconf 78' lang='lat' dir='ltr'><strong>diabolo.</strong></span> 
     </span>
    </p>
   </div>
   <div class='ocr_carea' id='block_1_100' title="bbox 667 5136 2171 5209">
    <p class='ocr_par' dir='ltr' id='par_1_100' title="bbox 667 5136 2171 5209">
     <span class='ocr_line' id='line_1_100' title="bbox 667 5136 2171 5209; baseline -0.007 -11"><span class='ocrx_word' id='word_1_766' title='bbox 667 5147 717 5199; x_wconf 88' lang='grc'><strong>1.</strong></span> <span class='ocrx_word' id='word_1_767' title='bbox 752 5144 852 5197; x_wconf 80' lang='lat' dir='ltr'><strong>Cur</strong></span> <span class='ocrx_word' id='word_1_768' title='bbox 879 5142 1107 5196; x_wconf 74' lang='lat' dir='ltr'><strong>Christus</strong></span> <span class='ocrx_word' id='word_1_769' title='bbox 1134 5140 1312 5195; x_wconf 81' lang='lat' dir='ltr'><strong>tentari</strong></span> <span class='ocrx_word' id='word_1_770' title='bbox 1333 5148 1378 5192; x_wconf 86' lang='lat' dir='ltr'><strong>et</strong></span> <span class='ocrx_word' id='word_1_771' title='bbox 1396 5140 1632 5209; x_wconf 70' lang='lat' dir='ltr'><strong>jejunare</strong></span> <span class='ocrx_word' id='word_1_772' title='bbox 1655 5138 1885 5193; x_wconf 81' lang='lat' dir='ltr'><strong>voluerit.</strong></span> <span class='ocrx_word' id='word_1_773' title='bbox 1909 5136 2171 5191; x_wconf 80' lang='lat' dir='ltr'><strong>Teutatia-</strong></span> 
     </span>
    </p>
   </div>
   <div class='ocr_carea' id='block_1_101' title="bbox 596 5227 2167 5302">
    <p class='ocr_par' dir='ltr' id='par_1_101' title="bbox 596 5227 2167 5302">
     <span class='ocr_line' id='line_1_101' title="bbox 596 5227 2167 5302; baseline -0.004 -15"><span class='ocrx_word' id='word_1_774' title='bbox 596 5236 672 5287; x_wconf 83' lang='lat' dir='ltr'><strong>uis</strong></span> <span class='ocrx_word' id='word_1_775' title='bbox 720 5238 937 5302; x_wconf 76' lang='lat' dir='ltr'><strong>fructus.</strong></span> <span class='ocrx_word' id='word_1_776' title='bbox 971 5230 1370 5299; x_wconf 78' lang='lat' dir='ltr'><strong>lntemperantia</strong></span> <span class='ocrx_word' id='word_1_777' title='bbox 1414 5231 1646 5283; x_wconf 76' lang='lat' dir='ltr'><strong>vitiorum</strong></span> <span class='ocrx_word' id='word_1_778' title='bbox 1692 5230 1865 5283; x_wconf 65' lang='lat' dir='ltr'><strong>radius.</strong></span> <span class='ocrx_word' id='word_1_779' title='bbox 1892 5227 2167 5291; x_wconf 89' lang='lat' dir='ltr'><strong>—Tunc;</strong></span> 
     </span>
    </p>
   </div>
   <div class='ocr_carea' id='block_1_102' title="bbox 594 5322 2163 5393">
    <p class='ocr_par' dir='ltr' id='par_1_102' title="bbox 594 5322 2163 5393">
     <span class='ocr_line' id='line_1_102' title="bbox 594 5322 2163 5393; baseline -0.004 -14"><span class='ocrx_word' id='word_1_780' title='bbox 594 5325 975 5393; x_wconf 82' lang='lat' dir='ltr'><strong>quandonam?</strong></span> <span class='ocrx_word' id='word_1_781' title='bbox 1005 5334 1123 5393; x_wconf 89' lang='lat' dir='ltr'><strong>post</strong></span> <span class='ocrx_word' id='word_1_782' title='bbox 1162 5323 1481 5377; x_wconf 85' lang='lat' dir='ltr'><strong>descensum</strong></span> <span class='ocrx_word' id='word_1_783' title='bbox 1527 5323 1672 5377; x_wconf 91' lang='lat' dir='ltr'><strong>illum</strong></span> <span class='ocrx_word' id='word_1_784' title='bbox 1714 5322 1943 5390; x_wconf 87' lang='lat' dir='ltr'><strong>Spiritus</strong></span> <span class='ocrx_word' id='word_1_785' title='bbox 1963 5323 2163 5386; x_wconf 77' lang='lat' dir='ltr'><strong>sancti,</strong></span> 
     </span>
    </p>
   </div>
   <div class='ocr_carea' id='block_1_103' title="bbox 597 5412 2166 5486">
    <p class='ocr_par' dir='ltr' id='par_1_103' title="bbox 597 5412 2166 5486">
     <span class='ocr_line' id='line_1_103' title="bbox 597 5412 2166 5486; baseline -0.001 -19"><span class='ocrx_word' id='word_1_786' title='bbox 597 5428 713 5486; x_wconf 83' lang='lat' dir='ltr'><strong>post</strong></span> <span class='ocrx_word' id='word_1_787' title='bbox 743 5431 925 5471; x_wconf 81' lang='lat' dir='ltr'><strong>vocem</strong></span> <span class='ocrx_word' id='word_1_788' title='bbox 957 5416 1100 5469; x_wconf 88' lang='lat' dir='ltr'><strong>illam</strong></span> <span class='ocrx_word' id='word_1_789' title='bbox 1131 5429 1365 5484; x_wconf 87' lang='lat' dir='ltr'><strong>superne</strong></span> <span class='ocrx_word' id='word_1_790' title='bbox 1389 5414 1617 5468; x_wconf 80' lang='lat' dir='ltr'><strong>delatam</strong></span> <span class='ocrx_word' id='word_1_791' title='bbox 1648 5423 1703 5469; x_wconf 89' lang='lat' dir='ltr'><strong>et</strong></span> <span class='ocrx_word' id='word_1_792' title='bbox 1726 5414 1989 5468; x_wconf 87' lang='lat' dir='ltr'><strong>dicentem</strong></span> <span class='ocrx_word' id='word_1_793' title='bbox 2020 5432 2034 5466; x_wconf 85' lang='lat'><strong>:</strong></span> <span class='ocrx_word' id='word_1_794' title='bbox 2069 5412 2166 5466; x_wconf 83' lang='lat' dir='ltr'><strong>llic</strong></span> 
     </span>
    </p>
   </div>
   <div class='ocr_carea' id='block_1_104' title="bbox 590 5503 2161 5576">
    <p class='ocr_par' dir='ltr' id='par_1_104' title="bbox 590 5503 2161 5576">
     <span class='ocr_line' id='line_1_104' title="bbox 590 5503 2161 5576; baseline -0.003 -15"><span class='ocrx_word' id='word_1_795' title='bbox 590 5517 664 5564; x_wconf 70' lang='lat' dir='ltr'><strong>est</strong></span> <span class='ocrx_word' id='word_1_796' title='bbox 692 5505 855 5559; x_wconf 73' lang='lat' dir='ltr'><strong>Filius</strong></span> <span class='ocrx_word' id='word_1_797' title='bbox 882 5523 1010 5558; x_wconf 71' lang='lat' dir='ltr'><strong>mem</strong></span> <span class='ocrx_word' id='word_1_798' title='bbox 1040 5506 1272 5571; x_wconf 79' lang='lat' dir='ltr'><strong>dilectus,</strong></span> <span class='ocrx_word' id='word_1_799' title='bbox 1302 5506 1353 5557; x_wconf 83' lang='lat' dir='ltr'><strong>in</strong></span> <span class='ocrx_word' id='word_1_800' title='bbox 1376 5522 1472 5573; x_wconf 78' lang='lat' dir='ltr'><strong>quo</strong></span> <span class='ocrx_word' id='word_1_801' title='bbox 1500 5506 1621 5557; x_wconf 76' lang='lat' dir='ltr'><strong>mihi</strong></span> <span class='ocrx_word' id='word_1_802' title='bbox 1643 5503 1927 5572; x_wconf 76' lang='lat' dir='ltr'><strong>complacui</strong></span> <span class='ocrx_word' id='word_1_803' title='bbox 1948 5504 2161 5576; x_wconf 75' lang='lat' dir='ltr'><strong>(Matth.</strong></span> 
     </span>
    </p>
   </div>
   <div class='ocr_carea' id='block_1_105' title="bbox 592 5594 2163 5664">
    <p class='ocr_par' dir='ltr' id='par_1_105' title="bbox 592 5594 2163 5664">
     <span class='ocr_line' id='line_1_105' title="bbox 592 5594 2163 5664; baseline -0.003 -12"><span class='ocrx_word' id='word_1_804' title='bbox 592 5599 645 5653; x_wconf 78' lang='lat'><strong>5.</strong></span> <span class='ocrx_word' id='word_1_805' title='bbox 682 5598 787 5659; x_wconf 82' lang='lat' dir='ltr'><strong>l7).</strong></span> <span class='ocrx_word' id='word_1_806' title='bbox 817 5595 1073 5663; x_wconf 71' lang='lat' dir='ltr'><strong>Quodque</strong></span> <span class='ocrx_word' id='word_1_807' title='bbox 1118 5597 1308 5649; x_wconf 89' lang='lat' dir='ltr'><strong>mirum</strong></span> <span class='ocrx_word' id='word_1_808' title='bbox 1341 5604 1455 5657; x_wconf 71' lang='lat' dir='ltr'><strong>est,</strong></span> <span class='ocrx_word' id='word_1_809' title='bbox 1502 5610 1529 5647; x_wconf 88' lang='lat' dir='ltr'><strong>a</strong></span> <span class='ocrx_word' id='word_1_810' title='bbox 1577 5596 1777 5664; x_wconf 89' lang='lat' dir='ltr'><strong>Spiritu</strong></span> <span class='ocrx_word' id='word_1_811' title='bbox 1823 5604 2047 5650; x_wconf 87' lang='lat' dir='ltr'><strong>sancto:</strong></span> <span class='ocrx_word' id='word_1_812' title='bbox 2080 5594 2163 5648; x_wconf 90' lang='lat' dir='ltr'><strong>hic</strong></span> 
     </span>
    </p>
   </div>
   <div class='ocr_carea' id='block_1_106' title="bbox 591 5683 2163 5756">
    <p class='ocr_par' dir='ltr' id='par_1_106' title="bbox 591 5683 2163 5756">
     <span class='ocr_line' id='line_1_106' title="bbox 591 5683 2163 5756; baseline -0.001 -17"><span class='ocrx_word' id='word_1_813' title='bbox 591 5686 734 5739; x_wconf 89' lang='lat' dir='ltr'><strong>enim</strong></span> <span class='ocrx_word' id='word_1_814' title='bbox 759 5686 930 5756; x_wconf 87' lang='lat' dir='ltr'><strong>ipsum</strong></span> <span class='ocrx_word' id='word_1_815' title='bbox 986 5683 1204 5737; x_wconf 86' lang='lat' dir='ltr'><strong>adduxit</strong></span> <span class='ocrx_word' id='word_1_816' title='bbox 1251 5684 1395 5737; x_wconf 90' lang='lat' dir='ltr'><strong>illuc.</strong></span> <span class='ocrx_word' id='word_1_817' title='bbox 1426 5683 1558 5748; x_wconf 85' lang='lat' dir='ltr'><strong>Quia</strong></span> <span class='ocrx_word' id='word_1_818' title='bbox 1599 5684 1741 5738; x_wconf 89' lang='lat' dir='ltr'><strong>enim</strong></span> <span class='ocrx_word' id='word_1_819' title='bbox 1772 5684 1947 5738; x_wconf 85' lang='lat' dir='ltr'><strong>omnia</strong></span> <span class='ocrx_word' id='word_1_820' title='bbox 1979 5684 2043 5738; x_wconf 88' lang='lat' dir='ltr'><strong>ad</strong></span> <span class='ocrx_word' id='word_1_821' title='bbox 2069 5684 2163 5738; x_wconf 88' lang='lat' dir='ltr'><strong>do-</strong></span> 
     </span>
    </p>
   </div>
   <div class='ocr_carea' id='block_1_107' title="bbox 588 5771 2155 5843">
    <p class='ocr_par' dir='ltr' id='par_1_107' title="bbox 588 5771 2155 5843">
     <span class='ocr_line' id='line_1_107' title="bbox 588 5771 2155 5843; baseline 0.001 -17"><span class='ocrx_word' id='word_1_822' title='bbox 588 5773 815 5828; x_wconf 80' lang='lat' dir='ltr'><strong>cendum</strong></span> <span class='ocrx_word' id='word_1_823' title='bbox 843 5788 940 5828; x_wconf 91' lang='lat' dir='ltr'><strong>nos</strong></span> <span class='ocrx_word' id='word_1_824' title='bbox 965 5771 1088 5826; x_wconf 88' lang='lat' dir='ltr'><strong>fecit</strong></span> <span class='ocrx_word' id='word_1_825' title='bbox 1114 5781 1168 5829; x_wconf 91' lang='lat' dir='ltr'><strong>et</strong></span> <span class='ocrx_word' id='word_1_826' title='bbox 1195 5786 1383 5843; x_wconf 86' lang='lat' dir='ltr'><strong>passus</strong></span> <span class='ocrx_word' id='word_1_827' title='bbox 1408 5781 1525 5840; x_wconf 87' lang='lat' dir='ltr'><strong>est,</strong></span> <span class='ocrx_word' id='word_1_828' title='bbox 1556 5772 1681 5828; x_wconf 91' lang='lat' dir='ltr'><strong>illuc</strong></span> <span class='ocrx_word' id='word_1_829' title='bbox 1702 5772 1930 5841; x_wconf 89' lang='lat' dir='ltr'><strong>adduci,</strong></span> <span class='ocrx_word' id='word_1_830' title='bbox 1957 5782 2010 5829; x_wconf 90' lang='lat' dir='ltr'><strong>et</strong></span> <span class='ocrx_word' id='word_1_831' title='bbox 2034 5788 2155 5829; x_wconf 85' lang='lat' dir='ltr'><strong>cum</strong></span> 
     </span>
    </p>
   </div>
   <div class='ocr_carea' id='block_1_108' title="bbox 2288 4948 3871 5020">
    <p class='ocr_par' dir='ltr' id='par_1_108' title="bbox 2288 4948 3871 5020">
     <span class='ocr_line' id='line_1_108' title="bbox 2288 4948 3871 5020; baseline -0.001 -13"><span class='ocrx_word' id='word_1_832' title='bbox 2288 4952 2503 5007; x_wconf 87' lang='lat' dir='ltr'><strong>diabolo</strong></span> <span class='ocrx_word' id='word_1_833' title='bbox 2533 4966 2759 5020; x_wconf 79' lang='lat' dir='ltr'><strong>pugnam</strong></span> <span class='ocrx_word' id='word_1_834' title='bbox 2786 4952 3127 5005; x_wconf 82' lang='lat' dir='ltr'><strong>committere</strong></span> <span class='ocrx_word' id='word_1_835' title='bbox 3158 4948 3326 5004; x_wconf 78' lang='lat' dir='ltr'><strong>voluit</strong></span> <span class='ocrx_word' id='word_1_836' title='bbox 3346 4990 3360 5012; x_wconf 93' lang='lat'><strong>,</strong></span> <span class='ocrx_word' id='word_1_837' title='bbox 3403 4958 3460 5004; x_wconf 91' lang='lat' dir='ltr'><strong>ut</strong></span> <span class='ocrx_word' id='word_1_838' title='bbox 3499 4952 3871 5020; x_wconf 85' lang='lat' dir='ltr'><strong>unusquisque</strong></span> 
     </span>
    </p>
   </div>
   <div class='ocr_carea' id='block_1_109' title="bbox 2282 5040 3867 5114">
    <p class='ocr_par' dir='ltr' id='par_1_109' title="bbox 2282 5040 3867 5114">
     <span class='ocr_line' id='line_1_109' title="bbox 2282 5040 3867 5114; baseline -0.001 -16"><span class='ocrx_word' id='word_1_839' title='bbox 2282 5044 2667 5114; x_wconf 84' lang='lat' dir='ltr'><strong>baptizatorum</strong></span> <span class='ocrx_word' id='word_1_840' title='bbox 2688 5084 2704 5109; x_wconf 92' lang='lat'><strong>,</strong></span> <span class='ocrx_word' id='word_1_841' title='bbox 2736 5043 2780 5095; x_wconf 89' lang='lat' dir='ltr'><strong>si</strong></span> <span class='ocrx_word' id='word_1_842' title='bbox 2828 5053 2951 5110; x_wconf 82' lang='lat' dir='ltr'><strong>post</strong></span> <span class='ocrx_word' id='word_1_843' title='bbox 2992 5041 3314 5109; x_wconf 85' lang='lat' dir='ltr'><strong>baptismum</strong></span> <span class='ocrx_word' id='word_1_844' title='bbox 3344 5040 3577 5110; x_wconf 83' lang='lat' dir='ltr'><strong>majores</strong></span> <span class='ocrx_word' id='word_1_845' title='bbox 3598 5043 3867 5097; x_wconf 83' lang='lat' dir='ltr'><strong>sustineat</strong></span> 
     </span>
    </p>
   </div>
   <div class='ocr_carea' id='block_1_110' title="bbox 2282 5132 3861 5201">
    <p class='ocr_par' dir='ltr' id='par_1_110' title="bbox 2282 5132 3861 5201">
     <span class='ocr_line' id='line_1_110' title="bbox 2282 5132 3861 5201; baseline -0.002 -14"><span class='ocrx_word' id='word_1_846' title='bbox 2282 5136 2617 5197; x_wconf 86' lang='lat' dir='ltr'><strong>tentationes,</strong></span> <span class='ocrx_word' id='word_1_847' title='bbox 2646 5149 2712 5188; x_wconf 86' lang='lat' dir='ltr'><strong>ne</strong></span> <span class='ocrx_word' id='word_1_848' title='bbox 2755 5133 3036 5197; x_wconf 82' lang='lat' dir='ltr'><strong>turbetur,</strong></span> <span class='ocrx_word' id='word_1_849' title='bbox 3070 5134 3217 5201; x_wconf 86' lang='lat' dir='ltr'><strong>quasi</strong></span> <span class='ocrx_word' id='word_1_850' title='bbox 3264 5132 3589 5199; x_wconf 85' lang='lat' dir='ltr'><strong>insperatam</strong></span> <span class='ocrx_word' id='word_1_851' title='bbox 3619 5147 3730 5185; x_wconf 84' lang='lat' dir='ltr'><strong>rem</strong></span> <span class='ocrx_word' id='word_1_852' title='bbox 3763 5147 3861 5185; x_wconf 85' lang='lat' dir='ltr'><strong>ex-</strong></span> 
     </span>
    </p>
   </div>
   <div class='ocr_carea' id='block_1_111' title="bbox 2279 5222 3861 5293">
    <p class='ocr_par' dir='ltr' id='par_1_111' title="bbox 2279 5222 3861 5293">
     <span class='ocr_line' id='line_1_111' title="bbox 2279 5222 3861 5293; baseline -0.003 -13"><span class='ocrx_word' id='word_1_853' title='bbox 2279 5236 2477 5293; x_wconf 87' lang='lat' dir='ltr'><strong>pertus,</strong></span> <span class='ocrx_word' id='word_1_854' title='bbox 2510 5223 2603 5278; x_wconf 89' lang='lat' dir='ltr'><strong>sed</strong></span> <span class='ocrx_word' id='word_1_855' title='bbox 2630 5234 2841 5279; x_wconf 88' lang='lat' dir='ltr'><strong>maneat</strong></span> <span class='ocrx_word' id='word_1_856' title='bbox 2883 5224 3091 5277; x_wconf 88' lang='lat' dir='ltr'><strong>fortiter</strong></span> <span class='ocrx_word' id='word_1_857' title='bbox 3116 5223 3295 5276; x_wconf 88' lang='lat' dir='ltr'><strong>omnia</strong></span> <span class='ocrx_word' id='word_1_858' title='bbox 3337 5222 3519 5276; x_wconf 82' lang='lat' dir='ltr'><strong>ferens</strong></span> <span class='ocrx_word' id='word_1_859' title='bbox 3539 5262 3552 5285; x_wconf 89' lang='lat'><strong>,</strong></span> <span class='ocrx_word' id='word_1_860' title='bbox 3581 5224 3766 5291; x_wconf 84' lang='lat' dir='ltr'><strong>utpote</strong></span> <span class='ocrx_word' id='word_1_861' title='bbox 3798 5236 3861 5275; x_wconf 86' lang='lat' dir='ltr'><strong>re</strong></span> 
     </span>
    </p>
   </div>
   <div class='ocr_carea' id='block_1_112' title="bbox 2276 5310 3860 5370">
    <p class='ocr_par' dir='ltr' id='par_1_112' title="bbox 2276 5310 3860 5370">
     <span class='ocr_line' id='line_1_112' title="bbox 2276 5310 3860 5370; baseline -0.002 -1"><span class='ocrx_word' id='word_1_862' title='bbox 2276 5314 2563 5370; x_wconf 79' lang='lat' dir='ltr'><strong>secundum</strong></span> <span class='ocrx_word' id='word_1_863' title='bbox 2590 5324 2787 5369; x_wconf 88' lang='lat' dir='ltr'><strong>rectam</strong></span> <span class='ocrx_word' id='word_1_864' title='bbox 2815 5313 3008 5368; x_wconf 86' lang='lat' dir='ltr'><strong>seriem</strong></span> <span class='ocrx_word' id='word_1_865' title='bbox 3037 5312 3333 5367; x_wconf 83' lang='lat' dir='ltr'><strong>accidente.</strong></span> <span class='ocrx_word' id='word_1_866' title='bbox 3382 5310 3594 5365; x_wconf 84' lang='lat' dir='ltr'><strong>Etenim</strong></span> <span class='ocrx_word' id='word_1_867' title='bbox 3624 5311 3745 5366; x_wconf 75' lang='lat' dir='ltr'><strong>ideo</strong></span> <span class='ocrx_word' id='word_1_868' title='bbox 3769 5328 3860 5367; x_wconf 81' lang='lat' dir='ltr'><strong>ar-</strong></span> 
     </span>
    </p>
   </div>
   <div class='ocr_carea' id='block_1_113' title="bbox 2264 5401 3857 5473">
    <p class='ocr_par' dir='ltr' id='par_1_113' title="bbox 2264 5401 3857 5473">
     <span class='ocr_line' id='line_1_113' title="bbox 2264 5401 3857 5473; baseline -0.001 -14"><span class='ocrx_word' id='word_1_869' title='bbox 2264 5418 2358 5459; x_wconf 82' lang='lat' dir='ltr'><strong>ma</strong></span> <span class='ocrx_word' id='word_1_870' title='bbox 2385 5406 2672 5473; x_wconf 83' lang='lat' dir='ltr'><strong>accepisti;</strong></span> <span class='ocrx_word' id='word_1_871' title='bbox 2724 5420 2828 5459; x_wconf 91' lang='lat' dir='ltr'><strong>non</strong></span> <span class='ocrx_word' id='word_1_872' title='bbox 2857 5415 2915 5458; x_wconf 89' lang='lat' dir='ltr'><strong>ut</strong></span> <span class='ocrx_word' id='word_1_873' title='bbox 2960 5404 3168 5465; x_wconf 89' lang='lat' dir='ltr'><strong>otieris,</strong></span> <span class='ocrx_word' id='word_1_874' title='bbox 3208 5402 3302 5458; x_wconf 84' lang='lat' dir='ltr'><strong>sed</strong></span> <span class='ocrx_word' id='word_1_875' title='bbox 3348 5417 3571 5472; x_wconf 83' lang='lat' dir='ltr'><strong>pugnes.</strong></span> <span class='ocrx_word' id='word_1_876' title='bbox 3617 5401 3741 5457; x_wconf 86' lang='lat' dir='ltr'><strong>Ideo</strong></span> <span class='ocrx_word' id='word_1_877' title='bbox 3772 5403 3857 5457; x_wconf 86' lang='lat' dir='ltr'><strong>in-</strong></span> 
     </span>
    </p>
   </div>
   <div class='ocr_carea' id='block_1_114' title="bbox 2270 5493 3855 5570">
    <p class='ocr_par' dir='ltr' id='par_1_114' title="bbox 2270 5493 3855 5570">
     <span class='ocr_line' id='line_1_114' title="bbox 2270 5493 3855 5570; baseline -0.001 -20"><span class='ocrx_word' id='word_1_878' title='bbox 2270 5504 2522 5570; x_wconf 78' lang='lat' dir='ltr'><strong>gruentes</strong></span> <span class='ocrx_word' id='word_1_879' title='bbox 2558 5496 2877 5550; x_wconf 87' lang='lat' dir='ltr'><strong>tentationes</strong></span> <span class='ocrx_word' id='word_1_880' title='bbox 2903 5509 3008 5549; x_wconf 91' lang='lat' dir='ltr'><strong>non</strong></span> <span class='ocrx_word' id='word_1_881' title='bbox 3039 5493 3262 5563; x_wconf 90' lang='lat' dir='ltr'><strong>impedit</strong></span> <span class='ocrx_word' id='word_1_882' title='bbox 3303 5493 3444 5547; x_wconf 90' lang='lat' dir='ltr'><strong>Deus</strong></span> <span class='ocrx_word' id='word_1_883' title='bbox 3476 5510 3490 5545; x_wconf 90' lang='lat'><strong>:</strong></span> <span class='ocrx_word' id='word_1_884' title='bbox 3523 5493 3693 5561; x_wconf 91' lang='lat' dir='ltr'><strong>primo</strong></span> <span class='ocrx_word' id='word_1_885' title='bbox 3735 5494 3855 5563; x_wconf 85' lang='lat' dir='ltr'><strong>qui-</strong></span> 
     </span>
    </p>
   </div>
   <div class='ocr_carea' id='block_1_115' title="bbox 2269 5583 3850 5649">
    <p class='ocr_par' dir='ltr' id='par_1_115' title="bbox 2269 5583 3850 5649">
     <span class='ocr_line' id='line_1_115' title="bbox 2269 5583 3850 5649; baseline -0.003 -6"><span class='ocrx_word' id='word_1_886' title='bbox 2269 5590 2392 5643; x_wconf 91' lang='lat' dir='ltr'><strong>dem</strong></span> <span class='ocrx_word' id='word_1_887' title='bbox 2423 5597 2480 5643; x_wconf 89' lang='lat' dir='ltr'><strong>ut</strong></span> <span class='ocrx_word' id='word_1_888' title='bbox 2502 5586 2678 5641; x_wconf 81' lang='lat' dir='ltr'><strong>discas</strong></span> <span class='ocrx_word' id='word_1_889' title='bbox 2709 5597 2759 5642; x_wconf 89' lang='lat' dir='ltr'><strong>te</strong></span> <span class='ocrx_word' id='word_1_890' title='bbox 2785 5587 2954 5641; x_wconf 89' lang='lat' dir='ltr'><strong>multo</strong></span> <span class='ocrx_word' id='word_1_891' title='bbox 2978 5586 3251 5641; x_wconf 86' lang='lat' dir='ltr'><strong>fortiorem</strong></span> <span class='ocrx_word' id='word_1_892' title='bbox 3291 5583 3521 5649; x_wconf 80' lang='lat' dir='ltr'><strong>factum;</strong></span> <span class='ocrx_word' id='word_1_893' title='bbox 3552 5583 3747 5639; x_wconf 85' lang='lat' dir='ltr'><strong>deinde</strong></span> <span class='ocrx_word' id='word_1_894' title='bbox 3788 5593 3850 5639; x_wconf 88' lang='lat' dir='ltr'><strong>ut</strong></span> 
     </span>
    </p>
   </div>
   <div class='ocr_carea' id='block_1_116' title="bbox 2271 5672 3845 5747">
    <p class='ocr_par' dir='ltr' id='par_1_116' title="bbox 2271 5672 3845 5747">
     <span class='ocr_line' id='line_1_116' title="bbox 2271 5672 3845 5747; baseline -0.004 -13"><span class='ocrx_word' id='word_1_895' title='bbox 2271 5680 2545 5734; x_wconf 86' lang='lat' dir='ltr'><strong>moderate</strong></span> <span class='ocrx_word' id='word_1_896' title='bbox 2571 5678 2747 5747; x_wconf 88' lang='lat' dir='ltr'><strong>sapias</strong></span> <span class='ocrx_word' id='word_1_897' title='bbox 2767 5719 2783 5742; x_wconf 88' lang='lat'><strong>,</strong></span> <span class='ocrx_word' id='word_1_898' title='bbox 2832 5692 3007 5747; x_wconf 87' lang='lat' dir='ltr'><strong>neque</strong></span> <span class='ocrx_word' id='word_1_899' title='bbox 3047 5675 3311 5731; x_wconf 90' lang='lat' dir='ltr'><strong>donorum</strong></span> <span class='ocrx_word' id='word_1_900' title='bbox 3350 5672 3719 5745; x_wconf 86' lang='lat' dir='ltr'><strong>magnitudine</strong></span> <span class='ocrx_word' id='word_1_901' title='bbox 3748 5689 3845 5728; x_wconf 58' lang='lat' dir='ltr'><strong>ex-</strong></span> 
     </span>
    </p>
   </div>
   <div class='ocr_carea' id='block_1_117' title="bbox 2268 5765 3847 5839">
    <p class='ocr_par' dir='ltr' id='par_1_117' title="bbox 2268 5765 3847 5839">
     <span class='ocr_line' id='line_1_117' title="bbox 2268 5765 3847 5839; baseline -0.004 -12"><span class='ocrx_word' id='word_1_902' title='bbox 2268 5772 2490 5839; x_wconf 80' lang='lat' dir='ltr'><strong>toilaris,</strong></span> <span class='ocrx_word' id='word_1_903' title='bbox 2521 5783 2641 5827; x_wconf 87' lang='lat' dir='ltr'><strong>cum</strong></span> <span class='ocrx_word' id='word_1_904' title='bbox 2662 5779 2716 5825; x_wconf 85' lang='lat' dir='ltr'><strong>te</strong></span> <span class='ocrx_word' id='word_1_905' title='bbox 2744 5771 3067 5827; x_wconf 87' lang='lat' dir='ltr'><strong>teutationes</strong></span> <span class='ocrx_word' id='word_1_906' title='bbox 3097 5766 3421 5838; x_wconf 85' lang='lat' dir='ltr'><strong>reprimant;</strong></span> <span class='ocrx_word' id='word_1_907' title='bbox 3449 5765 3515 5822; x_wconf 89' lang='lat' dir='ltr'><strong>ad</strong></span> <span class='ocrx_word' id='word_1_908' title='bbox 3549 5766 3663 5822; x_wconf 63' lang='lat' dir='ltr'><strong>item:</strong></span> <span class='ocrx_word' id='word_1_909' title='bbox 3693 5779 3847 5832; x_wconf 72' lang='lat' dir='ltr'><strong>rem,</strong></span> 
     </span>
    </p>
   </div>
   <div class='ocr_carea' id='block_1_118' title="bbox 3754 6382 3923 6409">
    <p class='ocr_par' dir='ltr' id='par_1_118' title="bbox 3754 6382 3923 6409">
     <span class='ocr_line' id='line_1_118' title="bbox 3754 6382 3923 6409; baseline 0 0"><span class='ocrx_word' id='word_1_910' title='bbox 3754 6382 3923 6409; x_wconf 44' lang='grc' dir='ltr'><strong>επακ*</strong></span> 
     </span>
    </p>
   </div>
  </div>
