4082 6510
247 427 361 485 ειη

253 555 312 597 ιιι
338 544 610 615 malignus
635 542 723 598 ille
743 540 974 604 daemon,
995 555 1061 594 an
1082 538 1151 595 ab
1166 553 1225 594 se
1246 537 1557 593 discesseris
1576 534 1848 597 dubitans,

254 634 617 693 tentationum
643 634 1011 703 experimento
1037 633 1234 688 certior
1260 631 1370 695 flat,
1402 640 1453 684 te
1484 630 1601 700 ipso
1632 643 1851 699 prorsus

254 724 451 778 relicto
480 722 829 785 abscessisse;
854 730 1047 791 quarto
1074 732 1132 775 ut
1156 721 1343 775 fortior
1372 730 1425 775 et
1454 725 1569 789 Ipso
1598 721 1739 775 ferro
1762 735 1851 775 so-

254 812 418 867 lidior
458 812 537 867 sic
575 811 811 879 evadas;
839 814 1026 883 quinto
1051 823 1107 867 ut
1134 812 1368 867 thesauri
1399 813 1491 867 tibi
1521 811 1705 867 crediti
1732 826 1852 867 cer-

258 914 371 959 tum
405 903 604 959 habeas
632 914 1034 975 argumentum.
1081 903 1266 973 Neque
1292 904 1434 959 enim
1463 913 1516 959 te
1562 905 1849 959 invasisset

254 994 534 1059 diabolus,
566 995 679 1049 nisi
700 1003 753 1050 te
795 996 847 1050 in
873 994 1076 1065 majore
1109 995 1337 1063 positum
1369 994 1574 1050 honore
1600 994 1841 1051 vidisset.

255 1085 373 1141 Hac
398 1086 466 1141 de
489 1100 648 1142 causa
675 1087 818 1142 enim
846 1087 915 1141 ab
956 1078 1111 1156 initio
1141 1086 1429 1142 insurrexit
1451 1088 1511 1160 in
1541 1086 1803 1141 Adamum
1826 1127 1841 1151 ,

252 1178 381 1246 quia
410 1178 571 1232 multa
599 1177 747 1232 illum
770 1177 872 1231 frui
897 1175 1109 1231 videbat
1133 1176 1407 1245 dignitate.
1434 1176 1559 1231 Ideo
1579 1185 1633 1232 et
1656 1185 1841 1231 contra

254 1268 452 1324 Jobum
482 1269 654 1324 aciem
681 1270 961 1330 instruxit,
982 1269 1113 1340 Quia
1156 1269 1306 1322 illum
1346 1279 1663 1323 coronatum
1694 1278 1749 1324 et
1772 1267 1842 1321 ab

253 1360 627 1414 universorum
663 1361 771 1415 Deo
809 1360 1136 1415 celebratum
1179 1360 1411 1415 videbat.
1450 1361 1516 1413 Et
1544 1377 1641 1413 cur
1671 1361 1836 1427 dicit,

256 1448 420 1502 Orate
444 1465 506 1503 ne
532 1450 727 1504 intretis
766 1451 818 1503 in
844 1451 1166 1505 tentationem
1196 1448 1408 1519 (Matth.
1437 1451 1529 1505 26.
1560 1452 1681 1518 4i)?
1710 1452 1842 1507 Pro-

256 1550 442 1609 pterea
470 1539 655 1595 Iesum
686 1555 791 1594 non
821 1541 961 1595 ultro
986 1551 1201 1597 euntem
1243 1542 1497 1607 exhibet,
1528 1543 1621 1598 sed
1668 1542 1839 1598 addu-

250 1640 403 1685 ctum
446 1630 741 1685 secundum
768 1633 1083 1688 meonomiaa
1110 1633 1370 1688 rationem
1414 1652 1428 1688 :
1458 1634 1801 1689 subindicans
1820 1676 1836 1701 ,

251 1737 364 1778 non
390 1721 733 1778 insiliendum
754 1738 897 1788 esse,
921 1722 1016 1779 sed
1039 1724 1086 1777 si
1117 1724 1463 1788 adducamur,
1488 1725 1696 1779 fortiter
1717 1741 1838 1781 esse

252 1811 524 1865 standum.
571 1813 636 1866 Et
677 1812 957 1868 considera
988 1828 1095 1881 quo
1138 1815 1286 1868 illum
1332 1814 1563 1886 Spiritus
1588 1815 1833 1879 duxerit;

251 1916 361 1954 non
391 1902 441 1955 in
475 1902 684 1967 urbem,
718 1917 815 1957 nec
856 1903 911 1958 in
938 1902 1135 1969 forum,
1174 1905 1270 1959 sed
1301 1905 1355 1959 in
1381 1906 1672 1960 desertum.
1702 1906 1834 1973 Quia

251 1991 396 2046 enim
428 1992 697 2047 diabolum
726 1994 901 2063 ipsum
925 1994 1141 2050 volebat
1166 1995 1384 2051 allicere
1407 2035 1423 2060 ,
1453 2009 1558 2050 non
1591 2012 1657 2051 ex
1692 1996 1835 2052 fame

252 2092 457 2137 tantum
481 2125 498 2147 ,
542 2085 635 2139 sed
662 2086 822 2139 etiam
847 2101 914 2140 ex
958 2086 1078 2141 loco
1102 2087 1441 2142 occasionem
1468 2087 1542 2141 illi
1588 2088 1830 2157 pra-ltuit.

247 2173 404 2229 Tunc
426 2176 569 2229 enim
597 2175 829 2232 maxime
852 2175 1093 2232 diabolus
1121 2178 1342 2247 ingruit,
1372 2192 1492 2232 cum
1522 2179 1665 2233 solos
1692 2179 1834 2235 videt

246 2280 311 2320 ac
358 2266 584 2321 seorsim
628 2278 870 2337 agentes.
914 2267 1001 2324 Sic
1027 2270 1304 2324 mulierem
1349 2270 1502 2324 initio
1543 2286 1832 2341 aggressus

244 2363 361 2419 est,
392 2356 561 2410 solam
604 2359 811 2424 adiens,
837 2359 1058 2413 absente
1089 2359 1223 2413 viro.
1265 2359 1399 2415 Cum
1434 2362 1576 2415 enim
1621 2363 1831 2432 aliquos

244 2445 407 2500 simul
450 2456 504 2500 et
549 2457 900 2517 congregatos
947 2450 1122 2514 videt,
1177 2465 1282 2503 nou
1339 2450 1500 2505 audet
1555 2451 1825 2505 invadere.

242 2534 370 2589 Ideo
395 2545 606 2605 Oportet
627 2536 726 2592 hac
752 2539 981 2593 maxime
1007 2539 1074 2593 de
1096 2553 1254 2593 causa
1279 2540 1585 2610 frequenter
1607 2555 1830 2610 congre-

240 2627 355 2693 gari
380 2666 394 2691 ,
442 2641 511 2682 ne
552 2626 767 2682 diabolo
794 2638 951 2696 captu
997 2628 1183 2684 faciles
1224 2631 1414 2685 simus.
1465 2630 1669 2685 Invenit
1698 2646 1826 2701 ergo

239 2717 391 2772 illum
435 2717 679 2775 diabolus
728 2720 782 2773 in
833 2720 1083 2785 deserto,
1126 2729 1182 2775 et
1227 2721 1280 2775 in
1326 2721 1612 2777 solitudine
1660 2721 1821 2775 invia.

238 2809 391 2876 Quod
416 2810 558 2863 enim
583 2811 701 2864 talis
725 2824 867 2865 esset
896 2810 1131 2866 solitudo
1151 2851 1165 2873 ,
1194 2812 1401 2867 Marcus
1444 2812 1708 2883 significat
1740 2814 1824 2866 his

236 2901 414 2956 verbis
446 2918 459 2955 :
489 2900 616 2955 Erat
643 2919 756 2955 cunt
779 2903 946 2956 bestiis
970 2903 1158 2974 (Marc.
1182 2905 1233 2957 Ι.
1265 2905 1374 2973 I5).
1401 2903 1679 2972 Perpende
1698 2919 1821 2958 cum

236 3002 431 3060 quanta
463 2993 670 3048 vafritie
698 3003 752 3049 et
801 2995 1037 3062 nequitia
1068 2994 1310 3059 accedat,
1344 3004 1399 3049 et
1427 2994 1571 3063 quod
1602 3002 1817 3063 tempus

233 3087 500 3140 observet.
527 3085 639 3140 Non
663 3087 803 3141 enim
821 3088 1155 3156 jcjunantem
1176 3088 1320 3154 adit,
1343 3086 1437 3143 sed
1458 3088 1815 3143 esurientem:

236 3189 293 3231 ut
318 3178 493 3233 discas
516 3188 771 3248 quantum
802 3180 999 3234 bonum
1045 3182 1113 3234 sit
1143 3180 1425 3249 jejunium,
1457 3192 1819 3249 quantumque

233 3272 304 3323 sit
332 3279 516 3323 contra
558 3270 827 3323 diabolum
862 3272 1059 3334 telum;
1089 3281 1147 3324 et
1181 3270 1326 3339 quod
1356 3281 1474 3338 post
1499 3270 1814 3340 baptismum

233 3378 341 3417 non
372 3362 609 3426 deliciis,
646 3378 751 3417 non
780 3363 1026 3417 ebrietati
1050 3403 1064 3426 ,
1093 3377 1199 3416 non
1232 3377 1431 3417 mensa:
1451 3402 1466 3425 ,
1494 3362 1586 3417 sed
1609 3363 1817 3431 jejunio

235 3470 399 3523 opera
430 3455 501 3507 sit
523 3454 720 3508 danda.
758 3454 1052 3523 PrOpterea
1081 3455 1222 3509 enim
1268 3454 1357 3509 ille
1389 3440 1677 3524 jejunavit,
1711 3470 1814 3508 non

230 3545 372 3614 quod
418 3544 625 3615 jejunio
668 3560 804 3615 opus
860 3546 1109 3607 haberet,
1152 3546 1257 3601 'sed
1312 3554 1371 3601 ut
1422 3560 1521 3600 nos
1558 3546 1813 3600 erudiret.

231 3638 363 3704 Quia
389 3646 605 3706 peccata
625 3647 751 3692 ante
773 3638 1039 3691 lavacrum
1056 3639 1257 3691 ventris
1284 3638 1498 3707 crapula
1528 3638 1813 3690 intulerat:

230 3728 685 3797 quemadmodum
713 3730 757 3784 si
786 3730 906 3800 quis
948 3740 1207 3799 mgrotum
1245 3730 1310 3784 ad
1354 3730 1636 3784 sanitatem
1665 3730 1733 3783 ab
1757 3744 1817 3783 se

230 3819 512 3873 reductum
534 3819 721 3888 jubeat
747 3835 851 3874 non
884 3820 971 3875 illa
1008 3819 1185 3874 facere
1217 3819 1359 3874 unde
1388 3820 1607 3874 morbus
1638 3818 1816 3874 illatus

232 3920 313 3965 est
336 3929 353 3964 :
379 3913 457 3965 sic
484 3923 540 3967 et
569 3912 659 3965 ille
691 3921 815 3981 post
842 3913 1110 3966 lavacrum
1139 3912 1346 3966 induxit
1366 3911 1653 3981 jejunium.
1680 3911 1815 3965 Nam

232 4015 284 4057 et
313 4003 573 4057 Adamum
603 4004 1008 4075 intemperantia
1039 4004 1239 4058 ventris
1268 4019 1335 4058 ex
1362 4003 1607 4074 paradiso
1633 4003 1813 4071 ejecit,

232 4104 287 4151 et
304 4095 562 4151 diluvium
591 4103 830 4162 tempore
866 4093 994 4149 Note
1025 4094 1266 4159 induxit,
1298 4103 1456 4164 atque
1487 4094 1539 4148 in
1569 4093 1816 4148 Sodomi-

235 4196 313 4241 tas
345 4186 559 4241 fulmina
597 4187 835 4240 immisit.
866 4186 1085 4239 Etiamsi
1108 4187 1250 4239 enim
1280 4185 1560 4254 nimbique
1586 4182 1817 4237 fornica—

236 4279 394 4333 tionis
421 4280 624 4331 crimen
654 4286 770 4332 erat
788 4319 804 4342 ,
831 4286 1069 4332 attamen
1092 4276 1363 4344 utriusque
1389 4274 1634 4344 supplicii
1665 4273 1813 4327 radix

235 4370 358 4426 inde
404 4369 602 4439 prodiit
648 4369 836 4437 :quod
882 4377 937 4423 et
982 4368 1225 4423 Ezechiel
1273 4368 1513 4422 indicans
1556 4365 1812 4421 dicebat:

244 4460 596 4516 Verumtamen
636 4462 731 4514 hoc
761 4469 866 4513 erat
885 4469 1155 4529 peccatum
1181 4459 1521 4513 Sodomorum
1541 4498 1555 4520 ,
1575 4458 1813 4525 quoniam

233 4552 286 4604 in
314 4552 550 4620 superbia
590 4561 635 4603 et
678 4551 732 4603 in
773 4551 1033 4602 saturitate
1072 4564 1294 4616 panum,
1322 4557 1368 4600 et
1408 4548 1463 4600 in
1503 4546 1815 4600 abundantia

236 4641 553 4698 lasciviebant
578 4641 787 4713 (Eseclt.
815 4641 901 4696 16.
923 4638 1037 4712 49).
1061 4640 1149 4695 Sic
1173 4648 1228 4694 et
1246 4638 1418 4697 Judaei
1433 4641 1658 4694 maxima
1688 4654 1811 4709 per-

237 4742 511 4802 petrarunt
554 4733 691 4787 mala
715 4770 731 4796 ,
775 4732 845 4786 ab
885 4730 1143 4786 ebrietate
1162 4739 1214 4785 et
1240 4726 1479 4785 ciborum
1504 4729 1709 4785 deliciis
1756 4730 1813 4784 in

233 4824 565 4893 iniquitatem
595 4822 973 4893 impingentes.

303 4913 360 4969 2.
406 4912 529 4967 Ideo
554 4923 610 4969 et
637 4915 752 4983 ipse
771 4914 979 4984 jejunat
1010 4912 1355 4984 quadraginta
1385 4912 1593 4978 diebus,
1626 4912 1812 4967 salutis

233 5006 391 5062 nobis
418 5005 654 5060 remedTa
704 5007 993 5061 ostendens
1015 5046 1032 5072 ,
1057 5022 1232 5074 neque
1278 5006 1502 5060 ulterius
1529 5005 1807 5074 procedit,

231 5114 298 5154 ne
341 5097 413 5154 ob
454 5110 733 5153 excessum
797 5097 1067 5162 miraculi,
1114 5097 1427 5152 teconomia:
1465 5096 1659 5151 veritas
1702 5110 1808 5150 non

229 5190 563 5247 crederetur.
592 5186 746 5245 Nunc
770 5188 911 5241 enim
940 5188 1158 5241 minime
1185 5186 1313 5241 illud
1337 5186 1647 5249 timendum,
1672 5200 1810 5255 quo-

234 5284 372 5337 niam
403 5280 613 5351 Moyses
638 5276 865 5333 et-Elias
899 5277 995 5331 Dei
1021 5277 1251 5345 potentia
1278 5276 1392 5329 fulti
1414 5318 1430 5341 ,
1458 5276 1521 5329 ad
1555 5262 1696 5330 illam
1724 5276 1808 5343 je-

227 5374 359 5445 jttuii
398 5372 803 5430 diuturnitatem
827 5369 1126 5439 pertingere
1174 5378 1477 5438 potuerunt.
1527 5366 1582 5423 Si
1631 5376 1807 5421 autem

231 5465 453 5520 ulterius
484 5476 798 5533 progressus
824 5459 1029 5523 fuisset,
1062 5459 1185 5515 hinc
1214 5460 1455 5528 plurimis
1484 5458 1809 5513 incredibilis

231 5558 338 5612 visa
368 5548 562 5611 fuisset
584 5552 763 5607 carnis
782 5551 1097 5619 assumptio.
1133 5550 1189 5602 2.
1220 5548 1345 5604 Cum
1374 5550 1654 5621 jejunasset
1677 5563 1805 5617 ergo

225 5638 565 5718 quadraginta
591 5642 766 5696 diebus
791 5651 836 5695 et
865 5639 1202 5710 quadraginta
1223 5640 1466 5703 noctibus,
1490 5649 1662 5708 postea
1687 5654 1807 5691 estt-

222 5738 305 5791 riit
335 5751 350 5791 :
379 5733 721 5791 occasionem
752 5730 1039 5786 accedendi
1068 5729 1279 5781 diabolo
1303 5728 1543 5797 przebens
1564 5768 1577 5790 ,
1605 5737 1662 5780 ut
1687 5742 1810 5781 ceu-

219 5843 434 5902 gressus
482 5823 796 5883 ostenderet
824 5863 837 5888 ,
865 5820 1134 5892 quomodo
1154 5828 1422 5895 oporteret
1460 5832 1715 5889 superare
1743 5835 1806 5877 ac

1402 424 1465 479 IN
1503 413 1909 477 MATTIIEUM
1951 414 2176 475 IIOMIL.
2210 421 2341 483 XIII.

3454 443 3559 499 210

1960 538 2194 595 vincere.
2244 544 2333 599 Sic
2376 555 2433 600 et
2478 547 2697 603 athleta:
2758 544 3000 608 faciunt:
3034 569 3157 608 nam
3216 564 3274 609 ut
3311 554 3551 626 discipu-

1959 633 2039 687 los
2079 648 2207 689 suos
2252 635 2481 691 doceant
2504 639 2775 707 quomodo
2815 642 3031 696 vincere
3075 654 3363 713 oporteat,
3411 646 3550 700 ultro

1956 739 2075 778 cum
2118 726 2237 780 aliis
2278 727 2330 781 in
2377 729 2627 798 palmstra
2673 744 2733 785 se
2774 734 3140 803 complicant,
3187 736 3241 789 in
3288 736 3550 791 adversa-

1955 820 2156 873 riorum
2210 822 2531 890 corporibus
2581 825 2944 893 spectaculum
3011 825 3140 895 ipsis
3184 826 3546 889 exhibentes.

1955 922 2011 966 ut
2062 913 2306 971 vincendi
2366 916 2583 970 modum
2656 916 2915 971 ediscant.
2974 918 3126 987 Quod
3188 928 3315 974 tunc
3374 921 3547 976 etiam

1954 1003 2153 1057 factum
2181 1013 2278 1058 est.
2306 1003 2439 1072 Quia
2485 1008 2627 1060 enim
2678 1006 2953 1062 diabolum
2999 1009 3214 1063 Volebat
3263 1009 3331 1063 ad
3371 1021 3547 1065 certa-

1952 1096 2383 1167 ntenattrahere,
2434 1096 2627 1151 famem
2656 1110 2839 1153 notam
2870 1100 2971 1169 ipsi
2996 1100 3143 1165 fecit,
3192 1103 3547 1158 accedentem

1954 1188 2195 1255 excepit,
2226 1199 2622 1259 exceptumque
2649 1191 2839 1257 semel,
2869 1192 2951 1247 bis
2979 1202 3034 1245 et
3056 1201 3157 1258 ter,
3208 1195 3379 1262 ipsum
3418 1210 3542 1249 cum

1951 1276 2204 1332 facilitate
2250 1277 2348 1333 sibi
2378 1290 2718 1353 competente
2744 1282 3047 1349 prostravit.
3074 1282 3178 1337 Sed
3227 1299 3296 1337 ne
3338 1283 3435 1337 has
3465 1284 3546 1337 vi-

1947 1370 2146 1423 ctorias
2190 1378 2663 1436 praetercurrentes
2684 1414 2699 1435 ,
2730 1373 2941 1426 utilitati
2992 1382 3186 1427 vestrae
3214 1372 3415 1443 aliquid
3443 1374 3542 1429 de-

1950 1459 2243 1525 trahamus,
2273 1476 2301 1513 a
2334 1460 2505 1531 primo
2547 1477 2838 1537 congressu
2865 1464 2975 1518 orsi
3001 1504 3017 1529 ,
3072 1464 3314 1535 singulos
3341 1465 3542 1521 deinde

1932 1561 2194 1606 accurate
2217 1553 2578 1622 exploremus.
2606 1555 2866 1621 Quoniam
2894 1556 3101 1621 esuriit,
3138 1557 3247 1611 ait:
3288 1557 3342 1614 5.
3384 1558 3541 1611 Acce-

1947 1642 2069 1696 dens
2095 1652 2314 1696 tentator
2339 1644 2468 1697 dixit
2494 1645 2539 1696 ri
2558 1660 2577 1698 :
2618 1644 2679 1698 Si
2710 1644 2878 1698 Filius
2905 1644 3004 1699 Dei
3026 1662 3109 1708 es,
3140 1645 3224 1699 dic
3264 1656 3318 1699 ut
3339 1646 3543 1717 lapides

1942 1735 2027 1788 isti
2049 1752 2203 1804 panes
2223 1736 2369 1802 ﬁant.
2416 1736 2545 1803 Quia
2591 1737 2734 1790 enim
2779 1736 3023 1792 audierat
3049 1753 3237 1794 vocem
3292 1740 3362 1794 de
3399 1740 3537 1794 ctelo

1942 1825 2242 1881 dicentem:
2278 1825 2377 1879 Hic
2402 1836 2473 1879 est
2501 1825 2549 1879 F'
2550 1826 2668 1880 ilius
2684 1845 2825 1883 meus
2841 1830 3054 1884 dilectus
3079 1830 3290 1901 (Matth.
3315 1833 3369 1886 5.
3390 1833 3480 1902 i7)
3513 1848 3535 1899 ;

1940 1914 2184 1968 audierat
2216 1916 2339 1969 item
2369 1915 2631 1969 Joannem
2665 1927 2808 1971 tanta
2839 1918 2908 1973 de
2944 1919 3059 1988 ipso
3108 1919 3526 1989 testificatttem;

1938 2004 2237 2075 deindeque
2263 2005 2395 2060 vidit
2445 2006 2593 2061 illum
2640 2009 3004 2063 esurientem:
3035 2008 3273 2065 incertus
3314 2010 3533 2066 demum

1938 2107 2087 2160 erat;
2116 2112 2287 2167 neque
2316 2097 2459 2151 enim
2486 2097 2659 2166 ipsum
2690 2098 2963 2152 hominem
3013 2112 3137 2153 esse
3190 2115 3380 2168 purum
3404 2115 3529 2155 cre-

1937 2188 2065 2241 dere
2092 2196 2322 2257 poterat,
2370 2187 2441 2241 ob
2460 2202 2523 2241 ea
2545 2203 2663 2256 qua:
2690 2188 2760 2241 de
2781 2188 2875 2241 illo
2902 2188 3045 2241 dicta
3079 2189 3324 2256 fuerant,
3351 2205 3529 2260 neque

1938 2294 2059 2333 eum
2076 2279 2268 2333 Filium
2296 2279 2389 2333 Dei
2416 2279 2719 2345 admittere,
2740 2278 2880 2348 quod
2900 2279 3104 2335 videret
3126 2281 3275 2334 illum
3295 2283 3527 2337 esurire.

1935 2369 2273 2439 Quapropter
2322 2368 2515 2425 dubius
2553 2368 2741 2433 animi,
2780 2368 2975 2423 dubias
2997 2371 3194 2423 emittit
3224 2385 3404 2425 voces.
3446 2371 3527 2427 Ac

1934 2459 2383 2527 quemadmodum
2413 2459 2622 2512 Adatno
2650 2462 2699 2513 in
2726 2460 2991 2528 principio
3014 2461 3227 2516 obviam
3261 2464 3482 2520 veniens
3504 2504 3521 2530 ,

1934 2566 2055 2620 qum
2084 2565 2190 2605 non
2222 2560 2378 2605 erant
2405 2550 2574 2619 fingit,
2605 2560 2660 2603 ut
2680 2566 2801 2621 qum
2829 2559 2985 2604 erant
3017 2552 3315 2608 edisceret:
3348 2554 3420 2608 ita
3466 2563 3524 2610 et

1933 2657 2089 2708 nunc,
2111 2657 2231 2696 cum
2271 2658 2375 2695 non
2393 2642 2536 2695 clare
2556 2649 2904 2708 cognosceret
2929 2656 3181 2696 arcanum
3204 2644 3524 2698 (economire

1933 2736 2270 2804 mysterium,
2305 2748 2401 2787 nec
2429 2734 2549 2800 quis
2591 2740 2735 2786 esset
2790 2733 2876 2786 ille
2909 2741 3035 2786 tunc
3090 2747 3328 2801 prteseus
3352 2774 3367 2798 ,
3415 2735 3520 2789 alia

1933 2832 2148 2878 nectere
2176 2825 2307 2877 retia
2339 2823 2577 2884 molitur,
2603 2824 2755 2891 queis
2782 2822 3018 2891 putabat,
3044 2823 3096 2877 id
3126 2824 3267 2892 quod
3294 2825 3526 2879 abscon-

1929 2913 2099 2966 ditum
2131 2912 2528 2980 obscurumque
2578 2921 2693 2966 erat
2731 2927 2790 2965 se
2818 2911 3026 2967 discere
3075 2928 3253 2982 posse.
3313 2915 3519 2983 Ecquid

1929 3004 2041 3058 ait?
2072 3004 2132 3058 Si
2162 3002 2211 3056 F
2214 3005 2336 3058 ilius
2371 3004 2468 3057 Dei
2490 3004 2662 3069 es,die
2698 3014 2751 3055 ut
2791 3004 2988 3073 lapides
3023 3006 3108 3059 isti
3160 3023 3341 3071 panes.
3365 3008 3514 3077 ﬁant.

1925 3093 2040 3147 Non
2068 3093 2221 3156 dixit,
2245 3092 2505 3159 Quoniam
2533 3092 2740 3156 esuris;
2765 3092 2882 3156 sed,
2912 3092 2975 3147 Si
2996 3092 3164 3147 Filius
3184 3094 3281 3148 Dei
3310 3111 3396 3150 es:
3421 3111 3521 3165 pu-

1931 3192 2047 3235 tans
2074 3198 2132 3236 se
2161 3198 2321 3251 posse
2344 3184 2491 3236 illum
2517 3183 2789 3250 pellicere.
2837 3181 2963 3236 Ideo
2987 3183 3182 3239 famem
3211 3186 3398 3251 tacuit,
3446 3203 3519 3242 ne

1923 3274 2194 3328 videretur
2224 3273 2350 3328 illud
2384 3274 2480 3341 ipsi
2509 3274 2747 3341 proferre
2768 3282 2824 3327 ut
2849 3273 3217 3343 exprobraret.
3240 3274 3373 3330 Cum
3404 3292 3517 3332 non

1925 3372 2107 3417 nosset
2144 3364 2289 3416 enim
2346 3378 2525 3416 rerum
2571 3378 2691 3431 quae
2721 3363 3172 3432 dispensabantur
3192 3368 3520 3434 magnitudi-

1925 3471 2067 3518 nem,
2102 3453 2152 3507 id
2177 3454 2249 3508 illi
2282 3454 2480 3522 probro
2501 3452 2614 3508 fore
2642 3454 2861 3523 putabat
2890 3470 2903 3507 :
2928 3464 3256 3525 quapropter
3289 3456 3517 3511 adulan-

1926 3549 1993 3601 tis
2020 3563 2169 3602 more
2198 3547 2425 3600 subdole
2464 3545 2778 3616 dignitatem
2836 3548 2955 3614 ejus
3004 3548 3172 3601 solam
3223 3559 3512 3604 memorat.

1923 3638 2060 3707 Quid
2107 3639 2265 3708 igitur
2287 3636 2569 3692 Christus?
2588 3636 2808 3691 Fastum
2825 3636 2941 3707 ejus
2962 3637 3266 3707 deprimens
3288 3680 3301 3702 ,
3332 3649 3515 3695 osten-

1922 3732 2161 3801 densque
2190 3746 2288 3785 nec
2312 3730 2629 3799 probrosum
2662 3728 2716 3782 id
2748 3743 2869 3782 esse
2904 3728 3045 3798 quod
3077 3728 3377 3793 acciderat,
3412 3746 3513 3785 nec

1929 3822 2190 3893 sapientia
2220 3836 2315 3875 sua
2344 3820 2642 3888 indignum,
2668 3818 2811 3888 quod
2835 3819 2921 3873 ille
2945 3818 3214 3873 adulando
3235 3828 3512 3887 tacuerat,

1926 3915 2027 3968 hoc
2052 3914 2105 3967 in
2131 3912 2364 3967 medium
2390 3909 2595 3981 profert
2618 3924 2682 3963 ac
2710 3910 2874 3964 dicit:
2906 3910 2962 3963 4.
2992 3908 3113 3963 Non
3139 3911 3191 3963 in
3223 3911 3333 3964 sola
3380 3928 3513 3981 pana

1924 4009 2049 4061 uiuet
2069 4007 2239 4059 homo.
2287 4004 2377 4059 Sie
2400 4019 2428 4054 a
2458 4002 2777 4055 necessitate
2808 4001 3009 4055 ventris
3038 4000 3242 4069 incipit.
3269 3998 3350 4055 Tn
3381 4016 3514 4055 vero

1923 4096 2053 4150 mihi
2080 4091 2299 4161 maligni
2325 4090 2587 4145 dtemouis
2607 4090 2897 4144 versutiam
2941 4089 3211 4159 perpende
3234 4132 3250 4156 ,
3280 4099 3335 4145 et
3365 4092 3514 4147 unde

1924 4199 2197 4244 certamen
2228 4183 2466 4252 incipiat,
2518 4190 2573 4235 et
2595 4180 2862 4250 quomodo
2892 4195 3002 4234 sua:
3033 4196 3137 4234 non
3164 4181 3515 4237 obliviscatur

1924 4279 2075 4333 artis.
2102 4276 2183 4331 Ab
2210 4275 2276 4329 iis
2297 4274 2441 4328 enim
2465 4272 2618 4341 queis
2648 4271 2877 4339 primum
2909 4270 3182 4323 hominem
3204 4270 3510 4340 dejecerat,

1921 4386 1986 4427 ac
2010 4370 2277 4427 sexcentis
2303 4368 2457 4422 malis
2485 4362 2910 4420 circumdederat
2934 4362 2973 4429 ⁸,
3010 4362 3077 4416 ab
3105 4362 3292 4417 iisdem
3322 4362 3513 4418 dolum

1923 4463 2108 4526 nectit,
2137 4461 2203 4516 de
2230 4458 2430 4513 ventris
2457 4455 2859 4524 intemperantia
2890 4453 3099 4521 loquor.
3124 4452 3318 4508 Multos
3343 4454 3513 4509 etiam

1930 4569 2073 4609 nunc
2102 4552 2291 4607 stultos
2315 4548 2503 4603 audire
2524 4558 2625 4611 est,
2658 4548 2745 4616 qui
2768 4545 2949 4598 dicunt
2971 4552 3223 4597 sexcenta
3248 4559 3341 4613 per
3370 4559 3508 4597 νςιιο

1930 4656 2062 4701 trcm
2090 4644 2229 4698 mala
2255 4640 2396 4694 illata
2419 4652 2558 4692 esse.
2589 4636 2658 4689 At
2677 4635 2924 4689 Christus
2973 4632 3265 4687 ostendens
3312 4636 3514 4689 virtute

1923 4736 2205 4806 prmditum
2231 4744 2334 4785 non
2358 4742 2515 4799 posse
2542 4724 2938 4797 hactyranuide
2974 4723 3221 4793 compelli
3267 4723 3331 4779 ad
3363 4738 3514 4794 quar-

1925 4830 2046 4884 dam
2097 4832 2284 4879 contra
2310 4822 2559 4876 decorem
2590 4817 2938 4879 admittenda,
2966 4825 3019 4870 et
3045 4816 3237 4880 esurit,
3260 4824 3311 4869 et
3334 4814 3513 4885 jussui

1923 4934 2026 4972 non
2055 4924 2223 4985 paret,
2246 4915 2446 4968 docens
2478 4912 2529 4964 in
2574 4910 2720 4963 nullo
2737 4908 2961 4978 obsequi
2988 4908 3201 4961 diabolo
3222 4922 3320 4961 nos
3349 4921 3512 4977 opor-

1923 5020 2053 5065 tere.
2085 5009 2217 5076 Quia
2239 5006 2383 5061 enim
2410 5004 2613 5073 primus
2640 5000 2800 5055 homo
2828 4998 2930 5053 hoc
2956 5007 3109 5067 pacto
3141 4998 3306 5052 Deum
3334 4995 3509 5051 offen-

1922 5101 2075 5155 derat
2103 5100 2274 5169 legem
2321 5104 2706 5163 transgressus,
2754 5106 2817 5144 ex
2849 5088 3143 5145 abundanti
3199 5097 3255 5143 te
3303 5087 3511 5153 docet,

1922 5194 2130 5249 etiamsi
2154 5191 2231 5257 id,
2252 5188 2392 5261 quod
2418 5188 2508 5242 ille
2527 5186 2699 5255 jubet,
2724 5184 3081 5252 transgressio
3106 5196 3211 5236 non
3237 5182 3327 5248 sit,
3352 5196 3419 5235 ne
3434 5182 3502 5235 sit

1924 5287 2083 5341 etiam
2115 5280 2591 5352 obtemperandum
2613 5292 2754 5331 esse.
2790 5274 2997 5343 Ecquid
3027 5276 3514 5343 transgressionem

1922 5376 2087 5431 dico?
2109 5374 2224 5429 Etsi
2244 5371 2369 5442 quid
2399 5369 2527 5423 utile
2555 5368 2733 5421 dicant
2757 5364 3063 5427 dte-mones,
3097 5363 3303 5431 inquit,
3336 5378 3402 5415 ne
3432 5361 3511 5416 sic

1919 5484 2131 5539 quoque
2161 5466 2265 5518 illis
2289 5461 2551 5516 attendas.
2605 5458 2696 5513 Sic
2744 5457 2886 5511 enim
2921 5456 3010 5510 ille
3041 5454 3316 5508 dtrmonas
3366 5453 3513 5522 loqui

1920 5561 2107 5619 vetuit.
2140 5554 2497 5627 praedicantes
2524 5551 2698 5619 ipsum
2723 5562 2845 5602 esse
2894 5546 2984 5602 Dei
3026 5546 3217 5598 Filium
3261 5542 3423 5605 (Luc.
3456 5544 3513 5596 4.

1920 5651 2043 5719 55).
2102 5647 2303 5702 Paulus
2349 5643 2475 5697 item
2523 5640 2752 5708 idipsum
2825 5638 3121 5695 clamantes
3176 5631 3509 5700 increpavit,

1982 5826 1999 5857 ¹
2022 5832 2165 5879 Unus,
2179 5828 2226 5871 et
2255 5819 2499 5868 sexcentos
2522 5809 2643 5862 alios
2662 5804 2920 5858 imunneris
2944 5801 3081 5851 matis
3106 5795 3509 5851 rirctmtdcderut.
