4082 6496
579 392 672 447 2H
1298 384 1356 440 S.
1394 381 1672 441 JOANNIS
1708 376 2177 437 CllRYSOSTOMl
2217 379 2527 435 AllClllEP.
2577 377 3112 437 CONSTANTINOP.

572 502 779 560 etiamsi
817 500 889 563 id,
931 499 1071 571 quod
1122 496 1369 553 dicebant
1388 500 1409 559 ‘,
1462 496 1591 551 utile
1635 484 1819 560 esset:
1867 494 1960 548 sed
2018 494 2134 547 illos

572 596 740 667 magis
801 593 1067 661 magisque
1112 586 1444 654 deprimens,
1476 600 1765 652 eorumque
1793 594 1983 637 contra
2036 596 2136 637 nos

574 684 789 736 insidias
812 684 1113 739 obstruens.
1140 682 1298 735 etiam
1323 694 1443 732 cum
1472 677 1716 731 salutaria
1738 675 1979 744 dogmata
2002 689 2140 744 pras-

573 775 834 836 dicarent,
860 771 1225 841 prepulsabat,
1253 785 1437 825 eorum
1465 768 1742 819 obstruens
1769 780 1883 829 ora,
1904 766 2139 835 ipsisque

572 861 843 915 silentium
875 863 1143 927 imperans
1174 862 1306 928 (Act.
1336 858 1420 911 {6.
1451 855 1561 923 {8).
1590 854 1790 908 Idcirco
1838 870 2008 924 neque
2052 854 2139 908 hic

571 951 816 1005 Christus
854 950 1007 1003 dictis
1045 947 1271 1001 annuit:
1311 946 1401 999 sed
1425 945 1550 1014 quid
1597 945 1673 997 ait
1696 944 1753 996 ίῖ
1784 943 1905 997 Νοη
1948 946 2000 997 in
2030 944 2139 997 solo

573 1058 703 1109 pane
729 1041 853 1093 vivet
887 1038 1052 1090 homo.
1075 1036 1224 1101 Quod
1248 1050 1375 1089 vero
1391 1035 1535 1096 dicit,
1565 1033 1861 1102 huiusmodi
1890 1042 2002 1086 est:
2036 1032 2140 1086 Po-

574 1141 676 1183 test
700 1130 834 1183 Deus
857 1128 1016 1181 etiam
1060 1125 1227 1179 verbo
1256 1124 1580 1178 esurientem
1630 1123 1793 1185 alere,
1840 1136 1907 1175 cx
1960 1120 2136 1176 Veteri

574 1221 849 1289 Scriptura
879 1218 1239 1273 testimonium
1282 1215 1530 1277 at'ferens,
1558 1230 1623 1268 ac
1656 1214 1877 1279 docens,
1900 1214 2141 1281 quamvis

578 1315 893 1375 esuriamus,
928 1310 1168 1380 quamvis
1193 1307 1337 1363 aliud
1363 1306 1633 1378 quidpiam
1664 1306 1957 1375 patiamur,
1983 1320 2139 1357 num-

572 1418 725 1472 quam
756 1416 785 1453 a
813 1401 1037 1455 Domino
1060 1397 1419 1452 absistendum
1442 1410 1581 1451 esse.

642 1493 695 1545 5.
726 1488 878 1556 Quod
917 1489 961 1543 si
1006 1489 1121 1557 quis
1145 1487 1371 1550 dixerit,
1416 1486 1576 1541 Certe
1616 1483 1895 1552 oportebat
1913 1483 1963 1537 id
1989 1483 2138 1538 exhi-

564 1582 733 1636 rbere:
762 1578 1097 1648 respondebo
1132 1577 1231 1645 ipsi
1254 1576 1422 1640 ,Cur,
1469 1584 1523 1629 et
1549 1589 1648 1643 qua
1673 1574 1740 1627 de
1773 1575 1977 1627 causa?
2022 1573 2137 1627 Non

484 1700 485 1703 η
570 1672 737 1736 enim,
780 1680 837 1723 ut
860 1669 1119 1733 crederet,
1163 1665 1214 1719 id
1260 1666 1349 1719 ille
1376 1664 1622 1729 dicebat;
1670 1663 1761 1717 sed
1791 1672 1849 1716 ut
1877 1672 2136 1731 quantum

572 1761 920 1829 opinabatur,
992 1759 1060 1813 de
1123 1755 1491 1812 incredulitate
1548 1756 1717 1823 ipsum
1774 1754 2135 1808 convinceret.

572 1848 1008 1918 Quandoquidem
1053 1847 1253 1915 primos
1274 1846 1518 1900 homines
1545 1845 1622 1897 sic
1676 1842 1916 1910 decepit,
1958 1852 2011 1896 et
2048 1842 2141 1895 de-

574 1939 887 1996 monstravit
914 1940 1055 2008 ipsos
1078 1953 1184 1990 non
1214 1937 1436 1990 multum
1458 1935 1567 1988 Deo
1594 1933 1834 1987 credere.
1853 1931 1986 1988 Nam
2015 1947 2143 1985 con-

574 2026 729 2086 traria
762 2032 825 2084 iis
850 2046 969 2100 qua:
1000 2030 1139 2083 Deus
1174 2028 1380 2083 dixerat
1398 2027 1513 2095 ipse
1544 2025 1845 2093 pollicitus,
1875 2024 2018 2077 inani
2042 2038 2136 2078 eos

572 2135 668 2188 spe
698 2118 906 2181 inflaris,
940 2125 1098 2186 atque
1140 2117 1192 2170 in
1222 2113 1644 2169 incredulitatem
1689 2114 1976 2179 conjiciens
2002 2153 2016 2175 ,
2062 2113 2140 2166 sic

571 2210 728 2262 etiam
755 2224 818 2261 ex
858 2209 921 2261 iis
951 2221 1067 2277 qua:
1098 2204 1459 2275 possidebant"
1486 2203 1639 2257 bouis
1668 2202 1884 2269 dejccit.
1940 2202 2134 2255 Verum

571 2298 813 2351 Christus
842 2312 960 2351 sese
986 2303 1263 2359 monstrat,
1286 2308 1458 2360 neque
1487 2292 1717 2355 diabolo,
1749 2306 1916 2359 neque
1934 2290 2136 2345 Judreis

568 2388 755 2441 eadem
785 2402 901 2453 quae
922 2385 1160 2439 diabOlus
1176 2382 1525 2438 sentientibus
1548 2382 2022 2449 obtemperantem,
2044 2395 2141 2433 nos

572 2475 767 2545 ubique
793 2476 1013 2537 docens,
1047 2472 1254 2525 etiamsi
1276 2470 1540 2542 possimus
1565 2470 1759 2538 aliquid
1788 2470 2021 2538 operari,
2054 2469 2137 2522 ni-

574 2565 647 2618 hil
674 2574 848 2617 tamen
880 2572 1081 2617 temere
1105 2569 1159 2615 et
1180 2561 1295 2613 sine
1320 2575 1477 2612 causa
1499 2558 1801 2611 faciendum
1830 2574 1949 2612 esse
1974 2599 1988 2621 ,
2031 2560 2138 2611 imo

573 2668 673 2708 nec
696 2653 739 2707 si
765 2652 1049 2706 necessitas
1075 2652 1252 2713 instet,
1270 2648 1479 2702 diabolo
1500 2661 1619 2701 esse
1640 2647 2131 2715 obtemperandum.

570 2744 706 2811 Quid
732 2743 903 2810 agitur
930 2740 1289 2796 exsecrandus
1316 2740 1407 2793 ille
1423 2740 1593 2793 victus
1621 2738 1744 2793 fecit
1770 2740 1793 2792 ’ἒ
1846 2739 2131 2807 Postquam

570 2828 794 2889 suadere
822 2849 926 2886 non
957 2840 1208 2901 potuerat
1233 2839 1289 2883 ut
1312 2830 1517 2897 jussum
1544 2838 1945 2898 exsequeretur,
1976 2830 2135 2882 etiam

572 2936 715 2978 tanta
744 2925 973 2977 instante
996 2922 1159 2984 fame,
1193 2922 1262 2974 ad
1286 2920 1428 2974 aliud
1453 2919 1689 2988 procedit
1710 2920 1926 2973 dicens:
1975 2920 2027 2973 6.
2076 2920 2135 2973 Si

573 3013 738 3067 Filius
764 3013 859 3065 Dei
888 3030 957 3078 es,
988 3015 1125 3066 mitte
1154 3020 1200 3066 te
1234 3012 1486 3065 deorsum.
1538 3010 1796 3077 Scriptum
1842 3021 1915 3063 est
1955 3013 2085 3062 enim
2114 3026 2131 3062 :

574 3102 821 3168 Quoniam
864 3100 1055 3169 angelis
1102 3100 1205 3152 suis
1245 3098 1503 3150 mandavit
1554 3097 1719 3161 dele,
1751 3108 1795 3149 et
1822 3101 1875 3150 in
1904 3100 2134 3152 manibus

572 3191 742 3243 tollent
763 3200 809 3243 te
844 3188 1005 3257 (Psal.
1035 3188 1122 3243 90.
1148 3187 1261 3259 Η).
1313 3188 1421 3241 Cur
1476 3188 1700 3255 singulis
1748 3189 2129 3242 tentatinnibus

520 3266 525 3269 ’
576 3278 678 3331 hoc
703 3278 995 3349 przcmittit,
1022 3277 1081 3330 Si
1114 3276 1277 3329 Filius
1309 3276 1402 3329 Dei
1425 3276 1520 3328 es?
1565 3276 1715 3341 Quod
1743 3278 1850 3344 jam
1880 3280 2025 3345 prius
2054 3280 2131 3333 fe-

569 3377 733 3431 cerat,
756 3366 805 3420 id
832 3375 884 3420 et
902 3382 1042 3421 nunc
1066 3366 1211 3421 facit.
1237 3364 1385 3419 Sicut
1411 3366 1552 3420 enim
1574 3374 1699 3420 tunc
1732 3367 1844 3421 Deo
1873 3365 2129 3423 detrahe-

569 3454 661 3510 bat
686 3456 767 3511 his
794 3458 987 3520 verbis,
1034 3456 1353 3525 Quacumque
1378 3456 1459 3509 die
1504 3456 1817 3510 comederitis
1838 3495 1852 3519 ,
1905 3459 2133 3525 aperien-

569 3558 653 3601 tur
700 3549 829 3601 oculi
868 3548 1013 3600 vestri
1055 3545 1208 3613 (Gen.
1235 3546 1287 3601 3.
1318 3545 1423 3616 5);
1474 3546 1556 3600 his
1613 3546 1897 3601 ostendere
1950 3548 2133 3603 volens

568 3639 713 3703 ipsos
756 3637 1005 3707 deceptos
1034 3652 1095 3691 ac
1118 3638 1333 3691 delusos
1378 3636 1570 3699 fuisse,
1616 3636 1849 3703 nihilque
1890 3638 2130 3695 beneficii

568 3730 873 3797 accepisse:
903 3728 971 3780 ita
1025 3737 1077 3780 et
1104 3727 1191 3780 hic
1224 3727 1449 3794 idipsum
1495 3725 1835 3779 subindicans
1874 3726 1948 3778 ait
1994 3744 2007 3779 :
2059 3727 2134 3781 Te

569 3817 761 3871 frustra
791 3816 956 3870 tilium
983 3814 1229 3877 vocavit,
1259 3828 1322 3868 ac
1368 3814 1509 3867 dono
1539 3823 1588 3867 te
1618 3812 1801 3868 fefellit
1833 3834 1844 3869 :
1897 3823 2042 3869 certe
2088 3817 2131 3868 si

566 3920 675 3959 non
709 3905 779 3959 ita
808 3919 867 3960 se
892 3919 979 3958 res
1000 3904 1211 3968 habeat,
1242 3902 1493 3957 ostendas
1528 3903 1684 3956 nobis
1709 3914 1923 3974 Oportet
1972 3918 2023 3958 te
2050 3917 2130 3958 ta-

567 3994 673 4049 lem
720 3994 915 4047 habere
970 4001 1304 4061 potestatem.
1336 3991 1535 4045 Deinde
1563 4033 1579 4055 ,
1601 3994 1862 4061 quoniam
1884 4010 1949 4048 ex
1980 3994 2127 4049 Scri-

564 4086 735 4155 pturis
763 4086 930 4153 ipsum
967 4084 1269 4153 alloquutus‘
1286 4093 1431 4146 erat,
1460 4084 1573 4151 ipse
1603 4100 1812 4152 quoque
1863 4087 2132 4154 propheta:

568 4176 922 4230 testimonium
948 4174 1138 4228 affert-

636 4267 879 4319 Diabolus
897 4282 983 4331 per
1006 4265 1296 4333 patientiam
1316 4274 1594 4333 superatur.
1611 4293 1681 4303 —-
1700 4264 1807 4319 Cur
1831 4281 1958 4336 ergo
1982 4267 2137 4321 Chri-

567 4364 681 4409 stus
726 4368 827 4407 non
872 4354 1200 4421 indignatus,
1232 4368 1335 4405 non
1364 4362 1704 4420 exasperatus
1730 4364 1813 4406 est
1834 4397 1849 4418 ,
1883 4355 1974 4409 sed
2012 4372 2135 4411 cum

568 4442 969 4498 mansuetudine
999 4442 1158 4496 multa
1191 4455 1372 4495 rursus
1394 4456 1458 4494 ex
1498 4442 1784 4511 Scripturis
1813 4446 1983 4511 ipsum
2006 4446 2134 4498 allo-

566 4533 765 4603 quitur,
795 4533 1015 4586 dicens:
1040 4532 1091 4585 7.
1126 4530 1242 4583 Non
1271 4530 1477 4583 tentabis
1506 4530 1776 4584 Dominum
1806 4532 1965 4586 Deum
1994 4544 2133 4587 tuum

569 4622 743 4691 (Deut.
773 4624 825 4676 ϐ.
852 4620 975 4692 16)?
1004 4620 1071 4677 Ut
1098 4635 1194 4673 nos
1228 4620 1436 4685 doceat,
1470 4636 1573 4673 non
1597 4635 1689 4689 per
1712 4622 1879 4691 signa,
1914 4624 2006 4677 sed
2040 4640 2133 4693 per

568 4712 872 4783 patientiam
903 4710 1259 4779 superandum
1286 4710 1555 4765 diabolum
1582 4724 1719 4773 esse,
1754 4712 1985 4783 nihilque
2009 4730 2128 4767 om—

568 4804 691 4859 n‘ino
735 4803 800 4856 ad
830 4803 1234 4857 ostentationem
1264 4816 1384 4856 esse
1431 4800 1748 4856 faciendum.
1801 4802 1924 4871 Ejus
1973 4819 2131 4873 porro

566 4892 843 4947 stultitiam
872 4893 952 4946 vel
974 4893 1040 4946 ab
1065 4907 1130 4945 eo
1157 4890 1295 4960 quod
1321 4892 1494 4944 attulit
1524 4891 1825 4945 testimonio
1842 4898 2126 4962 perpende.

564 4980 693 5035 Nam
721 4981 1013 5034 testimonia
1036 4996 1067 5033 a
1090 4981 1309 5033 Domino
1335 4980 1491 5033 allata
1524 4982 1681 5033 ambo
1711 4980 1991 5036 admodum
2034 5000 2132 5052 op-

564 5080 789 5140 portune
808 5070 1036 5125 adhibita
1064 5080 1219 5135 sunt;
1242 5085 1359 5139 quae
1386 5080 1559 5125 autem
1586 5072 1763 5125 abillo
1787 5084 2127 5142 usurpantur,

565 5172 763 5216 temere
788 5170 842 5215 et
866 5161 1042 5229 inepte
1068 5160 1425 5227 proferuntur,
1456 5175 1550 5214 nec
1576 5160 1639 5213 ad
1666 5176 1778 5215 rem
1804 5166 2123 5232 propositam

562 5250 961 5323 accommodata
990 5260 1130 5305 sunt.
1156 5250 1338 5319 Neque
1363 5252 1507 5303 enim
1534 5251 1659 5304 illud
1681 5293 1696 5316 ,
1738 5253 1990 5321 Scriptum
2020 5263 2126 5321 est,

567 5340 771 5409 Angelis
794 5341 897 5393 suis
927 5340 1176 5391 mandavit
1218 5340 1281 5391 de
1327 5350 1393 5405 te,
1432 5340 1617 5394 suadet
1640 5354 1759 5394 sese
1804 5343 2125 5411 prmcipitem

564 5430 695 5484 dare
725 5446 739 5483 :
770 5430 1000 5498 alioquin
1025 5445 1151 5483 vero
1178 5446 1281 5483 non
1305 5429 1372 5484 de
1402 5430 1626 5484 Domino
1652 5430 1752 5485 hoc
1791 5432 1997 5487 dicitur.
2029 5437 2125 5487 At-

570 5532 745 5575 tamen
773 5521 873 5574 hoc
899 5521 986 5575 ille
1028 5537 1133 5575 non
1160 5520 1369 5585 refellit,
1402 5520 1501 5575 etsi
1526 5521 1903 5577 contumeliose
1947 5523 2129 5577 diabo-

571 5611 655 5665 lus
678 5610 817 5664 dicto
842 5625 966 5663 usus
984 5608 1185 5675 fuisset,
1210 5610 1465 5679 valdeque
1486 5612 1750 5665 contrario
1767 5627 1944 5668 sensu.
1962 5613 2127 5669 Nemo

629 5722 648 5754 ⁸
683 5728 825 5798 unus.
847 5722 931 5772 sed
955 5719 1089 5770 illum
1109 5720 1297 5783 placide
1318 5718 1580 5784 redarguit,
1604 5720 1783 5771 dicens.

3720 386 3826 441 212

2247 493 2387 547 enim
2416 509 2447 547 a
2479 494 2613 549 Filio
2643 495 2737 549 Dei
2771 493 2872 549 hoc
2900 496 3064 563 petit,
3092 494 3185 550 sed
3206 494 3400 552 diaboli
3435 503 3488 551 et
3518 496 3828 556 daemonum

2244 585 2525 639 consilium
2541 594 2623 640 est
2640 600 2699 641 se
2725 584 2979 639 deorsum
3009 585 3219 641 mittere
3244 604 3257 640 :
3288 587 3379 643 Dei
3406 604 3557 656 vero,
3585 590 3830 659 iacentes

2243 677 2469 745 erigere.
2498 677 2628 730 Nam
2662 679 2705 731 si
2740 678 3026 746 potentiam
3053 678 3338 735 ostendere
3378 690 3682 749 oporteret,
3717 700 3826 738 non

2244 767 2475 833 seipsum
2508 766 2788 832 mittendo,
2808 767 2892 821 vel
2914 768 3315 837 praecipitando,
3333 771 3428 825 sed
3446 772 3582 827 alios
3605 787 3823 829 servan-

2242 857 2333 918 do,
2364 856 2414 909 id
2438 857 2668 912 fecisset.
2710 857 2954 931 Seipsum
2981 861 3123 913 enim
3156 861 3207 913 in
3249 872 3516 932 praarupta
3540 864 3593 919 et
3634 867 3820 933 praeci-

2243 948 2370 1015 pitia
2413 948 2643 1013 mittere,
2668 947 2737 1001 ad
2763 948 2956 1003 diaboli
2990 948 3307 1020 phalangem
3336 956 3583 1022 pertinet.
3610 956 3698 1012 Sic
3730 957 3827 1027 lgi-

2245 1044 2330 1088 tur
2385 1035 2476 1091 ille
2504 1036 2753 1091 seductor
2779 1038 2974 1107 ubique
3002 1054 3163 1109 agere
3190 1041 3342 1095 solet.
3378 1044 3483 1099 Sed
3524 1044 3607 1099 his
3644 1047 3823 1115 dictis,

2240 1126 2487 1182 Christus
2513 1142 2617 1181 non
2644 1143 2701 1181 se
2728 1139 2902 1182 tamen
2929 1131 3150 1194 revelat,
3177 1132 3270 1187 sed
3292 1136 3443 1203 quasi
3473 1136 3631 1191 homo
3658 1140 3705 1193 ei
3738 1141 3826 1195 in-

2248 1217 2398 1270 terim
2425 1218 2672 1286 loquitur.
2702 1219 2988 1287 Namquod
3017 1221 3168 1287 dixit,
3200 1222 3322 1277 Non
3346 1226 3397 1278 in
3418 1228 3525 1279 solo
3556 1245 3684 1297 pane
3699 1232 3826 1283 vivet

2247 1306 2414 1371 homo,
2445 1317 2602 1376 atque
2624 1310 2772 1373 illud,
2795 1310 2914 1364 Non
2939 1313 3148 1365 tentabis
3176 1312 3446 1381 Dominum
3471 1316 3630 1370 Deum
3658 1329 3821 1383 tuum,

2244 1411 2351 1449 non
2380 1411 2501 1451 sese
2526 1398 2811 1453 admodum
2862 1400 3249 1457 manifestantis
3292 1414 3429 1468 erat,
3467 1408 3561 1463 sed
3594 1423 3713 1464 sese
3754 1426 3823 1466 ex

2244 1494 2555 1539 carterorum
2586 1486 2857 1542 hominum
2885 1505 3106 1545 numero
3132 1492 3474 1550 declarantis.
3504 1498 3582 1552 Ne
3612 1499 3823 1556 mireris

2244 1588 2404 1640 porro
2430 1576 2473 1629 si
2502 1575 2775 1631 Christum
2804 1580 3100 1649 alloquens,
3134 1596 3193 1637 se
3218 1584 3417 1639 circum
3447 1602 3591 1656 sirpe
3627 1599 3821 1645 vertat.

2244 1664 2701 1730 Quemadmodum
2732 1670 2873 1723 enim
2904 1672 3130 1740 pugiles,
3176 1688 3296 1727 cum
3332 1675 3505 1733 letalia
3553 1681 3825 1749 accipiunt

2243 1754 2465 1809 vulnera
2490 1797 2504 1819 ,
2537 1760 2849 1827 sanguinem
2909 1762 3434 1831 circumemittcntes,
3467 1779 3521 1823 et
3565 1774 3825 1841 vertigine

2243 1844 2382 1912 capti
2410 1846 2855 1902 circumferuntur
2883 1864 2897 1903 :
2931 1850 3007 1905 sic
3038 1862 3091 1905 et
3121 1853 3209 1906 ille
3248 1869 3279 1907 a
3308 1857 3474 1923 prima
3506 1870 3561 1913 et
3590 1864 3823 1917 secunda

2247 1934 2395 2003 plaga
2419 1935 2816 2003 obtenebratus,
2844 1953 2964 2006 qua:
2994 1941 3047 1994 in
3092 1954 3324 1997 mentem
3356 1948 3575 2003 veniunt
3621 1952 3823 2022 simpli-

2244 2029 2375 2082 citer
2406 2030 2640 2096 profert,
2668 2039 2721 2085 et
2756 2030 2823 2084 ad
2852 2034 3067 2088 tertium
3098 2049 3441 2105 congressum
3474 2044 3735 2109 procedit.
3765 2048 3820 2099 8.

2244 2116 2583 2182 Etassttmpto
2604 2136 2661 2171 eo
2687 2121 2737 2172 in
2764 2133 2978 2174 montem
3005 2125 3257 2178 excelsum
3282 2167 3297 2191 ,
3327 2131 3543 2183 ostendit
3582 2136 3625 2183 ei
3654 2136 3825 2187 omnia

2240 2223 2394 2275 regna
2418 2209 2431 2237 ¹
2454 2225 2467 2272 ;
2493 2208 2543 2261 9.
2569 2220 2615 2261 et
2632 2210 2760 2262 dixit
2789 2226 2807 2263 :
2827 2210 2953 2265 Hac
2976 2216 3145 2266 omnia
3171 2216 3257 2268 tibi
3278 2218 3406 2270 dabo
3432 2220 3473 2272 si
3495 2223 3677 2275 cadens
3697 2228 3825 2277 ado-

2241 2298 2427 2349 ravcris
2456 2313 2550 2349 me.
2578 2299 2660 2351 l0.
2687 2298 2827 2352 Tunc
2850 2302 2971 2355 dicit
3001 2305 3045 2355 ei
3074 2320 3092 2356 :
3131 2302 3271 2357 Vade
3312 2318 3443 2375 retro
3484 2326 3580 2372 me,
3622 2322 3820 2364 satana.

2245 2387 2501 2452 Scriptum
2519 2400 2591 2441 est
2611 2391 2741 2442 enim
2765 2407 2784 2443 :
2810 2390 3081 2445 Dominum
3115 2395 3277 2448 Deum
3306 2408 3444 2451 tuum
3474 2384 3709 2455 adorabis
3729 2446 3742 2466 ,
3777 2416 3825 2457 et

2242 2478 2316 2529 illi
2346 2478 2439 2531 soli
2468 2480 2649 2551 servies
2671 2479 2845 2551 (Deut.
2866 2484 2916 2537 6.
2944 2486 3052 2553 l5).
3080 2486 3210 2551 Quia
3241 2490 3380 2541 enim
3403 2491 3511 2557 jam
3532 2493 3581 2545 in
3612 2493 3822 2548 Putrem

2244 2571 2410 2637 ipsum
2444 2583 2792 2639 peccaverat,
2844 2577 3019 2628 omnia
3048 2593 3167 2645 quae
3212 2580 3352 2634 illius
3379 2592 3531 2636 erant
3569 2599 3661 2639 sua
3699 2600 3825 2642 esse

2239 2660 2441 2726 dicens,
2474 2672 2529 2716 et
2564 2677 2623 2717 se
2653 2663 2812 2718 deum
2843 2665 3076 2734 profiteri
3102 2669 3384 2736 studebat,
3416 2680 3472 2726 ut
3517 2686 3822 2732 creatorem

2242 2755 2495 2819 universi,
2532 2768 2656 2812 tunc
2704 2757 3034 2826 increpavit;
3092 2778 3264 2830 neque
3292 2779 3413 2819 eum
3456 2748 3818 2836 vehementia,

2240 2845 2331 2898 scd
2360 2847 2673 2914 simpliciter
2697 2863 2710 2899 :
2750 2847 2891 2902 Vade
2915 2860 3047 2903 retro
3074 2868 3169 2917 me,
3213 2864 3412 2907 satana.
3432 2858 3583 2922 Quod
3611 2859 3820 2927 jussum

2241 2936 2407 3003 magis
2446 2944 2597 2999 erat,
2652 2952 2811 3005 quam
2867 2940 3180 3008 increpatio.
3224 2942 3388 3000 Simul
3421 2948 3615 3019 quippe
3661 2951 3818 3017 dixit,

2249 3022 2405 3088 Vade,
2433 3034 2488 3079 et
2515 3026 2710 3096 fugavit
2736 3029 2900 3083 illum.
2924 3029 3106 3100 Neque
3121 3034 3262 3086 enim
3284 3036 3417 3090 alias
3442 3038 3538 3106 ipsi
3572 3044 3823 3097 tentatio-

2238 3128 2333 3166 ncs
2362 3114 2569 3168 obtulit.

2306 3206 2357 3259 4.
2388 3207 2649 3271 Quomodo
2677 3208 2904 3265 Christus
2929 3228 3125 3267 omnem
3150 3220 3465 3273 tentationem
3496 3236 3821 3281 consumma-

2237 3297 2377 3349 verit.
2408 3296 2594 3350 Contra
2614 3298 2836 3354 ﬁabendi
2856 3303 3273 3372 cupiditatem.—
3293 3309 3359 3363 Et
3383 3315 3699 3378 quomodo.
3730 3318 3817 3371 in-

2237 3385 2405 3453 quies,
2438 3380 2607 3441 Lucas
2632 3389 2726 3454 ait,
2755 3391 2925 3458 ipsum
2948 3409 3160 3450 omnem
3194 3401 3538 3457 tentationem
3567 3419 3821 3462 consum-

2237 3478 2468 3531 mavisse
2493 3476 2644 3544 (Luc.
2678 3480 2729 3533 4.
2762 3482 2897 3551 15)ἳ
2932 3483 3149 3539 Videtur
3190 3490 3321 3543 mihi
3353 3500 3407 3545 ut
3434 3496 3603 3561 capita
3644 3506 3821 3552 tenta-

2238 3566 2439 3620 tionum
2459 3568 2680 3633 diceret,
2698 3584 2884 3626 omnes
2910 3572 3129 3641 dixisse,
3152 3578 3301 3646 quasi
3324 3580 3443 3635 aliis
3465 3583 3564 3639 hoc
3592 3602 3819 3644 numero

2235 3660 2654 3726 comprehensis.
2680 3660 2813 3715 Nam
2839 3663 2949 3719 haec
2971 3666 3129 3730 mala,
3150 3668 3425 3726 innumera
3447 3674 3551 3727 alia
3579 3680 3820 3747 comple-

2235 3757 2469 3815 ctuntur,
2492 3752 2664 3805 ventri
2686 3754 2907 3819 servire,
2931 3756 2998 3810 ad
3021 3771 3208 3812 vanam
3232 3762 3454 3829 gloriam
3482 3767 3604 3833 quid
3631 3783 3815 3839 agere,

2237 3838 2435 3893 furioso
2471 3842 2809 3908 pecuniarum
2852 3859 3036 3901 amore
3080 3849 3269 3903 teneri.
3319 3849 3470 3917 Quod
3496 3869 3616 3908 cum
3647 3838 3817 3915 sciret

2236 3929 2528 3985 sceleratus
2578 3932 2695 3997 ille,
2745 3933 2993 3992 omnibus
3035 3938 3401 4008 valentiorem,
3458 3946 3814 4007 insatiabilem

2236 4021 2462 4076 habendi
2488 4024 2855 4093 cupiditatem,
2878 4028 3116 4083 ultimam
3144 4034 3349 4101 posuit;
3383 4035 3432 4089 id
3454 4036 3565 4106 jam
3599 4050 3723 4096 ante
3756 4055 3814 4098 et

2234 4124 2263 4161 a
2295 4112 2552 4180 principio
2589 4117 2907 4183 parturiens,
2956 4118 3050 4172 sed
3093 4132 3418 4188 postremum
3447 4140 3687 4197 servans,
3722 4140 3813 4185 ut-

2238 4208 2357 4266 pote
2386 4202 2609 4255 validius
2643 4206 2873 4259 cmteris.
2919 4206 3045 4261 Haec
3068 4210 3264 4279 quippe
3310 4212 3477 4283 ipsius
3505 4222 3813 4277 certaminis

2236 4288 2318 4341 lex
2344 4300 2447 4355 εει,
2493 4300 2550 4344 ut
2576 4306 2695 4362 quae
2714 4294 2960 4350 videntur
2992 4297 3059 4352 ad
3105 4302 3549 4371 supplantandam
3580 4312 3809 4383 aptiora,

2234 4391 2499 4448 postrema
2525 4383 2730 4438 aﬂ’erat.
2762 4386 2913 4451 Quod
2943 4390 3102 4445 etiam
3138 4392 3278 4445 circa
3307 4394 3499 4451 Jobum
3546 4399 3690 4456 fecit.
3719 4402 3775 4458 Id

2233 4468 2374 4523 circo
2402 4470 2486 4524 hic
2514 4487 2667 4526 orsus
2687 4474 2753 4529 ab
2781 4476 2843 4532 iis
2872 4493 2987 4547 qua:
3020 4480 3333 4538 videbantur
3354 4486 3645 4545 infirmiora
3660 4508 3806 4563 esse,

2235 4557 2299 4610 ad
2330 4559 2586 4616 valentius
2610 4566 2869 4632 procedit.
2916 4567 3196 4635 Quomodo
3239 4586 3417 4631 autem
3460 4579 3562 4635 hoc
3607 4557 3808 4643 malum

2234 4648 2447 4706 vincere
2476 4655 2718 4720 oportet?
2748 4654 2814 4710 Ut
2836 4656 3082 4715 Christus
3100 4661 3302 4729 docuit,
3329 4665 3395 4721 ad
3423 4668 3590 4726 Deum
3620 4676 3808 4731 confu-

2233 4740 2425 4807 giendo
2470 4757 2485 4794 :
2537 4744 2604 4797 ita
2630 4754 2813 4801 utnec
2857 4751 2995 4804 fame
3022 4752 3386 4823 concidamus,
3428 4763 3706 4822 credentes
3755 4772 3808 4825 ei

2232 4831 2319 4899 qui
2354 4842 2527 4900 potest
2555 4836 2710 4889 etiam
2740 4838 2901 4893 verbo
2924 4854 3160 4909 pascere,
3196 4860 3295 4900 nec
3328 4848 3379 4901 in
3400 4850 3553 4908 bonis
3580 4873 3697 4925 qua:
3718 4875 3822 4917 ac-a

2233 4931 2496 4997 cepimus,
2519 4930 2754 4989 datorem
2781 4946 3067 5005 tentemus;
3100 4942 3194 4997 sed
3222 4958 3451 5015 superna
3479 4949 3646 5017 gloria
3674 4967 3804 5007 con-

2236 5020 2385 5083 tenti,
2418 5020 2661 5078 humana:
2683 5027 2878 5080 nullam
2910 5030 3198 5089 habeamus
3217 5038 3500 5105 rationem,
3530 5049 3585 5095 et
3612 5042 3806 5114 ubique
3880 5036 3883 5039 “

2232 5110 2371 5176 quod
2399 5114 2719 5179 superfluum
2739 5126 2841 5179 est,
2862 5118 3239 5189 despiciamos.
3262 5124 3400 5181 Nihil
3426 5129 3567 5182 enim
3591 5130 3660 5184 ita
3685 5110 3804 5188 dia-

2233 5197 2355 5251 bolo
2385 5202 2653 5257 subditum
2690 5206 2884 5291 reddit,
2915 5218 2970 5263 ut
3000 5211 3313 5269 insatiabilis
3340 5218 3568 5273 habendi
3596 5223 3804 5291 cupidi-

2235 5298 2335 5355 tas,
2371 5294 2687 5347 et‘avaritia.
2722 5290 2881 5367 ldqne
2908 5316 2971 5355 ex
3002 5303 3066 5357 iis
3089 5319 3207 5373 quae
3236 5321 3379 5361 nunc
3400 5311 3652 5365 eveniunt
3672 5290 3804 5369 icer-

2232 5394 2363 5433 nere
2418 5391 2518 5436 est.
2560 5382 2695 5438 Sunt
2737 5388 2877 5441 enim
2926 5391 3015 5459 qui
3070 5392 3290 5450 dicant:
3322 5396 3449 5451 Ha'c
3489 5403 3668 5456 mania
3712 5404 3805 5461 tibi

2231 5468 2511 5538 dabimus,
2566 5474 2611 5527 si
2664 5476 2863 5531 cadens
2919 5480 3539 5542 adoraveriszhomines
3588 5492 3803 5561 quidem

2232 5569 2441 5624 natura,
2473 5562 2568 5617 scd
2609 5563 2960 5623 instrumenta
2990 5570 3182 5627 diaboli
3209 5574 3403 5632 etl'ecti.
3440 5578 3571 5634 Nam
3600 5591 3656 5637 et
3680 5592 3809 5642 tunc

2231 5668 2742 5794 σῷῆῗεῆῑέιαξΪοεοδ.
2768 5677 2928 5730 ontm'a
2948 5692 3113 5743 regna,
3138 5684 3330 5745 quidam
3347 5685 3547 5750 addunt,
3569 5692 3743 5745 mundi
3762 5702 3808 5748 α
