4082 6504
349 461 460 522 ῑιε

352 596 461 634 non
493 593 590 651 per
617 592 680 635 se
700 577 896 640 solum,
922 571 1017 629 sed
1037 586 1131 642 per
1149 570 1249 626 alia
1276 569 1518 641 quaedam
1538 569 1709 640 ipsum
1737 580 1946 638 aggres-

350 683 447 725 sus
489 677 574 725 est
605 686 619 722 :
649 667 790 739 quod
827 663 1109 719 declarans
1129 661 1303 718 Lucas
1340 660 1551 737 dicebat
1581 677 1595 712 :
1625 660 1706 713 Ad
1751 669 1949 725 tempus

352 761 586 815 discessit
613 758 788 812 abillo
818 757 837 824 (
854 755 978 808 Luc.
1003 756 1058 809 4.
1088 752 1222 824 15);
1253 752 1535 808 declarans
1560 747 1736 821 ipsum
1763 758 1945 818 postea

351 868 474 907 cum
500 851 731 921 propriis
756 849 855 903 sibi
887 846 1256 902 instrumentis
1279 844 1592 900 accessisse.
1627 845 1713 898 ll.
1745 841 1814 897 Et
1833 858 1946 897 ecce

351 943 524 1013 angeli
546 951 880 1001 accesserunt,
915 949 962 993 et
991 937 1348 992 ministrabant
1382 935 1448 989 ei.
1475 932 1610 988 Cum
1636 933 1779 989 enim
1823 948 1944 988 cott~

353 1035 529 1089 flictus
578 1043 728 1095 erat,
767 1048 871 1085 non
925 1031 1050 1085 sivit
1087 1029 1210 1084 illos
1240 1042 1537 1098 apparere,
1585 1041 1653 1081 ne
1677 1041 1800 1080 mox
1854 1039 1942 1080 ca-

352 1123 605 1196 piendum
641 1123 1088 1194 perterrefaceret
1116 1137 1131 1175 :
1164 1128 1444 1191 postquam
1473 1127 1652 1174 auten.
1677 1118 1825 1173 illum
1849 1133 1946 1188 per

350 1225 543 1273 cuncta
583 1216 900 1280 confutavit,
941 1225 997 1270 et
1024 1213 1244 1285 fugavit,
1281 1221 1408 1268 tunc
1431 1221 1692 1284 apparent
1728 1211 1803 1267 illi
1836 1228 1852 1266 :
1886 1220 1944 1266 ut

344 1302 528 1357 discas
542 1311 592 1356 te
608 1312 1141 1373 quoque,postquam
1154 1304 1220 1358 ad
1235 1305 1545 1375 exemplum
1561 1305 1682 1374 ejus
1700 1306 1944 1370 viceris’,

343 1392 634 1462 abangelis
643 1394 1020 1463 excipiendum
1035 1407 1157 1450 esse
1169 1393 1642 1466 plaudentibus,ac
1655 1412 1750 1466 per
1763 1396 1946 1452 omnia

344 1484 696 1555 stipantibus.
717 1485 809 1542 Sic
832 1485 978 1541 enim
1001 1496 1054 1542 et
1070 1484 1340 1543 Lazarum
1367 1497 1495 1559 post
1519 1487 1794 1544 fornacem
1819 1479 1944 1559 pati-

345 1578 593 1648 portatis,
601 1579 759 1634 famis
773 1590 824 1633 et
837 1581 1301 1650 angustias,angeli
1318 1580 1653 1651 excipientes
1665 1581 1940 1638 abierunt.

342 1668 644 1742 Siquidem,
675 1668 858 1739 utjam
885 1667 1019 1734 dixi,
1051 1659 1221 1722 multa
1238 1665 1488 1722 Christus
1512 1680 1654 1720 nunc
1681 1664 1936 1732 ostendit,

344 1762 542 1833 quibus
573 1777 672 1817 nos
702 1759 962 1816 fruemur.
999 1758 1137 1828 Quia
1168 1759 1328 1830 igitur
1353 1756 1472 1813 hzrc
1512 1757 1690 1812 omnia
1719 1766 1938 1827 preptcr

342 1861 398 1907 te
419 1850 554 1906 facta
585 1860 731 1917 sunt,
765 1850 901 1905 hanc
953 1850 1165 1917 imitare
1187 1889 1204 1916 ,
1235 1857 1292 1904 et
1333 1848 1589 1904 emulare
1632 1849 1932 1905 victoriam.

343 1940 478 1996 Etsi
517 1942 640 2012 quis
667 1957 732 1996 ex
757 1940 901 1996 illius
933 1939 1201 1995 dtemouis
1232 1939 1490 2013 ministris
1533 1948 1585 1994 te
1623 1938 1800 2005 adeat,
1843 1940 1934 2010 qui

342 2031 466 2085 talia
485 2033 673 2102 sapiat,
701 2031 1034 2100 exprobrans
1061 2030 1155 2085 tibi
1177 2025 1241 2086 ac
1269 2029 1492 2086 dicens:
1516 2030 1776 2085 Mirabilis
1822 2046 1934 2085 nta-

337 2135 585 2192 gnusque
616 2136 695 2185 es,
746 2131 985 2177 montem
1015 2119 1246 2176 transfer
1276 2139 1290 2175 :
1320 2135 1388 2176 ne
1414 2121 1667 2184 turberis,
1710 2137 1779 2175 ne
1817 2135 1935 2176 mo-

339 2213 546 2278 vearis;
578 2212 672 2267 sed
691 2228 811 2268 cum
833 2212 1241 2268 mansuetudine
1262 2212 1548 2283 responde,
1567 2222 1625 2266 ut
1647 2213 1930 2268 Dominum

333 2304 534 2359 audisti
563 2303 828 2360 dicentem
861 2321 875 2359 :
909 2303 1029 2359 Non
1048 2303 1258 2359 latitabit
1278 2302 1555 2358 Dominum
1575 2302 1738 2359 Deum
1765 2313 1927 2357 tum.

333 2394 432 2450 Sin
451 2394 542 2450 ille
569 2395 791 2465 gloriam
834 2395 1233 2465 potentiamque
1263 2392 1494 2449 offerens
1515 2402 1677 2465 atque
1702 2394 1930 2448 immen-

329 2501 450 2543 sam
478 2487 584 2542 vim
611 2487 946 2552 divitiarum,
976 2487 1206 2543 adorare
1235 2495 1286 2542 te
1324 2486 1512 2556 iubeat
1533 2527 1548 2551 ,
1582 2495 1660 2539 sta
1695 2485 1926 2540 fortiter.

332 2580 449 2635 Non
473 2581 616 2637 enim
637 2591 824 2636 contra
849 2595 1189 2636 communem
1222 2579 1504 2634 Dominum
1542 2588 1780 2635 nostrum
1812 2593 1928 2632 om-

329 2673 483 2729 nium
525 2683 729 2728 tantum
759 2675 860 2729 hoc
888 2673 1013 2729 fecit
1050 2672 1332 2737 diabolus;
1380 2671 1476 2727 sed
1502 2673 1665 2727 etiam
1688 2670 1928 2741 quotidie

329 2764 384 2820 in
429 2763 667 2836 singulos
696 2765 813 2834 ejus
843 2779 1030 2820 servos
1053 2764 1149 2818 has
1178 2763 1431 2818 admovet
1475 2762 1786 2826 machinas;
1817 2777 1926 2816 non

327 2865 535 2914 tantum
554 2857 607 2912 in
638 2857 928 2920 montibus,
953 2853 1277 2922 in'desertis,
1297 2853 1390 2911 sed
1404 2856 1564 2910 etiam
1596 2855 1649 2908 in
1678 2856 1923 2921 urbibus,

325 2952 380 3002 in
411 2947 566 3014 foris,
595 2948 648 3003 in
680 2947 1062 3014 tribunalibus;
1105 2960 1280 3017 neque
1308 2959 1406 3015 per
1435 2958 1492 3000 se
1531 2947 1704 3003 solum
1748 2949 1841 3002 sed
1870 2954 1926 3001 et

323 3055 423 3110 per
437 3038 686 3096 homines
709 3051 970 3111 cognatos
992 3047 1228 3094 nostros.
1247 3037 1382 3105 Quid
1408 3037 1564 3111 igitur
1578 3037 1923 3094 faciendum?

321 3131 441 3189 Non
469 3130 804 3189 credendum
833 3131 882 3187 ei
910 3172 922 3194 ,
957 3144 1220 3203 auresque
1250 3139 1376 3186 sunt
1399 3129 1765 3194 obstruendte,
1790 3128 1923 3185 adu-

322 3227 569 3298 latorqne
612 3224 738 3282 odio
781 3224 1062 3281 habendus
1095 3242 1108 3278 :
1143 3231 1199 3279 et
1241 3238 1363 3279 cum
1399 3221 1601 3292 majora
1635 3223 1917 3292 promittit,

321 3331 437 3374 tum
470 3317 636 3389 magis
665 3317 906 3371 aversari
935 3331 1056 3370 eum
1087 3322 1318 3384 Oportet.
1349 3313 1625 3382 Siquidem
1657 3319 1711 3367 et
1751 3312 1916 3366 Evam

319 3426 445 3464 cum
475 3424 570 3479 spe
598 3408 803 3478 majore
827 3406 1040 3472 extulit,
1075 3414 1202 3460 tunc
1220 3405 1436 3474 dejecit,
1456 3404 1794 3472 maximaque
1819 3403 1914 3471 ipsi

319 3501 502 3556 intulit
531 3501 692 3554 mala.
727 3499 908 3560 Hostis
937 3498 1139 3568 quippe
1159 3507 1238 3550 est
1285 3495 1651 3560 inexorabilis,
1685 3493 1914 3549 bellum-

318 3609 426 3662 que
451 3603 637 3648 contra
666 3608 764 3647 nos
793 3592 1031 3660 suscepit
1054 3588 1409 3659 implacabile.
1444 3588 1554 3642 Nec
1588 3589 1656 3640 ita
1687 3602 1785 3642 nos
1830 3605 1916 3642 sa-

317 3686 414 3740 luti
447 3697 646 3740 nostraa
680 3684 980 3750 studemus,
1013 3693 1068 3737 ut
1099 3683 1188 3737 ille
1217 3691 1412 3737 nostra:
1444 3680 1718 3750 perniciei.
1758 3681 1912 3733 Avero

315 3792 498 3833 semur
540 3778 717 3847 itaque
768 3775 940 3838 illum,
995 3790 1101 3830 non
1135 3773 1312 3827 verbis
1343 3781 1585 3836 tantum,
1629 3772 1722 3825 sed
1751 3770 1910 3827 etiam

313 3869 603 3938 operibus;
659 3883 765 3922 non
805 3874 986 3922 mente
1030 3865 1241 3927 solum,
1270 3862 1364 3918 sed
1413 3862 1638 3926 actibus,
1672 3862 1912 3930 nihilque

313 3959 455 4029 quod
487 3957 586 4028 ipsi
630 3958 879 4028 placitum
905 3957 975 4011 sit
1005 3955 1259 4011 faciamus
1294 3972 1307 4008 :
1337 3954 1414 4008 sic
1441 3955 1620 4008 omnia
1651 3967 1771 4023 qua:
1802 3952 1912 4007 Deo

316 4051 508 4121 placita
537 4059 662 4104 sunt
689 4048 966 4104 faciemus.
997 4045 1127 4102 Nam
1156 4044 1320 4100 multa
1351 4045 1439 4098 ille
1463 4044 1766 4112 pollicetur,
1803 4057 1908 4096 non

315 4156 375 4202 ut
400 4146 531 4209 det,
562 4144 659 4198 sed
691 4153 748 4197 ut
778 4140 1026 4212 accipiat.
1053 4138 1132 4194 Ex
1163 4138 1350 4208 rapina
1381 4137 1682 4205 pollicetur,
1713 4144 1771 4188 ut
1813 4150 1908 4188 au-

314 4237 451 4292 ferat
477 4249 697 4304 regnum
728 4232 1096 4301 etjustitiam;
1130 4229 1412 4284 thesauros
1444 4226 1496 4280 in
1527 4235 1671 4280 terra
1695 4241 1793 4280 ceu
1824 4225 1906 4279 la-

311 4343 482 4398 queos
510 4326 734 4382 tendens
765 4332 926 4394 atque
956 4335 1171 4384 casses,
1219 4327 1279 4374 ut
1315 4329 1369 4374 et
1400 4317 1481 4372 bis
1522 4326 1574 4373 et
1604 4316 1908 4371 cmlestibus

311 4420 488 4490 privet
541 4415 856 4471 thesauris:
889 4414 1002 4468 vult
1052 4426 1152 4467 nos
1198 4412 1285 4465 hic
1338 4410 1625 4474 ditescere,
1679 4424 1748 4462 ne
1802 4407 1907 4462 illic

312 4511 658 4566 ditescamus.
693 4508 786 4564 Sin
816 4522 920 4561 non
955 4508 1124 4578 possit
1166 4519 1261 4559 nos
1308 4520 1405 4574 per
1452 4503 1662 4556 divitias
1703 4503 1770 4556 ab
1816 4501 1904 4555 illa

312 4612 462 4660 sorte
488 4602 709 4672 ejicere,
738 4601 985 4664 alteram,
1014 4613 1108 4668 per
1128 4602 1496 4667 puluere-item
1526 4610 1733 4668 nempe,
1771 4595 1904 4647 viam

312 4695 452 4750 init:
487 4695 628 4764 quod
661 4694 712 4746 itt
743 4691 845 4747 Job
892 4691 1034 4743 fecit.
1083 4691 1218 4741 Cum
1260 4686 1447 4740 viderit
1479 4688 1621 4739 enim
1675 4685 1804 4737 nihil
1853 4687 1901 4735 ei

313 4785 561 4840 nocuisse
604 4783 816 4840 divitias
841 4823 857 4846 ,
890 4796 983 4850 per
1011 4786 1377 4850 paupertatem
1407 4777 1536 4830 retia
1569 4776 1755 4837 nectit,
1805 4776 1904 4827 bac

311 4877 393 4931 via
451 4889 672 4945 apertius
721 4889 779 4929 se
823 4874 1100 4928 victoriam
1149 4878 1541 4938 reportaturum
1602 4881 1721 4921 esse
1754 4885 1767 4920 ;
1797 4883 1904 4936 quo

310 4967 439 5041 quid
480 4967 696 5021 stultius
721 4983 842 5020 esse
885 4964 1092 5034 possit?
1123 4963 1223 5030 Qui
1266 4962 1412 5016 enim
1457 4960 1668 5014 divitias
1701 4973 1905 5026 tempe-

311 5071 496 5117 rantcr
523 5059 664 5115 ferre
692 5059 881 5129 potuit,
916 5058 1084 5112 multo
1115 5057 1283 5124 magis
1305 5063 1668 5124 paupertatem
1695 5050 1903 5105 lortitet-

310 5156 445 5208 feret
468 5167 482 5205 :
511 5161 565 5206 et
585 5151 673 5221 qui
696 5158 990 5220 pra-sentes
1011 5148 1220 5202 divitias
1240 5161 1344 5199 non
1366 5144 1690 5213 concupivit,
1711 5144 1897 5196 absen-

314 5256 393 5297 tes
425 5258 532 5296 non
564 5251 789 5309 quaeret,
819 5239 1270 5309 quemadmodum
1325 5251 1499 5303 neque
1545 5235 1730 5289 beatus
1777 5234 1899 5297 ille;

308 5335 405 5391 sed
448 5352 514 5391 ex
561 5343 872 5406 paupertate
911 5347 1122 5386 rursum
1157 5329 1487 5401 Splendidior
1533 5330 1754 5382 effectus
1798 5339 1897 5381 est.

311 5430 441 5485 Nam
469 5429 684 5484 divitias
709 5427 922 5498 quidem
952 5426 1162 5479 auferre
1184 5425 1354 5495 potuit
1382 5423 1644 5489 malignus
1675 5421 1766 5474 ille
1791 5420 1903 5472 dzc-

309 5537 471 5584 mon;
513 5522 786 5574 caritatem
818 5533 946 5571 vero
981 5531 1105 5586 erga
1153 5516 1316 5567 Deum
1351 5529 1454 5566 non
1501 5512 1660 5565 modo
1690 5507 1902 5562 auferre

310 5630 416 5666 non
447 5611 648 5681 potuit,
684 5611 775 5664 sed
808 5611 967 5664 etiam
1002 5606 1376 5661 ferventioreut
1410 5601 1666 5664 reddidit,
1701 5602 1903 5670 ipsum-

311 5721 415 5776 que
442 5701 695 5758 nudatum
717 5700 984 5762 omnibus,
1013 5697 1250 5766 pluribus
1276 5693 1479 5749 curavit
1504 5691 1787 5762 splendere
1809 5691 1906 5744 bo-

363 5825 380 5854 ι
412 5823 626 5881 Legerat
639 5817 688 5864 in
702 5818 866 5863 Graeco
877 5816 980 5881 aur’
995 5813 1184 5860 ἐκείνων
1196 5807 1602 5881 \lontt‘falronius
1615 5805 1892 5881 Latineque

305 5866 610 5937 redildgrat,
643 5869 1259 5939 postquamillos__tj.ce_ris.
1305 5868 1501 5920 Videsis
1529 5880 1642 5931 quae
1681 5866 1732 5915 in
1766 5866 1897 5914 hunc

311 5945 474 5994 locum
497 5934 685 5991 notavit
724 5934 1005 5989 Fridericus
1040 5934 1196 5986 l‘ietd.

1513 451 1580 507 IN
1616 448 2024 508 M.\TTlleU5l
2066 449 2296 510 ΙΙΟΜΙΙ..
2339 453 2476 510 XIII.

3549 451 3656 510 ειιι

2056 567 2172 635 nis;
2223 569 2452 641 ideoque
2497 570 2624 642 quid
2665 571 2873 626 consilii
2920 581 3137 639 caperet
3191 569 3482 626 nesciebat.
3538 570 3660 642 Quo

2054 664 2234 732 plures
2259 665 2402 718 enim
2435 663 2709 733 indigebat
2735 663 2934 734 plagas,
2976 678 3045 720 eo
3070 664 3422 721 valentiorem
3461 680 3654 723 cerne-

2052 752 2162 808 bat.
2196 751 2431 824 ideoque
2457 754 2708 809 omnibus
2738 753 2955 810 tentatis
2981 763 3037 808 et
3065 752 3341 820 adhibitis,
3361 755 3490 826 quia
3513 756 3650 811 nihil

2051 846 2222 916 magis
2244 846 2573 918 proﬁciebat,
2605 846 2675 902 ad
2699 857 2851 902 vetus
2882 845 3010 902 illud
3029 847 3195 901 telum
3211 847 3401 912 currit,
3426 862 3649 903 uxorem

2051 954 2274 1010 nempe,
2318 947 2374 994 et
2401 950 2674 1011 assumpta
2706 938 3057 1011 providentia:
3097 938 3265 1004 larva,
3313 940 3651 995 calamitates

2050 1029 2167 1099 ejus
2189 1028 2570 1084 miserabiliter
2595 1039 2650 1085 et
2687 1029 2887 1101 tragice
2929 1027 3208 1094 describit,
3245 1037 3303 1085 et
3341 1029 3561 1084 simulat
3588 1044 3650 1083 se

2051 1121 2413 1191 perniciosum
2463 1120 2591 1175 illud
2631 1119 2769 1176 dare
2795 1119 3119 1186 consilium,
3168 1129 3228 1175 ut
3282 1120 3372 1176 ille
3411 1135 3443 1175 a
3490 1121 3648 1175 malis

2047 1227 2269 1282 prorsus
2295 1212 2571 1268 liberetur.
2604 1210 2712 1267 Sed
2741 1225 2918 1282 neque
2943 1211 3014 1266 ita
3048 1210 3364 1282 praevaluit:
3392 1212 3476 1266 vir
3501 1211 3644 1266 enim

2047 1305 2138 1360 ille
2158 1302 2504 1359 admirandus
2526 1303 2643 1374 ejus
2662 1318 2840 1359 escam
2862 1301 3264 1368 animadvertit,
3280 1317 3345 1357 ac
3368 1317 3493 1358 cum
3510 1287 3648 1355 mul-

2048 1405 2100 1452 ta
2127 1395 2406 1472 prudentia
2430 1397 2604 1462 uxori,
2629 1396 2747 1468 ejus
2774 1410 2938 1451 suasu
2965 1396 3227 1467 loquenti,
3258 1410 3322 1450 os
3349 1395 3643 1451 obstruxit.

2117 1488 2170 1543 5.
2205 1487 2262 1542 Id
2288 1487 2432 1558 quod
2463 1487 2627 1543 etiam
2657 1503 2756 1543 nos
2779 1487 2956 1543 facere
2977 1487 3260 1551 convenit;
3288 1485 3500 1542 etiamsi
3535 1487 3643 1540 fra-

2047 1578 2161 1643 tris,
2194 1579 2404 1635 etiamsi
2445 1578 2639 1646 amici,
2669 1581 2770 1634 etsi
2815 1581 3000 1634 uxoris
3029 1579 3110 1633 vel
3137 1579 3365 1634 alterius
3386 1579 3644 1649 cujusque

2045 1685 2328 1742 personam
2353 1670 2601 1737 induens,
2630 1685 2735 1726 non
2764 1657 3109 1740 congruentia
3141 1669 3409 1740 loquatur,
3444 1684 3548 1724 non
3573 1684 3641 1724 ex

2043 1778 2271 1834 persona
2325 1763 2596 1835 loquentis
2634 1763 2919 1819 consilium
2961 1764 3240 1832 excipere,
3280 1763 3377 1818 sed
3427 1764 3638 1818 ratione

2043 1857 2328 1928 perniciosi
2354 1857 2568 1913 consilii
2615 1855 2730 1911 lucc
2774 1854 3044 1910 dicentem
3087 1856 3323 1910 aversari
3356 1855 3639 1912 debemus.

2040 1948 2315 2020 Siquidem
2349 1963 2493 2004 nunc
2537 1948 2702 2002 etiam
2731 1946 2930 2002 similia
2962 1947 3124 2001 multa
3158 1946 3306 2013 facit,
3335 1957 3641 2005 cteommt~

2038 2040 2323 2095 serationis
2345 2041 2545 2095 larvam
2563 2038 2818 2098 assumit;
2848 2053 2913 2093 ac
2935 2037 3060 2091 dum
3089 2037 3386 2095 benevolus
3408 2040 3640 2105 videtur,

2041 2131 2341 2200 perniciosa
2375 2140 2430 2184 et
2475 2132 2664 2200 quovis
2692 2143 2900 2184 veneno
2926 2113 3192 2186 deteriora
3235 2131 3408 2186 fundit
3449 2130 3640 2188 verba.

2037 2221 2169 2278 Nam
2209 2221 2276 2277 ad
2329 2231 2710 2278 nocumcntum
2740 2220 2983 2288 adulari,
3035 2222 3272 2288 diaboli;
3314 2223 3382 2277 ad
3438 2224 3636 2280 bonum

2037 2312 2396 2384 praestandum
2420 2314 2717 2383 corripere,
2745 2314 2837 2370 Dei
2857 2326 2958 2369 est.
2990 2313 3068 2370 Ne
3088 2315 3269 2385 itaque
3282 2315 3633 2386 decipiamur,

2038 2419 2209 2474 neque
2241 2419 2336 2473 per
2367 2417 2584 2459 omnem
2615 2407 2832 2459 modum
2863 2405 3204 2476 tranqudlam
3231 2414 3502 2460 sectemur
3545 2408 3630 2459 vi-

2034 2504 2164 2550 tam.
2197 2494 2364 2563 Quem
2391 2497 2532 2550 enim
2561 2497 2728 2566 diligit
2756 2496 2892 2550 Dem
2916 2537 2932 2563 ,
2965 2498 3180 2568 castigat
3218 2495 3401 2566 (Prov.
3429 2498 3484 2553 5.
3520 2497 3633 2569 12).

2033 2587 2223 2660 inquit.
2254 2587 2388 2645 Cum
2410 2590 2590 2659 itaque
2620 2587 2863 2658 improbe
2889 2588 3128 2643 viventes
3157 2588 3320 2643 rebus
3362 2589 3636 2657 prosperis

2030 2680 2291 2746 fruimur,
2353 2689 2479 2735 tunc
2522 2678 2752 2753 maxime
2801 2677 3124 2733 doleamus:
3159 2687 3441 2748 peccantes
3488 2681 3632 2734 enim

2031 2789 2243 2844 semper
2269 2773 2462 2828 timere
2491 2779 2740 2841 Oportet:
2769 2779 2876 2824 tum
2906 2784 3034 2825 vero
3064 2771 3296 2825 maxime
3323 2785 3446 2826 cum
3479 2770 3632 2827 triste

2033 2866 2164 2920 uibil
2201 2865 2454 2936 patimur.
2503 2862 2728 2930 Quando
2757 2862 2902 2916 enim
2931 2876 3028 2931 per
3069 2871 3247 2930 partes
3277 2860 3413 2916 Deus
3443 2875 3633 2931 pinnas

2027 2957 2209 3027 exigit,
2240 2954 2494 3011 leviorem
2539 2963 2690 3024 parat
2714 2951 3041 3017 vindictam;
3073 2951 3288 3023 quando
3309 2962 3488 3034 autem
3513 2967 3636 3008 scc-

2027 3048 2136 3103 lera
2160 3045 2365 3117 singula
2383 3045 2488 3100 fert
2510 3046 2790 3114 patienter,
2806 3044 2858 3097 in
2882 3057 3127 3114 magnam
3151 3057 3252 3098 nos
3279 3043 3332 3097 in
3360 3044 3427 3098 iis
3447 3059 3633 3113 perse-

2026 3148 2277 3195 verantes
2307 3145 2546 3192 reservat
2575 3135 2852 3190 ultionem.
2883 3134 3017 3189 Nam
3045 3134 3091 3189 si
3121 3134 3303 3204 probis
3323 3135 3627 3191 necessaria

2023 3242 2106 3289 est
2134 3230 2353 3286 afflictio
2376 3271 2390 3296 ,
2420 3229 2588 3284 multo
2632 3229 2802 3298 magis
2832 3226 3196 3296 peccantibus.
3227 3225 3364 3282 Vide
3395 3241 3625 3296 namque

2021 3325 2275 3394 quantam
2307 3320 2396 3374 Dei
2429 3319 2740 3390 patientiam
2769 3328 3030 3387 expertus
3056 3318 3284 3382 Pharao,
3321 3329 3623 3374 extremum

2021 3416 2252 3485 denique
2285 3429 2380 3484 pro
2408 3412 2659 3465 omnibus
2689 3411 2785 3464 luit
2813 3408 3155 3479 supplicium;
3179 3419 3309 3478 quot
3336 3411 3622 3465 criminum

2021 3521 2144 3562 rens
2171 3502 2664 3559 Nabuchodonosor
2684 3540 2699 3566 ,
2754 3499 2995 3552 omnium
3026 3497 3238 3553 tandem
3271 3513 3457 3568 poenas
3487 3499 3618 3559 luit;

2019 3600 2168 3653 dives
2208 3598 2333 3651 item
2375 3595 2498 3665 quia
2545 3592 2678 3647 nihil
2722 3590 2806 3646 hic
2838 3605 3201 3645 :crumnarum
3236 3605 3424 3661 passus
3469 3601 3618 3654 erat,

2020 3689 2138 3746 ideo
2167 3688 2396 3742 maxime
2447 3687 2610 3739 miser
2637 3684 2770 3747 fuit;
2796 3681 2919 3751 quia
2947 3684 2996 3737 in
3041 3681 3138 3736 hac
3160 3682 3265 3736 vita
3302 3682 3579 3738 deliciatus
3600 3726 3616 3747 ,

2020 3782 2143 3837 illuc
2166 3779 2297 3834 abiit
2318 3778 2555 3832 omnium
2589 3791 2775 3845 pmnas
2799 3775 3042 3839 daturus,
3076 3773 3163 3828 ubi
3192 3775 3392 3829 nullam
3419 3776 3470 3830 in
3502 3791 3619 3829 ma-

2019 3874 2083 3926 lis
2109 3869 2529 3926 cousolatiouctn
2553 3869 2789 3939 reperire
2816 3876 2951 3921 erat.
2982 3868 3232 3921 Attamen
3259 3867 3475 3936 quidam
3492 3879 3616 3923 sunt

2017 3965 2088 4019 ita
2121 3962 2294 4034 frigidi
2325 3971 2380 4017 et
2409 3961 2578 4023 stulti,
2602 3969 2659 4014 ut
2687 3953 2969 4030 prtbsetitia
2993 3966 3196 4011 tantum
3226 3972 3439 4028 semper
3464 3975 3608 4027 qna:-

2017 4066 2153 4116 rant,
2174 4066 2226 4109 et
2245 4053 2361 4107 haec
2385 4050 2604 4106 ridicula
2627 4050 2787 4104 verba
2815 4050 3112 4118 proferant:
3137 4048 3352 4101 Interim
3372 4062 3611 4119 prasen-

2016 4149 2155 4202 tibus
2185 4144 2330 4199 fruar
2349 4143 2618 4207 omnibus;
2639 4152 2766 4195 tunc
2783 4141 2851 4194 de
2878 4141 3096 4195 incertis
3117 4139 3462 4209 prospiciam;
3483 4153 3614 4195 ven-

2015 4239 2081 4294 tri
2109 4237 2416 4307 indulgebo,
2446 4233 2806 4303 voluptatibus
2828 4230 3094 4296 serviam,
3127 4230 3318 4286 abutar
3359 4234 3611 4300 praesenti

2015 4333 2139 4386 vita.
2201 4330 2275 4386 Da
2329 4316 2836 4383 ntilti'ltodieruum
2867 4324 3032 4390 diem,
3081 4334 3136 4378 et
3174 4325 3360 4394 accipe
3418 4325 3611 4380 crasti-

2016 4439 2162 4480 num.
2205 4420 2251 4477 Ο
2288 4421 2558 4490 ingentem
2611 4418 2928 4473 stultitiam!
2978 4415 3034 4471 In
3077 4431 3188 4487 quo
3235 4417 3306 4472 ab
3352 4417 3518 4473 hircis
3558 4429 3614 4474 et

2015 4516 2188 4586 porcis
2228 4512 2483 4569 differunt
2517 4512 2606 4583 qui
2653 4510 2776 4565 talia
2813 4509 3142 4580 loquuntur?
3191 4510 3325 4566 Nam
3381 4510 3427 4565 si
3475 4525 3570 4567 eos
3595 4552 3612 4576 ,

2011 4609 2098 4676 qui
2139 4607 2205 4661 ad
2253 4619 2477 4661 uxorem
2527 4603 2754 4673 proximi
2782 4603 2860 4658 sui
2893 4602 3162 4666 hinniunt,
3194 4617 3302 4658 non
3330 4603 3455 4660 sinit
3483 4619 3612 4673 pru-

2014 4701 2171 4767 pheta
2220 4697 2467 4751 homines
2495 4695 2734 4764 reputari
2765 4692 2895 4764 (Jer.
2927 4696 2981 4750 5.
3005 4695 3061 4758 8)
3085 4737 3099 4758 ,
3141 4695 3262 4765 quis
3301 4709 3401 4750 nos
3424 4698 3610 4763 culpa-

2013 4792 2086 4844 bit
2116 4791 2158 4843 si
2187 4789 2287 4844 bos
2317 4787 2518 4851 hircos,
2551 4800 2743 4853 porcos
2769 4794 2824 4840 et
2872 4786 3036 4840 asinis
3067 4786 3464 4854 insipientiores
3491 4801 3612 4842 esse

2011 4883 2398 4945 existimemus,
2450 4878 2540 4948 qui
2585 4879 2809 4932 clariora
2840 4878 2933 4940 iis,
2977 4893 3096 4947 qua:
3127 4879 3295 4933 oculis
3340 4877 3608 4940 videntur,

2012 4974 2213 5027 incerta
2245 4986 2366 5027 esse
2392 4981 2579 5040 putant
2599 4970 2623 5023 ’ἒ
2646 4968 2704 5025 Si
2730 4972 2871 5025 enim
2906 4969 3032 5022 nulli
3065 4970 3154 5023 alii
3185 4969 3381 5033 credis,
3407 4969 3613 5024 daemo-

2011 5064 2165 5118 nibus
2201 5063 2389 5118 saltem
2418 5062 2569 5115 adsta
2604 5061 2730 5114 dum
2771 5061 3148 5118 \erberantur:
3189 5062 3254 5114 iis
3277 5061 3482 5115 scilicet
3519 5063 3608 5130 qui

2012 5157 2064 5211 in
2098 5155 2388 5224 perniciem
2419 5164 2656 5208 nostram
2697 5153 2824 5206 nihil
2856 5170 2960 5206 non
2989 5153 3172 5206 dicunt
3213 5161 3266 5206 et
3293 5161 3476 5222 agunt.
3501 5154 3609 5208 Ne-

2010 5265 2113 5318 que
2141 5247 2282 5301 enim
2314 5247 2414 5299 huc
2456 5255 2746 5312 negaturus
2782 5260 2860 5306 es,
2890 5244 3034 5312 ipsns
3089 5257 3283 5311 nempe
3321 5243 3454 5297 nihil
3502 5259 3607 5297 non

2011 5356 2166 5410 agere
2195 5350 2251 5392 ιιι
2273 5337 2532 5392 desidiam
2564 5347 2799 5391 nostram
2830 5347 3079 5405 augeant,
3108 5337 3367 5405 geltennzt:
3404 5345 3606 5389 metum

2009 5432 2274 5493 auferant,
2309 5429 2652 5498 efficiamque
2681 5439 2737 5482 ttt
2789 5428 2968 5482 futuro
2991 5429 3192 5497 judicio
3239 5427 3400 5482 fidem
3443 5443 3601 5494 nego-

2011 5541 2148 5578 mus.
2200 5526 2447 5577 Attamen
2481 5523 2569 5592 qui
2600 5523 2714 5575 hate
2758 5521 2998 5590 cupiunt,
3039 5521 3330 5572 clamantes
3384 5527 3438 5570 et
3485 5518 3605 5570 uln—

2009 5613 2182 5668 lantes
2225 5628 2367 5680 srrpe
2393 5656 2406 5677 ,
2440 5622 2702 5666 tormenta
2754 5612 2860 5665 illic
2906 5611 3138 5664 adhibita
3166 5610 3602 5679 prmdicautht').

2011 5705 2162 5760 Unde
2205 5705 2365 5771 igitur
2412 5704 2528 5756 haec
2559 5701 2763 5767 dicunt,
2822 5713 2876 5755 et
2901 5709 3085 5755 contra
3131 5715 3290 5770 quam
3319 5699 3498 5753 volunt
3530 5702 3598 5752 lo-

2071 5839 2144 5900 (ιι)
2178 5846 2291 5898 Quae
2325 5837 2400 5885 hic
2432 5837 2495 5886 de
2529 5835 2841 5886 titcmouiacis
2871 5834 3125 5892 dicuntur,
3167 5835 3429 5882 observato
3453 5826 3600 5888 digna

2010 5911 2141 5948 ειιιιι-
