4082 6524
542 524 810 596 quatitur?
854 522 967 578 Non
1018 521 1117 577 alia
1174 521 1239 576 de
1282 535 1480 587 causa,
1532 534 1689 589 quam
1736 516 1874 587 quod
1930 515 2116 585 majori

539 621 776 674 cruciatu
819 625 1095 688 cogantur.
1128 615 1307 684 Neque
1337 614 1481 668 enim
1527 613 1723 667 vellent
1751 616 1940 679 sponte
1990 623 2119 664 con-

540 714 675 767 litcri
703 753 718 777 ,
764 712 847 767 vel
899 724 960 766 se
1009 724 1039 763 a
1090 709 1313 763 mortuis
1366 705 1665 761 hominibus
1717 700 1992 772 torqueri,
2033 699 2118 757 vel

535 819 594 858 se
640 802 858 857 omnino
889 815 1050 872 grave
1079 799 1348 870 quidpiam
1382 801 1506 867 pati.
1535 795 1646 863 Qua
1686 807 1815 862 ergo
1859 792 1927 846 de
1956 804 2115 847 causa

538 898 651 949 lucc
696 910 726 949 a
758 911 844 949 me
880 894 1019 949 dicta
1072 892 1234 947 sunt?
1270 890 1404 958 Quia
1449 889 1743 953 daemones,
1790 884 1881 956 qui
1930 882 2116 939 nolunt

534 987 680 1044 credi
727 986 1044 1058 gehennam,
1094 995 1265 1039 tamen
1318 981 1615 1052 gehennam
1662 979 2023 1037 conﬁtentur:
2057 985 2113 1032 tu

535 1094 662 1133 vero
706 1079 796 1147 qui
842 1087 984 1131 tanto
1014 1074 1246 1145 dignaris
1294 1073 1516 1136 honore,
1548 1074 1741 1143 quique
1770 1068 2110 1126 ineﬂ'abilium

532 1183 755 1224 consors
796 1181 854 1221 es
892 1167 1302 1239 mysteriorum,
1360 1180 1458 1220 nec
1528 1164 1645 1217 illos
1688 1162 1944 1226 imitaris,
2016 1158 2110 1215 sed

526 1260 693 1314 etiam
744 1258 848 1314 illis
890 1257 1128 1314 deterior
1172 1258 1339 1312 factus
1385 1272 1461 1311 es.
1515 1255 1725 1324 Ecquis,
1760 1253 1986 1323 inquies,
2044 1251 2112 1307 ab

533 1351 740 1406 inferno
785 1352 947 1415 venit,
998 1360 1053 1405 et
1096 1351 1210 1406 haec
1253 1347 1552 1403 nuntiavit?
1597 1346 1703 1401 Sed
1755 1354 1808 1401 et
1851 1344 1921 1399 de
1963 1343 2112 1399 caelis

530 1442 649 1511 quis
695 1442 856 1509 venit,
885 1440 1125 1511 dixitque
1175 1442 1337 1495 Deum
1374 1455 1494 1495 esse
1538 1440 1629 1509 qui
1661 1438 1837 1495 omnia
1869 1435 2110 1493 creavit?

526 1530 681 1598 Quod
731 1541 906 1586 autem
966 1531 1195 1585 animam
1248 1530 1535 1585 habeamus
1575 1529 1717 1583 unde
1759 1528 1932 1598 palam
1982 1527 2109 1582 est?

529 1621 587 1677 Si
615 1623 758 1677 enim
801 1622 887 1676 illa
936 1622 1107 1677 solum
1148 1637 1266 1691 quae
1314 1621 1414 1676 sub
1452 1632 1724 1689 aspectum
1755 1620 1952 1675 cadunt
1985 1633 2104 1674 cre-

530 1714 736 1769 diturus
775 1729 853 1779 es,
904 1729 967 1768 ac
990 1713 1057 1769 de
1088 1715 1215 1777 Deo,
1246 1713 1314 1768 de
1361 1714 1582 1784 angelis,
1635 1714 1702 1768 de
1736 1712 1919 1768 mente
1963 1721 2017 1768 et
2040 1711 2107 1767 de

529 1806 702 1859 anima
731 1805 960 1871 dubitas,
990 1807 1066 1860 sic
1109 1806 1198 1861 tibi
1224 1806 1402 1861 omnia
1432 1806 1669 1860 veritatis
1707 1805 1953 1876 dogmata
1985 1820 2109 1876 pes-

528 1903 646 1942 sunt
746 1888 917 1943 ibunt.
963 1890 1123 1959 Atqui
1150 1891 1196 1946 si
1239 1889 1339 1947 sub
1380 1906 1594 1946 sensum
1626 1891 1938 1947 cadentibus
1987 1903 2103 1947 tan-

531 1988 639 2032 tum
680 1979 760 2033 vis
779 1979 1019 2047 credere,
1048 1980 1399 2037 invisibilibus
1423 1982 1590 2052 magis
1618 1998 1775 2053 quam
1809 1981 2107 2039 visibilibus

526 2069 714 2125 credas
753 2080 979 2140 Oportet.
1009 2072 1161 2140 Quod
1199 2074 1241 2128 si
1274 2074 1589 2143 stupendum
1621 2075 1861 2130 videatur
1885 2076 1938 2131 id
1966 2076 2105 2146 quod

526 2159 654 2225 ilixi,
684 2168 915 2217 attamen
941 2178 1123 2217 verum
1162 2172 1217 2218 et
1255 2163 1393 2232 apud
1428 2176 1605 2219 mente
1630 2166 1883 2234 prazditos
1907 2167 1957 2221 in
1976 2182 2105 2223 con-

526 2248 668 2305 fesso
683 2262 785 2306 est.
808 2251 956 2308 Oculi
975 2255 1115 2309 enim
1142 2269 1285 2325 saepe
1306 2254 1579 2321 falluntur,
1602 2273 1708 2312 non
1743 2260 1793 2313 in
1826 2260 2102 2315 invisibili—

524 2340 622 2395 luis
637 2350 838 2397 tantum
862 2343 1002 2412 (hare
1017 2349 1214 2417 quippe
1240 2361 1345 2403 non
1367 2352 1609 2418 norunt),
1629 2350 1725 2405 sed
1743 2351 1794 2405 in
1818 2352 1921 2405 illis
1942 2354 2099 2407 etiam

522 2448 642 2503 qua:
695 2449 916 2490 cernere
976 2437 1075 2491 sibi
1128 2438 1413 2503 videntur;
1464 2439 1711 2495 obstante
1758 2443 1960 2497 scilicet
2012 2454 2105 2499 aut

520 2519 808 2586 distantia,
861 2530 952 2575 aut
999 2537 1160 2589 aere,
1216 2534 1306 2579 aut
1355 2535 1534 2580 mente
1583 2526 1691 2580 alio
1722 2528 1957 2593 intenta,
2011 2538 2103 2584 aut

523 2610 624 2673 ira,
673 2618 763 2664 aut
810 2611 1198 2677 sollicitudine,
1235 2624 1327 2665 aut
1370 2616 1634 2670 sexcentis
1682 2617 1802 2671 aliis
1860 2618 2101 2674 obicibus

520 2699 914 2754 accurationem
968 2697 1275 2756 tollentibus
1331 2720 1342 2754 :
1406 2703 1597 2757 animae
1659 2714 1835 2761 autem
1895 2707 2098 2777 cogita-

518 2787 630 2852 tio,
675 2789 718 2841 si
767 2787 1064 2843 divinarum
1114 2790 1507 2860 Scripturarum
1560 2795 1674 2848 luce
1720 2796 2095 2864 perfundatur,

518 2881 813 2936 accuratius
840 2897 904 2937 ac
946 2882 1144 2937 certius
1193 2898 1369 2938 rerum
1410 2885 1664 2954 judicium
1709 2887 1858 2943 feret.
1906 2890 2098 2948 Neita-

516 2986 620 3037 que
642 2982 737 3024 nos
764 2972 908 3041 ipsos
932 2973 1119 3028 frustra
1139 2975 1487 3045 decipiamus,
1504 2994 1636 3035 neve
1656 2994 1846 3049 praeter
1868 2979 1987 3037 vitrc
2016 2999 2100 3039 se-

515 3062 731 3130 guilietn
753 3063 1053 3133 liujusmodi
1073 3066 1405 3137 dogmatibus
1424 3082 1647 3138 partam,
1679 3072 1837 3126 etiam
1857 3089 1952 3142 pro
1972 3075 2097 3143 ipsis

513 3152 849 3222 dogmatibus
875 3158 1173 3224 graviorem
1206 3159 1358 3212 nobis
1388 3162 1493 3215 vim
1523 3160 1657 3230 ignis
1677 3163 2091 3217 accumuleinus.

515 3243 672 3299 Certe
704 3246 748 3300 si
790 3247 1045 3315 judicium
1103 3266 1205 3305 non
1250 3263 1380 3315 est,
1414 3267 1585 3323 neque
1622 3269 1808 3324 poenas
1852 3255 2096 3312 dabimus

514 3338 798 3405 scelerum,
832 3357 1003 3412 neque
1030 3344 1269 3399 laborum
1287 3349 1502 3414 prtemia
1524 3364 1936 3419 consequemur.
1970 3353 2096 3409 Per-

516 3428 751 3496 pcndite,
780 3446 981 3499 qumso,
1005 3449 1110 3503 quo
1142 3436 1356 3488 tendant
1377 3437 1718 3507 blaSpbemia:
1742 3453 1951 3507 vestrae,
1975 3459 2093 3499 cum

514 3518 707 3585 dicitis,
742 3520 909 3576 Deum
936 3523 1156 3591 justum,
1183 3526 1382 3591 mitem,
1418 3539 1490 3581 tot
1530 3530 1739 3586 labores
1766 3534 2121 3605 sudoresque,

514 3609 809 3678 despicere.
844 3612 910 3666 Et
935 3615 1201 3683 quomodo
1232 3616 1343 3671 litcc
1373 3621 1560 3675 rationi
1591 3637 1825 3677 consona
1855 3625 2091 3682 fuerint?

586 3699 967 3756 Demonstratur
1012 3709 1286 3760 mercedem
1339 3711 1505 3763 virtuti
1553 3723 1597 3765 et
1646 3715 1762 3768 vitio
1802 3733 1999 3784 pomum
2040 3720 2093 3772 in

510 3791 668 3843 altera
699 3792 797 3845 vita
824 3797 1085 3848 reservari.
1127 3828 1193 3835 —
1237 3799 1342 3852 l'ltsi
1374 3802 1515 3854 enim
1556 3817 1659 3856 non
1703 3804 1917 3862 aliunde
1941 3848 1954 3870 ,
1982 3808 2091 3862 sal-

512 3890 615 3935 tent
653 3896 719 3936 ex
753 3883 817 3935 iis
845 3900 960 3952 qua:
987 3884 1038 3939 in
1066 3886 1225 3943 domo
1256 3898 1341 3943 tua
1386 3900 1645 3965 geruntur
1688 3893 1804 3948 haec
1835 3897 2049 3964 explora
2072 3940 2086 3965 ,

511 3982 565 4024 et
593 3982 714 4027 tunc
736 3989 891 4043 quam
924 3975 1148 4031 absurda
1182 3980 1292 4033 haec
1312 3982 1417 4033 sint
1445 3964 1831 4051 deprehendes.
1869 3964 2084 4042 Etiamsi

507 4064 650 4117 enim
680 4064 964 4120 admodum
992 4066 1310 4123 inhumanus
1338 4071 1411 4124 sis
1440 4087 1501 4127 ac
1520 4073 1753 4129 crudelis
1781 4118 1794 4141 ,
1831 4079 1935 4130 imo
1959 4078 2087 4147 ipsis

512 4155 639 4210 feris
664 4157 962 4223 immanior,
993 4160 1161 4215 nolles
1186 4174 1329 4217 certe
1357 4178 1565 4218 servum
1597 4176 1743 4221 tuum
1768 4169 2084 4225 benevolum

509 4247 600 4300 tibi
625 4249 854 4303 moriens
876 4250 991 4304 sine
1030 4251 1255 4319 prwmio
1275 4252 1605 4322 relinquere:
1629 4258 1723 4310 sed
1762 4267 1815 4311 et
1844 4258 2088 4314 libertate

507 4338 676 4394 donas
696 4381 711 4405 ,
736 4350 789 4394 et
808 4342 1045 4409 pecuniae
1066 4357 1286 4396 munere
1311 4360 1324 4405 ;
1357 4353 1409 4397 et
1438 4345 1556 4414 quia
1584 4355 1635 4400 tu
1664 4347 1927 4405 decedens
1957 4351 2087 4406 nihil

511 4442 659 4500 potes
691 4433 823 4487 ultra
864 4434 962 4498 ipsi
988 4434 1232 4489 conferre
1254 4436 1375 4490 boni
1398 4481 1410 4500 ,
1464 4438 1512 4491 id
1539 4438 1676 4505 apud
1711 4440 1938 4498 heredes
1966 4453 2085 4501 tuos

507 4538 683 4584 iuras,
712 4538 902 4593 rogans
926 4524 1161 4593 nihilque
1193 4542 1295 4582 non
1323 4543 1505 4597 agens,
1536 4539 1590 4583 ut
1608 4546 1673 4585 ne
1701 4532 1786 4587 ille
1808 4535 1923 4590 sine
1950 4552 2083 4591 mer-

505 4614 635 4667 cede
659 4626 887 4669 maneat.
913 4617 1067 4686 Atqui
1094 4617 1137 4673 si
1171 4628 1221 4672 tu
1253 4635 1478 4689 nequam
1502 4621 1658 4677 homo
1680 4664 1695 4691 ,
1724 4625 1792 4678 ita
1822 4625 2084 4682 humanus

505 4706 867 4773 benignusque
889 4720 945 4759 es
974 4721 1097 4777 erga
1137 4707 1421 4776 famulum,
1452 4728 1518 4764 an
1558 4712 1816 4769 immensa
1862 4716 1954 4772 Dei
1983 4719 2078 4771 bo-

505 4797 670 4859 nitas,
720 4796 996 4851 insatiabilis
1040 4798 1337 4870 benignitas
1358 4843 1370 4863 ,
1402 4811 1543 4855 tanta
1574 4802 1657 4856 illa
1691 4808 2041 4864 mansuetudo
2064 4852 2077 4879 ,

506 4886 729 4940 tumulos
773 4902 926 4949 suos,
963 4885 1207 4955 l’etrttm‘,
1243 4890 1478 4957 Paulum,
1524 4892 1779 4951 Iacobum
1823 4908 1875 4953 et
1920 4900 2079 4954 Joan-

504 4993 662 5041 nem,
708 4980 941 5046 quoudte
987 4992 1202 5050 prapter
1259 4982 1404 5036 illum
1458 4986 1789 5054 esurientes,
1834 4991 2078 5058 vinctos,

505 5068 796 5137 flagellalos
816 5112 829 5137 ,
864 5072 1111 5128 ﬂuctibus
1135 5074 1438 5142 demorsos,
1472 5078 1598 5135 feris
1624 5080 1861 5150 objectos
1879 5125 1895 5149 ,
1924 5089 2077 5141 morti

504 5161 757 5226 traditos,
785 5164 992 5235 aliaque
1022 5166 1296 5224 innumera
1326 5185 1529 5239 passos,
1554 5172 1894 5233 incoronatos
1924 5180 2079 5234 relin-

502 5254 670 5321 quet?
701 5257 1027 5324 Agonotlteta
1058 5275 1186 5316 sane
1212 5262 1463 5318 victorem
1490 5265 1540 5320 in
1570 5264 1860 5339 Olympicis
1891 5275 2077 5340 ιιι-τεὼ-

503 5356 588 5397 cat
610 5355 661 5398 et
684 5358 933 5411 coronat,
971 5348 1130 5406 herus
1156 5366 1366 5409 servum
1388 5396 1402 5420 ,
1434 5370 1527 5411 rex
1568 5357 1787 5414 militem
1816 5360 2035 5417 honorat
2063 5406 2074 5427 ,

504 5448 556 5489 ct
584 5438 805 5506 quisque
832 5438 1041 5496 demunt
1066 5442 1210 5498 illum
1238 5447 1329 5516 qui
1354 5447 1452 5502 sibi
1484 5450 1861 5509 ministraverit
1890 5457 2079 5523 quibus

507 5539 682 5597 potest
711 5530 861 5585 bonis
892 5546 1193 5591 remunerat
1224 5556 1239 5593 :
1272 5539 1509 5611 Deusque
1538 5543 1711 5609 solus,
1755 5556 1874 5615 post
1905 5556 2080 5604 tantos

506 5618 728 5673 sudores
756 5630 808 5675 et
849 5622 1082 5692 labores,
1128 5643 1227 5683 nec
1268 5646 1484 5699 parvum
1515 5648 1613 5689 nec
1662 5628 1908 5707 magnum
1951 5640 2077 5709 ipsis

504 5708 697 5765 bonum
740 5714 980 5782 confert,
1010 5719 1103 5773 sed
1143 5719 1269 5789 justi
1313 5722 1385 5777 illi
1424 5739 1486 5777 ac
1512 5725 1582 5795 pii
1616 5728 1750 5794 viri,
1780 5730 1869 5799 qui
1919 5708 2078 5790 omne

507 5803 708 5860 virtutis
746 5820 915 5877 genus
974 5809 1247 5879 adierunt,
1300 5814 1483 5870 eadem
1532 5828 1686 5875 erunt
1732 5821 2072 5896 conditione,

1250 384 1309 463 s‘.
1351 403 1625 462 JOANNIS
1661 401 2137 461 cituvsus'tunt
2179 401 2493 460 .tltClllEP.
2535 402 3091 466 CONSTANTINOP.

3696 409 3797 465 ἳΙσ

2223 519 2601 587 ιιιιιι-ιιιωιςιιί,
2648 520 2965 589 parricidas,
3024 522 3312 578 homicidae
3356 523 3799 592 tumulorumque

2222 608 2587 665 cflbssorcs‘?
2618 609 2797 683 Ecqua
2829 612 2958 667 insit
2982 614 3036 670 in
3080 614 3164 670 Itis
3204 616 3376 671 ratio?
3411 615 3465 670 Si
3496 616 3647 670 enim
3667 615 3801 670 nihil

2224 704 2361 758 ultra
2379 715 2463 759 est
2484 714 2603 775 post
2635 706 2936 762 discessum
2954 723 3020 763 ex
3051 708 3154 766 hac
3187 711 3318 772 vita.
3338 710 3450 766 etsi
3488 718 3675 765 nostra
3694 710 3803 765 sint

2223 798 2506 864 praesentis
2520 799 2644 855 vitae
2658 799 2922 857 limitibus
2938 802 3371 873 circumscripta,
3399 805 3452 859 in
3465 805 3659 860 eodem
3675 811 3804 860 sunt

2218 886 2358 931 statu
2382 887 2437 933 et
2467 877 2518 936 hi
2540 886 2596 934 et
2618 878 2733 945 illi;
2765 880 2871 937 imo
2896 896 3002 937 non
3038 882 3229 954 eodem
3270 885 3322 940 in
3349 893 3509 941 statu.
3552 884 3611 942 Si
3639 886 3807 953 enim,

2217 971 2505 1026 secundum
2538 982 2589 1028 te
2608 1012 2623 1035 ,
2677 972 2897 1043 posthac
2925 973 3114 1031 eodem
3144 976 3196 1030 in
3235 985 3377 1032 statu
3404 978 3514 1032 sint
3542 995 3556 1033 :
3586 986 3643 1033 at
3678 977 3762 1033 hic
3787 1016 3807 1046 ,

2219 1064 2289 1117 illi
2324 1065 2373 1119 in
2404 1065 2803 1135 tranquillitate,
2826 1066 2877 1120 lii
2902 1067 2953 1121 in
2983 1068 3245 1137 supplicio
3271 1076 3384 1125 toto
3411 1077 3655 1139 tempore
3682 1086 3805 1125 ver-

2216 1155 2313 1208 sati
2339 1164 2479 1209 sunt.
2513 1156 2705 1224 Ecquis
2734 1168 2989 1228 tyrannus
3015 1159 3262 1213 immanis
3281 1201 3295 1226 ,
3342 1161 3461 1231 quis
3490 1160 3655 1216 homo
3679 1176 3804 1216 cru-

2216 1246 2350 1302 delis
2378 1256 2431 1302 et
2452 1248 2769 1304 inhumanus
2792 1264 2979 1304 servos
3006 1249 3355 1321 subditosque
3379 1267 3509 1308 suos
3535 1255 3613 1307 sic
3636 1268 3809 1307 exce-

2218 1339 2335 1407 pit?
2366 1340 2544 1395 Viden‘
2590 1341 2855 1412 ingentem
2903 1342 3283 1398 absurditatem
3308 1384 3323 1408 ,
3356 1354 3410 1399 et
3448 1346 3538 1416 qui
3587 1345 3707 1400 finis
3735 1346 3805 1399 sit

2216 1430 2335 1485 talis
2362 1432 2664 1487 ratiocinii?
2690 1431 2871 1503 Itaque
2891 1435 2935 1488 si
2964 1435 3110 1488 nullo
3136 1435 3260 1501 alio,
3290 1435 3393 1489 hoc
3418 1437 3609 1491 saltem
3633 1438 3801 1491 ratio-

2212 1522 2353 1576 cinio
2380 1523 2647 1588 eruditus,
2696 1524 2833 1579 hanc
2872 1526 3158 1594 pessimam
3204 1525 3512 1595 opinionem
3542 1527 3760 1596 repudia
3782 1566 3801 1593 ,

2213 1612 2332 1682 fuge
2357 1613 2608 1668 malitiam
2630 1655 2645 1680 ,
2670 1622 2723 1669 et
2747 1614 2960 1670 labores
2988 1631 3083 1684 pro
3109 1616 3302 1672 virtute
3325 1618 3534 1688 suscipe
3554 1659 3569 1682 ,
3594 1629 3645 1673 et
3676 1627 3802 1673 tunc

2210 1704 2348 1759 scies
2374 1716 2553 1760 nostra
2578 1722 2682 1760 non
2704 1721 2825 1763 esse
2853 1710 3131 1777 praesentis
3150 1709 3272 1763 vitae
3296 1709 3552 1764 limitibus
3576 1712 3803 1765 circuiu-

2212 1778 2431 1864 scripta.
2484 1795 2539 1850 Si
2587 1797 2707 1865 quis
2760 1808 2938 1853 autem
2989 1809 3195 1870 quierat
3234 1815 3265 1854 a
3312 1809 3404 1856 te:
3436 1800 3633 1871 Ecquis
3675 1802 3801 1857 inde

2213 1887 2428 1941 veniens
2455 1887 2540 1943 illa
2561 1888 2862 1944 nuntiavit?
2908 1891 3172 1960 responde
3212 1892 3284 1947 illi
3318 1913 3330 1947 :
3365 1892 3536 1949 llouto
3580 1880 3795 1964 quidem

2212 1978 2421 2033 nullus:
2456 1995 2575 2033 nam
2614 1980 2657 2034 si
2688 1979 2849 2036 homo
2891 1990 3065 2047 esset,
3111 1998 3217 2037 non
3248 1982 3321 2037 illi
3347 1983 3609 2038 creditum
3653 1998 3799 2054 saepe

2209 2069 2415 2139 fuisset,
2448 2080 2629 2142 utpote
2661 2072 2752 2143 qui
2782 2088 2869 2128 res
2894 2084 3242 2145 exaggeraret
3280 2076 3735 2147 amplificaretqne
3779 2094 3794 2131 :

2208 2162 2518 2232 angelorum
2546 2178 2675 2217 vero
2703 2163 2961 2220 Dominus
2990 2165 3077 2220 illa
3099 2168 3276 2222 omnia
3303 2176 3549 2221 accurate
3576 2168 3794 2229 nuntia-

2208 2253 2301 2306 vit.
2354 2251 2492 2320 Quid
2543 2268 2671 2324 ergo
2701 2270 2836 2327 opus
2860 2256 3108 2323 homine,
3152 2271 3273 2312 cum
3323 2257 3367 2311 is
3398 2257 3485 2327 qni
3533 2272 3720 2326 pinnas
3762 2272 3793 2312 a

2208 2340 2362 2397 nobis
2409 2353 2692 2399 exacturus
2727 2354 2845 2411 est,
2875 2346 3110 2416 quotidie
3154 2347 3349 2401 clamet
3387 2362 3447 2402 se
3494 2348 3794 2418 gehennam

2209 2434 2477 2501 paravisse
2497 2474 2510 2499 ,
2541 2442 2595 2489 et
2623 2450 2845 2504 regnum
2894 2452 3272 2492 concessurum
3302 2453 3452 2505 esse,
3496 2440 3796 2510 horumque

2208 2525 2360 2580 nobis
2380 2536 2686 2596 argumenta
2714 2528 2856 2582 clara
2888 2530 3165 2599 praebeat?
3214 2529 3343 2584 Nam
3373 2530 3415 2584 si
3450 2546 3555 2585 non
3580 2530 3791 2598 judica-

2207 2626 2356 2673 turus
2378 2626 2539 2683 esset,
2566 2634 2631 2673 ne
2661 2618 2745 2672 bic
2772 2619 2985 2687 quidem
3010 2635 3258 2690 umquam
3288 2635 3472 2689 poenas
3502 2621 3791 2689 exegisset.

2205 2705 2413 2763 Etenim
2442 2709 2492 2764 id
2515 2725 2725 2781 quaque
2753 2710 3020 2780 quomodo
3047 2727 3167 2767 cum
3190 2715 3396 2767 ratione
3415 2724 3694 2779 cons0net,
3723 2729 3789 2768 ex

2202 2800 2516 2859 facinorosis
2542 2804 2677 2859 alios
2705 2804 2914 2874 puniri,
2946 2805 3081 2860 alios
3110 2805 3374 2860 minime?
3408 2806 3540 2861 Nam
3570 2808 3615 2862 si
3650 2807 3791 2863 Deus

2202 2907 2459 2962 personas
2482 2908 2589 2949 non
2612 2895 2824 2963 accipit,
2849 2894 2992 2964 quod
3018 2912 3203 2949 verum
3232 2907 3378 2950 certe
3408 2905 3509 2962 est,
3534 2913 3629 2951 cur
3649 2897 3791 2953 hunc

2206 2984 2344 3037 ultus
2370 2993 2453 3038 est
2475 3025 2489 3050 ,
2525 2985 2666 3040 hunc
2700 2985 2919 3056 impune
2946 2986 3095 3041 abire
3124 2986 3286 3042 sivit?
3316 2987 3425 3043 lloc
3452 2989 3596 3044 enim
3622 2990 3793 3061 majo-

2204 3092 2317 3130 rem
2360 3092 2518 3146 quam
2563 3092 2720 3147 supra
2767 3077 2906 3133 dicta
2942 3077 3309 3147 difficultatem
3354 3088 3553 3136 movet.
3598 3080 3702 3137 Sed
3740 3082 3787 3137 si

2202 3167 2341 3223 bono
2372 3184 2456 3223 me
2494 3170 2671 3224 animo
2701 3170 2887 3225 audire
2915 3171 3189 3227 volueritis
3208 3213 3223 3237 ,
3258 3173 3393 3229 hanc
3422 3189 3634 3246 quoque
3679 3174 3788 3231 sol-

2200 3274 2385 3315 ventus
2434 3262 2802 3331 quiestionem.
2837 3262 3092 3330 Qua-nam
3123 3280 3250 3335 ergo
3279 3266 3473 3321 solutio
3510 3269 3636 3322 est?
3677 3268 3788 3323 Nec.

2199 3352 2267 3407 ab
2316 3356 2562 3409 omnibus
2610 3356 2693 3409 hic
2722 3371 2907 3427 pinnas
2945 3359 3147 3427 exigit,
3176 3374 3243 3413 ne
3282 3360 3347 3414 de
3391 3362 3788 3418 resurrectione

2200 3444 2451 3513 desueres
2476 3454 2528 3499 et
2553 3446 2619 3500 de
2646 3446 2822 3500 futuro
2846 3447 3065 3517 judicio,
3087 3450 3236 3518 quasi
3265 3464 3452 3504 omnes
3479 3451 3567 3505 hic
3594 3466 3782 3521 pinnas

2198 3535 2442 3591 dederint
2468 3555 2480 3590 :
2512 3552 2683 3605 neque
2704 3551 2890 3592 omnes
2923 3538 3138 3607 impune
3165 3539 3293 3593 sinit
3318 3539 3500 3606 abire;
3532 3556 3600 3597 ne
3626 3552 3781 3612 putes

2196 3626 2373 3680 omnia
2421 3627 2536 3681 sine
2580 3626 2685 3681 ulla
2736 3628 3067 3697 providentia
3093 3629 3207 3700 geri
3243 3647 3255 3681 :
3294 3630 3387 3685 sed
3427 3639 3482 3685 et
3510 3632 3698 3700 punit,
3726 3641 3782 3686 et

2198 3732 2303 3773 non
2328 3721 2494 3790 punit.
2525 3720 2659 3777 Cum
2694 3724 2839 3791 punit
2864 3735 3079 3787 autent,
3109 3724 3379 3792 ostendit,
3413 3740 3472 3780 se
3514 3725 3673 3781 etiam
3712 3726 3786 3781 ab

2196 3811 2301 3866 illis
2324 3813 2414 3881 qui
2460 3812 2544 3871 hic
2574 3816 2714 3885 plexi
2742 3827 2863 3870 sunt
2893 3832 3077 3883 poenas
3120 3817 3229 3872 illic
3273 3826 3582 3874 exacturum
3625 3833 3783 3885 esse;

2194 3919 2315 3959 cum
2345 3920 2473 3960 vero
2505 3922 2607 3961 non
2638 3909 2826 3977 punit,
2857 3917 2906 3963 te
2943 3908 3006 3961 ad
3036 3908 3362 3965 credendum
3404 3911 3636 3979 inducit,
3661 3928 3785 3967 esse

2193 4004 2314 4063 post
2364 4012 2641 4052 excessum
2685 4014 2745 4052 ex
2795 3999 2893 4054 hac
2921 4002 3023 4054 vita
3049 4000 3279 4055 tribunal
3325 4001 3669 4058 horrendum.
3720 4004 3781 4060 Si

2190 4100 2351 4155 porro
2377 4089 2551 4156 priora
2580 4090 2797 4143 omnino
2840 4091 3129 4161 negligeret
3150 4134 3164 4159 ,
3207 4093 3382 4146 nullos
3411 4092 3499 4148 hic
3526 4094 3734 4164 puniret
3761 4137 3780 4162 ,

2194 4176 2367 4231 nullos
2408 4179 2681 4234 beneflciis
2718 4181 2957 4237 afficeret
2989 4200 3001 4235 :
3042 4199 3181 4238 nunc
3219 4193 3396 4240 autem
3435 4187 3581 4241 vides
3627 4187 3779 4243 illum

2195 4276 2411 4336 propter
2437 4277 2486 4322 te
2511 4278 2567 4322 et
2591 4271 2779 4324 omium
2804 4273 3112 4329 extendisse
3130 4317 3145 4342 ,
3169 4284 3220 4330 et
3251 4277 3417 4332 sulem
3446 4279 3778 4349 accendisse,

2192 4366 2247 4411 ct
2281 4366 2474 4413 terram
2506 4359 2788 4430 fundasse,
2818 4374 2871 4420 et
2900 4380 3045 4421 mare
3072 4366 3273 4425 fudisse
3296 4410 3311 4435 ,
3340 4378 3394 4425 et
3434 4387 3614 4427 aerem
3642 4387 3780 4443 pan-

2192 4448 2332 4505 disse
2352 4491 2366 4515 ,
2393 4460 2446 4507 et
2476 4452 2613 4508 lunae
2633 4468 2819 4509 cursus
2849 4456 3197 4525 disposuisse,
3238 4469 3292 4515 et
3333 4462 3459 4516 anni
3490 4470 3781 4532 tempesta-

2194 4540 2334 4595 tibus
2389 4543 2634 4599 immotas
2687 4547 2936 4601 Slatuisse
2988 4547 3167 4619 leges,
3234 4561 3538 4623 ceteraque
3596 4555 3777 4610 omnia

2192 4632 2506 4710 ipsius‘nu‘tn
2532 4646 2776 4693 accurate
2800 4655 3017 4693 cursum
3052 4658 3204 4696 suum
3235 4644 3512 4712 perlicere.
3536 4646 3603 4699 At
3630 4647 3776 4703 enim

2191 4738 2374 4779 natura
2395 4736 2590 4793 nostra,
2618 4741 2802 4783 natura
2827 4748 3036 4801 quoque
3065 4732 3533 4803 irrationabilium,
3553 4751 3778 4809 serpen-

2192 4818 2360 4883 tium,
2422 4818 2788 4887 gradentium,
2835 4823 3159 4890 volantium,
3213 4828 3542 4895 natantium,
3586 4845 3774 4886 eorum

2188 4926 2307 4979 quas
2331 4912 2380 4965 in
2406 4913 2601 4981 stagnis
2626 4956 2640 4978 ,
2668 4917 2716 4967 in
2761 4915 2991 4969 fantibus
3015 4956 3029 4980 ,
3052 4916 3107 4972 in
3142 4917 3469 4988 fluminibus,
3498 4921 3551 4976 in
3578 4923 3775 4979 monti-

2190 5001 2321 5064 bus,
2358 5020 2409 5055 ιιι
2437 5005 2658 5060 .alnbus
2680 5049 2693 5072 ,
2742 5008 2794 5060 in
2825 5005 3072 5062 domibus
3096 5052 3110 5077 ,
3163 5010 3213 5064 in
3250 5026 3374 5066 aere
3398 5055 3411 5077 ,
3443 5013 3496 5067 in
3533 5013 3735 5085 campis
3756 5056 3774 5082 ,

2191 5096 2383 5164 plantae
2401 5138 2416 5160 ,
2458 5099 2690 5165 sentina,
2718 5100 2941 5155 arbores
2964 5117 3057 5158 seu
3088 5103 3397 5172 silvestres,
3426 5121 3522 5161 seu
3548 5108 3727 5162 sativa:
3752 5149 3767 5173 ,

2188 5191 2471 5246 fructuosae
2493 5193 2576 5248 vel
2594 5193 2956 5263 infructuosa),
2976 5198 3152 5253 omnia
3174 5198 3387 5254 domum
3408 5200 3477 5255 ab
3502 5198 3762 5256 indefessa

2190 5282 2275 5336 illa
2304 5296 2463 5344 manu
2486 5294 2625 5339 mota
2657 5287 2817 5342 vitam
2862 5297 3097 5344 nostram
3128 5292 3336 5359 fovent,
3388 5307 3495 5348 non
3523 5291 3588 5348 ad
3619 5307 3775 5350 ltSttm

2186 5381 2414 5443 tantum,
2442 5376 2536 5432 sed
2562 5379 2720 5434 ctiam
2748 5380 2814 5435 ad
2843 5382 3214 5439 liberalitatem
3241 5386 3598 5442 exercendam
3624 5396 3677 5442 et
3703 5388 3771 5443 ad

2188 5464 2495 5522 famulatum
2540 5470 2889 5528 ministerium
2915 5490 3070 5530 suum
3100 5475 3254 5531 nobis
3282 5478 3593 5546 prmbentia.
3624 5479 3771 5536 Tan-

2188 5551 2297 5609 titm
2326 5559 2503 5627 itaque
2524 5559 2706 5615 videns
2737 5578 2913 5618 rerum
2937 5563 3177 5619 ordinem
3203 5567 3304 5621 etsi
3332 5568 3574 5639 exiguam
3597 5569 3774 5627 Solum

2184 5647 2300 5715 ejus
2346 5660 2546 5718 partem
2595 5652 2889 5709 referamus
2913 5696 2928 5723 ,
2958 5656 3137 5711 dicere
3175 5657 3339 5713 audes
3363 5700 3380 5727 ,
3410 5674 3533 5715 eum
3563 5660 3653 5731 qui
3697 5655 3781 5719 tot

2188 5748 2437 5810 tantaque
2490 5753 2703 5814 propter
2734 5757 2785 5802 te
2808 5755 3059 5817 operatus
3085 5758 3184 5817 est,
3220 5750 3272 5808 in
3295 5753 3549 5810 extremis
3572 5762 3631 5819 te
3678 5772 3778 5813 ne-

2248 5842 2269 5872 ι
2306 5840 2418 5903 Alii,
2470 5856 2817 5914 murorumque
2859 5848 3123 5912 effusura.
