4082 6504
304 435 419 497 ΞΠ

292 569 603 637 glecturum
634 579 756 624 esse
780 604 793 628 ,
813 570 868 619 et
894 576 1015 618 cum
1041 559 1208 615 asinis
1234 565 1289 612 et
1316 555 1489 626 porcis
1515 562 1784 608 mortuum
1814 550 1900 605 dl-

288 661 594 715 snissurum
637 658 941 727 jacentem;
974 667 1037 709 ac
1066 661 1346 722 postquam
1374 657 1427 703 te
1454 655 1601 701 tanto
1630 644 1900 714 religionis

288 752 451 808 dono
475 747 777 815 honoravit,
805 764 912 817 quo
940 755 991 803 te
1012 744 1217 811 angelis
1244 739 1503 812 aequalem
1526 736 1673 802 fecit,
1702 744 1755 790 te
1782 744 1902 805 post

298 851 589 899 manentes
634 839 848 895 labores
893 847 947 894 et
977 836 1203 894 sudores
1243 827 1664 901 despectorum?
1696 824 1901 893 Ecquid

301 931 498 988 rationi
528 930 706 985 minus
747 926 1089 984 consonum?
1120 922 1247 979 “.130
1289 921 1519 991 quippe,
1546 917 1649 974 etsi
1698 930 1801 970 nos
1823 924 1902 969 ta-

296 1036 553 1083 eeamus.
593 1019 798 1091 lapides
825 1018 1167 1082 clamabunt,
1210 1015 1281 1068 ita
1309 1020 1437 1068 sunt
1472 1010 1615 1066 clara
1643 1016 1700 1063 et
1729 1006 1901 1061 mani-

300 1116 460 1178 testa,
494 1111 669 1181 magis
691 1125 851 1182 quam
884 1109 992 1179 ipsi
1009 1107 1215 1163 salares
1252 1104 1407 1160 radii.
1438 1101 1567 1158 Haec
1596 1100 1758 1171 igitur
1785 1113 1904 1153 ont-

296 1206 391 1259 nia
416 1202 743 1272 cogitantes.
774 1208 829 1255 ct
855 1202 907 1255 in
935 1198 1129 1255 animis
1155 1196 1357 1252 nostris
1384 1203 1531 1251 certa
1554 1196 1854 1246 statuentes
1877 1230 1892 1254 ,

304 1307 506 1361 nempe
536 1300 657 1361 post
678 1290 957 1347 decessum
986 1305 1053 1345 ex
1079 1288 1181 1345 hac
1215 1288 1348 1355 vita,
1382 1301 1482 1341 nos
1506 1282 1774 1338 horrendo
1800 1281 1900 1335 tri—

300 1384 491 1441 bunali
534 1384 803 1443 sistendae
825 1398 947 1440 esse
966 1424 981 1448 ,
1013 1382 1275 1439 rationem
1308 1378 1613 1435 reddituros
1640 1374 1708 1429 de
1736 1374 1903 1445 gestis

1459 438 1525 495 LV
1565 433 1974 493 MATTHEUM
2015 430 2240 489 HOMIL.
2288 432 2404 487 ΧΠ

2008 548 2283 614 omnibus,
2317 563 2503 618 partas
2525 548 2748 606 daturos
2766 592 2781 616 ,
2807 558 2865 607 at
2894 552 3537 625 ultionemexperturos.
3566 559 3612 614 si

2010 640 2323 709 in-pcccatls
2353 654 2700 705 maneamus;
2728 651 2914 697 contra
2943 642 3073 700 vero
3095 645 3315 701 coronis
3344 653 3399 701 et
3423 646 3614 702 itself:-

2009 729 2203 785 bilibus
2236 730 2391 785 bonis
2434 730 2745 797 donandus,
2768 733 2813 786 si
2843 747 3008 803 parvo
3034 742 3277 806 tempore
3303 736 3461 792 nobis
3486 737 3617 807 ipsis

2008 822 2287 877 attendere
2316 823 2677 889 voluerimus;
2697 837 2885 879 eorum
2915 824 3006 895 qui
3030 824 3114 880 his
3136 827 3406 883 contraria
3431 826 3616 884 dicere

2007 914 2207 970 audent
2251 930 2346 971 ora
2375 915 2718 973 obstruamus
2740 958 2758 983 ,
2789 927 2846 973 et
2876 917 2977 989 ipsi
3002 919 3244 975 veritatis
3270 920 3413 975 viam
3443 919 3613 991 eliga-

2009 1022 2132 1063 mus
2152 1050 2167 1074 ,
2200 1016 2258 1063 ut
2280 1022 2404 1062 cum
2432 1007 2627 1063 ﬁducia
2646 1010 2974 1079 competenti
3000 1010 3069 1065 ad
3101 1009 3337 1066 tribunal
3367 1011 3503 1068 illud
3524 1026 3616 1069 ac-

2007 1098 2291 1167 cedentes,
2333 1099 2473 1154 bona
2496 1099 2653 1155 nobis
2683 1100 2946 1170 promissa
2970 1116 3366 1172 consequamur
3388 1145 3405 1171 ,
3438 1104 3629 1174 gratia.

2009 1200 2064 1244 et
2092 1188 2420 1259 benignitate
2446 1188 2657 1245 Domini
2688 1190 2858 1246 nostri
2896 1189 3026 1246 Jesu
3063 1188 3297 1259 Christi,
3329 1192 3414 1247 cui
3445 1192 3617 1263 gloria

2009 1291 2062 1335 et
2095 1279 2377 1349 imperium
2399 1322 2415 1347 ,
2449 1296 2591 1334 nunc
2626 1289 2682 1335 et
2709 1295 2957 1356 semper,
2986 1289 3042 1337 et
3080 1283 3132 1337 in
3161 1282 3363 1338 secula
3389 1283 3618 1341 saculos

2012 1386 2152 1425 rum.
2192 1374 2388 1426 Amen.

1657 1574 2007 1639 HOMILIA
2056 1574 2230 1635 XIV.

299 1712 442 1770 Car.
476 1713 534 1770 Δ.
586 1712 762 1770 v.12.
812 1711 938 1768 Cum
984 1710 1206 1765 audisset
1253 1706 1435 1771 Iesus,
1486 1702 1622 1775 quod
1675 1698 1903 1754 Joannes

518 1804 733 1859 traditus
761 1811 905 1868 esset,
934 1803 1136 1857 secessit
1162 1802 1215 1854 in
1240 1797 1542 1863 Galileam,
1574 1804 1684 1851 etc.

378 1895 428 1950 1.
470 1894 583 1950 Cur
610 1909 824 1950 rursum
849 1892 1116 1949 secessit?
1158 1890 1225 1948 Ut
1253 1904 1351 1945 nos
1380 1889 1603 1945 doceret
1622 1928 1635 1949 .
1675 1902 1743 1943 ne
1765 1885 1905 1938 ultro

300 1987 632 2042 tentationes
657 1986 913 2042 adeamus
931 2027 947 2052 ,
971 1984 1066 2041 sed
1093 1984 1347 2040 cedamus
1379 1982 1554 2053 potius
1580 1995 1643 2035 ac
1665 1979 1904 2035 decline-

301 2091 448 2143 mus.
476 2074 660 2148 Neque
686 2078 831 2133 enim
856 2076 1060 2132 crimen
1091 2085 1207 2141 est,
1238 2091 1344 2131 non
1372 2089 1495 2130 sese
1525 2076 1577 2128 in
1605 2072 1902 2144 periculum

302 2168 607 2236 conjicere,
658 2168 753 2225 sed
803 2169 854 2223 in
886 2169 1127 2240 periculo
1174 2184 1279 2225 non
1324 2168 1536 2223 fortiter
1578 2177 1744 2223 stare.
1794 2166 1907 2223 Hoc

305 2259 467 2330 igitur
491 2258 691 2315 docens
709 2301 725 2326 ,
756 2268 811 2316 et
830 2258 1063 2315 Iudaicae
1090 2259 1301 2315 invidiae
1334 2260 1550 2330 paulum
1578 2258 1905 2323 concedens,

304 2349 511 2405 secedit
540 2350 593 2405 in
618 2351 955 2420 Capernaum
974 2390 989 2416 ,
1013 2351 1169 2406 simul
1194 2351 1531 2421 prophetiam
1556 2351 1787 2421 impleas
1807 2391 1822 2413 .
1850 2361 1906 2405 et

304 2443 558 2499 doctores
586 2443 733 2501 orbis
771 2444 923 2516 quasi
961 2444 1168 2515 piscatu
1211 2458 1407 2515 capere
1444 2443 1708 2499 festinans
1738 2461 1749 2496 :
1782 2443 1904 2513 quia

308 2533 386 2589 ibi
434 2533 595 2590 sedes
641 2534 909 2592 habebant
952 2550 1047 2591 sua
1090 2544 1302 2591 utentes
1325 2544 1457 2590 arte.
1492 2534 1574 2589 Tu
1603 2548 1735 2590 vero
1776 2534 1906 2588 mihi

306 2625 616 2696 perpendas
640 2627 824 2693 velim,
852 2628 1126 2698 quomodo
1152 2633 1339 2698 gentes
1364 2627 1629 2693 aditurus,
1654 2643 1683 2682 a
1707 2626 1908 2683 Judais

308 2729 526 2785 semper
551 2716 864 2774 occasiones
889 2717 1135 2787 accipiat.
1164 2716 1303 2772 Nam
1329 2717 1416 2773 hic
1443 2716 1742 2789 Prodromo
1772 2718 1905 2774 insi-

308 2806 432 2863 dias
479 2817 747 2866 struentes
775 2850 793 2878 ,
846 2818 1170 2881 captumque
1220 2811 1424 2866 carceri
1488 2811 1857 2881 mancipantes
1887 2852 1903 2878 ,

311 2898 487 2967 ipsum
520 2899 571 2953 in
601 2897 875 2956 Galilaeam
898 2901 1136 2971 gentium
1164 2899 1514 2970 compellunt.
1544 2899 1699 2969 Quod
1724 2909 1909 2955 autem

309 3004 415 3045 nec
455 2987 733 3047 Judaicam
771 2998 987 3061 gentem
1033 3006 1099 3047 ex
1142 3001 1294 3062 parte
1341 3000 1758 3055 commemoret,
1810 3006 1911 3047 nec

312 3094 505 3135 omnes
529 3079 832 3137 subindicet
860 3080 1064 3149 tribus,
1090 3080 1211 3138 vide
1239 3082 1508 3153 quomodo
1554 3083 1728 3137 locum
1761 3083 1909 3138 illum

310 3168 604 3240 distinguat
631 3170 887 3241 propheta
920 3172 1003 3228 his
1029 3172 1207 3229 verbis
1235 3188 1251 3227 :
1284 3173 1369 3230 15.
1406 3173 1562 3229 Terra
1601 3174 1835 3228 Zabuton
1863 3184 1911 3229 et

310 3271 450 3313 terra
478 3259 836 3327 Nepluhdim,
862 3263 943 3316 ria
970 3263 1128 3316 maris
1167 3272 1311 3318 trans
1352 3262 1637 3319 Iordanem
1654 3304 1669 3330 ,
1695 3264 1912 3322 Galiltea

311 3352 536 3422 garriunt
568 3368 588 3407 :
623 3350 711 3410 16.
748 3354 969 3425 populus
1012 3355 1101 3423 qui
1139 3355 1342 3409 sedebat
1386 3356 1440 3410 in
1482 3357 1699 3412 tenebris
1730 3398 1746 3424 ,
1787 3359 1913 3411 vidit

313 3442 477 3498 lucem
503 3460 739 3516 magnam
766 3443 928 3517 (Isai.
959 3444 1013 3501 9.
1049 3444 1174 3515 1.2)
1204 3464 1217 3499 :
1252 3445 1506 3502 tenebras
1532 3447 1619 3502 hic
1648 3463 1753 3503 non
1782 3463 1912 3505 seu.

312 3537 445 3592 siles
467 3536 584 3593 illas
614 3552 831 3606 vocans,
850 3537 944 3595 sed
964 3554 1205 3595 errorem
1236 3540 1689 3613 impietatemque.
1713 3542 1913 3610 Quam-

313 3626 504 3683 obrem
551 3628 729 3685 intulit
776 3651 792 3684 :
839 3628 1199 3685 Habitantibus
1263 3632 1314 3685 in
1387 3633 1592 3703 regione
1634 3642 1680 3688 et
1733 3634 1913 3689 umbra

311 3720 492 3776 mortis
511 3762 527 3788 ,
547 3721 638 3775 tua;
663 3730 775 3776 orta
801 3732 874 3777 est
900 3722 992 3777 eis.
1018 3721 1088 3778 Ut
1112 3723 1258 3778 enim
1278 3722 1516 3779 disecres
1535 3766 1549 3789 ,
1572 3740 1699 3780 eum
1739 3740 1913 3797 neque

313 3810 386 3867 de
412 3810 565 3878 luce,
598 3826 771 3884 neque
800 3811 868 3868 de
909 3812 1143 3869 tenebris
1190 3814 1477 3871 sensilibus
1508 3815 1687 3885 loqui,
1736 3816 1911 3873 lucem

314 3917 652 3970 memorans,
675 3918 782 3959 non
813 3904 1125 3973 simpliciter
1154 3905 1328 3961 lucem
1361 3908 1587 3973 vocavit,
1611 3908 1706 3963 sed
1736 3909 1910 3965 lucem

316 4008 589 4064 magnam,
614 4008 776 4064 quam
805 3994 933 4049 alibi
965 4010 1147 4051 veram
1175 3996 1438 4065 appellat;
1469 3997 1538 4053 de
1565 3999 1800 4055 tenebris
1826 4016 1915 4055 au-

314 4092 425 4140 tem
448 4083 607 4139 verba
631 4082 834 4140 faciens
862 4126 878 4151 ,
926 4085 1171 4141 umbram
1202 4088 1390 4142 mortis
1436 4090 1664 4143 vocavit.
1710 4090 1913 4146 Deinde

312 4174 608 4232 ostendens
631 4190 739 4232 non
765 4176 909 4246 ipsas
937 4185 1241 4248 qttmrentes
1290 4178 1589 4245 invenisse,
1621 4179 1715 4235 sed
1742 4180 1912 4236 Deum

315 4266 448 4335 ipsis
487 4279 719 4337 superne
757 4267 1070 4337 apparuisse
1090 4308 1106 4334 ,
1136 4268 1212 4322 ait
1238 4285 1251 4323 ε
1284 4267 1400 4324 Lua:
1430 4280 1540 4323 orta
1565 4281 1640 4325 est
1668 4270 1739 4325 eis
1761 4311 1778 4337 ,
1811 4270 1915 4326 hoc

206 4432 213 4436 _
315 4364 433 4421 est,
466 4356 577 4425 ipsa
605 4355 692 4411 lux
720 4366 837 4412 orta
864 4366 948 4413 est
967 4369 1021 4414 et
1047 4358 1256 4415 refulsit
1286 4376 1299 4413 :
1330 4376 1436 4416 non
1470 4361 1568 4431 ipsi
1606 4360 1814 4432 priores
1843 4363 1910 4417 ad

318 4448 495 4505 lucem
523 4458 888 4505 accurrerunt.
922 4450 1130 4507 Etenim
1167 4463 1293 4508 ante
1315 4452 1516 4508 Christi
1539 4453 1829 4510 adventum
1859 4456 1910 4509 itt

319 4540 575 4597 extremis
616 4540 733 4597 siue
774 4556 866 4597 res
889 4541 1166 4598 hominum
1191 4556 1365 4601 erant.
1395 4543 1581 4616 Neque
1608 4546 1751 4601 enim
1795 4562 1912 4602 ant-

317 4630 571 4688 bulabant
607 4631 661 4688 in
698 4632 970 4702 tenebris,
1000 4634 1094 4689 sed
1118 4634 1378 4691 sedebant
1417 4636 1477 4693 in
1516 4638 1749 4693 tenebris
1784 4636 1857 4709 (a)
1896 4657 1908 4690 :

317 4719 462 4791 quod
486 4721 696 4793 signum
725 4731 842 4778 erat
864 4723 1011 4792 ipsos
1036 4738 1137 4780 nec
1160 4738 1409 4794 sperasse
1430 4726 1644 4796 quidem
1687 4742 1745 4782 se
1772 4728 1909 4784 libe-

318 4810 520 4868 randos
546 4826 668 4869 esse
700 4832 716 4869 :
744 4814 894 4885 quasi
937 4815 1082 4871 enim
1124 4818 1427 4885 nescinent,
1472 4834 1579 4889 quo
1610 4822 1904 4888 proceden-

320 4904 449 4960 dum
468 4913 632 4972 esset,
655 4904 737 4962 sic
753 4920 784 4961 a
806 4906 1043 4969 tenebris
1069 4910 1441 4981 comprehensi
1471 4912 1752 4980 sedebant,
1785 4931 1908 4971 cum

320 5009 393 5051 ne
420 5004 565 5051 stare
592 4996 805 5068 quidem
832 5009 1073 5068 possent.

391 5085 495 5142 Cur
517 5085 744 5147 Joannes
767 5097 883 5145 ante
898 5088 1153 5148 Christum
1172 5094 1484 5164 pradicant.
1507 5126 1579 5142 ~-
1599 5100 1685 5154 17.
1709 5098 1912 5157 Exinde

318 5180 470 5249 capit
510 5178 664 5236 Iesus
700 5182 979 5251 pradicas
1014 5193 1063 5237 et
1100 5184 1266 5239 dicere
1296 5201 1314 5240 :
1344 5186 1701 5245 Pwnttentiam
1737 5193 1873 5264 agite
1890 5235 1908 5261 ,

319 5270 746 5342 apprth
771 5273 905 5326 enim
942 5288 1153 5343 regnum
1186 5276 1446 5332 calorum.
1480 5278 1713 5347 Exinde,
1741 5296 1912 5353 quao-

318 5361 562 5422 donam?
588 5363 665 5419 Ex
689 5379 797 5434 quo
819 5364 1053 5423 Joannes
1084 5368 1140 5429 in
1165 5382 1433 5426 carcerem
1467 5380 1644 5429 trusus
1672 5385 1773 5430 est.
1800 5376 1911 5431 Cur

320 5465 498 5513 autem
530 5470 634 5515 non
663 5471 694 5517 a
722 5459 981 5531 principio
1022 5461 1329 5531 pranlicavit
1367 5465 1509 5521 illis?
1537 5476 1592 5522 et
1618 5468 1750 5540 quid
1775 5484 1909 5541 opus

380 5610 454 5673 (α)
486 5609 633 5675 sum
684 5614 735 5664 tn
778 5614 1015 5667 Hebraico
1060 5616 1241 5683 legitur
1284 5630 1297 5667 :
1335 5624 1504 5702 Tum
1532 5602 1736 5683 urbm
1758 5635 1906 5695 mn.

318 5710 369 5775 et
393 5700 600 5775 Vulgata
621 5711 765 5757 recte
788 5708 939 5758 vertit
963 5721 975 5755 :
998 5708 1205 5775 Poptdus
1222 5710 1305 5775 qui
1320 5700 1596 5766 arnbulabat
1617 5717 1911 5774 intenebris.

319 5764 914 5836 V'erum'Uht-ysostmnns,
931 5764 1323 5824 ooncionator'nm
1346 5788 1502 5836 more,
1522 5764 1675 5828 verba
1687 5764 1905 5834 utemini

316 5835 499 5944 ruunt
521 5828 747 5891 discutit,
775 5838 824 5881 ct
858 5831 915 5881 ad
939 5844 1281 5895 argumentum
1305 5850 1447 5889 suum
1470 5828 1558 5903 pro
1592 5828 1908 5899 labini—usuri

2018 1702 2134 1751 erat
2157 1693 2387 1761 Joanne,
2414 1713 2535 1753 cum
2566 1714 2791 1769 operum
2824 1700 3124 1755 testimonia
3156 1702 3328 1772 ipsum
3362 1703 3623 1774 prmdica-

2015 1785 2179 1840 rcnt?
2206 1786 2274 1842 Ut
2309 1787 2432 1843 inde
2457 1790 2619 1844 etiam
2649 1788 2827 1847 discas
2854 1789 2971 1862 ejus
2998 1791 3336 1862 dignitatern,
3366 1793 3627 1862 quoniam

2014 1878 2466 1949 quemadmodum
2495 1880 2673 1947 Pater,
2703 1883 2820 1953 ipse
2846 1899 3059 1955 quoque
3089 1885 3380 1955 prOphetas
3420 1885 3581 1943 habet
3607 1904 3620 1941 :

2016 1970 2156 2041 quod
2186 1983 2235 2027 et
2267 1970 2553 2029 Zacharias
2580 1973 2792 2033 dicebat
2823 1995 2837 2030 :
2870 1976 2934 2033 Et
2957 1986 3034 2045 tu,
3066 1994 3212 2048 puer,
3244 1978 3507 2052 Propheta
3532 1982 3625 2036 Αι-

2016 2063 2198 2118 tissimi
2222 2065 2475 2122 vocaberis
2500 2066 2650 2138 (Luc.
2684 2070 2732 2125 1.
2762 2068 2894 2141 76);
2924 2080 2979 2126 et
3018 2080 3074 2128 ut
3106 2072 3307 2127 nullam
3336 2073 3624 2145 impuden-

2017 2154 2158 2211 tibus
2189 2155 2389 2214 Judaeis
2430 2174 2617 2216 ansam
2664 2161 2994 2233 relinqueret
3026 2181 3041 2218 :
3072 2165 3215 2235 quod
3260 2166 3374 2236 ipse
3411 2182 3631 2239 quoque

2017 2246 2270 2303 indicavit
2291 2248 2513 2305 dicens:
2552 2250 2699 2307 Venit
2725 2250 2956 2309 Joannes
2983 2270 3142 2325 neque
3171 2256 3508 2323 manducetis,
3538 2276 3627 2313 ne-

2014 2353 2111 2406 que
2147 2337 2317 2408 bibens
2336 2379 2351 2402 ,
2380 2350 2426 2394 et
2457 2342 2630 2396 dicunt
2660 2358 2679 2397 :
2706 2341 3030 2400 Demetrium
3070 2346 3236 2402 habet.
3278 2346 3423 2402 Venit
3455 2348 3625 2410 Filius

2016 2430 2235 2484 hominis
2255 2432 2639 2489 manducanset
2662 2434 2852 2503 bibens,
2884 2445 2931 2492 et
2955 2437 3131 2492 dicunt
3158 2453 3179 2493 :
3202 2436 3339 2495 Ecce
3365 2441 3515 2496 homo
3538 2459 3626 2497 tto-

2016 2538 2113 2577 rax
2134 2531 2178 2576 et
2200 2524 2303 2577 vini
2329 2534 2565 2595 potator,_
2579 2527 2967 2597 publicanorum
2988 2539 3037 2585 et
3059 2540 3384 2601 peccatorum
3407 2536 3623 2590 amicus.

2017 2611 2084 2666 Et
2115 2614 2401 2685 justi/iectu
2427 2627 2501 2671 est
2528 2618 2783 2688 sapientia
2810 2637 2843 2675 a
2868 2620 2991 2687 ﬁliis
3017 2622 3125 2677 suis
3154 2621 3381 2692 (Matth.
3413 2624 3499 2679 11.
3534 2625 3625 2683 18.

2017 2703 2145 2775 19).
2193 2706 2444 2778 Alioquin
2493 2711 2857 2766 necessarium
2901 2720 3054 2779 erat,
3099 2721 3159 2769 ut
3194 2729 3256 2769 ea
3297 2729 3416 2784 qua:
3453 2717 3627 2787 ipsum

2016 2797 2365 2866 spectabant,
2395 2800 2463 2856 ah
2489 2802 2594 2858 alio
2631 2802 2782 2873 prius
2819 2804 3163 2871 dicerentur,
3197 2822 3358 2879 quam
3387 2809 3457 2864 ab
3487 2810 3655 2881 ipso..

2018 2884 2076 2940 Si
2120 2886 2264 2941 enim
2312 2900 2435 2958 post
2474 2899 2553 2945 tot
2592 2900 2846 2963 tantaque
2885 2896 3193 2953 testimonia
3228 2904 3283 2953 et
3311 2912 3629 2971 argumenta

2018 2978 2270 3036 dicebant
2299 3001 2312 3035 :
2346 2981 2420 3036 Tu
2452 2984 2791 3040 testimonium
2825 2988 3057 3057 perhibes
3082 2989 3147 3043 de
3171 2991 3330 3062 teipso
3354 3034 3368 3057 ,
3402 2992 3629 3047 testimo-

2019 3070 2160 3124 nium
2188 3081 2328 3126 tuum
2356 3088 2455 3127 non
2481 3082 2560 3129 est
2582 3090 2754 3129 verum
2787 3074 2968 3147 (Joan.
2996 3077 3051 3134 8.
3084 3077 3175 3152 15)
3204 3096 3217 3133 :
3252 3081 3296 3135 si
3324 3080 3453 3135 nihil
3484 3084 3658 3153 prius.

2020 3159 2245 3217 dixisset
2268 3161 2526 3229 Joannes,
2557 3175 2609 3221 et
2640 3165 2756 3236 ipse
2785 3166 2839 3221 in
2872 3166 3107 3223 medium
3148 3184 3487 3242 progressus,
3515 3175 3628 3243 pri-

2022 3266 2140 3305 mus
2168 3252 2235 3307 de
2260 3267 2320 3308 se
2348 3256 2712 3310 testimonium
2742 3257 3130 3327 perhibuisset,
3149 3259 3275 3330 quid
3303 3277 3409 3317 non
3433 3263 3639 3321 dicturi

2018 3341 2535 3426 oranti-Propterea
2565 3362 2739 3415 neque
2766 3346 3079 3416 pradicavit
3106 3359 3233 3409 ante
3259 3351 3429 3419 illum,
3455 3368 3631 3426 neque

2018 3431 2168 3502 signa
2190 3418 2379 3499 edidit,
2406 3432 2580 3489 donec
2604 3434 2657 3490 in
2683 3451 2960 3494 carcerem
2992 3438 3080 3494 ille
3106 3418 3429 3509 truderetur,
3460 3459 3528 3499 ne
3541 3418 3631 3502 sic

2021 3521 2308 3578 multitudo
2352 3523 2688 3581 scinderetur
2726 3528 2779 3582 in
2821 3539 3021 3598 partes.
3047 3529 3276 3588 idcirco
3312 3533 3519 3590 nullum
3551 3538 3628 3592 si-

2019 3630 2181 3687 gnum
2218 3616 2343 3671 fecit
2378 3616 2613 3675 Joannes
2638 3662 2653 3686 ,
2681 3629 2742 3676 nt
2768 3619 2871 3678 hac
2897 3622 3107 3680 ratione
3136 3625 3531 3684 multitudinem
3558 3630 3629 3685 ad
3728 3612 3737 3625 ’

2018 3707 2201 3764 Jesum
2228 3708 2502 3778 alliceret,
2531 3711 2658 3768 dum
2685 3714 2942 3769 miracula
2981 3715 3049 3771 ad
3087 3716 3262 3789 ipsum
3305 3719 3513 3776 turbam
3543 3730 3629 3778 at—

2021 3798 2315 3855 traherent.
2346 3800 2405 3856 Si
2434 3802 2577 3857 enim
2628 3814 2750 3875 post
2783 3814 2861 3861 tot
2890 3814 3264 3878 tantarumque
3290 3825 3473 3865 rerum
3513 3812 3631 3867 dis-

2022 3893 2387 3960 pensationem
2411 3935 2426 3959 ,
2457 3903 2511 3949 et
2539 3908 2665 3949 ante
2693 3904 2747 3950 et
2776 3905 3060 3967 postquam
3082 3897 3323 3957 Joannes
3353 3903 3405 3956 in
3446 3916 3629 3961 carce-

2020 3999 2133 4039 rem
2158 3992 2339 4041 trusus
2366 3993 2470 4052 est,
2498 3986 2746 4056 discipuli
2772 3986 2997 4043 Joannis
3024 3989 3217 4046 invidia
3246 3992 3475 4063 quadam
3498 4008 3631 4066 erga

2018 4071 2201 4154 Jesunt
2242 4073 2370 4126 moti
2414 4075 2770 4140 videbantur;
2801 4078 2844 4131 si
2876 4078 3029 4133 multi
3059 4094 3223 4148 porro
3260 4097 3365 4138 non
3406 4082 3583 4154 ipsum
3611 4128 3627 4150 ,

2029 4153 2124 4207 sed
2150 4152 2416 4210 Joannem
2433 4155 2717 4241 Christum
2747 4178 2871 4220 esse
2895 4168 3311 4232 arbitrabantur
3342 4196 3356 4232 :
3399 4152 3445 4237 si
3476 4186 3625 4242 nihil-

2028 4244 2223 4299 horum
2256 4245 2461 4304 factum
2485 4262 2651 4315 esset.
2674 4254 2807 4324 quid
2825 4271 2936 4314 non
2969 4273 3291 4324 eventurum
3310 4283 3426 4328 erat
3448 4276 3472 4327 ?
3496 4275 3625 4335 Ideo

2029 4339 2314 4397 Matthaens
2331 4343 2605 4414 signiﬁcat
2620 4347 2800 4418 ipsum
2828 4366 2894 4406 eo
2909 4360 3153 4427 tempore
3175 4363 3476 4430 pradicare
3503 4385 3621 4427 ca:-

2028 4435 2192 4501 pisse,
2211 4444 2264 4490 et
2280 4437 2436 4493 initio
2454 4438 2692 4510 idipsum
2708 4443 2899 4500 docuit
2923 4450 3071 4519 quod
3090 4450 3332 4513 Joannes
3360 4462 3625 4530 praedica-

2028 4536 2198 4617 verat,
2225 4543 2326 4585 nec
2356 4532 2657 4603 quidquam
2693 4536 2760 4592 de
2784 4538 2969 4611 seipso
3004 4543 3058 4598 in
3099 4561 3198 4601 sua
3230 4551 3629 4617 praedicatione

2025 4615 2284 4685 loquitur.
2362 4618 2499 4676 Nam
2525 4625 2826 4694 optandum
2856 4642 2975 4688 erat
3006 4646 3065 4689 ut
3096 4615 3243 4693 illud
3272 4639 3489 4698 interim
3524 4648 3630 4703 ad-

2025 4707 2353 4801 mitteretur,
2384 4712 2830 4786 quandoquidem
2858 4724 3103 4780 nondum
3128 4742 3524 4801 congruentem
3553 4738 3633 4794 de

2022 4798 2140 4870 ipso
2172 4802 2444 4859 habebant
2474 4806 2809 4877 opinionem.

2086 4893 2144 4947 2.
2191 4891 2423 4965 Ideoque
2466 4896 2519 4950 iu
2565 4898 2827 4969 principio
2872 4900 3014 4964 nihil
3045 4903 3331 4962 molestum
3368 4916 3427 4963 et
3461 4924 3625 4981 grave

2014 4982 2184 5052 dixit,
2215 4994 2274 5040 ut
2298 4984 2390 5041 ille
2408 5028 2423 5052 ,
2454 5000 2561 5041 non
2586 4989 2817 5047 securim
2838 5030 2859 5057 ,
2888 5006 2996 5046 non
3023 4991 3226 5063 lignum
3250 5004 3486 5068 sectum,
3516 5014 3627 5057 non

2014 5076 2402 5143 ventilabrum,
2424 5092 2617 5134 aream
2631 5079 2717 5135 vel
2756 5080 2933 5152 ignem
2975 5084 3467 5159 inexstinguibilem
3505 5108 3625 5151 nte-

2016 5167 2275 5235 moravit;
2298 5168 2397 5225 sed
2415 5184 2446 5224 a
2470 5169 2623 5225 bonis
2644 5185 2822 5239 orsus,
2844 5172 3009 5231 celos
3030 5188 3295 5234 memorat
3318 5188 3376 5237 et
3397 5196 3625 5256 regnum

2017 5258 2125 5313 illic
2151 5269 2394 5332 paratum
2420 5260 2783 5322 audientibus.
2812 5262 2908 5323 18.
2928 5263 2997 5319 Et
3022 5267 3291 5326 ambulans
3308 5270 3628 5343 insumere

2018 5347 2280 5416 Galiltete,
2313 5351 2435 5408 cidit
2464 5351 2593 5410 duos
2628 5353 2813 5422 fratres
2831 5395 2847 5421 ,
2886 5353 3150 5413 Simonem
3175 5360 3264 5430 qui
3290 5366 3623 5435 cognouim-

2016 5439 2167 5496 batur
2193 5440 2377 5498 Petrus
2395 5485 2425 5510 ,_
2449 5452 2494 5497 et
2529 5446 3030 5519 Andreamfratrem
3057 5452 3202 5523 ejus,
3234 5456 3488 5513 mittentes
3522 5468 3626 5514 rete

2018 5536 2070 5588 in
2099 5552 2240 5590 mare
2266 5550 2286 5590 :
2310 5545 2454 5591 erant
2482 5538 2617 5595 enim
2645 5541 2943 5609 piscatores,
2978 5543 3067 5601 19.
3098 5554 3146 5600 et
3170 5547 3244 5601 ait
3268 5547 3375 5603 illis
3400 5566 3421 5605 :
3451 5548 3627 5606 Venite

2020 5638 2132 5696 post
2160 5645 2256 5689 nte.
2290 5638 2337 5682 et
2368 5630 2553 5697 faciant
2582 5646 2674 5690 vos
2698 5633 2973 5705 piscatores
3003 5636 3284 5695 hominum.
3312 5640 3403 5697 20.
3438 5638 3511 5696 Ili
3531 5658 3624 5695 au-

2020 5727 2116 5770 tem
2154 5717 2342 5771 relictis
2382 5714 2566 5774 retibus
2592 5761 2605 5784 .
2638 5724 2833 5792 sequuti
2862 5732 2978 5777 sunt
3006 5742 3142 5782 eum.
3182 5729 3345 5798 Atqui
3384 5729 3623 5789 Joannes

2020 5812 2092 5864 ait
2132 5826 2227 5866 eos
2274 5812 2380 5865 alio
2428 5816 2587 5869 modo
2628 5818 2789 5871 fuisse
2829 5825 3046 5871 vocatos
3081 5837 3092 5871 :
3125 5820 3263 5876 unde
3296 5822 3469 5889 palam
3498 5829 3584 5873 est
3610 5861 3622 5882 .

2023 5908 2157 5961 hanc
2182 5907 2469 5963 secundum
2512 5910 2672 5965 fuisse
2705 5911 3036 5965 vocationem
3073 5930 3084 5963 :
3119 5914 3449 5983 idipsumque
3478 5927 3628 5975 smne
