  <div class='ocr_page' id='page_1' title='image "/cluster/home/n/w/nwhite01/storage/ocr_20150623/57/uva.x004697226/147.png"; bbox 0 0 4082 6518; ppageno 0'>
   <div class='ocr_carea' id='block_1_1' title="bbox 494 432 600 487">
    <p class='ocr_par' dir='ltr' id='par_1_1' title="bbox 494 432 600 487">
     <span class='ocr_line' id='line_1_1' title="bbox 494 432 600 487; baseline -0.009 0"><span class='ocrx_word' id='word_1_1' title='bbox 494 432 600 487; x_wconf 70' lang='lat'><strong>219</strong></span> 
     </span>
    </p>
   </div>
   <div class='ocr_carea' id='block_1_2' title="bbox 495 524 2070 600">
    <p class='ocr_par' dir='ltr' id='par_1_2' title="bbox 495 524 2070 600">
     <span class='ocr_line' id='line_1_2' title="bbox 495 524 2070 600; baseline -0.009 -8"><span class='ocrx_word' id='word_1_2' title='bbox 495 539 678 594; x_wconf 85' lang='lat' dir='ltr'><strong>videre</strong></span> <span class='ocrx_word' id='word_1_3' title='bbox 703 545 784 591; x_wconf 76' lang='lat' dir='ltr'><strong>est</strong></span> <span class='ocrx_word' id='word_1_4' title='bbox 830 533 904 591; x_wconf 86' lang='lat' dir='ltr'><strong>lbi</strong></span> <span class='ocrx_word' id='word_1_5' title='bbox 933 544 1158 600; x_wconf 79' lang='lat' dir='ltr'><strong>namque</strong></span> <span class='ocrx_word' id='word_1_6' title='bbox 1191 528 1402 590; x_wconf 86' lang='lat' dir='ltr'><strong>dicitur,</strong></span> <span class='ocrx_word' id='word_1_7' title='bbox 1432 543 1552 581; x_wconf 90' lang='lat' dir='ltr'><strong>cum</strong></span> <span class='ocrx_word' id='word_1_8' title='bbox 1584 525 1813 580; x_wconf 90' lang='lat' dir='ltr'><strong>nondum</strong></span> <span class='ocrx_word' id='word_1_9' title='bbox 1839 524 2070 579; x_wconf 81' lang='lat' dir='ltr'><strong>Joannes</strong></span> 
     </span>
    </p>
   </div>
   <div class='ocr_carea' id='block_1_3' title="bbox 493 615 2074 699">
    <p class='ocr_par' dir='ltr' id='par_1_3' title="bbox 493 615 2074 699">
     <span class='ocr_line' id='line_1_3' title="bbox 493 615 2074 699; baseline -0.009 -15"><span class='ocrx_word' id='word_1_10' title='bbox 493 629 763 699; x_wconf 71' lang='lat' dir='ltr'><strong>coniectus</strong></span> <span class='ocrx_word' id='word_1_11' title='bbox 805 626 990 680; x_wconf 85' lang='lat' dir='ltr'><strong>luisset</strong></span> <span class='ocrx_word' id='word_1_12' title='bbox 1029 623 1083 678; x_wconf 92' lang='lat' dir='ltr'><strong>in</strong></span> <span class='ocrx_word' id='word_1_13' title='bbox 1122 620 1603 690; x_wconf 83' lang='lat' dir='ltr'><strong>carcerem,-ipsos</strong></span> <span class='ocrx_word' id='word_1_14' title='bbox 1630 618 1954 680; x_wconf 79' lang='lat' dir='ltr'><strong>accessisse;</strong></span> <span class='ocrx_word' id='word_1_15' title='bbox 1989 615 2074 670; x_wconf 87' lang='lat' dir='ltr'><strong>hic</strong></span> 
     </span>
    </p>
   </div>
   <div class='ocr_carea' id='block_1_4' title="bbox 493 706 2074 789">
    <p class='ocr_par' dir='ltr' id='par_1_4' title="bbox 493 706 2074 789">
     <span class='ocr_line' id='line_1_4' title="bbox 493 706 2074 789; baseline -0.007 -17"><span class='ocrx_word' id='word_1_16' title='bbox 493 735 640 785; x_wconf 83' lang='lat' dir='ltr'><strong>vero,</strong></span> <span class='ocrx_word' id='word_1_17' title='bbox 665 728 940 789; x_wconf 72' lang='lat' dir='ltr'><strong>postquam</strong></span> <span class='ocrx_word' id='word_1_18' title='bbox 959 714 1234 784; x_wconf 74' lang='lat' dir='ltr'><strong>coniectus</strong></span> <span class='ocrx_word' id='word_1_19' title='bbox 1255 710 1443 766; x_wconf 87' lang='lat' dir='ltr'><strong>fuerat.</strong></span> <span class='ocrx_word' id='word_1_20' title='bbox 1464 709 1576 764; x_wconf 96' lang='lat' dir='ltr'><strong>Illic</strong></span> <span class='ocrx_word' id='word_1_21' title='bbox 1597 706 1836 762; x_wconf 81' lang='lat' dir='ltr'><strong>Andreas</strong></span> <span class='ocrx_word' id='word_1_22' title='bbox 1853 707 2074 762; x_wconf 81' lang='lat' dir='ltr'><strong>vocabat</strong></span> 
     </span>
    </p>
   </div>
   <div class='ocr_carea' id='block_1_5' title="bbox 492 797 2070 870">
    <p class='ocr_par' dir='ltr' id='par_1_5' title="bbox 492 797 2070 870">
     <span class='ocr_line' id='line_1_5' title="bbox 492 797 2070 870; baseline -0.006 -8"><span class='ocrx_word' id='word_1_23' title='bbox 492 812 748 870; x_wconf 83' lang='lat' dir='ltr'><strong>l’etrum;</strong></span> <span class='ocrx_word' id='word_1_24' title='bbox 786 808 872 862; x_wconf 83' lang='lat' dir='ltr'><strong>hic</strong></span> <span class='ocrx_word' id='word_1_25' title='bbox 911 805 1098 860; x_wconf 86' lang='lat' dir='ltr'><strong>ambos</strong></span> <span class='ocrx_word' id='word_1_26' title='bbox 1132 803 1304 858; x_wconf 82' lang='lat' dir='ltr'><strong>Jesus.</strong></span> <span class='ocrx_word' id='word_1_27' title='bbox 1343 801 1409 855; x_wconf 87' lang='lat' dir='ltr'><strong>Et</strong></span> <span class='ocrx_word' id='word_1_28' title='bbox 1444 799 1676 854; x_wconf 83' lang='lat' dir='ltr'><strong>Joannes</strong></span> <span class='ocrx_word' id='word_1_29' title='bbox 1702 797 1914 867; x_wconf 81' lang='lat' dir='ltr'><strong>quidem</strong></span> <span class='ocrx_word' id='word_1_30' title='bbox 1955 800 2070 852; x_wconf 89' lang='lat' dir='ltr'><strong>ait:</strong></span> 
     </span>
    </p>
   </div>
   <div class='ocr_carea' id='block_1_6' title="bbox 503 889 2070 956">
    <p class='ocr_par' dir='ltr' id='par_1_6' title="bbox 503 889 2070 956">
     <span class='ocr_line' id='line_1_6' title="bbox 503 889 2070 956; baseline -0.006 -4"><span class='ocrx_word' id='word_1_31' title='bbox 503 899 687 954; x_wconf 70' lang='lat' dir='ltr'><strong>Vident</strong></span> <span class='ocrx_word' id='word_1_32' title='bbox 716 898 868 953; x_wconf 80' lang='lat' dir='ltr'><strong>Jesns</strong></span> <span class='ocrx_word' id='word_1_33' title='bbox 900 897 1154 951; x_wconf 75' lang='lat' dir='ltr'><strong>Simonem</strong></span> <span class='ocrx_word' id='word_1_34' title='bbox 1183 893 1473 956; x_wconf 71' lang='lat' dir='ltr'><strong>renimtem,</strong></span> <span class='ocrx_word' id='word_1_35' title='bbox 1504 892 1630 947; x_wconf 71' lang='lat' dir='ltr'><strong>dixit</strong></span> <span class='ocrx_word' id='word_1_36' title='bbox 1657 905 1675 944; x_wconf 91' lang='lat'><strong><em>:</em></strong></span> <span class='ocrx_word' id='word_1_37' title='bbox 1705 889 1780 943; x_wconf 80' lang='lat' dir='ltr'><strong>Tu</strong></span> <span class='ocrx_word' id='word_1_38' title='bbox 1809 907 1860 944; x_wconf 74' lang='lat' dir='ltr'><strong>et</strong></span> <span class='ocrx_word' id='word_1_39' title='bbox 1895 890 2070 945; x_wconf 81' lang='lat' dir='ltr'><strong>Simon</strong></span> 
     </span>
    </p>
   </div>
   <div class='ocr_carea' id='block_1_7' title="bbox 492 983 2072 1059">
    <p class='ocr_par' dir='ltr' id='par_1_7' title="bbox 492 983 2072 1059">
     <span class='ocr_line' id='line_1_7' title="bbox 492 983 2072 1059; baseline -0.006 -16"><span class='ocrx_word' id='word_1_40' title='bbox 492 994 631 1059; x_wconf 73' lang='lat' dir='ltr'><strong>[ilius</strong></span> <span class='ocrx_word' id='word_1_41' title='bbox 668 990 857 1052; x_wconf 69' lang='lat' dir='ltr'><strong>lane;</strong></span> <span class='ocrx_word' id='word_1_42' title='bbox 895 997 946 1041; x_wconf 81' lang='lat' dir='ltr'><strong>tu</strong></span> <span class='ocrx_word' id='word_1_43' title='bbox 985 986 1236 1040; x_wconf 68' lang='lat' dir='ltr'><strong>vocaberis</strong></span> <span class='ocrx_word' id='word_1_44' title='bbox 1274 984 1502 1054; x_wconf 81' lang='lat' dir='ltr'><strong>Cepltas,</strong></span> <span class='ocrx_word' id='word_1_45' title='bbox 1543 984 1678 1053; x_wconf 83' lang='lat' dir='ltr'><strong>quod</strong></span> <span class='ocrx_word' id='word_1_46' title='bbox 1720 983 2072 1052; x_wconf 72' lang='lat' dir='ltr'><strong>interpretatur</strong></span> 
     </span>
    </p>
   </div>
   <div class='ocr_carea' id='block_1_8' title="bbox 496 1072 2070 1151">
    <p class='ocr_par' dir='ltr' id='par_1_8' title="bbox 496 1072 2070 1151">
     <span class='ocr_line' id='line_1_8' title="bbox 496 1072 2070 1151; baseline -0.004 -17"><span class='ocrx_word' id='word_1_47' title='bbox 496 1081 675 1134; x_wconf 73' lang='lat' dir='ltr'><strong>Petrus</strong></span> <span class='ocrx_word' id='word_1_48' title='bbox 700 1078 874 1151; x_wconf 84' lang='lat' dir='ltr'><strong>(Joan.</strong></span> <span class='ocrx_word' id='word_1_49' title='bbox 905 1079 956 1134; x_wconf 74' lang='grc'><strong>1.</strong></span> <span class='ocrx_word' id='word_1_50' title='bbox 981 1078 1094 1146; x_wconf 73' lang='grc'><strong>42).</strong></span> <span class='ocrx_word' id='word_1_51' title='bbox 1118 1075 1395 1131; x_wconf 73' lang='lat' dir='ltr'><strong>Matthams</strong></span> <span class='ocrx_word' id='word_1_52' title='bbox 1419 1090 1543 1129; x_wconf 87' lang='lat' dir='ltr'><strong>vero</strong></span> <span class='ocrx_word' id='word_1_53' title='bbox 1565 1074 1659 1135; x_wconf 85' lang='lat' dir='ltr'><strong>ait.</strong></span> <span class='ocrx_word' id='word_1_54' title='bbox 1682 1075 1789 1141; x_wconf 85' lang='lat' dir='ltr'><strong>jam</strong></span> <span class='ocrx_word' id='word_1_55' title='bbox 1813 1074 1890 1128; x_wconf 88' lang='lat' dir='ltr'><strong>sic</strong></span> <span class='ocrx_word' id='word_1_56' title='bbox 1909 1072 2070 1127; x_wconf 65' lang='lat' dir='ltr'><strong>luisse</strong></span> 
     </span>
    </p>
   </div>
   <div class='ocr_carea' id='block_1_9' title="bbox 491 1161 2070 1236">
    <p class='ocr_par' dir='ltr' id='par_1_9' title="bbox 491 1161 2070 1236">
     <span class='ocr_line' id='line_1_9' title="bbox 491 1161 2070 1236; baseline -0.005 -13"><span class='ocrx_word' id='word_1_57' title='bbox 491 1179 733 1224; x_wconf 80' lang='lat' dir='ltr'><strong>vocatum</strong></span> <span class='ocrx_word' id='word_1_58' title='bbox 763 1187 777 1222; x_wconf 91' lang='lat'><strong><em>:</em></strong></span> <span class='ocrx_word' id='word_1_59' title='bbox 818 1167 1027 1232; x_wconf 72' lang='lat' dir='ltr'><strong>Vident,</strong></span> <span class='ocrx_word' id='word_1_60' title='bbox 1058 1168 1244 1236; x_wconf 86' lang='lat' dir='ltr'><strong>inquit,</strong></span> <span class='ocrx_word' id='word_1_61' title='bbox 1278 1165 1558 1229; x_wconf 78' lang='lat' dir='ltr'><strong>Simonem,</strong></span> <span class='ocrx_word' id='word_1_62' title='bbox 1581 1165 1666 1232; x_wconf 83' lang='lat' dir='ltr'><strong>qui</strong></span> <span class='ocrx_word' id='word_1_63' title='bbox 1694 1163 1950 1218; x_wconf 76' lang='lat' dir='ltr'><strong>dicebatur</strong></span> <span class='ocrx_word' id='word_1_64' title='bbox 1971 1161 2070 1216; x_wconf 83' lang='lat' dir='ltr'><strong>Pe-</strong></span> 
     </span>
    </p>
   </div>
   <div class='ocr_carea' id='block_1_10' title="bbox 495 1243 2067 1336">
    <p class='ocr_par' dir='ltr' id='par_1_10' title="bbox 495 1243 2067 1336">
     <span class='ocr_line' id='line_1_10' title="bbox 495 1243 2067 1336; baseline -0.004 -24"><span class='ocrx_word' id='word_1_65' title='bbox 495 1271 618 1314; x_wconf 74' lang='lat' dir='ltr'><strong>trus.</strong></span> <span class='ocrx_word' id='word_1_66' title='bbox 648 1259 750 1336; x_wconf 56' lang='lat' dir='ltr'><strong>sed</strong></span> <span class='ocrx_word' id='word_1_67' title='bbox 775 1260 933 1314; x_wconf 76' lang='lat' dir='ltr'><strong>etiam</strong></span> <span class='ocrx_word' id='word_1_68' title='bbox 956 1273 984 1311; x_wconf 88' lang='lat' dir='ltr'><strong>a</strong></span> <span class='ocrx_word' id='word_1_69' title='bbox 1009 1258 1146 1323; x_wconf 89' lang='lat' dir='ltr'><strong>loco,</strong></span> <span class='ocrx_word' id='word_1_70' title='bbox 1169 1272 1233 1311; x_wconf 80' lang='lat' dir='ltr'><strong>ex</strong></span> <span class='ocrx_word' id='word_1_71' title='bbox 1257 1271 1362 1325; x_wconf 83' lang='lat' dir='ltr'><strong>quo</strong></span> <span class='ocrx_word' id='word_1_72' title='bbox 1382 1243 1553 1309; x_wconf 81' lang='lat' dir='ltr'><strong>vocati</strong></span> <span class='ocrx_word' id='word_1_73' title='bbox 1577 1264 1720 1318; x_wconf 83' lang='lat' dir='ltr'><strong>sunt,</strong></span> <span class='ocrx_word' id='word_1_74' title='bbox 1746 1253 1885 1322; x_wconf 85' lang='lat' dir='ltr'><strong>quod</strong></span> <span class='ocrx_word' id='word_1_75' title='bbox 1909 1254 2067 1308; x_wconf 85' lang='lat' dir='ltr'><strong>etiam</strong></span> 
     </span>
    </p>
   </div>
   <div class='ocr_carea' id='block_1_11' title="bbox 491 1342 2069 1417">
    <p class='ocr_par' dir='ltr' id='par_1_11' title="bbox 491 1342 2069 1417">
     <span class='ocr_line' id='line_1_11' title="bbox 491 1342 2069 1417; baseline -0.004 -15"><span class='ocrx_word' id='word_1_76' title='bbox 491 1350 614 1403; x_wconf 86' lang='lat' dir='ltr'><strong>alibi</strong></span> <span class='ocrx_word' id='word_1_77' title='bbox 646 1365 789 1417; x_wconf 78' lang='lat' dir='ltr'><strong>saepe</strong></span> <span class='ocrx_word' id='word_1_78' title='bbox 828 1347 1008 1402; x_wconf 88' lang='lat' dir='ltr'><strong>videre</strong></span> <span class='ocrx_word' id='word_1_79' title='bbox 1034 1356 1116 1400; x_wconf 83' lang='lat' dir='ltr'><strong>est</strong></span> <span class='ocrx_word' id='word_1_80' title='bbox 1144 1363 1157 1398; x_wconf 89' lang='lat'><strong>:</strong></span> <span class='ocrx_word' id='word_1_81' title='bbox 1189 1346 1311 1398; x_wconf 90' lang='lat' dir='ltr'><strong>hinc</strong></span> <span class='ocrx_word' id='word_1_82' title='bbox 1338 1345 1501 1414; x_wconf 88' lang='lat' dir='ltr'><strong>liquet</strong></span> <span class='ocrx_word' id='word_1_83' title='bbox 1527 1344 1685 1398; x_wconf 83' lang='lat' dir='ltr'><strong>etiam</strong></span> <span class='ocrx_word' id='word_1_84' title='bbox 1709 1386 1724 1410; x_wconf 96' lang='lat'><strong>,</strong></span> <span class='ocrx_word' id='word_1_85' title='bbox 1752 1343 1891 1412; x_wconf 90' lang='lat' dir='ltr'><strong>quod</strong></span> <span class='ocrx_word' id='word_1_86' title='bbox 1920 1342 2069 1396; x_wconf 88' lang='lat' dir='ltr'><strong>facile</strong></span> 
     </span>
    </p>
   </div>
   <div class='ocr_carea' id='block_1_12' title="bbox 490 1430 2069 1501">
    <p class='ocr_par' dir='ltr' id='par_1_12' title="bbox 490 1430 2069 1501">
     <span class='ocr_line' id='line_1_12' title="bbox 490 1430 2069 1501; baseline -0.004 -14"><span class='ocrx_word' id='word_1_87' title='bbox 490 1433 760 1498; x_wconf 83' lang='lat' dir='ltr'><strong>obediant,</strong></span> <span class='ocrx_word' id='word_1_88' title='bbox 785 1444 836 1487; x_wconf 89' lang='lat' dir='ltr'><strong>et</strong></span> <span class='ocrx_word' id='word_1_89' title='bbox 860 1434 1037 1487; x_wconf 84' lang='lat' dir='ltr'><strong>omnia</strong></span> <span class='ocrx_word' id='word_1_90' title='bbox 1066 1432 1369 1501; x_wconf 77' lang='lat' dir='ltr'><strong>relinquam</strong></span> <span class='ocrx_word' id='word_1_91' title='bbox 1394 1448 1408 1494; x_wconf 87' lang='lat'><strong>;</strong></span> <span class='ocrx_word' id='word_1_92' title='bbox 1432 1431 1542 1498; x_wconf 88' lang='lat' dir='ltr'><strong>jam</strong></span> <span class='ocrx_word' id='word_1_93' title='bbox 1568 1430 1708 1484; x_wconf 85' lang='lat' dir='ltr'><strong>enim</strong></span> <span class='ocrx_word' id='word_1_94' title='bbox 1737 1430 1900 1499; x_wconf 82' lang='lat' dir='ltr'><strong>probe</strong></span> <span class='ocrx_word' id='word_1_95' title='bbox 1927 1431 2069 1496; x_wconf 89' lang='lat' dir='ltr'><strong>prius</strong></span> 
     </span>
    </p>
   </div>
   <div class='ocr_carea' id='block_1_13' title="bbox 491 1519 2069 1580">
    <p class='ocr_par' dir='ltr' id='par_1_13' title="bbox 491 1519 2069 1580">
     <span class='ocr_line' id='line_1_13' title="bbox 491 1519 2069 1580; baseline -0.005 -1"><span class='ocrx_word' id='word_1_96' title='bbox 491 1526 682 1580; x_wconf 90' lang='lat' dir='ltr'><strong>eruditi</strong></span> <span class='ocrx_word' id='word_1_97' title='bbox 725 1525 952 1578; x_wconf 81' lang='lat' dir='ltr'><strong>fuerant.</strong></span> <span class='ocrx_word' id='word_1_98' title='bbox 994 1522 1106 1577; x_wconf 82' lang='lat' dir='ltr'><strong>Illic</strong></span> <span class='ocrx_word' id='word_1_99' title='bbox 1135 1523 1275 1576; x_wconf 90' lang='lat' dir='ltr'><strong>enim</strong></span> <span class='ocrx_word' id='word_1_100' title='bbox 1317 1521 1597 1575; x_wconf 73' lang='lat' dir='ltr'><strong>exhibetur</strong></span> <span class='ocrx_word' id='word_1_101' title='bbox 1623 1521 1941 1574; x_wconf 67' lang='lat' dir='ltr'><strong>Andreasin</strong></span> <span class='ocrx_word' id='word_1_102' title='bbox 1969 1519 2069 1572; x_wconf 88' lang='lat' dir='ltr'><strong>do-</strong></span> 
     </span>
    </p>
   </div>
   <div class='ocr_carea' id='block_1_14' title="bbox 491 1613 2037 1680">
    <p class='ocr_par' dir='ltr' id='par_1_14' title="bbox 491 1613 2037 1680">
     <span class='ocr_line' id='line_1_14' title="bbox 491 1613 2037 1680; baseline -0.004 -10"><span class='ocrx_word' id='word_1_103' title='bbox 491 1634 634 1671; x_wconf 89' lang='lat' dir='ltr'><strong>mum</strong></span> <span class='ocrx_word' id='word_1_104' title='bbox 666 1619 902 1680; x_wconf 89' lang='lat' dir='ltr'><strong>veniens,</strong></span> <span class='ocrx_word' id='word_1_105' title='bbox 933 1628 985 1670; x_wconf 91' lang='lat' dir='ltr'><strong>et</strong></span> <span class='ocrx_word' id='word_1_106' title='bbox 1015 1615 1178 1669; x_wconf 88' lang='lat' dir='ltr'><strong>multa</strong></span> <span class='ocrx_word' id='word_1_107' title='bbox 1207 1613 1461 1674; x_wconf 85' lang='lat' dir='ltr'><strong>audiens;</strong></span> <span class='ocrx_word' id='word_1_108' title='bbox 1492 1613 1575 1665; x_wconf 90' lang='lat' dir='ltr'><strong>hic</strong></span> <span class='ocrx_word' id='word_1_109' title='bbox 1613 1623 1811 1676; x_wconf 88' lang='lat' dir='ltr'><strong>autem,</strong></span> <span class='ocrx_word' id='word_1_110' title='bbox 1844 1628 1948 1665; x_wconf 88' lang='lat' dir='ltr'><strong>uno</strong></span> <span class='ocrx_word' id='word_1_111' title='bbox 1972 1627 2037 1664; x_wconf 88' lang='lat' dir='ltr'><strong>au</strong></span> 
     </span>
    </p>
   </div>
   <div class='ocr_carea' id='block_1_15' title="bbox 491 1702 2069 1773">
    <p class='ocr_par' dir='ltr' id='par_1_15' title="bbox 491 1702 2069 1773">
     <span class='ocr_line' id='line_1_15' title="bbox 491 1702 2069 1773; baseline -0.003 -13"><span class='ocrx_word' id='word_1_112' title='bbox 491 1710 601 1762; x_wconf 81' lang='lat' dir='ltr'><strong>dito</strong></span> <span class='ocrx_word' id='word_1_113' title='bbox 625 1709 808 1770; x_wconf 87' lang='lat' dir='ltr'><strong>verbo,</strong></span> <span class='ocrx_word' id='word_1_114' title='bbox 838 1707 1013 1759; x_wconf 90' lang='lat' dir='ltr'><strong>statim</strong></span> <span class='ocrx_word' id='word_1_115' title='bbox 1042 1705 1248 1773; x_wconf 82' lang='lat' dir='ltr'><strong>sequuti</strong></span> <span class='ocrx_word' id='word_1_116' title='bbox 1277 1714 1418 1757; x_wconf 89' lang='lat' dir='ltr'><strong>sunt.</strong></span> <span class='ocrx_word' id='word_1_117' title='bbox 1450 1702 1745 1757; x_wconf 75' lang='lat' dir='ltr'><strong>Verisimile</strong></span> <span class='ocrx_word' id='word_1_118' title='bbox 1769 1702 1962 1771; x_wconf 87' lang='lat' dir='ltr'><strong>quippe</strong></span> <span class='ocrx_word' id='word_1_119' title='bbox 1990 1713 2069 1756; x_wconf 89' lang='lat' dir='ltr'><strong>est</strong></span> 
     </span>
    </p>
   </div>
   <div class='ocr_carea' id='block_1_16' title="bbox 492 1793 2068 1867">
    <p class='ocr_par' dir='ltr' id='par_1_16' title="bbox 492 1793 2068 1867">
     <span class='ocr_line' id='line_1_16' title="bbox 492 1793 2068 1867; baseline -0.003 -15"><span class='ocrx_word' id='word_1_120' title='bbox 492 1803 610 1853; x_wconf 83' lang='lat' dir='ltr'><strong>ilios</strong></span> <span class='ocrx_word' id='word_1_121' title='bbox 627 1814 744 1853; x_wconf 92' lang='lat' dir='ltr'><strong>cum</strong></span> <span class='ocrx_word' id='word_1_122' title='bbox 768 1813 795 1851; x_wconf 91' lang='lat' dir='ltr'><strong>a</strong></span> <span class='ocrx_word' id='word_1_123' title='bbox 823 1796 1081 1867; x_wconf 89' lang='lat' dir='ltr'><strong>principio</strong></span> <span class='ocrx_word' id='word_1_124' title='bbox 1107 1796 1312 1864; x_wconf 82' lang='lat' dir='ltr'><strong>sequuti</strong></span> <span class='ocrx_word' id='word_1_125' title='bbox 1347 1793 1588 1857; x_wconf 88' lang='lat' dir='ltr'><strong>fuissent,</strong></span> <span class='ocrx_word' id='word_1_126' title='bbox 1613 1793 1859 1847; x_wconf 80' lang='lat' dir='ltr'><strong>dimissos</strong></span> <span class='ocrx_word' id='word_1_127' title='bbox 1888 1801 2068 1861; x_wconf 85' lang='lat' dir='ltr'><strong>postea</strong></span> 
     </span>
    </p>
   </div>
   <div class='ocr_carea' id='block_1_17' title="bbox 493 1887 2066 1958">
    <p class='ocr_par' dir='ltr' id='par_1_17' title="bbox 493 1887 2066 1958">
     <span class='ocr_line' id='line_1_17' title="bbox 493 1887 2066 1958; baseline -0.007 -10"><span class='ocrx_word' id='word_1_128' title='bbox 493 1894 692 1958; x_wconf 85' lang='lat' dir='ltr'><strong>fuisse;</strong></span> <span class='ocrx_word' id='word_1_129' title='bbox 732 1907 853 1948; x_wconf 87' lang='lat' dir='ltr'><strong>cum</strong></span> <span class='ocrx_word' id='word_1_130' title='bbox 899 1899 1073 1945; x_wconf 87' lang='lat' dir='ltr'><strong>autem</strong></span> <span class='ocrx_word' id='word_1_131' title='bbox 1118 1888 1372 1942; x_wconf 87' lang='lat' dir='ltr'><strong>vidissent</strong></span> <span class='ocrx_word' id='word_1_132' title='bbox 1411 1887 1662 1941; x_wconf 87' lang='lat' dir='ltr'><strong>Joannem</strong></span> <span class='ocrx_word' id='word_1_133' title='bbox 1705 1887 1757 1939; x_wconf 91' lang='lat' dir='ltr'><strong>in</strong></span> <span class='ocrx_word' id='word_1_134' title='bbox 1797 1901 2066 1941; x_wconf 86' lang='lat' dir='ltr'><strong>carcerem</strong></span> 
     </span>
    </p>
   </div>
   <div class='ocr_carea' id='block_1_18' title="bbox 495 1979 2068 2050">
    <p class='ocr_par' dir='ltr' id='par_1_18' title="bbox 495 1979 2068 2050">
     <span class='ocr_line' id='line_1_18' title="bbox 495 1979 2068 2050; baseline -0.006 -9"><span class='ocrx_word' id='word_1_135' title='bbox 495 2001 696 2042; x_wconf 80' lang='lat' dir='ltr'><strong>trusum</strong></span> <span class='ocrx_word' id='word_1_136' title='bbox 730 1985 891 2039; x_wconf 85' lang='lat' dir='ltr'><strong>fuisse</strong></span> <span class='ocrx_word' id='word_1_137' title='bbox 915 2026 929 2048; x_wconf 89' lang='lat'><strong>,</strong></span> <span class='ocrx_word' id='word_1_138' title='bbox 965 1984 1107 2050; x_wconf 86' lang='lat' dir='ltr'><strong>ipsos</strong></span> <span class='ocrx_word' id='word_1_139' title='bbox 1135 1990 1260 2036; x_wconf 90' lang='lat' dir='ltr'><strong>tunc</strong></span> <span class='ocrx_word' id='word_1_140' title='bbox 1291 1981 1574 2037; x_wconf 74' lang='lat' dir='ltr'><strong>recessisse</strong></span> <span class='ocrx_word' id='word_1_141' title='bbox 1595 2023 1608 2045; x_wconf 92' lang='lat'><strong>,</strong></span> <span class='ocrx_word' id='word_1_142' title='bbox 1642 1989 1800 2048; x_wconf 86' lang='lat' dir='ltr'><strong>atque</strong></span> <span class='ocrx_word' id='word_1_143' title='bbox 1824 1979 1888 2032; x_wconf 86' lang='lat' dir='ltr'><strong>ad</strong></span> <span class='ocrx_word' id='word_1_144' title='bbox 1920 1994 2068 2032; x_wconf 90' lang='lat' dir='ltr'><strong>suam</strong></span> 
     </span>
    </p>
   </div>
   <div class='ocr_carea' id='block_1_19' title="bbox 491 2069 2068 2142">
    <p class='ocr_par' dir='ltr' id='par_1_19' title="bbox 491 2069 2068 2142">
     <span class='ocr_line' id='line_1_19' title="bbox 491 2069 2068 2142; baseline -0.004 -12"><span class='ocrx_word' id='word_1_145' title='bbox 491 2086 660 2132; x_wconf 86' lang='lat' dir='ltr'><strong>artem</strong></span> <span class='ocrx_word' id='word_1_146' title='bbox 688 2074 926 2130; x_wconf 81' lang='lat' dir='ltr'><strong>rediisse.</strong></span> <span class='ocrx_word' id='word_1_147' title='bbox 951 2073 1041 2129; x_wconf 88' lang='lat' dir='ltr'><strong>Sic</strong></span> <span class='ocrx_word' id='word_1_148' title='bbox 1066 2073 1245 2142; x_wconf 89' lang='lat' dir='ltr'><strong>itaque</strong></span> <span class='ocrx_word' id='word_1_149' title='bbox 1271 2072 1387 2126; x_wconf 90' lang='lat' dir='ltr'><strong>illos</strong></span> <span class='ocrx_word' id='word_1_150' title='bbox 1414 2073 1678 2140; x_wconf 76' lang='lat' dir='ltr'><strong>piscantes</strong></span> <span class='ocrx_word' id='word_1_151' title='bbox 1707 2070 1926 2123; x_wconf 81' lang='lat' dir='ltr'><strong>invenit.</strong></span> <span class='ocrx_word' id='word_1_152' title='bbox 1952 2069 2068 2138; x_wconf 81' lang='lat' dir='ltr'><strong>Ipse</strong></span> 
     </span>
    </p>
   </div>
   <div class='ocr_carea' id='block_1_20' title="bbox 491 2158 2066 2235">
    <p class='ocr_par' dir='ltr' id='par_1_20' title="bbox 491 2158 2066 2235">
     <span class='ocr_line' id='line_1_20' title="bbox 491 2158 2066 2235; baseline -0.006 -15"><span class='ocrx_word' id='word_1_153' title='bbox 491 2182 619 2222; x_wconf 87' lang='lat' dir='ltr'><strong>vero</strong></span> <span class='ocrx_word' id='word_1_154' title='bbox 647 2182 818 2235; x_wconf 86' lang='lat' dir='ltr'><strong>neque</strong></span> <span class='ocrx_word' id='word_1_155' title='bbox 855 2166 971 2218; x_wconf 90' lang='lat' dir='ltr'><strong>illos</strong></span> <span class='ocrx_word' id='word_1_156' title='bbox 996 2179 1117 2218; x_wconf 88' lang='lat' dir='ltr'><strong>cum</strong></span> <span class='ocrx_word' id='word_1_157' title='bbox 1147 2163 1295 2216; x_wconf 79' lang='lat' dir='ltr'><strong>abire</strong></span> <span class='ocrx_word' id='word_1_158' title='bbox 1334 2161 1527 2214; x_wconf 62' lang='lat' dir='ltr'><strong>Vellent</strong></span> <span class='ocrx_word' id='word_1_159' title='bbox 1574 2160 1724 2214; x_wconf 90' lang='lat' dir='ltr'><strong>initio</strong></span> <span class='ocrx_word' id='word_1_160' title='bbox 1766 2158 2066 2226; x_wconf 78' lang='lat' dir='ltr'><strong>prohibuit,</strong></span> 
     </span>
    </p>
   </div>
   <div class='ocr_carea' id='block_1_21' title="bbox 494 2249 2065 2326">
    <p class='ocr_par' dir='ltr' id='par_1_21' title="bbox 494 2249 2065 2326">
     <span class='ocr_line' id='line_1_21' title="bbox 494 2249 2065 2326; baseline -0.007 -15"><span class='ocrx_word' id='word_1_161' title='bbox 494 2273 663 2326; x_wconf 88' lang='lat' dir='ltr'><strong>neque</strong></span> <span class='ocrx_word' id='word_1_162' title='bbox 703 2272 822 2312; x_wconf 90' lang='lat' dir='ltr'><strong>cum</strong></span> <span class='ocrx_word' id='word_1_163' title='bbox 868 2255 1209 2309; x_wconf 86' lang='lat' dir='ltr'><strong>recessissent</strong></span> <span class='ocrx_word' id='word_1_164' title='bbox 1249 2266 1414 2322; x_wconf 85' lang='lat' dir='ltr'><strong>usque</strong></span> <span class='ocrx_word' id='word_1_165' title='bbox 1443 2251 1494 2303; x_wconf 89' lang='lat' dir='ltr'><strong>in</strong></span> <span class='ocrx_word' id='word_1_166' title='bbox 1523 2250 1678 2303; x_wconf 87' lang='lat' dir='ltr'><strong>linem</strong></span> <span class='ocrx_word' id='word_1_167' title='bbox 1705 2249 1900 2303; x_wconf 63' lang='lat' dir='ltr'><strong>dimisit</strong></span> <span class='ocrx_word' id='word_1_168' title='bbox 1927 2265 1942 2314; x_wconf 88' lang='lat'>;</span> <span class='ocrx_word' id='word_1_169' title='bbox 1974 2249 2065 2303; x_wconf 86' lang='lat' dir='ltr'><strong>sed</strong></span> 
     </span>
    </p>
   </div>
   <div class='ocr_carea' id='block_1_22' title="bbox 491 2342 2066 2417">
    <p class='ocr_par' dir='ltr' id='par_1_22' title="bbox 491 2342 2066 2417">
     <span class='ocr_line' id='line_1_22' title="bbox 491 2342 2066 2417; baseline -0.003 -19"><span class='ocrx_word' id='word_1_170' title='bbox 491 2358 766 2417; x_wconf 58' lang='lat' dir='ltr'><strong>postquam</strong></span> <span class='ocrx_word' id='word_1_171' title='bbox 807 2344 1059 2401; x_wconf 87' lang='lat' dir='ltr'><strong>recedere</strong></span> <span class='ocrx_word' id='word_1_172' title='bbox 1087 2345 1332 2408; x_wconf 79' lang='lat' dir='ltr'><strong>sivisset,</strong></span> <span class='ocrx_word' id='word_1_173' title='bbox 1363 2342 1511 2397; x_wconf 80' lang='lat' dir='ltr'><strong>venit</strong></span> <span class='ocrx_word' id='word_1_174' title='bbox 1547 2356 1757 2395; x_wconf 85' lang='lat' dir='ltr'><strong>rursum</strong></span> <span class='ocrx_word' id='word_1_175' title='bbox 1800 2344 1940 2411; x_wconf 81' lang='lat' dir='ltr'><strong>ipsos</strong></span> <span class='ocrx_word' id='word_1_176' title='bbox 1980 2357 2066 2394; x_wconf 50' lang='lat' dir='ltr'><strong>re.</strong></span> 
     </span>
    </p>
   </div>
   <div class='ocr_carea' id='block_1_23' title="bbox 490 2434 1856 2509">
    <p class='ocr_par' dir='ltr' id='par_1_23' title="bbox 490 2434 1856 2509">
     <span class='ocr_line' id='line_1_23' title="bbox 490 2434 1856 2509; baseline -0.007 -17"><span class='ocrx_word' id='word_1_177' title='bbox 490 2442 748 2509; x_wconf 85' lang='lat' dir='ltr'><strong>petiturus</strong></span> <span class='ocrx_word' id='word_1_178' title='bbox 780 2461 794 2494; x_wconf 91' lang='lat'>:</span> <span class='ocrx_word' id='word_1_179' title='bbox 820 2439 906 2508; x_wconf 83' lang='lat' dir='ltr'><strong>qui</strong></span> <span class='ocrx_word' id='word_1_180' title='bbox 935 2437 1177 2506; x_wconf 78' lang='lat' dir='ltr'><strong>egregius</strong></span> <span class='ocrx_word' id='word_1_181' title='bbox 1199 2446 1283 2490; x_wconf 85' lang='lat' dir='ltr'><strong>est</strong></span> <span class='ocrx_word' id='word_1_182' title='bbox 1313 2434 1622 2504; x_wconf 88' lang='lat' dir='ltr'><strong>piscationis</strong></span> <span class='ocrx_word' id='word_1_183' title='bbox 1650 2435 1856 2487; x_wconf 89' lang='lat' dir='ltr'><strong>modus.</strong></span> 
     </span>
    </p>
   </div>
   <div class='ocr_carea' id='block_1_24' title="bbox 560 2522 2065 2593">
    <p class='ocr_par' dir='ltr' id='par_1_24' title="bbox 560 2522 2065 2593">
     <span class='ocr_line' id='line_1_24' title="bbox 560 2522 2065 2593; baseline -0.008 -6"><span class='ocrx_word' id='word_1_184' title='bbox 560 2531 759 2587; x_wconf 77' lang='lat' dir='ltr'><strong>Christo</strong></span> <span class='ocrx_word' id='word_1_185' title='bbox 787 2531 892 2584; x_wconf 75' lang='lat' dir='ltr'><strong>sine.</strong></span> <span class='ocrx_word' id='word_1_186' title='bbox 917 2545 1060 2581; x_wconf 86' lang='lat' dir='ltr'><strong>mora</strong></span> <span class='ocrx_word' id='word_1_187' title='bbox 1088 2525 1548 2593; x_wconf 74' lang='lat' dir='ltr'><strong>obtemperantium.</strong></span> <span class='ocrx_word' id='word_1_188' title='bbox 1581 2555 1650 2563; x_wconf 90' lang='lat'><strong>—-</strong></span> <span class='ocrx_word' id='word_1_189' title='bbox 1682 2522 1952 2590; x_wconf 80' lang='lat' dir='ltr'><strong>Perpende</strong></span> <span class='ocrx_word' id='word_1_190' title='bbox 1979 2539 2065 2575; x_wconf 81' lang='lat' dir='ltr'><strong>au-</strong></span> 
     </span>
    </p>
   </div>
   <div class='ocr_carea' id='block_1_25' title="bbox 490 2615 2068 2678">
    <p class='ocr_par' dir='ltr' id='par_1_25' title="bbox 490 2615 2068 2678">
     <span class='ocr_line' id='line_1_25' title="bbox 490 2615 2068 2678; baseline -0.009 0"><span class='ocrx_word' id='word_1_191' title='bbox 490 2635 595 2678; x_wconf 87' lang='lat' dir='ltr'><strong>tem</strong></span> <span class='ocrx_word' id='word_1_192' title='bbox 627 2624 832 2676; x_wconf 91' lang='lat' dir='ltr'><strong>illorum</strong></span> <span class='ocrx_word' id='word_1_193' title='bbox 859 2636 912 2676; x_wconf 89' lang='lat' dir='ltr'><strong>et</strong></span> <span class='ocrx_word' id='word_1_194' title='bbox 934 2620 1089 2673; x_wconf 72' lang='lat' dir='ltr'><strong>(idem</strong></span> <span class='ocrx_word' id='word_1_195' title='bbox 1113 2629 1164 2672; x_wconf 88' lang='lat' dir='ltr'><strong>et</strong></span> <span class='ocrx_word' id='word_1_196' title='bbox 1185 2616 1558 2671; x_wconf 84' lang='lat' dir='ltr'><strong>obedientiam.</strong></span> <span class='ocrx_word' id='word_1_197' title='bbox 1592 2616 1794 2668; x_wconf 78' lang='lat' dir='ltr'><strong>Etenim</strong></span> <span class='ocrx_word' id='word_1_198' title='bbox 1819 2616 1868 2668; x_wconf 88' lang='lat' dir='ltr'><strong>in</strong></span> <span class='ocrx_word' id='word_1_199' title='bbox 1894 2615 2068 2668; x_wconf 83' lang='lat' dir='ltr'><strong>medio</strong></span> 
     </span>
    </p>
   </div>
   <div class='ocr_carea' id='block_1_26' title="bbox 488 2699 2065 2782">
    <p class='ocr_par' dir='ltr' id='par_1_26' title="bbox 488 2699 2065 2782">
     <span class='ocr_line' id='line_1_26' title="bbox 488 2699 2065 2782; baseline -0.006 -14"><span class='ocrx_word' id='word_1_200' title='bbox 488 2729 655 2782; x_wconf 88' lang='lat' dir='ltr'><strong>opere</strong></span> <span class='ocrx_word' id='word_1_201' title='bbox 681 2712 849 2777; x_wconf 85' lang='lat' dir='ltr'><strong>(scitis</strong></span> <span class='ocrx_word' id='word_1_202' title='bbox 872 2721 1047 2764; x_wconf 87' lang='lat' dir='ltr'><strong>autem</strong></span> <span class='ocrx_word' id='word_1_203' title='bbox 1075 2699 1408 2778; x_wconf 61' lang='lat' dir='ltr'><strong>qmnfavida</strong></span> <span class='ocrx_word' id='word_1_204' title='bbox 1439 2722 1522 2761; x_wconf 82' lang='lat' dir='ltr'><strong>res</strong></span> <span class='ocrx_word' id='word_1_205' title='bbox 1553 2706 1620 2760; x_wconf 91' lang='lat' dir='ltr'><strong>sit</strong></span> <span class='ocrx_word' id='word_1_206' title='bbox 1649 2705 1890 2774; x_wconf 73' lang='lat' dir='ltr'><strong>piscatio)</strong></span> <span class='ocrx_word' id='word_1_207' title='bbox 1922 2706 2065 2759; x_wconf 86' lang='lat' dir='ltr'><strong>illum</strong></span> 
     </span>
    </p>
   </div>
   <div class='ocr_carea' id='block_1_27' title="bbox 486 2798 2088 2874">
    <p class='ocr_par' dir='ltr' id='par_1_27' title="bbox 486 2798 2088 2874">
     <span class='ocr_line' id='line_1_27' title="bbox 486 2798 2088 2874; baseline -0.003 -17"><span class='ocrx_word' id='word_1_208' title='bbox 486 2804 758 2874; x_wconf 72' lang='lat' dir='ltr'><strong>iubentem</strong></span> <span class='ocrx_word' id='word_1_209' title='bbox 787 2801 1064 2857; x_wconf 82' lang='lat' dir='ltr'><strong>audientes</strong></span> <span class='ocrx_word' id='word_1_210' title='bbox 1085 2843 1100 2863; x_wconf 93' lang='lat'><strong>,</strong></span> <span class='ocrx_word' id='word_1_211' title='bbox 1126 2815 1231 2851; x_wconf 88' lang='lat' dir='ltr'><strong>non</strong></span> <span class='ocrx_word' id='word_1_212' title='bbox 1258 2798 1578 2852; x_wconf 84' lang='lat' dir='ltr'><strong>distulerunt</strong></span> <span class='ocrx_word' id='word_1_213' title='bbox 1598 2839 1610 2861; x_wconf 91' lang='lat'><strong>,</strong></span> <span class='ocrx_word' id='word_1_214' title='bbox 1637 2812 1808 2865; x_wconf 86' lang='lat' dir='ltr'><strong>neque</strong></span> <span class='ocrx_word' id='word_1_215' title='bbox 1837 2806 2088 2860; x_wconf 71' lang='lat' dir='ltr'><strong>cunctati</strong></span> 
     </span>
    </p>
   </div>
   <div class='ocr_carea' id='block_1_28' title="bbox 486 2888 2070 2956">
    <p class='ocr_par' dir='ltr' id='par_1_28' title="bbox 486 2888 2070 2956">
     <span class='ocr_line' id='line_1_28' title="bbox 486 2888 2070 2956; baseline -0.004 -8"><span class='ocrx_word' id='word_1_216' title='bbox 486 2904 610 2950; x_wconf 78' lang='lat' dir='ltr'><strong>sunt</strong></span> <span class='ocrx_word' id='word_1_217' title='bbox 633 2913 644 2946; x_wconf 92' lang='lat'>:</span> <span class='ocrx_word' id='word_1_218' title='bbox 672 2911 775 2948; x_wconf 87' lang='lat' dir='ltr'><strong>non</strong></span> <span class='ocrx_word' id='word_1_219' title='bbox 799 2893 1068 2952; x_wconf 84' lang='lat' dir='ltr'><strong>dixerunt,</strong></span> <span class='ocrx_word' id='word_1_220' title='bbox 1093 2889 1310 2945; x_wconf 77' lang='lat' dir='ltr'><strong>Reversi</strong></span> <span class='ocrx_word' id='word_1_221' title='bbox 1337 2888 1576 2953; x_wconf 88' lang='lat' dir='ltr'><strong>domum,</strong></span> <span class='ocrx_word' id='word_1_222' title='bbox 1602 2888 1925 2956; x_wconf 88' lang='lat' dir='ltr'><strong>propinquos</strong></span> <span class='ocrx_word' id='word_1_223' title='bbox 1947 2889 2070 2941; x_wconf 84' lang='lat' dir='ltr'><strong>allo-</strong></span> 
     </span>
    </p>
   </div>
   <div class='ocr_carea' id='block_1_29' title="bbox 485 2979 2066 3053">
    <p class='ocr_par' dir='ltr' id='par_1_29' title="bbox 485 2979 2066 3053">
     <span class='ocr_line' id='line_1_29' title="bbox 485 2979 2066 3053; baseline -0.005 -15"><span class='ocrx_word' id='word_1_224' title='bbox 485 2999 714 3053; x_wconf 88' lang='lat' dir='ltr'><strong>quemur</strong></span> <span class='ocrx_word' id='word_1_225' title='bbox 743 2999 758 3036; x_wconf 87' lang='lat'><strong>:</strong></span> <span class='ocrx_word' id='word_1_226' title='bbox 789 2982 881 3036; x_wconf 89' lang='lat' dir='ltr'><strong>sed</strong></span> <span class='ocrx_word' id='word_1_227' title='bbox 919 2981 1117 3036; x_wconf 89' lang='lat' dir='ltr'><strong>relictis</strong></span> <span class='ocrx_word' id='word_1_228' title='bbox 1157 2979 1404 3034; x_wconf 82' lang='lat' dir='ltr'><strong>omnibus</strong></span> <span class='ocrx_word' id='word_1_229' title='bbox 1446 2979 1652 3046; x_wconf 88' lang='lat' dir='ltr'><strong>sequuti</strong></span> <span class='ocrx_word' id='word_1_230' title='bbox 1690 2988 1846 3043; x_wconf 88' lang='lat' dir='ltr'><strong>sunt,</strong></span> <span class='ocrx_word' id='word_1_231' title='bbox 1876 2993 2066 3047; x_wconf 85' lang='lat' dir='ltr'><strong>quem-</strong></span> 
     </span>
    </p>
   </div>
   <div class='ocr_carea' id='block_1_30' title="bbox 486 3068 2070 3138">
    <p class='ocr_par' dir='ltr' id='par_1_30' title="bbox 486 3068 2070 3138">
     <span class='ocr_line' id='line_1_30' title="bbox 486 3068 2070 3138; baseline 0 -14"><span class='ocrx_word' id='word_1_232' title='bbox 486 3072 770 3128; x_wconf 87' lang='lat' dir='ltr'><strong>admodum</strong></span> <span class='ocrx_word' id='word_1_233' title='bbox 806 3081 859 3126; x_wconf 89' lang='lat' dir='ltr'><strong>et</strong></span> <span class='ocrx_word' id='word_1_234' title='bbox 897 3071 1119 3126; x_wconf 75' lang='lat' dir='ltr'><strong>Eliszeus</strong></span> <span class='ocrx_word' id='word_1_235' title='bbox 1160 3070 1283 3123; x_wconf 89' lang='lat' dir='ltr'><strong>fecit</strong></span> <span class='ocrx_word' id='word_1_236' title='bbox 1319 3084 1438 3123; x_wconf 92' lang='lat' dir='ltr'><strong>cum</strong></span> <span class='ocrx_word' id='word_1_237' title='bbox 1484 3068 1620 3122; x_wconf 86' lang='lat' dir='ltr'><strong>Elia.</strong></span> <span class='ocrx_word' id='word_1_238' title='bbox 1657 3069 1838 3123; x_wconf 83' lang='lat' dir='ltr'><strong>Talem</strong></span> <span class='ocrx_word' id='word_1_239' title='bbox 1875 3069 2070 3138; x_wconf 82' lang='lat' dir='ltr'><strong>quippe</strong></span> 
     </span>
    </p>
   </div>
   <div class='ocr_carea' id='block_1_31' title="bbox 486 3159 2064 3229">
    <p class='ocr_par' dir='ltr' id='par_1_31' title="bbox 486 3159 2064 3229">
     <span class='ocr_line' id='line_1_31' title="bbox 486 3159 2064 3229; baseline -0.004 -12"><span class='ocrx_word' id='word_1_240' title='bbox 486 3162 730 3218; x_wconf 82' lang='lat' dir='ltr'><strong>Christus</strong></span> <span class='ocrx_word' id='word_1_241' title='bbox 756 3161 1109 3216; x_wconf 79' lang='lat' dir='ltr'><strong>obedientiam</strong></span> <span class='ocrx_word' id='word_1_242' title='bbox 1135 3160 1324 3229; x_wconf 79' lang='lat' dir='ltr'><strong>quaerit</strong></span> <span class='ocrx_word' id='word_1_243' title='bbox 1361 3172 1390 3211; x_wconf 72' lang='grc' dir='ltr'><strong>ε</strong></span> <span class='ocrx_word' id='word_1_244' title='bbox 1432 3159 1584 3213; x_wconf 89' lang='lat' dir='ltr'><strong>nobis</strong></span> <span class='ocrx_word' id='word_1_245' title='bbox 1609 3202 1622 3226; x_wconf 93' lang='lat'><strong>,</strong></span> <span class='ocrx_word' id='word_1_246' title='bbox 1650 3160 1719 3213; x_wconf 89' lang='lat' dir='ltr'><strong>ita</strong></span> <span class='ocrx_word' id='word_1_247' title='bbox 1763 3171 1817 3213; x_wconf 86' lang='lat' dir='ltr'><strong>ut</strong></span> <span class='ocrx_word' id='word_1_248' title='bbox 1851 3176 1917 3214; x_wconf 91' lang='lat' dir='ltr'><strong>ne</strong></span> <span class='ocrx_word' id='word_1_249' title='bbox 1949 3176 2064 3213; x_wconf 79' lang='lat' dir='ltr'><strong>mo-</strong></span> 
     </span>
    </p>
   </div>
   <div class='ocr_carea' id='block_1_32' title="bbox 487 3250 2064 3325">
    <p class='ocr_par' dir='ltr' id='par_1_32' title="bbox 487 3250 2064 3325">
     <span class='ocr_line' id='line_1_32' title="bbox 487 3250 2064 3325; baseline -0.002 -15"><span class='ocrx_word' id='word_1_250' title='bbox 487 3266 666 3310; x_wconf 88' lang='lat' dir='ltr'><strong>mento</strong></span> <span class='ocrx_word' id='word_1_251' title='bbox 700 3254 915 3325; x_wconf 86' lang='lat' dir='ltr'><strong>quidem</strong></span> <span class='ocrx_word' id='word_1_252' title='bbox 949 3252 1204 3322; x_wconf 87' lang='lat' dir='ltr'><strong>temporis</strong></span> <span class='ocrx_word' id='word_1_253' title='bbox 1241 3250 1548 3306; x_wconf 72' lang='lat' dir='ltr'><strong>differamus</strong></span> <span class='ocrx_word' id='word_1_254' title='bbox 1569 3293 1582 3314; x_wconf 89' lang='lat'><strong>,</strong></span> <span class='ocrx_word' id='word_1_255' title='bbox 1613 3252 1820 3306; x_wconf 88' lang='lat' dir='ltr'><strong>etiamsi</strong></span> <span class='ocrx_word' id='word_1_256' title='bbox 1848 3253 1971 3318; x_wconf 89' lang='lat' dir='ltr'><strong>quid</strong></span> <span class='ocrx_word' id='word_1_257' title='bbox 2000 3269 2064 3307; x_wconf 87' lang='lat' dir='ltr'><strong>ex</strong></span> 
     </span>
    </p>
   </div>
   <div class='ocr_carea' id='block_1_33' title="bbox 488 3341 2064 3410">
    <p class='ocr_par' dir='ltr' id='par_1_33' title="bbox 488 3341 2064 3410">
     <span class='ocr_line' id='line_1_33' title="bbox 488 3341 2064 3410; baseline -0.003 -10"><span class='ocrx_word' id='word_1_258' title='bbox 488 3344 772 3400; x_wconf 87' lang='lat' dir='ltr'><strong>admodum</strong></span> <span class='ocrx_word' id='word_1_259' title='bbox 813 3342 1134 3398; x_wconf 82' lang='lat' dir='ltr'><strong>necessariis</strong></span> <span class='ocrx_word' id='word_1_260' title='bbox 1172 3357 1360 3410; x_wconf 82' lang='lat' dir='ltr'><strong>urgere</strong></span> <span class='ocrx_word' id='word_1_261' title='bbox 1388 3341 1644 3395; x_wconf 87' lang='lat' dir='ltr'><strong>videatur.</strong></span> <span class='ocrx_word' id='word_1_262' title='bbox 1677 3341 1876 3396; x_wconf 90' lang='lat' dir='ltr'><strong>Idcirco</strong></span> <span class='ocrx_word' id='word_1_263' title='bbox 1907 3343 2064 3395; x_wconf 89' lang='lat' dir='ltr'><strong>alimu</strong></span> 
     </span>
    </p>
   </div>
   <div class='ocr_carea' id='block_1_34' title="bbox 488 3431 2062 3501">
    <p class='ocr_par' dir='ltr' id='par_1_34' title="bbox 488 3431 2062 3501">
     <span class='ocr_line' id='line_1_34' title="bbox 488 3431 2062 3501; baseline -0.001 -13"><span class='ocrx_word' id='word_1_264' title='bbox 488 3436 789 3492; x_wconf 78' lang='lat' dir='ltr'><strong>venientem</strong></span> <span class='ocrx_word' id='word_1_265' title='bbox 830 3443 885 3487; x_wconf 90' lang='lat' dir='ltr'><strong>et</strong></span> <span class='ocrx_word' id='word_1_266' title='bbox 927 3440 1198 3501; x_wconf 79' lang='lat' dir='ltr'><strong>rogantem</strong></span> <span class='ocrx_word' id='word_1_267' title='bbox 1235 3431 1333 3486; x_wconf 86' lang='lat' dir='ltr'><strong>sibi</strong></span> <span class='ocrx_word' id='word_1_268' title='bbox 1371 3432 1555 3485; x_wconf 83' lang='lat' dir='ltr'><strong>liceret</strong></span> <span class='ocrx_word' id='word_1_269' title='bbox 1597 3431 1823 3501; x_wconf 88' lang='lat' dir='ltr'><strong>sepelire</strong></span> <span class='ocrx_word' id='word_1_270' title='bbox 1864 3442 2062 3499; x_wconf 80' lang='lat' dir='ltr'><strong>patrem</strong></span> 
     </span>
    </p>
   </div>
   <div class='ocr_carea' id='block_1_35' title="bbox 487 3520 2070 3589">
    <p class='ocr_par' dir='ltr' id='par_1_35' title="bbox 487 3520 2070 3589">
     <span class='ocr_line' id='line_1_35' title="bbox 487 3520 2070 3589; baseline -0.003 -8"><span class='ocrx_word' id='word_1_271' title='bbox 487 3541 665 3583; x_wconf 87' lang='lat' dir='ltr'><strong>suum.</strong></span> <span class='ocrx_word' id='word_1_272' title='bbox 693 3539 760 3578; x_wconf 91' lang='lat' dir='ltr'><strong>ne</strong></span> <span class='ocrx_word' id='word_1_273' title='bbox 786 3523 910 3576; x_wconf 91' lang='lat' dir='ltr'><strong>illud</strong></span> <span class='ocrx_word' id='word_1_274' title='bbox 941 3522 1150 3589; x_wconf 86' lang='lat' dir='ltr'><strong>quidem</strong></span> <span class='ocrx_word' id='word_1_275' title='bbox 1172 3520 1346 3576; x_wconf 89' lang='lat' dir='ltr'><strong>facere</strong></span> <span class='ocrx_word' id='word_1_276' title='bbox 1375 3522 1630 3589; x_wconf 78' lang='lat' dir='ltr'><strong>permisit.</strong></span> <span class='ocrx_word' id='word_1_277' title='bbox 1655 3522 1960 3585; x_wconf 86' lang='lat' dir='ltr'><strong>ostendens,</strong></span> <span class='ocrx_word' id='word_1_278' title='bbox 1986 3537 2070 3576; x_wconf 81' lang='lat' dir='ltr'><strong>se-</strong></span> 
     </span>
    </p>
   </div>
   <div class='ocr_carea' id='block_1_36' title="bbox 487 3611 2069 3685">
    <p class='ocr_par' dir='ltr' id='par_1_36' title="bbox 487 3611 2069 3685">
     <span class='ocr_line' id='line_1_36' title="bbox 487 3611 2069 3685; baseline 0 -21"><span class='ocrx_word' id='word_1_279' title='bbox 487 3615 682 3685; x_wconf 83' lang='lat' dir='ltr'><strong>quendi</strong></span> <span class='ocrx_word' id='word_1_280' title='bbox 727 3612 992 3667; x_wconf 82' lang='lat' dir='ltr'><strong>Christum</strong></span> <span class='ocrx_word' id='word_1_281' title='bbox 1037 3611 1269 3666; x_wconf 82' lang='lat' dir='ltr'><strong>officium</strong></span> <span class='ocrx_word' id='word_1_282' title='bbox 1314 3625 1432 3667; x_wconf 83' lang='lat' dir='ltr'><strong>esse</strong></span> <span class='ocrx_word' id='word_1_283' title='bbox 1476 3611 1724 3665; x_wconf 89' lang='lat' dir='ltr'><strong>omnibus</strong></span> <span class='ocrx_word' id='word_1_284' title='bbox 1767 3612 2069 3666; x_wconf 80' lang='lat' dir='ltr'><strong>anteferen-</strong></span> 
     </span>
    </p>
   </div>
   <div class='ocr_carea' id='block_1_37' title="bbox 487 3704 2070 3776">
    <p class='ocr_par' dir='ltr' id='par_1_37' title="bbox 487 3704 2070 3776">
     <span class='ocr_line' id='line_1_37' title="bbox 487 3704 2070 3776; baseline -0.003 -14"><span class='ocrx_word' id='word_1_285' title='bbox 487 3709 611 3762; x_wconf 86' lang='lat' dir='ltr'><strong>dum</strong></span> <span class='ocrx_word' id='word_1_286' title='bbox 639 3707 828 3775; x_wconf 74' lang='grc' dir='ltr'><strong>(Μαηή</strong></span> <span class='ocrx_word' id='word_1_287' title='bbox 876 3705 929 3761; x_wconf 88' lang='lat'><strong>8.</strong></span> <span class='ocrx_word' id='word_1_288' title='bbox 960 3706 1021 3759; x_wconf 70' lang='lat'><strong>2|</strong></span> <span class='ocrx_word' id='word_1_289' title='bbox 1055 3704 1170 3776; x_wconf 64' lang='lat'><strong>92).</strong></span> <span class='ocrx_word' id='word_1_290' title='bbox 1199 3704 1254 3759; x_wconf 91' lang='lat' dir='ltr'><strong>Si</strong></span> <span class='ocrx_word' id='word_1_291' title='bbox 1284 3719 1410 3758; x_wconf 84' lang='lat' dir='ltr'><strong>vero</strong></span> <span class='ocrx_word' id='word_1_292' title='bbox 1436 3705 1635 3760; x_wconf 78' lang='lat' dir='ltr'><strong>dixeris</strong></span> <span class='ocrx_word' id='word_1_293' title='bbox 1667 3722 1680 3757; x_wconf 76' lang='grc' dir='ltr'>ε</span> <span class='ocrx_word' id='word_1_294' title='bbox 1712 3704 1934 3757; x_wconf 82' lang='lat' dir='ltr'><strong>Maxima</strong></span> <span class='ocrx_word' id='word_1_295' title='bbox 1955 3713 2070 3758; x_wconf 89' lang='lat' dir='ltr'><strong>erat</strong></span> 
     </span>
    </p>
   </div>
   <div class='ocr_carea' id='block_1_38' title="bbox 489 3794 2070 3868">
    <p class='ocr_par' dir='ltr' id='par_1_38' title="bbox 489 3794 2070 3868">
     <span class='ocr_line' id='line_1_38' title="bbox 489 3794 2070 3868; baseline -0.004 -16"><span class='ocrx_word' id='word_1_296' title='bbox 489 3798 772 3868; x_wconf 66' lang='lat' dir='ltr'><strong>promissio</strong></span> <span class='ocrx_word' id='word_1_297' title='bbox 802 3817 815 3851; x_wconf 89' lang='lat'><strong>:</strong></span> <span class='ocrx_word' id='word_1_298' title='bbox 846 3796 967 3851; x_wconf 90' lang='lat' dir='ltr'><strong>ideo</strong></span> <span class='ocrx_word' id='word_1_299' title='bbox 995 3795 1224 3850; x_wconf 80' lang='lat' dir='ltr'><strong>maxime</strong></span> <span class='ocrx_word' id='word_1_300' title='bbox 1249 3795 1415 3848; x_wconf 89' lang='lat' dir='ltr'><strong>miror</strong></span> <span class='ocrx_word' id='word_1_301' title='bbox 1442 3796 1582 3853; x_wconf 83' lang='lat' dir='ltr'><strong>illos.</strong></span> <span class='ocrx_word' id='word_1_302' title='bbox 1607 3794 1747 3862; x_wconf 91' lang='lat' dir='ltr'><strong>quod</strong></span> <span class='ocrx_word' id='word_1_303' title='bbox 1786 3811 1904 3847; x_wconf 89' lang='lat' dir='ltr'><strong>cum</strong></span> <span class='ocrx_word' id='word_1_304' title='bbox 1939 3811 2070 3846; x_wconf 82' lang='lat' dir='ltr'><strong>non-</strong></span> 
     </span>
    </p>
   </div>
   <div class='ocr_carea' id='block_1_39' title="bbox 488 3884 2066 3956">
    <p class='ocr_par' dir='ltr' id='par_1_39' title="bbox 488 3884 2066 3956">
     <span class='ocr_line' id='line_1_39' title="bbox 488 3884 2066 3956; baseline -0.003 -14"><span class='ocrx_word' id='word_1_305' title='bbox 488 3888 612 3942; x_wconf 89' lang='lat' dir='ltr'><strong>dum</strong></span> <span class='ocrx_word' id='word_1_306' title='bbox 653 3888 864 3956; x_wconf 77' lang='lat' dir='ltr'><strong>signum</strong></span> <span class='ocrx_word' id='word_1_307' title='bbox 899 3886 1190 3951; x_wconf 76' lang='lat' dir='ltr'><strong>vidissent,</strong></span> <span class='ocrx_word' id='word_1_308' title='bbox 1223 3893 1379 3940; x_wconf 69' lang='lat' dir='ltr'><strong>tanta</strong></span> <span class='ocrx_word' id='word_1_309' title='bbox 1420 3885 1756 3954; x_wconf 77' lang='lat' dir='ltr'><strong>promissioni</strong></span> <span class='ocrx_word' id='word_1_310' title='bbox 1787 3884 1941 3938; x_wconf 84' lang='lat' dir='ltr'><strong>fidem</strong></span> <span class='ocrx_word' id='word_1_311' title='bbox 1973 3885 2066 3938; x_wconf 88' lang='lat' dir='ltr'><strong>ha-</strong></span> 
     </span>
    </p>
   </div>
   <div class='ocr_carea' id='block_1_40' title="bbox 489 3975 2068 4046">
    <p class='ocr_par' dir='ltr' id='par_1_40' title="bbox 489 3975 2068 4046">
     <span class='ocr_line' id='line_1_40' title="bbox 489 3975 2068 4046; baseline -0.001 -13"><span class='ocrx_word' id='word_1_312' title='bbox 489 3979 701 4033; x_wconf 88' lang='lat' dir='ltr'><strong>buerint</strong></span> <span class='ocrx_word' id='word_1_313' title='bbox 723 4018 740 4042; x_wconf 88' lang='lat'><strong>,</strong></span> <span class='ocrx_word' id='word_1_314' title='bbox 766 3987 819 4031; x_wconf 90' lang='lat' dir='ltr'><strong>et</strong></span> <span class='ocrx_word' id='word_1_315' title='bbox 843 3978 1021 4032; x_wconf 85' lang='lat' dir='ltr'><strong>omnia</strong></span> <span class='ocrx_word' id='word_1_316' title='bbox 1063 3975 1454 4045; x_wconf 81' lang='lat' dir='ltr'><strong>postposuerint</strong></span> <span class='ocrx_word' id='word_1_317' title='bbox 1482 3987 1537 4028; x_wconf 89' lang='lat' dir='ltr'><strong>ut</strong></span> <span class='ocrx_word' id='word_1_318' title='bbox 1565 3976 1836 4029; x_wconf 82' lang='lat' dir='ltr'><strong>Christum</strong></span> <span class='ocrx_word' id='word_1_319' title='bbox 1876 3990 2068 4046; x_wconf 90' lang='lat' dir='ltr'><strong>seque-</strong></span> 
     </span>
    </p>
   </div>
   <div class='ocr_carea' id='block_1_41' title="bbox 491 4065 2064 4136">
    <p class='ocr_par' dir='ltr' id='par_1_41' title="bbox 491 4065 2064 4136">
     <span class='ocr_line' id='line_1_41' title="bbox 491 4065 2064 4136; baseline -0.003 -12"><span class='ocrx_word' id='word_1_320' title='bbox 491 4079 677 4126; x_wconf 84' lang='lat' dir='ltr'><strong>rentur</strong></span> <span class='ocrx_word' id='word_1_321' title='bbox 705 4087 716 4120; x_wconf 85' lang='lat'><strong>:</strong></span> <span class='ocrx_word' id='word_1_322' title='bbox 745 4084 864 4123; x_wconf 89' lang='lat' dir='ltr'><strong>nam</strong></span> <span class='ocrx_word' id='word_1_323' title='bbox 893 4067 1237 4123; x_wconf 87' lang='lat' dir='ltr'><strong>crediderunt</strong></span> <span class='ocrx_word' id='word_1_324' title='bbox 1264 4081 1323 4121; x_wconf 89' lang='lat' dir='ltr'><strong>se</strong></span> <span class='ocrx_word' id='word_1_325' title='bbox 1353 4067 1509 4135; x_wconf 80' lang='lat' dir='ltr'><strong>posse</strong></span> <span class='ocrx_word' id='word_1_326' title='bbox 1539 4081 1631 4136; x_wconf 86' lang='lat' dir='ltr'><strong>per</strong></span> <span class='ocrx_word' id='word_1_327' title='bbox 1654 4065 1840 4121; x_wconf 87' lang='lat' dir='ltr'><strong>eadem</strong></span> <span class='ocrx_word' id='word_1_328' title='bbox 1872 4069 2026 4122; x_wconf 83' lang='lat' dir='ltr'><strong>verba</strong></span> <span class='ocrx_word' id='word_1_329' title='bbox 2051 4112 2064 4130; x_wconf 87' lang='lat'><strong>,</strong></span> 
     </span>
    </p>
   </div>
   <div class='ocr_carea' id='block_1_42' title="bbox 489 4153 2066 4234">
    <p class='ocr_par' dir='ltr' id='par_1_42' title="bbox 489 4153 2066 4234">
     <span class='ocr_line' id='line_1_42' title="bbox 489 4153 2066 4234; baseline 0 -18"><span class='ocrx_word' id='word_1_330' title='bbox 489 4153 642 4234; x_wconf 83' lang='lat' dir='ltr'><strong>queis</strong></span> <span class='ocrx_word' id='word_1_331' title='bbox 676 4163 812 4230; x_wconf 84' lang='lat' dir='ltr'><strong>capti</strong></span> <span class='ocrx_word' id='word_1_332' title='bbox 860 4161 1100 4226; x_wconf 84' lang='lat' dir='ltr'><strong>fuerant,</strong></span> <span class='ocrx_word' id='word_1_333' title='bbox 1145 4161 1279 4215; x_wconf 90' lang='lat' dir='ltr'><strong>alios</strong></span> <span class='ocrx_word' id='word_1_334' title='bbox 1322 4161 1534 4227; x_wconf 87' lang='lat' dir='ltr'><strong>piscari.</strong></span> <span class='ocrx_word' id='word_1_335' title='bbox 1579 4161 1674 4215; x_wconf 82' lang='lat' dir='ltr'><strong>His</strong></span> <span class='ocrx_word' id='word_1_336' title='bbox 1717 4162 1894 4231; x_wconf 89' lang='lat' dir='ltr'><strong>itaque</strong></span> <span class='ocrx_word' id='word_1_337' title='bbox 1939 4163 2066 4217; x_wconf 89' lang='lat' dir='ltr'><strong>illud</strong></span> 
     </span>
    </p>
   </div>
   <div class='ocr_carea' id='block_1_43' title="bbox 491 4247 2067 4325">
    <p class='ocr_par' dir='ltr' id='par_1_43' title="bbox 491 4247 2067 4325">
     <span class='ocr_line' id='line_1_43' title="bbox 491 4247 2067 4325; baseline -0.003 -16"><span class='ocrx_word' id='word_1_338' title='bbox 491 4254 734 4325; x_wconf 80' lang='lat' dir='ltr'><strong>promisit</strong></span> <span class='ocrx_word' id='word_1_339' title='bbox 765 4270 779 4306; x_wconf 88' lang='lat'>:</span> <span class='ocrx_word' id='word_1_340' title='bbox 806 4251 1010 4306; x_wconf 72' lang='lat' dir='ltr'><strong>Iacobo</strong></span> <span class='ocrx_word' id='word_1_341' title='bbox 1042 4257 1301 4306; x_wconf 80' lang='lat' dir='ltr'><strong>autemet</strong></span> <span class='ocrx_word' id='word_1_342' title='bbox 1327 4247 1520 4304; x_wconf 77' lang='lat' dir='ltr'><strong>Joanni</strong></span> <span class='ocrx_word' id='word_1_343' title='bbox 1553 4250 1681 4303; x_wconf 83' lang='lat' dir='ltr'><strong>nihil</strong></span> <span class='ocrx_word' id='word_1_344' title='bbox 1717 4253 1889 4306; x_wconf 88' lang='lat' dir='ltr'><strong>simile</strong></span> <span class='ocrx_word' id='word_1_345' title='bbox 1917 4252 2067 4305; x_wconf 85' lang='lat' dir='ltr'><strong>dixit.</strong></span> 
     </span>
    </p>
   </div>
   <div class='ocr_carea' id='block_1_44' title="bbox 490 4329 2069 4412">
    <p class='ocr_par' dir='ltr' id='par_1_44' title="bbox 490 4329 2069 4412">
     <span class='ocr_line' id='line_1_44' title="bbox 490 4329 2069 4412; baseline -0.002 -13"><span class='ocrx_word' id='word_1_346' title='bbox 490 4344 621 4399; x_wconf 83' lang='lat' dir='ltr'><strong>Nam</strong></span> <span class='ocrx_word' id='word_1_347' title='bbox 652 4343 888 4412; x_wconf 83' lang='lat' dir='ltr'><strong>priorum</strong></span> <span class='ocrx_word' id='word_1_348' title='bbox 919 4340 1264 4408; x_wconf 83' lang='lat' dir='ltr'><strong>obsequentia</strong></span> <span class='ocrx_word' id='word_1_349' title='bbox 1296 4339 1377 4392; x_wconf 86' lang='lat' dir='ltr'><strong>his</strong></span> <span class='ocrx_word' id='word_1_350' title='bbox 1405 4329 1542 4393; x_wconf 75' lang='lat' dir='ltr'><strong>viain</strong></span> <span class='ocrx_word' id='word_1_351' title='bbox 1571 4342 1793 4409; x_wconf 89' lang='lat' dir='ltr'><strong>paravit.</strong></span> <span class='ocrx_word' id='word_1_352' title='bbox 1829 4343 2069 4411; x_wconf 84' lang='lat' dir='ltr'><strong>Alioquin</strong></span> 
     </span>
    </p>
   </div>
   <div class='ocr_carea' id='block_1_45' title="bbox 493 4429 2068 4502">
    <p class='ocr_par' dir='ltr' id='par_1_45' title="bbox 493 4429 2068 4502">
     <span class='ocr_line' id='line_1_45' title="bbox 493 4429 2068 4502; baseline -0.002 -15"><span class='ocrx_word' id='word_1_353' title='bbox 493 4448 620 4489; x_wconf 86' lang='lat' dir='ltr'><strong>vero</strong></span> <span class='ocrx_word' id='word_1_354' title='bbox 639 4433 747 4502; x_wconf 66' lang='lat' dir='ltr'><strong>iam</strong></span> <span class='ocrx_word' id='word_1_355' title='bbox 774 4431 994 4501; x_wconf 85' lang='lat' dir='ltr'><strong>plurima</strong></span> <span class='ocrx_word' id='word_1_356' title='bbox 1020 4429 1088 4483; x_wconf 90' lang='lat' dir='ltr'><strong>de</strong></span> <span class='ocrx_word' id='word_1_357' title='bbox 1117 4429 1234 4499; x_wconf 89' lang='lat' dir='ltr'><strong>ipso</strong></span> <span class='ocrx_word' id='word_1_358' title='bbox 1257 4429 1552 4484; x_wconf 80' lang='lat' dir='ltr'><strong>audierant.</strong></span> <span class='ocrx_word' id='word_1_359' title='bbox 1580 4430 1711 4484; x_wconf 84' lang='lat' dir='ltr'><strong>Vide</strong></span> <span class='ocrx_word' id='word_1_360' title='bbox 1737 4446 1894 4500; x_wconf 88' lang='lat' dir='ltr'><strong>porro</strong></span> <span class='ocrx_word' id='word_1_361' title='bbox 1913 4448 2068 4501; x_wconf 87' lang='lat' dir='ltr'><strong>quam</strong></span> 
     </span>
    </p>
   </div>
   <div class='ocr_carea' id='block_1_46' title="bbox 491 4521 2072 4590">
    <p class='ocr_par' dir='ltr' id='par_1_46' title="bbox 491 4521 2072 4590">
     <span class='ocr_line' id='line_1_46' title="bbox 491 4521 2072 4590; baseline -0.004 -8"><span class='ocrx_word' id='word_1_362' title='bbox 491 4536 736 4582; x_wconf 76' lang='lat' dir='ltr'><strong>accurate</strong></span> <span class='ocrx_word' id='word_1_363' title='bbox 779 4523 931 4578; x_wconf 88' lang='lat' dir='ltr'><strong>nobis</strong></span> <span class='ocrx_word' id='word_1_364' title='bbox 971 4521 1179 4574; x_wconf 89' lang='lat' dir='ltr'><strong>illorum</strong></span> <span class='ocrx_word' id='word_1_365' title='bbox 1220 4529 1583 4590; x_wconf 79' lang='lat' dir='ltr'><strong>paupertatem</strong></span> <span class='ocrx_word' id='word_1_366' title='bbox 1613 4521 1827 4576; x_wconf 90' lang='lat' dir='ltr'><strong>indicet.</strong></span> <span class='ocrx_word' id='word_1_367' title='bbox 1872 4523 2072 4576; x_wconf 83' lang='lat' dir='ltr'><strong>Invenit</strong></span> 
     </span>
    </p>
   </div>
   <div class='ocr_carea' id='block_1_47' title="bbox 492 4611 2066 4683">
    <p class='ocr_par' dir='ltr' id='par_1_47' title="bbox 492 4611 2066 4683">
     <span class='ocr_line' id='line_1_47' title="bbox 492 4611 2066 4683; baseline -0.001 -13"><span class='ocrx_word' id='word_1_368' title='bbox 492 4616 635 4671; x_wconf 88' lang='lat' dir='ltr'><strong>enim</strong></span> <span class='ocrx_word' id='word_1_369' title='bbox 667 4616 786 4669; x_wconf 89' lang='lat' dir='ltr'><strong>illos</strong></span> <span class='ocrx_word' id='word_1_370' title='bbox 811 4611 1111 4668; x_wconf 86' lang='lat' dir='ltr'><strong>reﬂeientes</strong></span> <span class='ocrx_word' id='word_1_371' title='bbox 1145 4611 1277 4667; x_wconf 81' lang='lat' dir='ltr'><strong>retia</strong></span> <span class='ocrx_word' id='word_1_372' title='bbox 1319 4627 1434 4665; x_wconf 86' lang='lat' dir='ltr'><strong>sua.</strong></span> <span class='ocrx_word' id='word_1_373' title='bbox 1463 4611 1632 4666; x_wconf 79' lang='lat' dir='ltr'><strong>Tanta</strong></span> <span class='ocrx_word' id='word_1_374' title='bbox 1676 4623 1790 4667; x_wconf 89' lang='lat' dir='ltr'><strong>erat</strong></span> <span class='ocrx_word' id='word_1_375' title='bbox 1827 4625 2032 4683; x_wconf 74' lang='lat' dir='ltr'><strong>egestas</strong></span> <span class='ocrx_word' id='word_1_376' title='bbox 2052 4656 2066 4678; x_wconf 91' lang='lat'><strong>,</strong></span> 
     </span>
    </p>
   </div>
   <div class='ocr_carea' id='block_1_48' title="bbox 493 4701 2064 4772">
    <p class='ocr_par' dir='ltr' id='par_1_48' title="bbox 493 4701 2064 4772">
     <span class='ocr_line' id='line_1_48' title="bbox 493 4701 2064 4772; baseline -0.003 -12"><span class='ocrx_word' id='word_1_377' title='bbox 493 4715 553 4760; x_wconf 78' lang='lat' dir='ltr'><strong>ut</strong></span> <span class='ocrx_word' id='word_1_378' title='bbox 581 4715 758 4760; x_wconf 81' lang='lat' dir='ltr'><strong>vetera</strong></span> <span class='ocrx_word' id='word_1_379' title='bbox 786 4710 1165 4769; x_wconf 82' lang='lat' dir='ltr'><strong>restaurarent,</strong></span> <span class='ocrx_word' id='word_1_380' title='bbox 1197 4701 1336 4771; x_wconf 88' lang='lat' dir='ltr'><strong>quod</strong></span> <span class='ocrx_word' id='word_1_381' title='bbox 1366 4717 1470 4755; x_wconf 89' lang='lat' dir='ltr'><strong>non</strong></span> <span class='ocrx_word' id='word_1_382' title='bbox 1497 4709 1718 4772; x_wconf 84' lang='lat' dir='ltr'><strong>possent</strong></span> <span class='ocrx_word' id='word_1_383' title='bbox 1743 4703 1839 4755; x_wconf 86' lang='lat' dir='ltr'><strong>alia</strong></span> <span class='ocrx_word' id='word_1_384' title='bbox 1869 4720 2064 4758; x_wconf 87' lang='lat' dir='ltr'><strong>emere.</strong></span> 
     </span>
    </p>
   </div>
   <div class='ocr_carea' id='block_1_49' title="bbox 493 4792 2068 4860">
    <p class='ocr_par' dir='ltr' id='par_1_49' title="bbox 493 4792 2068 4860">
     <span class='ocr_line' id='line_1_49' title="bbox 493 4792 2068 4860; baseline -0.008 -6"><span class='ocrx_word' id='word_1_385' title='bbox 493 4798 601 4854; x_wconf 76' lang='lat' dir='ltr'><strong>Nec</strong></span> <span class='ocrx_word' id='word_1_386' title='bbox 639 4795 856 4850; x_wconf 90' lang='lat' dir='ltr'><strong>minima</strong></span> <span class='ocrx_word' id='word_1_387' title='bbox 897 4793 1106 4848; x_wconf 87' lang='lat' dir='ltr'><strong>interim</strong></span> <span class='ocrx_word' id='word_1_388' title='bbox 1151 4793 1264 4846; x_wconf 59' lang='lat' dir='ltr'><strong>haec</strong></span> <span class='ocrx_word' id='word_1_389' title='bbox 1299 4799 1381 4846; x_wconf 91' lang='lat' dir='ltr'><strong>est</strong></span> <span class='ocrx_word' id='word_1_390' title='bbox 1421 4793 1629 4845; x_wconf 77' lang='lat' dir='ltr'><strong>virtutis</strong></span> <span class='ocrx_word' id='word_1_391' title='bbox 1659 4792 2068 4860; x_wconf 78' lang='lat' dir='ltr'><strong>demonstratio,</strong></span> 
     </span>
    </p>
   </div>
   <div class='ocr_carea' id='block_1_50' title="bbox 493 4883 2069 4962">
    <p class='ocr_par' dir='ltr' id='par_1_50' title="bbox 493 4883 2069 4962">
     <span class='ocr_line' id='line_1_50' title="bbox 493 4883 2069 4962; baseline -0.004 -18"><span class='ocrx_word' id='word_1_392' title='bbox 493 4895 855 4962; x_wconf 81' lang='lat' dir='ltr'><strong>paupertatem</strong></span> <span class='ocrx_word' id='word_1_393' title='bbox 888 4885 958 4939; x_wconf 87' lang='lat' dir='ltr'><strong>ita</strong></span> <span class='ocrx_word' id='word_1_394' title='bbox 1001 4885 1156 4939; x_wconf 82' lang='lat' dir='ltr'><strong>facile</strong></span> <span class='ocrx_word' id='word_1_395' title='bbox 1191 4883 1330 4939; x_wconf 88' lang='lat' dir='ltr'><strong>ferre</strong></span> <span class='ocrx_word' id='word_1_396' title='bbox 1356 4925 1371 4948; x_wconf 92' lang='lat'><strong>,</strong></span> <span class='ocrx_word' id='word_1_397' title='bbox 1397 4899 1462 4937; x_wconf 85' lang='lat' dir='ltr'><strong>ex</strong></span> <span class='ocrx_word' id='word_1_398' title='bbox 1501 4884 1661 4948; x_wconf 76' lang='lat' dir='ltr'><strong>iustis</strong></span> <span class='ocrx_word' id='word_1_399' title='bbox 1700 4883 1961 4939; x_wconf 87' lang='lat' dir='ltr'><strong>laboribus</strong></span> <span class='ocrx_word' id='word_1_400' title='bbox 1992 4888 2069 4938; x_wconf 84' lang='lat' dir='ltr'><strong>vi-</strong></span> 
     </span>
    </p>
   </div>
   <div class='ocr_carea' id='block_1_51' title="bbox 491 4975 2068 5046">
    <p class='ocr_par' dir='ltr' id='par_1_51' title="bbox 491 4975 2068 5046">
     <span class='ocr_line' id='line_1_51' title="bbox 491 4975 2068 5046; baseline -0.003 -10"><span class='ocrx_word' id='word_1_401' title='bbox 491 4992 634 5036; x_wconf 89' lang='lat' dir='ltr'><strong>ctum</strong></span> <span class='ocrx_word' id='word_1_402' title='bbox 659 4993 864 5046; x_wconf 80' lang='lat' dir='ltr'><strong>parare,</strong></span> <span class='ocrx_word' id='word_1_403' title='bbox 890 4985 1068 5030; x_wconf 85' lang='lat' dir='ltr'><strong>mutua</strong></span> <span class='ocrx_word' id='word_1_404' title='bbox 1096 4975 1319 5030; x_wconf 86' lang='lat' dir='ltr'><strong>invicem</strong></span> <span class='ocrx_word' id='word_1_405' title='bbox 1343 4975 1564 5030; x_wconf 84' lang='lat' dir='ltr'><strong>caritate</strong></span> <span class='ocrx_word' id='word_1_406' title='bbox 1584 4977 1845 5041; x_wconf 76' lang='lat' dir='ltr'><strong>conneCti,</strong></span> <span class='ocrx_word' id='word_1_407' title='bbox 1871 4988 2068 5045; x_wconf 86' lang='lat' dir='ltr'><strong>patrem</strong></span> 
     </span>
    </p>
   </div>
   <div class='ocr_carea' id='block_1_52' title="bbox 491 5063 2072 5134">
    <p class='ocr_par' dir='ltr' id='par_1_52' title="bbox 491 5063 2072 5134">
     <span class='ocr_line' id='line_1_52' title="bbox 491 5063 2072 5134; baseline -0.001 -10"><span class='ocrx_word' id='word_1_408' title='bbox 491 5084 671 5125; x_wconf 88' lang='lat' dir='ltr'><strong>secum</strong></span> <span class='ocrx_word' id='word_1_409' title='bbox 701 5066 914 5132; x_wconf 81' lang='lat' dir='ltr'><strong>habere,</strong></span> <span class='ocrx_word' id='word_1_410' title='bbox 939 5066 1143 5134; x_wconf 80' lang='lat' dir='ltr'><strong>ipsique</strong></span> <span class='ocrx_word' id='word_1_411' title='bbox 1169 5063 1429 5118; x_wconf 78' lang='lat' dir='ltr'><strong>famulari.</strong></span> <span class='ocrx_word' id='word_1_412' title='bbox 1458 5063 1744 5134; x_wconf 86' lang='lat' dir='ltr'><strong>Postquam</strong></span> <span class='ocrx_word' id='word_1_413' title='bbox 1772 5065 1926 5134; x_wconf 79' lang='lat' dir='ltr'><strong>igitur</strong></span> <span class='ocrx_word' id='word_1_414' title='bbox 1953 5067 2072 5122; x_wconf 87' lang='lat' dir='ltr'><strong>illos</strong></span> 
     </span>
    </p>
   </div>
   <div class='ocr_carea' id='block_1_53' title="bbox 493 5155 2070 5231">
    <p class='ocr_par' dir='ltr' id='par_1_53' title="bbox 493 5155 2070 5231">
     <span class='ocr_line' id='line_1_53' title="bbox 493 5155 2070 5231; baseline 0.001 -19"><span class='ocrx_word' id='word_1_415' title='bbox 493 5163 736 5231; x_wconf 73' lang='lat' dir='ltr'><strong>piscatus</strong></span> <span class='ocrx_word' id='word_1_416' title='bbox 754 5159 958 5222; x_wconf 88' lang='lat' dir='ltr'><strong>fuisset,</strong></span> <span class='ocrx_word' id='word_1_417' title='bbox 982 5166 1106 5212; x_wconf 92' lang='lat' dir='ltr'><strong>tunc</strong></span> <span class='ocrx_word' id='word_1_418' title='bbox 1131 5159 1294 5224; x_wconf 77' lang='lat' dir='ltr'><strong>cteplt</strong></span> <span class='ocrx_word' id='word_1_419' title='bbox 1318 5155 1422 5210; x_wconf 91' lang='lat' dir='ltr'><strong>illis</strong></span> <span class='ocrx_word' id='word_1_420' title='bbox 1449 5157 1799 5226; x_wconf 67' lang='lat' dir='ltr'><strong>prmsentibus</strong></span> <span class='ocrx_word' id='word_1_421' title='bbox 1820 5159 2070 5213; x_wconf 89' lang='lat' dir='ltr'><strong>miracula</strong></span> 
     </span>
    </p>
   </div>
   <div class='ocr_carea' id='block_1_54' title="bbox 493 5247 2074 5321">
    <p class='ocr_par' dir='ltr' id='par_1_54' title="bbox 493 5247 2074 5321">
     <span class='ocr_line' id='line_1_54' title="bbox 493 5247 2074 5321; baseline -0.001 -14"><span class='ocrx_word' id='word_1_422' title='bbox 493 5253 654 5307; x_wconf 86' lang='lat' dir='ltr'><strong>cdere</strong></span> <span class='ocrx_word' id='word_1_423' title='bbox 677 5295 692 5316; x_wconf 91' lang='lat'><strong>,</strong></span> <span class='ocrx_word' id='word_1_424' title='bbox 723 5266 922 5321; x_wconf 83' lang='lat' dir='ltr'><strong>perque</strong></span> <span class='ocrx_word' id='word_1_425' title='bbox 950 5265 1010 5303; x_wconf 90' lang='lat' dir='ltr'><strong>ea</strong></span> <span class='ocrx_word' id='word_1_426' title='bbox 1041 5265 1159 5318; x_wconf 71' lang='lat' dir='ltr'><strong>qum</strong></span> <span class='ocrx_word' id='word_1_427' title='bbox 1188 5263 1216 5301; x_wconf 90' lang='lat' dir='ltr'><strong>a</strong></span> <span class='ocrx_word' id='word_1_428' title='bbox 1244 5247 1446 5303; x_wconf 80' lang='lat' dir='ltr'><strong>Joanne</strong></span> <span class='ocrx_word' id='word_1_429' title='bbox 1469 5249 1535 5303; x_wconf 90' lang='lat' dir='ltr'><strong>de</strong></span> <span class='ocrx_word' id='word_1_430' title='bbox 1566 5249 1678 5316; x_wconf 88' lang='lat' dir='ltr'><strong>ipso</strong></span> <span class='ocrx_word' id='word_1_431' title='bbox 1708 5249 1842 5303; x_wconf 90' lang='lat' dir='ltr'><strong>dicta</strong></span> <span class='ocrx_word' id='word_1_432' title='bbox 1869 5253 2074 5307; x_wconf 77' lang='lat' dir='ltr'><strong>fuerant</strong></span> 
     </span>
    </p>
   </div>
   <div class='ocr_carea' id='block_1_55' title="bbox 493 5339 2073 5410">
    <p class='ocr_par' dir='ltr' id='par_1_55' title="bbox 493 5339 2073 5410">
     <span class='ocr_line' id='line_1_55' title="bbox 493 5339 2073 5410; baseline 0 -16"><span class='ocrx_word' id='word_1_433' title='bbox 493 5339 863 5394; x_wconf 77' lang='lat' dir='ltr'><strong>conﬁrmabat.</strong></span> <span class='ocrx_word' id='word_1_434' title='bbox 895 5340 1199 5410; x_wconf 81' lang='lat' dir='ltr'><strong>Synagogas</strong></span> <span class='ocrx_word' id='word_1_435' title='bbox 1225 5351 1385 5406; x_wconf 89' lang='lat' dir='ltr'><strong>porro</strong></span> <span class='ocrx_word' id='word_1_436' title='bbox 1416 5339 1803 5407; x_wconf 83' lang='lat' dir='ltr'><strong>frequentabat,</strong></span> <span class='ocrx_word' id='word_1_437' title='bbox 1837 5340 1958 5394; x_wconf 88' lang='lat' dir='ltr'><strong>hinc</strong></span> <span class='ocrx_word' id='word_1_438' title='bbox 1981 5341 2073 5396; x_wconf 80' lang='lat' dir='ltr'><strong>Ju-</strong></span> 
     </span>
    </p>
   </div>
   <div class='ocr_carea' id='block_1_56' title="bbox 496 5429 2073 5494">
    <p class='ocr_par' dir='ltr' id='par_1_56' title="bbox 496 5429 2073 5494">
     <span class='ocr_line' id='line_1_56' title="bbox 496 5429 2073 5494; baseline 0.001 -10"><span class='ocrx_word' id='word_1_439' title='bbox 496 5433 642 5485; x_wconf 80' lang='lat' dir='ltr'><strong>daeos</strong></span> <span class='ocrx_word' id='word_1_440' title='bbox 671 5431 866 5485; x_wconf 87' lang='lat' dir='ltr'><strong>docens</strong></span> <span class='ocrx_word' id='word_1_441' title='bbox 892 5446 949 5486; x_wconf 87' lang='lat' dir='ltr'><strong>se</strong></span> <span class='ocrx_word' id='word_1_442' title='bbox 979 5445 1081 5484; x_wconf 88' lang='lat' dir='ltr'><strong>non</strong></span> <span class='ocrx_word' id='word_1_443' title='bbox 1113 5444 1231 5483; x_wconf 86' lang='lat' dir='ltr'><strong>esse</strong></span> <span class='ocrx_word' id='word_1_444' title='bbox 1259 5429 1366 5482; x_wconf 89' lang='lat' dir='ltr'><strong>Deo</strong></span> <span class='ocrx_word' id='word_1_445' title='bbox 1391 5429 1778 5494; x_wconf 84' lang='lat' dir='ltr'><strong>adversarium,</strong></span> <span class='ocrx_word' id='word_1_446' title='bbox 1807 5433 1888 5485; x_wconf 85' lang='lat' dir='ltr'><strong>vel</strong></span> <span class='ocrx_word' id='word_1_447' title='bbox 1917 5435 2073 5486; x_wconf 87' lang='lat' dir='ltr'><strong>sedu-</strong></span> 
     </span>
    </p>
   </div>
   <div class='ocr_carea' id='block_1_57' title="bbox 497 5523 2070 5587">
    <p class='ocr_par' dir='ltr' id='par_1_57' title="bbox 497 5523 2070 5587">
     <span class='ocr_line' id='line_1_57' title="bbox 497 5523 2070 5587; baseline 0.002 -9"><span class='ocrx_word' id='word_1_448' title='bbox 497 5536 722 5587; x_wconf 86' lang='lat' dir='ltr'><strong>ctorem,</strong></span> <span class='ocrx_word' id='word_1_449' title='bbox 746 5525 835 5578; x_wconf 88' lang='lat' dir='ltr'><strong>sed</strong></span> <span class='ocrx_word' id='word_1_450' title='bbox 858 5540 976 5579; x_wconf 91' lang='lat' dir='ltr'><strong>cum</strong></span> <span class='ocrx_word' id='word_1_451' title='bbox 1007 5524 1162 5578; x_wconf 86' lang='lat' dir='ltr'><strong>Patre</strong></span> <span class='ocrx_word' id='word_1_452' title='bbox 1184 5524 1601 5578; x_wconf 84' lang='lat' dir='ltr'><strong>consentientem</strong></span> <span class='ocrx_word' id='word_1_453' title='bbox 1625 5523 1918 5580; x_wconf 88' lang='lat' dir='ltr'><strong>advenisse.</strong></span> <span class='ocrx_word' id='word_1_454' title='bbox 1941 5527 2070 5582; x_wconf 91' lang='lat' dir='ltr'><strong>Cum</strong></span> 
     </span>
    </p>
   </div>
   <div class='ocr_carea' id='block_1_58' title="bbox 498 5613 2072 5689">
    <p class='ocr_par' dir='ltr' id='par_1_58' title="bbox 498 5613 2072 5689">
     <span class='ocr_line' id='line_1_58' title="bbox 498 5613 2072 5689; baseline 0.003 -22"><span class='ocrx_word' id='word_1_455' title='bbox 498 5629 674 5668; x_wconf 85' lang='lat' dir='ltr'><strong>autem</strong></span> <span class='ocrx_word' id='word_1_456' title='bbox 704 5615 754 5667; x_wconf 91' lang='lat' dir='ltr'><strong>in</strong></span> <span class='ocrx_word' id='word_1_457' title='bbox 787 5613 917 5668; x_wconf 91' lang='lat' dir='ltr'><strong>locis</strong></span> <span class='ocrx_word' id='word_1_458' title='bbox 950 5624 1273 5682; x_wconf 74' lang='lat' dir='ltr'><strong>versaretur,</strong></span> <span class='ocrx_word' id='word_1_459' title='bbox 1297 5629 1402 5668; x_wconf 88' lang='lat' dir='ltr'><strong>non</strong></span> <span class='ocrx_word' id='word_1_460' title='bbox 1433 5613 1592 5689; x_wconf 83' lang='lat' dir='ltr'><strong>modo</strong></span> <span class='ocrx_word' id='word_1_461' title='bbox 1618 5614 1956 5684; x_wconf 76' lang='lat' dir='ltr'><strong>przedicabat,</strong></span> <span class='ocrx_word' id='word_1_462' title='bbox 1979 5620 2072 5672; x_wconf 82' lang='lat' dir='ltr'><strong>sed</strong></span> 
     </span>
    </p>
   </div>
   <div class='ocr_carea' id='block_1_59' title="bbox 500 5705 1077 5773">
    <p class='ocr_par' dir='ltr' id='par_1_59' title="bbox 500 5705 1077 5773">
     <span class='ocr_line' id='line_1_59' title="bbox 500 5705 1077 5773; baseline -0.01 -12"><span class='ocrx_word' id='word_1_463' title='bbox 500 5707 660 5761; x_wconf 79' lang='lat' dir='ltr'><strong>etiam</strong></span> <span class='ocrx_word' id='word_1_464' title='bbox 691 5707 839 5773; x_wconf 85' lang='lat' dir='ltr'><strong>signa</strong></span> <span class='ocrx_word' id='word_1_465' title='bbox 871 5705 1077 5759; x_wconf 76' lang='lat' dir='ltr'><strong>edebat.</strong></span> 
     </span>
    </p>
   </div>
   <div class='ocr_carea' id='block_1_60' title="bbox 571 5794 2066 5873">
    <p class='ocr_par' dir='ltr' id='par_1_60' title="bbox 571 5794 2066 5873">
     <span class='ocr_line' id='line_1_60' title="bbox 571 5794 2066 5873; baseline 0.002 -19"><span class='ocrx_word' id='word_1_466' title='bbox 571 5796 625 5854; x_wconf 78' lang='lat'><strong>5.</strong></span> <span class='ocrx_word' id='word_1_467' title='bbox 659 5795 859 5867; x_wconf 87' lang='lat' dir='ltr'><strong>Ubique</strong></span> <span class='ocrx_word' id='word_1_468' title='bbox 887 5796 1047 5860; x_wconf 88' lang='lat' dir='ltr'><strong>enim,</strong></span> <span class='ocrx_word' id='word_1_469' title='bbox 1081 5796 1124 5851; x_wconf 90' lang='lat' dir='ltr'><strong>si</strong></span> <span class='ocrx_word' id='word_1_470' title='bbox 1150 5794 1360 5866; x_wconf 88' lang='lat' dir='ltr'><strong>quando</strong></span> <span class='ocrx_word' id='word_1_471' title='bbox 1381 5812 1466 5853; x_wconf 88' lang='lat' dir='ltr'><strong>res</strong></span> <span class='ocrx_word' id='word_1_472' title='bbox 1497 5796 1708 5855; x_wconf 85' lang='lat' dir='ltr'><strong>insolita</strong></span> <span class='ocrx_word' id='word_1_473' title='bbox 1729 5809 1781 5856; x_wconf 91' lang='lat' dir='ltr'><strong>et</strong></span> <span class='ocrx_word' id='word_1_474' title='bbox 1803 5801 2066 5873; x_wconf 81' lang='lat' dir='ltr'><strong>inopinata</strong></span> 
     </span>
    </p>
   </div>
   <div class='ocr_carea' id='block_1_61' title="bbox 1301 408 3093 471">
    <p class='ocr_par' dir='ltr' id='par_1_61' title="bbox 1301 408 3093 471">
     <span class='ocr_line' id='line_1_61' title="bbox 1301 408 3093 471; baseline -0.002 -1"><span class='ocrx_word' id='word_1_475' title='bbox 1301 414 1359 470; x_wconf 74' lang='grc' dir='ltr'><strong>Β.</strong></span> <span class='ocrx_word' id='word_1_476' title='bbox 1387 413 1660 470; x_wconf 66' lang='grc' dir='ltr'><strong>ΙΟᾹΝΝῙΞ</strong></span> <span class='ocrx_word' id='word_1_477' title='bbox 1696 410 2168 468; x_wconf 73' lang='lat' dir='ltr'><strong>CHRYSOSTOMI</strong></span> <span class='ocrx_word' id='word_1_478' title='bbox 2208 408 2520 467; x_wconf 81' lang='lat' dir='ltr'><strong>ARCIIIEP.</strong></span> <span class='ocrx_word' id='word_1_479' title='bbox 2561 413 3093 471; x_wconf 78' lang='lat' dir='ltr'><strong>CONSTANTINOP.</strong></span> 
     </span>
    </p>
   </div>
   <div class='ocr_carea' id='block_1_62' title="bbox 3666 416 3769 474">
    <p class='ocr_par' dir='ltr' id='par_1_62' title="bbox 3666 416 3769 474">
     <span class='ocr_line' id='line_1_62' title="bbox 3666 416 3769 474; baseline 0 0"><span class='ocrx_word' id='word_1_480' title='bbox 3666 416 3769 474; x_wconf 74' lang='lat'><strong>220</strong></span> 
     </span>
    </p>
   </div>
   <div class='ocr_carea' id='block_1_63' title="bbox 2178 522 3766 600">
    <p class='ocr_par' dir='ltr' id='par_1_63' title="bbox 2178 522 3766 600">
     <span class='ocr_line' id='line_1_63' title="bbox 2178 522 3766 600; baseline 0.006 -25"><span class='ocrx_word' id='word_1_481' title='bbox 2178 522 2416 587; x_wconf 82' lang='lat' dir='ltr'><strong>accidat,</strong></span> <span class='ocrx_word' id='word_1_482' title='bbox 2449 524 2493 579; x_wconf 87' lang='lat' dir='ltr'><strong>si</strong></span> <span class='ocrx_word' id='word_1_483' title='bbox 2537 539 2731 580; x_wconf 80' lang='lat' dir='ltr'><strong>novum</strong></span> <span class='ocrx_word' id='word_1_484' title='bbox 2771 525 3054 583; x_wconf 83' lang='lat' dir='ltr'><strong>inducatur</strong></span> <span class='ocrx_word' id='word_1_485' title='bbox 3091 527 3211 583; x_wconf 67' lang='lat' dir='ltr'><strong>vitae</strong></span> <span class='ocrx_word' id='word_1_486' title='bbox 3252 528 3548 583; x_wconf 85' lang='lat' dir='ltr'><strong>institutum</strong></span> <span class='ocrx_word' id='word_1_487' title='bbox 3573 570 3587 594; x_wconf 89' lang='lat'><strong>,</strong></span> <span class='ocrx_word' id='word_1_488' title='bbox 3619 531 3766 600; x_wconf 82' lang='lat' dir='ltr'><strong>signa</strong></span> 
     </span>
    </p>
   </div>
   <div class='ocr_carea' id='block_1_64' title="bbox 2179 613 3768 690">
    <p class='ocr_par' dir='ltr' id='par_1_64' title="bbox 2179 613 3768 690">
     <span class='ocr_line' id='line_1_64' title="bbox 2179 613 3768 690; baseline 0.006 -24"><span class='ocrx_word' id='word_1_489' title='bbox 2179 613 2312 668; x_wconf 84' lang='lat' dir='ltr'><strong>solet</strong></span> <span class='ocrx_word' id='word_1_490' title='bbox 2344 614 2481 670; x_wconf 86' lang='lat' dir='ltr'><strong>Dens</strong></span> <span class='ocrx_word' id='word_1_491' title='bbox 2507 615 2683 672; x_wconf 88' lang='lat' dir='ltr'><strong>facere</strong></span> <span class='ocrx_word' id='word_1_492' title='bbox 2702 659 2716 682; x_wconf 86' lang='lat'><strong>,</strong></span> <span class='ocrx_word' id='word_1_493' title='bbox 2749 616 3000 685; x_wconf 82' lang='lat' dir='ltr'><strong>potentia:</strong></span> <span class='ocrx_word' id='word_1_494' title='bbox 3031 632 3143 673; x_wconf 62' lang='lat' dir='ltr'><strong>sua</strong></span> <span class='ocrx_word' id='word_1_495' title='bbox 3175 619 3389 690; x_wconf 77' lang='lat' dir='ltr'><strong>pignora</strong></span> <span class='ocrx_word' id='word_1_496' title='bbox 3433 622 3677 685; x_wconf 66' lang='lat' dir='ltr'><strong>pra-beas</strong></span> <span class='ocrx_word' id='word_1_497' title='bbox 3705 624 3768 676; x_wconf 88' lang='lat' dir='ltr'><strong>iis</strong></span> 
     </span>
    </p>
   </div>
   <div class='ocr_carea' id='block_1_65' title="bbox 2175 703 3764 777">
    <p class='ocr_par' dir='ltr' id='par_1_65' title="bbox 2175 703 3764 777">
     <span class='ocr_line' id='line_1_65' title="bbox 2175 703 3764 777; baseline 0.005 -21"><span class='ocrx_word' id='word_1_498' title='bbox 2175 703 2266 773; x_wconf 91' lang='lat' dir='ltr'><strong>qui</strong></span> <span class='ocrx_word' id='word_1_499' title='bbox 2306 705 2449 775; x_wconf 81' lang='lat' dir='ltr'><strong>leges</strong></span> <span class='ocrx_word' id='word_1_500' title='bbox 2480 706 2774 775; x_wconf 88' lang='lat' dir='ltr'><strong>suscepturi</strong></span> <span class='ocrx_word' id='word_1_501' title='bbox 2804 717 2948 761; x_wconf 87' lang='lat' dir='ltr'><strong>sunt.</strong></span> <span class='ocrx_word' id='word_1_502' title='bbox 2989 706 3077 762; x_wconf 89' lang='lat' dir='ltr'><strong>Sic</strong></span> <span class='ocrx_word' id='word_1_503' title='bbox 3117 709 3294 777; x_wconf 83' lang='lat' dir='ltr'><strong>itaque</strong></span> <span class='ocrx_word' id='word_1_504' title='bbox 3335 726 3453 764; x_wconf 87' lang='lat' dir='ltr'><strong>cum</strong></span> <span class='ocrx_word' id='word_1_505' title='bbox 3497 710 3764 766; x_wconf 79' lang='lat' dir='ltr'><strong>hominem</strong></span> 
     </span>
    </p>
   </div>
   <div class='ocr_carea' id='block_1_66' title="bbox 2179 794 3760 870">
    <p class='ocr_par' dir='ltr' id='par_1_66' title="bbox 2179 794 3760 870">
     <span class='ocr_line' id='line_1_66' title="bbox 2179 794 3760 870; baseline 0.006 -24"><span class='ocrx_word' id='word_1_506' title='bbox 2179 794 2411 848; x_wconf 84' lang='lat' dir='ltr'><strong>facturus</strong></span> <span class='ocrx_word' id='word_1_507' title='bbox 2437 805 2592 860; x_wconf 88' lang='lat' dir='ltr'><strong>erat,</strong></span> <span class='ocrx_word' id='word_1_508' title='bbox 2625 796 2876 850; x_wconf 88' lang='lat' dir='ltr'><strong>mundum</strong></span> <span class='ocrx_word' id='word_1_509' title='bbox 2919 807 3086 851; x_wconf 85' lang='lat' dir='ltr'><strong>totum</strong></span> <span class='ocrx_word' id='word_1_510' title='bbox 3121 800 3322 854; x_wconf 83' lang='lat' dir='ltr'><strong>creavit</strong></span> <span class='ocrx_word' id='word_1_511' title='bbox 3345 841 3358 862; x_wconf 84' lang='lat'><strong>,</strong></span> <span class='ocrx_word' id='word_1_512' title='bbox 3392 810 3624 870; x_wconf 65' lang='lat' dir='ltr'><strong>hincque</strong></span> <span class='ocrx_word' id='word_1_513' title='bbox 3661 801 3760 868; x_wconf 83' lang='lat' dir='ltr'><strong>ipsi</strong></span> 
     </span>
    </p>
   </div>
   <div class='ocr_carea' id='block_1_67' title="bbox 2176 885 3767 963">
    <p class='ocr_par' dir='ltr' id='par_1_67' title="bbox 2176 885 3767 963">
     <span class='ocr_line' id='line_1_67' title="bbox 2176 885 3767 963; baseline 0.008 -25"><span class='ocrx_word' id='word_1_514' title='bbox 2176 885 2344 955; x_wconf 81' lang='lat' dir='ltr'><strong>legem</strong></span> <span class='ocrx_word' id='word_1_515' title='bbox 2391 887 2570 941; x_wconf 82' lang='lat' dir='ltr'><strong>illam&#39;</strong></span> <span class='ocrx_word' id='word_1_516' title='bbox 2612 890 2667 942; x_wconf 75' lang='lat' dir='ltr'><strong>in‘</strong></span> <span class='ocrx_word' id='word_1_517' title='bbox 2707 889 2954 956; x_wconf 86' lang='lat' dir='ltr'><strong>paradiso</strong></span> <span class='ocrx_word' id='word_1_518' title='bbox 2989 890 3156 944; x_wconf 84' lang='lat' dir='ltr'><strong>dedit.</strong></span> <span class='ocrx_word' id='word_1_519' title='bbox 3195 891 3259 946; x_wconf 85' lang='lat' dir='ltr'><strong>Et</strong></span> <span class='ocrx_word' id='word_1_520' title='bbox 3298 907 3418 947; x_wconf 90' lang='lat' dir='ltr'><strong>cum</strong></span> <span class='ocrx_word' id='word_1_521' title='bbox 3461 892 3587 947; x_wconf 65' lang='lat' dir='ltr'><strong>Non:</strong></span> <span class='ocrx_word' id='word_1_522' title='bbox 3622 893 3767 963; x_wconf 78' lang='lat' dir='ltr'><strong>leges</strong></span> 
     </span>
    </p>
   </div>
   <div class='ocr_carea' id='block_1_68' title="bbox 2177 977 3767 1054">
    <p class='ocr_par' dir='ltr' id='par_1_68' title="bbox 2177 977 3767 1054">
     <span class='ocr_line' id='line_1_68' title="bbox 2177 977 3767 1054; baseline 0.008 -27"><span class='ocrx_word' id='word_1_523' title='bbox 2177 977 2443 1044; x_wconf 79' lang='lat' dir='ltr'><strong>positurus</strong></span> <span class='ocrx_word' id='word_1_524' title='bbox 2472 988 2604 1044; x_wconf 84' lang='lat' dir='ltr'><strong>erat,</strong></span> <span class='ocrx_word' id='word_1_525' title='bbox 2635 993 2824 1048; x_wconf 87' lang='lat' dir='ltr'><strong>magna</strong></span> <span class='ocrx_word' id='word_1_526' title='bbox 2857 996 3066 1036; x_wconf 83' lang='lat' dir='ltr'><strong>rursum</strong></span> <span class='ocrx_word' id='word_1_527' title='bbox 3096 981 3340 1038; x_wconf 78' lang='lat' dir='ltr'><strong>exhibuit</strong></span> <span class='ocrx_word' id='word_1_528' title='bbox 3368 985 3643 1048; x_wconf 77' lang='lat' dir='ltr'><strong>miracula.</strong></span> <span class='ocrx_word' id='word_1_529' title='bbox 3672 1001 3767 1054; x_wconf 75' lang='lat' dir='ltr'><strong>prr</strong></span> 
     </span>
    </p>
   </div>
   <div class='ocr_carea' id='block_1_69' title="bbox 2175 1074 3764 1139">
    <p class='ocr_par' dir='ltr' id='par_1_69' title="bbox 2175 1074 3764 1139">
     <span class='ocr_line' id='line_1_69' title="bbox 2175 1074 3764 1139; baseline 0.009 -21"><span class='ocrx_word' id='word_1_530' title='bbox 2175 1083 2294 1135; x_wconf 70' lang='lat' dir='ltr'><strong>qute</strong></span> <span class='ocrx_word' id='word_1_531' title='bbox 2325 1078 2486 1123; x_wconf 89' lang='lat' dir='ltr'><strong>totam</strong></span> <span class='ocrx_word' id='word_1_532' title='bbox 2516 1074 2830 1126; x_wconf 84' lang='lat' dir='ltr'><strong>restauravit</strong></span> <span class='ocrx_word' id='word_1_533' title='bbox 2854 1083 3174 1139; x_wconf 89' lang='lat' dir='ltr'><strong>creaturam,</strong></span> <span class='ocrx_word' id='word_1_534' title='bbox 3199 1085 3253 1129; x_wconf 91' lang='lat' dir='ltr'><strong>ct</strong></span> <span class='ocrx_word' id='word_1_535' title='bbox 3279 1075 3315 1129; x_wconf 71' lang='grc' dir='ltr'><strong>ι)</strong></span> <span class='ocrx_word' id='word_1_536' title='bbox 3353 1077 3606 1131; x_wconf 86' lang='lat' dir='ltr'><strong>rrendum</strong></span> <span class='ocrx_word' id='word_1_537' title='bbox 3639 1077 3764 1132; x_wconf 85' lang='lat' dir='ltr'><strong>illud</strong></span> 
     </span>
    </p>
   </div>
   <div class='ocr_carea' id='block_1_70' title="bbox 2175 1161 3757 1242">
    <p class='ocr_par' dir='ltr' id='par_1_70' title="bbox 2175 1161 3757 1242">
     <span class='ocr_line' id='line_1_70' title="bbox 2175 1161 3757 1242; baseline 0.009 -29"><span class='ocrx_word' id='word_1_538' title='bbox 2175 1161 2392 1229; x_wconf 76' lang='lat' dir='ltr'><strong>pelagus</strong></span> <span class='ocrx_word' id='word_1_539' title='bbox 2422 1178 2514 1230; x_wconf 87' lang='lat' dir='ltr'><strong>per</strong></span> <span class='ocrx_word' id='word_1_540' title='bbox 2538 1178 2736 1217; x_wconf 88' lang='lat' dir='ltr'><strong>annum</strong></span> <span class='ocrx_word' id='word_1_541' title='bbox 2769 1173 2934 1219; x_wconf 87' lang='lat' dir='ltr'><strong>totum</strong></span> <span class='ocrx_word' id='word_1_542' title='bbox 2973 1166 3213 1223; x_wconf 86' lang='lat' dir='ltr'><strong>obtinere</strong></span> <span class='ocrx_word' id='word_1_543' title='bbox 3243 1170 3483 1236; x_wconf 81' lang='lat' dir='ltr'><strong>curavit,</strong></span> <span class='ocrx_word' id='word_1_544' title='bbox 3518 1187 3613 1241; x_wconf 86' lang='lat' dir='ltr'><strong>per</strong></span> <span class='ocrx_word' id='word_1_545' title='bbox 3639 1189 3757 1242; x_wconf 73' lang='lat' dir='ltr'><strong>qua:</strong></span> 
     </span>
    </p>
   </div>
   <div class='ocr_carea' id='block_1_71' title="bbox 2175 1249 3759 1326">
    <p class='ocr_par' dir='ltr' id='par_1_71' title="bbox 2175 1249 3759 1326">
     <span class='ocr_line' id='line_1_71' title="bbox 2175 1249 3759 1326; baseline 0.011 -24"><span class='ocrx_word' id='word_1_546' title='bbox 2175 1249 2336 1302; x_wconf 85' lang='lat' dir='ltr'><strong>etiam</strong></span> <span class='ocrx_word' id='word_1_547' title='bbox 2381 1250 2583 1318; x_wconf 80' lang='lat' dir='ltr'><strong>justum</strong></span> <span class='ocrx_word' id='word_1_548' title='bbox 2638 1253 2784 1307; x_wconf 87' lang='lat' dir='ltr'><strong>illum</strong></span> <span class='ocrx_word' id='word_1_549' title='bbox 2842 1255 2892 1308; x_wconf 91' lang='lat' dir='ltr'><strong>in</strong></span> <span class='ocrx_word' id='word_1_550' title='bbox 2947 1266 3089 1311; x_wconf 84' lang='lat' dir='ltr'><strong>tanta</strong></span> <span class='ocrx_word' id='word_1_551' title='bbox 3144 1267 3461 1326; x_wconf 85' lang='lat' dir='ltr'><strong>tempestate</strong></span> <span class='ocrx_word' id='word_1_552' title='bbox 3506 1264 3759 1322; x_wconf 77' lang='lat' dir='ltr'><strong>servavit.</strong></span> 
     </span>
    </p>
   </div>
   <div class='ocr_carea' id='block_1_72' title="bbox 2174 1342 3762 1420">
    <p class='ocr_par' dir='ltr' id='par_1_72' title="bbox 2174 1342 3762 1420">
     <span class='ocr_line' id='line_1_72' title="bbox 2174 1342 3762 1420; baseline 0.008 -27"><span class='ocrx_word' id='word_1_553' title='bbox 2174 1342 2402 1397; x_wconf 70' lang='lat' dir='ltr'><strong>Abraha:</strong></span> <span class='ocrx_word' id='word_1_554' title='bbox 2433 1359 2644 1410; x_wconf 82' lang='lat' dir='ltr'><strong>quoque</strong></span> <span class='ocrx_word' id='word_1_555' title='bbox 2675 1347 2840 1400; x_wconf 88' lang='lat' dir='ltr'><strong>multa</strong></span> <span class='ocrx_word' id='word_1_556' title='bbox 2886 1348 3034 1416; x_wconf 84' lang='lat' dir='ltr'><strong>signa</strong></span> <span class='ocrx_word' id='word_1_557' title='bbox 3078 1350 3359 1416; x_wconf 68' lang='lat' dir='ltr'><strong>prsestitit;</strong></span> <span class='ocrx_word' id='word_1_558' title='bbox 3390 1354 3536 1406; x_wconf 85' lang='lat' dir='ltr'><strong>verbi</strong></span> <span class='ocrx_word' id='word_1_559' title='bbox 3568 1369 3724 1410; x_wconf 72' lang='lat' dir='ltr'><strong>causa</strong></span> <span class='ocrx_word' id='word_1_560' title='bbox 3747 1394 3762 1420; x_wconf 92' lang='lat'><strong>,</strong></span> 
     </span>
    </p>
   </div>
   <div class='ocr_carea' id='block_1_73' title="bbox 2179 1435 3765 1515">
    <p class='ocr_par' dir='ltr' id='par_1_73' title="bbox 2179 1435 3765 1515">
     <span class='ocr_line' id='line_1_73' title="bbox 2179 1435 3765 1515; baseline 0.011 -31"><span class='ocrx_word' id='word_1_561' title='bbox 2179 1435 2449 1488; x_wconf 86' lang='lat' dir='ltr'><strong>victoriam</strong></span> <span class='ocrx_word' id='word_1_562' title='bbox 2480 1435 2530 1488; x_wconf 90' lang='lat' dir='ltr'><strong>in</strong></span> <span class='ocrx_word' id='word_1_563' title='bbox 2563 1436 2722 1501; x_wconf 84' lang='lat' dir='ltr'><strong>bello,</strong></span> <span class='ocrx_word' id='word_1_564' title='bbox 2755 1438 2960 1506; x_wconf 80' lang='lat' dir='ltr'><strong>plagam</strong></span> <span class='ocrx_word' id='word_1_565' title='bbox 2992 1439 3252 1495; x_wconf 88' lang='lat' dir='ltr'><strong>Pharaoni</strong></span> <span class='ocrx_word' id='word_1_566' title='bbox 3286 1443 3597 1510; x_wconf 87' lang='lat' dir='ltr'><strong>immissam,</strong></span> <span class='ocrx_word' id='word_1_567' title='bbox 3625 1463 3656 1499; x_wconf 81' lang='lat' dir='ltr'><strong>a</strong></span> <span class='ocrx_word' id='word_1_568' title='bbox 3683 1463 3765 1515; x_wconf 84' lang='lat' dir='ltr'><strong>pc-</strong></span> 
     </span>
    </p>
   </div>
   <div class='ocr_carea' id='block_1_74' title="bbox 2177 1523 3764 1602">
    <p class='ocr_par' dir='ltr' id='par_1_74' title="bbox 2177 1523 3764 1602">
     <span class='ocr_line' id='line_1_74' title="bbox 2177 1523 3764 1602; baseline 0.009 -25"><span class='ocrx_word' id='word_1_569' title='bbox 2177 1523 2353 1577; x_wconf 88' lang='lat' dir='ltr'><strong>ricnlis</strong></span> <span class='ocrx_word' id='word_1_570' title='bbox 2389 1527 2734 1593; x_wconf 84' lang='lat' dir='ltr'><strong>ereptionem.</strong></span> <span class='ocrx_word' id='word_1_571' title='bbox 2770 1528 3012 1598; x_wconf 83' lang='lat' dir='ltr'><strong>Cumque</strong></span> <span class='ocrx_word' id='word_1_572' title='bbox 3055 1531 3253 1586; x_wconf 80' lang='lat' dir='ltr'><strong>.Iudaeis</strong></span> <span class='ocrx_word' id='word_1_573' title='bbox 3293 1534 3437 1602; x_wconf 81' lang='lat' dir='ltr'><strong>leges</strong></span> <span class='ocrx_word' id='word_1_574' title='bbox 3471 1544 3764 1591; x_wconf 68' lang='lat' dir='ltr'><strong>statuturos</strong></span> 
     </span>
    </p>
   </div>
   <div class='ocr_carea' id='block_1_75' title="bbox 2173 1613 3763 1692">
    <p class='ocr_par' dir='ltr' id='par_1_75' title="bbox 2173 1613 3763 1692">
     <span class='ocr_line' id='line_1_75' title="bbox 2173 1613 3763 1692; baseline 0.01 -27"><span class='ocrx_word' id='word_1_575' title='bbox 2173 1623 2335 1676; x_wconf 80' lang='lat' dir='ltr'><strong>esset,</strong></span> <span class='ocrx_word' id='word_1_576' title='bbox 2365 1613 2616 1668; x_wconf 73' lang='lat' dir='ltr'><strong>miracula</strong></span> <span class='ocrx_word' id='word_1_577' title='bbox 2647 1616 2731 1668; x_wconf 89' lang='lat' dir='ltr'><strong>illa</strong></span> <span class='ocrx_word' id='word_1_578' title='bbox 2766 1615 2909 1678; x_wconf 69' lang='lat' dir='ltr'><strong>fecit,</strong></span> <span class='ocrx_word' id='word_1_579' title='bbox 2939 1626 2991 1670; x_wconf 75' lang='lat' dir='ltr'><strong>ct</strong></span> <span class='ocrx_word' id='word_1_580' title='bbox 3020 1620 3257 1688; x_wconf 79' lang='lat' dir='ltr'><strong>prodigia</strong></span> <span class='ocrx_word' id='word_1_581' title='bbox 3300 1638 3510 1692; x_wconf 85' lang='lat' dir='ltr'><strong>magna,</strong></span> <span class='ocrx_word' id='word_1_582' title='bbox 3540 1634 3763 1692; x_wconf 78' lang='lat' dir='ltr'><strong>tuncque</strong></span> 
     </span>
    </p>
   </div>
   <div class='ocr_carea' id='block_1_76' title="bbox 2176 1703 3762 1781">
    <p class='ocr_par' dir='ltr' id='par_1_76' title="bbox 2176 1703 3762 1781">
     <span class='ocr_line' id='line_1_76' title="bbox 2176 1703 3762 1781; baseline 0.009 -27"><span class='ocrx_word' id='word_1_583' title='bbox 2176 1703 2344 1772; x_wconf 80' lang='lat' dir='ltr'><strong>legem</strong></span> <span class='ocrx_word' id='word_1_584' title='bbox 2379 1703 2541 1756; x_wconf 84' lang='lat' dir='ltr'><strong>dedit.</strong></span> <span class='ocrx_word' id='word_1_585' title='bbox 2573 1706 2644 1758; x_wconf 88' lang='lat' dir='ltr'><strong>lta</strong></span> <span class='ocrx_word' id='word_1_586' title='bbox 2679 1717 2726 1759; x_wconf 91' lang='lat' dir='ltr'><strong>et</strong></span> <span class='ocrx_word' id='word_1_587' title='bbox 2757 1723 2895 1760; x_wconf 91' lang='lat' dir='ltr'><strong>nunc</strong></span> <span class='ocrx_word' id='word_1_588' title='bbox 2923 1709 3193 1763; x_wconf 79' lang='lat' dir='ltr'><strong>excelsum</strong></span> <span class='ocrx_word' id='word_1_589' title='bbox 3231 1713 3515 1781; x_wconf 81' lang='lat' dir='ltr'><strong>quodpiam</strong></span> <span class='ocrx_word' id='word_1_590' title='bbox 3548 1715 3762 1769; x_wconf 85' lang='lat' dir='ltr'><strong>institu-</strong></span> 
     </span>
    </p>
   </div>
   <div class='ocr_carea' id='block_1_77' title="bbox 2177 1796 3766 1876">
    <p class='ocr_par' dir='ltr' id='par_1_77' title="bbox 2177 1796 3766 1876">
     <span class='ocr_line' id='line_1_77' title="bbox 2177 1796 3766 1876; baseline 0.007 -28"><span class='ocrx_word' id='word_1_591' title='bbox 2177 1806 2284 1848; x_wconf 87' lang='lat' dir='ltr'><strong>tum</strong></span> <span class='ocrx_word' id='word_1_592' title='bbox 2329 1796 2643 1851; x_wconf 85' lang='lat' dir='ltr'><strong>inducturus</strong></span> <span class='ocrx_word' id='word_1_593' title='bbox 2665 1840 2676 1854; x_wconf 93' lang='lat'><strong>.</strong></span> <span class='ocrx_word' id='word_1_594' title='bbox 2712 1814 2879 1867; x_wconf 84' lang='lat' dir='ltr'><strong>caque</strong></span> <span class='ocrx_word' id='word_1_595' title='bbox 2912 1800 3153 1853; x_wconf 85' lang='lat' dir='ltr'><strong>dicturus</strong></span> <span class='ocrx_word' id='word_1_596' title='bbox 3193 1802 3294 1856; x_wconf 83' lang='lat' dir='ltr'><strong>illis</strong></span> <span class='ocrx_word' id='word_1_597' title='bbox 3321 1819 3440 1873; x_wconf 65' lang='lat' dir='ltr'><strong>quae</strong></span> <span class='ocrx_word' id='word_1_598' title='bbox 3475 1821 3766 1876; x_wconf 79' lang='lat' dir='ltr'><strong>numquam</strong></span> 
     </span>
    </p>
   </div>
   <div class='ocr_carea' id='block_1_78' title="bbox 2176 1891 3762 1958">
    <p class='ocr_par' dir='ltr' id='par_1_78' title="bbox 2176 1891 3762 1958">
     <span class='ocr_line' id='line_1_78' title="bbox 2176 1891 3762 1958; baseline 0.008 -19"><span class='ocrx_word' id='word_1_599' title='bbox 2176 1892 2488 1954; x_wconf 76' lang='lat' dir='ltr'><strong>audierant,</strong></span> <span class='ocrx_word' id='word_1_600' title='bbox 2515 1891 2830 1943; x_wconf 77' lang='lat' dir='ltr'><strong>miraliilinm</strong></span> <span class='ocrx_word' id='word_1_601' title='bbox 2854 1895 3164 1958; x_wconf 77' lang='lat' dir='ltr'><strong>opera&#39;ionc</strong></span> <span class='ocrx_word' id='word_1_602' title='bbox 3186 1894 3320 1948; x_wconf 89' lang='lat' dir='ltr'><strong>dicta</strong></span> <span class='ocrx_word' id='word_1_603' title='bbox 3345 1910 3437 1948; x_wconf 81' lang='lat' dir='ltr'><strong>Sua</strong></span> <span class='ocrx_word' id='word_1_604' title='bbox 3459 1898 3762 1952; x_wconf 82' lang='lat' dir='ltr'><strong>confirmat.</strong></span> 
     </span>
    </p>
   </div>
   <div class='ocr_carea' id='block_1_79' title="bbox 2175 1980 3764 2051">
    <p class='ocr_par' dir='ltr' id='par_1_79' title="bbox 2175 1980 3764 2051">
     <span class='ocr_line' id='line_1_79' title="bbox 2175 1980 3764 2051; baseline 0.003 -19"><span class='ocrx_word' id='word_1_605' title='bbox 2175 1980 2433 2046; x_wconf 67' lang='lat' dir='ltr'><strong>Quoniam</strong></span> <span class='ocrx_word' id='word_1_606' title='bbox 2463 1981 2600 2033; x_wconf 86' lang='lat' dir='ltr'><strong>enim</strong></span> <span class='ocrx_word' id='word_1_607' title='bbox 2633 1995 2848 2048; x_wconf 78' lang='lat' dir='ltr'><strong>regnum</strong></span> <span class='ocrx_word' id='word_1_608' title='bbox 2882 1981 3027 2036; x_wconf 87' lang='lat' dir='ltr'><strong>illud.</strong></span> <span class='ocrx_word' id='word_1_609' title='bbox 3053 1983 3192 2050; x_wconf 87' lang='lat' dir='ltr'><strong>quod</strong></span> <span class='ocrx_word' id='word_1_610' title='bbox 3224 1984 3629 2051; x_wconf 50' lang='lat' dir='ltr'><strong>praedicabatur.</strong></span> <span class='ocrx_word' id='word_1_611' title='bbox 3655 2002 3764 2040; x_wconf 89' lang='lat' dir='ltr'><strong>non</strong></span> 
     </span>
    </p>
   </div>
   <div class='ocr_carea' id='block_1_80' title="bbox 2173 2070 3766 2143">
    <p class='ocr_par' dir='ltr' id='par_1_80' title="bbox 2173 2070 3766 2143">
     <span class='ocr_line' id='line_1_80' title="bbox 2173 2070 3766 2143; baseline 0.008 -23"><span class='ocrx_word' id='word_1_612' title='bbox 2173 2070 2452 2137; x_wconf 61' lang='lat' dir='ltr'><strong>apparebat</strong></span> <span class='ocrx_word' id='word_1_613' title='bbox 2479 2113 2495 2133; x_wconf 88' lang='lat'><strong>,</strong></span> <span class='ocrx_word' id='word_1_614' title='bbox 2533 2086 2600 2123; x_wconf 90' lang='lat' dir='ltr'><strong>ex</strong></span> <span class='ocrx_word' id='word_1_615' title='bbox 2643 2071 2704 2123; x_wconf 77' lang='lat' dir='ltr'><strong>iis</strong></span> <span class='ocrx_word' id='word_1_616' title='bbox 2743 2086 2862 2142; x_wconf 73' lang='lat' dir='ltr'><strong>qua:</strong></span> <span class='ocrx_word' id='word_1_617' title='bbox 2909 2072 3008 2124; x_wconf 88' lang='lat' dir='ltr'><strong>sub</strong></span> <span class='ocrx_word' id='word_1_618' title='bbox 3057 2084 3328 2143; x_wconf 81' lang='lat' dir='ltr'><strong>aspectum</strong></span> <span class='ocrx_word' id='word_1_619' title='bbox 3377 2091 3407 2130; x_wconf 90' lang='lat' dir='ltr'><strong>c</strong></span> <span class='ocrx_word' id='word_1_620' title='bbox 3441 2077 3669 2141; x_wconf 77' lang='lat' dir='ltr'><strong>dobant,</strong></span> <span class='ocrx_word' id='word_1_621' title='bbox 3716 2080 3766 2132; x_wconf 92' lang='lat' dir='ltr'><strong>id</strong></span> 
     </span>
    </p>
   </div>
   <div class='ocr_carea' id='block_1_81' title="bbox 2173 2159 3767 2228">
    <p class='ocr_par' dir='ltr' id='par_1_81' title="bbox 2173 2159 3767 2228">
     <span class='ocr_line' id='line_1_81' title="bbox 2173 2159 3767 2228; baseline 0.008 -16"><span class='ocrx_word' id='word_1_622' title='bbox 2173 2159 2309 2228; x_wconf 85' lang='lat' dir='ltr'><strong>quod</strong></span> <span class='ocrx_word' id='word_1_623' title='bbox 2349 2161 2614 2214; x_wconf 75' lang='lat' dir='ltr'><strong>occultum</strong></span> <span class='ocrx_word' id='word_1_624' title='bbox 2653 2174 2764 2214; x_wconf 85' lang='lat' dir='ltr'><strong>erat</strong></span> <span class='ocrx_word' id='word_1_625' title='bbox 2807 2162 3141 2218; x_wconf 74' lang='lat' dir='ltr'><strong>manifestum</strong></span> <span class='ocrx_word' id='word_1_626' title='bbox 3189 2167 3329 2219; x_wconf 74' lang='lat' dir='ltr'><strong>fecit.</strong></span> <span class='ocrx_word' id='word_1_627' title='bbox 3365 2167 3432 2221; x_wconf 86' lang='lat' dir='ltr'><strong>Et</strong></span> <span class='ocrx_word' id='word_1_628' title='bbox 3474 2167 3593 2223; x_wconf 84' lang='lat' dir='ltr'><strong>vide</strong></span> <span class='ocrx_word' id='word_1_629' title='bbox 3635 2170 3767 2224; x_wconf 86' lang='lat' dir='ltr'><strong>mihi</strong></span> 
     </span>
    </p>
   </div>
   <div class='ocr_carea' id='block_1_82' title="bbox 2172 2252 3766 2326">
    <p class='ocr_par' dir='ltr' id='par_1_82' title="bbox 2172 2252 3766 2326">
     <span class='ocr_line' id='line_1_82' title="bbox 2172 2252 3766 2326; baseline 0.008 -26"><span class='ocrx_word' id='word_1_630' title='bbox 2172 2263 2427 2319; x_wconf 84' lang='lat' dir='ltr'><strong>quantum</strong></span> <span class='ocrx_word' id='word_1_631' title='bbox 2472 2252 2737 2320; x_wconf 85' lang='lat' dir='ltr'><strong>superﬂua</strong></span> <span class='ocrx_word' id='word_1_632' title='bbox 2781 2255 2909 2307; x_wconf 80' lang='lat' dir='ltr'><strong>vitet</strong></span> <span class='ocrx_word' id='word_1_633' title='bbox 2947 2257 3310 2324; x_wconf 49' lang='lat' dir='ltr'><strong>evangelista.</strong></span> <span class='ocrx_word' id='word_1_634' title='bbox 3349 2259 3620 2326; x_wconf 87' lang='lat' dir='ltr'><strong>quomodo</strong></span> <span class='ocrx_word' id='word_1_635' title='bbox 3659 2275 3766 2312; x_wconf 77' lang='lat' dir='ltr'><strong>non</strong></span> 
     </span>
    </p>
   </div>
   <div class='ocr_carea' id='block_1_83' title="bbox 2173 2342 3767 2413">
    <p class='ocr_par' dir='ltr' id='par_1_83' title="bbox 2173 2342 3767 2413">
     <span class='ocr_line' id='line_1_83' title="bbox 2173 2342 3767 2413; baseline 0.007 -20"><span class='ocrx_word' id='word_1_636' title='bbox 2173 2342 2411 2411; x_wconf 66' lang='lat' dir='ltr'><strong>singulos</strong></span> <span class='ocrx_word' id='word_1_637' title='bbox 2457 2356 2642 2396; x_wconf 87' lang='lat' dir='ltr'><strong>eorum</strong></span> <span class='ocrx_word' id='word_1_638' title='bbox 2687 2344 2774 2413; x_wconf 90' lang='lat' dir='ltr'><strong>qui</strong></span> <span class='ocrx_word' id='word_1_639' title='bbox 2823 2346 2992 2397; x_wconf 86' lang='lat' dir='ltr'><strong>sanati</strong></span> <span class='ocrx_word' id='word_1_640' title='bbox 3038 2356 3160 2399; x_wconf 85' lang='lat' dir='ltr'><strong>sunt</strong></span> <span class='ocrx_word' id='word_1_641' title='bbox 3209 2363 3630 2412; x_wconf 73' lang='lat' dir='ltr'><strong>commemoret,</strong></span> <span class='ocrx_word' id='word_1_642' title='bbox 3672 2352 3767 2404; x_wconf 80' lang='lat' dir='ltr'><strong>sed</strong></span> 
     </span>
    </p>
   </div>
   <div class='ocr_carea' id='block_1_84' title="bbox 2177 2433 3764 2504">
    <p class='ocr_par' dir='ltr' id='par_1_84' title="bbox 2177 2433 3764 2504">
     <span class='ocr_line' id='line_1_84' title="bbox 2177 2433 3764 2504; baseline 0.006 -18"><span class='ocrx_word' id='word_1_643' title='bbox 2177 2433 2320 2486; x_wconf 86' lang='lat' dir='ltr'><strong>brevi</strong></span> <span class='ocrx_word' id='word_1_644' title='bbox 2344 2448 2590 2487; x_wconf 88' lang='lat' dir='ltr'><strong>sermone</strong></span> <span class='ocrx_word' id='word_1_645' title='bbox 2613 2434 2888 2488; x_wconf 86' lang='lat' dir='ltr'><strong>innumera</strong></span> <span class='ocrx_word' id='word_1_646' title='bbox 2911 2435 3056 2504; x_wconf 76' lang='lat' dir='ltr'><strong>signa</strong></span> <span class='ocrx_word' id='word_1_647' title='bbox 3083 2447 3476 2503; x_wconf 67' lang='lat' dir='ltr'><strong>prastercurrat.</strong></span> <span class='ocrx_word' id='word_1_648' title='bbox 3500 2437 3629 2492; x_wconf 84' lang='lat' dir='ltr'><strong>Nam</strong></span> <span class='ocrx_word' id='word_1_649' title='bbox 3653 2441 3725 2492; x_wconf 89' lang='lat' dir='ltr'><strong>ait</strong></span> <span class='ocrx_word' id='word_1_650' title='bbox 3748 2458 3764 2495; x_wconf 91' lang='lat'><strong>:</strong></span> 
     </span>
    </p>
   </div>
   <div class='ocr_carea' id='block_1_85' title="bbox 2175 2522 3764 2599">
    <p class='ocr_par' dir='ltr' id='par_1_85' title="bbox 2175 2522 3764 2599">
     <span class='ocr_line' id='line_1_85' title="bbox 2175 2522 3764 2599; baseline 0.005 -24"><span class='ocrx_word' id='word_1_651' title='bbox 2175 2522 2263 2575; x_wconf 66' lang='grc'><strong>24.</strong></span> <span class='ocrx_word' id='word_1_652' title='bbox 2303 2522 2599 2575; x_wconf 71' lang='grc' dir='ltr'><strong>Οὺιιιιρηληι</strong></span> <span class='ocrx_word' id='word_1_653' title='bbox 2631 2526 2672 2575; x_wconf 71' lang='lat' dir='ltr'><strong>ei</strong></span> <span class='ocrx_word' id='word_1_654' title='bbox 2703 2541 2874 2578; x_wconf 75' lang='lat' dir='ltr'><strong>omnes</strong></span> <span class='ocrx_word' id='word_1_655' title='bbox 2904 2526 3033 2578; x_wconf 83' lang='lat' dir='ltr'><strong>male</strong></span> <span class='ocrx_word' id='word_1_656' title='bbox 3063 2526 3293 2578; x_wconf 71' lang='lat' dir='ltr'><strong>[tabentes</strong></span> <span class='ocrx_word' id='word_1_657' title='bbox 3319 2528 3469 2580; x_wconf 76' lang='lat' dir='ltr'><strong>variis</strong></span> <span class='ocrx_word' id='word_1_658' title='bbox 3500 2529 3764 2599; x_wconf 73' lang='lat' dir='ltr'><strong>languori-</strong></span> 
     </span>
    </p>
   </div>
   <div class='ocr_carea' id='block_1_86' title="bbox 2175 2614 3761 2683">
    <p class='ocr_par' dir='ltr' id='par_1_86' title="bbox 2175 2614 3761 2683">
     <span class='ocr_line' id='line_1_86' title="bbox 2175 2614 3761 2683; baseline 0.005 -19"><span class='ocrx_word' id='word_1_659' title='bbox 2175 2614 2263 2664; x_wconf 76' lang='lat' dir='ltr'><strong>bus</strong></span> <span class='ocrx_word' id='word_1_660' title='bbox 2283 2653 2298 2677; x_wconf 94' lang='lat'><strong>,</strong></span> <span class='ocrx_word' id='word_1_661' title='bbox 2324 2624 2369 2666; x_wconf 83' lang='lat' dir='ltr'><strong>et</strong></span> <span class='ocrx_word' id='word_1_662' title='bbox 2402 2616 2658 2666; x_wconf 70' lang='lat' dir='ltr'><strong>tormentis</strong></span> <span class='ocrx_word' id='word_1_663' title='bbox 2683 2626 2938 2683; x_wconf 72' lang='lat' dir='ltr'><strong>correptos</strong></span> <span class='ocrx_word' id='word_1_664' title='bbox 2957 2658 2970 2678; x_wconf 84' lang='lat'><strong>,</strong></span> <span class='ocrx_word' id='word_1_665' title='bbox 3002 2615 3251 2669; x_wconf 69' lang='lat' dir='ltr'><strong>damonia</strong></span> <span class='ocrx_word' id='word_1_666' title='bbox 3277 2618 3511 2672; x_wconf 81' lang='lat' dir='ltr'><strong>habentes</strong></span> <span class='ocrx_word' id='word_1_667' title='bbox 3531 2661 3542 2676; x_wconf 90' lang='lat'><strong>.</strong></span> <span class='ocrx_word' id='word_1_668' title='bbox 3575 2618 3761 2673; x_wconf 73' lang='lat' dir='ltr'><strong>lunati-</strong></span> 
     </span>
    </p>
   </div>
   <div class='ocr_carea' id='block_1_87' title="bbox 2173 2705 3762 2779">
    <p class='ocr_par' dir='ltr' id='par_1_87' title="bbox 2173 2705 3762 2779">
     <span class='ocr_line' id='line_1_87' title="bbox 2173 2705 3762 2779; baseline 0.004 -22"><span class='ocrx_word' id='word_1_669' title='bbox 2173 2721 2275 2766; x_wconf 84' lang='lat' dir='ltr'><strong>cos,</strong></span> <span class='ocrx_word' id='word_1_670' title='bbox 2295 2705 2618 2775; x_wconf 70' lang='lat' dir='ltr'><strong>paralyticos,</strong></span> <span class='ocrx_word' id='word_1_671' title='bbox 2644 2716 2686 2758; x_wconf 84' lang='lat' dir='ltr'><strong>ct</strong></span> <span class='ocrx_word' id='word_1_672' title='bbox 2704 2709 2898 2760; x_wconf 74' lang='lat' dir='ltr'><strong>sanauit</strong></span> <span class='ocrx_word' id='word_1_673' title='bbox 2921 2723 3024 2766; x_wconf 80' lang='lat' dir='ltr'><strong>eos.</strong></span> <span class='ocrx_word' id='word_1_674' title='bbox 3045 2707 3240 2762; x_wconf 81' lang='lat' dir='ltr'><strong>Verum</strong></span> <span class='ocrx_word' id='word_1_675' title='bbox 3264 2709 3330 2764; x_wconf 85' lang='lat' dir='ltr'><strong>ab</strong></span> <span class='ocrx_word' id='word_1_676' title='bbox 3354 2710 3442 2763; x_wconf 79' lang='lat' dir='ltr'><strong>illo</strong></span> <span class='ocrx_word' id='word_1_677' title='bbox 3460 2711 3762 2779; x_wconf 84' lang='lat' dir='ltr'><strong>inquiritur,</strong></span> 
     </span>
    </p>
   </div>
   <div class='ocr_carea' id='block_1_88' title="bbox 2172 2795 3763 2868">
    <p class='ocr_par' dir='ltr' id='par_1_88' title="bbox 2172 2795 3763 2868">
     <span class='ocr_line' id='line_1_88' title="bbox 2172 2795 3763 2868; baseline 0.004 -20"><span class='ocrx_word' id='word_1_678' title='bbox 2172 2811 2266 2848; x_wconf 91' lang='lat' dir='ltr'><strong>cur</strong></span> <span class='ocrx_word' id='word_1_679' title='bbox 2292 2810 2320 2848; x_wconf 87' lang='lat' dir='ltr'><strong>a</strong></span> <span class='ocrx_word' id='word_1_680' title='bbox 2350 2795 2494 2850; x_wconf 90' lang='lat' dir='ltr'><strong>nullo</strong></span> <span class='ocrx_word' id='word_1_681' title='bbox 2521 2810 2702 2850; x_wconf 89' lang='lat' dir='ltr'><strong>eorum</strong></span> <span class='ocrx_word' id='word_1_682' title='bbox 2738 2797 2893 2852; x_wconf 85' lang='lat' dir='ltr'><strong>fidem</strong></span> <span class='ocrx_word' id='word_1_683' title='bbox 2922 2800 3132 2868; x_wconf 77' lang='lat' dir='ltr'><strong>exegit?</strong></span> <span class='ocrx_word' id='word_1_684' title='bbox 3159 2799 3342 2868; x_wconf 84' lang='lat' dir='ltr'><strong>Neque</strong></span> <span class='ocrx_word' id='word_1_685' title='bbox 3368 2801 3508 2852; x_wconf 86' lang='lat' dir='ltr'><strong>cnim</strong></span> <span class='ocrx_word' id='word_1_686' title='bbox 3531 2800 3686 2867; x_wconf 81' lang='lat' dir='ltr'><strong>dixit,</strong></span> <span class='ocrx_word' id='word_1_687' title='bbox 3713 2801 3763 2854; x_wconf 88' lang='lat' dir='ltr'><strong>id</strong></span> 
     </span>
    </p>
   </div>
   <div class='ocr_carea' id='block_1_89' title="bbox 2171 2887 3765 2955">
    <p class='ocr_par' dir='ltr' id='par_1_89' title="bbox 2171 2887 3765 2955">
     <span class='ocr_line' id='line_1_89' title="bbox 2171 2887 3765 2955; baseline 0.005 -17"><span class='ocrx_word' id='word_1_688' title='bbox 2171 2887 2312 2955; x_wconf 85' lang='lat' dir='ltr'><strong>quod</strong></span> <span class='ocrx_word' id='word_1_689' title='bbox 2355 2896 2537 2954; x_wconf 87' lang='lat' dir='ltr'><strong>postea</strong></span> <span class='ocrx_word' id='word_1_690' title='bbox 2579 2887 2778 2942; x_wconf 83' lang='lat' dir='ltr'><strong>dixisse</strong></span> <span class='ocrx_word' id='word_1_691' title='bbox 2815 2899 3065 2942; x_wconf 84' lang='lat' dir='ltr'><strong>narratur</strong></span> <span class='ocrx_word' id='word_1_692' title='bbox 3094 2909 3106 2941; x_wconf 91' lang='lat'>:</span> <span class='ocrx_word' id='word_1_693' title='bbox 3133 2891 3363 2944; x_wconf 70' lang='lat' dir='ltr'><strong>(Iri-ditis</strong></span> <span class='ocrx_word' id='word_1_694' title='bbox 3394 2906 3480 2946; x_wconf 88' lang='lat' dir='ltr'><strong>me</strong></span> <span class='ocrx_word' id='word_1_695' title='bbox 3523 2891 3646 2944; x_wconf 88' lang='lat' dir='ltr'><strong>illud</strong></span> <span class='ocrx_word' id='word_1_696' title='bbox 3689 2891 3765 2946; x_wconf 84' lang='lat' dir='ltr'><strong>fa-</strong></span> 
     </span>
    </p>
   </div>
   <div class='ocr_carea' id='block_1_90' title="bbox 2171 2975 3768 3051">
    <p class='ocr_par' dir='ltr' id='par_1_90' title="bbox 2171 2975 3768 3051">
     <span class='ocr_line' id='line_1_90' title="bbox 2171 2975 3768 3051; baseline 0.003 -20"><span class='ocrx_word' id='word_1_697' title='bbox 2171 2992 2295 3031; x_wconf 88' lang='lat' dir='ltr'><strong>cere</strong></span> <span class='ocrx_word' id='word_1_698' title='bbox 2334 2991 2490 3046; x_wconf 86' lang='lat' dir='ltr'><strong>posse</strong></span> <span class='ocrx_word' id='word_1_699' title='bbox 2517 2975 2742 3050; x_wconf 73' lang='lat' dir='ltr'><strong>(Matth.</strong></span> <span class='ocrx_word' id='word_1_700' title='bbox 2773 2978 2825 3033; x_wconf 89' lang='lat'><strong>9.</strong></span> <span class='ocrx_word' id='word_1_701' title='bbox 2866 2978 2936 3032; x_wconf 70' lang='lat'><strong>28</strong></span> <span class='ocrx_word' id='word_1_702' title='bbox 2961 2978 3016 3049; x_wconf 79' lang='lat'><strong>)?</strong></span> <span class='ocrx_word' id='word_1_703' title='bbox 3051 2979 3172 3048; x_wconf 84' lang='lat' dir='ltr'><strong>quia</strong></span> <span class='ocrx_word' id='word_1_704' title='bbox 3215 2981 3447 3034; x_wconf 85' lang='lat' dir='ltr'><strong>nondum</strong></span> <span class='ocrx_word' id='word_1_705' title='bbox 3493 2985 3768 3051; x_wconf 82' lang='lat' dir='ltr'><strong>potestatis</strong></span> 
     </span>
    </p>
   </div>
   <div class='ocr_carea' id='block_1_91' title="bbox 2172 3070 3763 3144">
    <p class='ocr_par' dir='ltr' id='par_1_91' title="bbox 2172 3070 3763 3144">
     <span class='ocr_line' id='line_1_91' title="bbox 2172 3070 3763 3144; baseline 0.005 -22"><span class='ocrx_word' id='word_1_706' title='bbox 2172 3085 2282 3123; x_wconf 79' lang='lat' dir='ltr'><strong>suae</strong></span> <span class='ocrx_word' id='word_1_707' title='bbox 2305 3070 2621 3125; x_wconf 87' lang='lat' dir='ltr'><strong>documenta</strong></span> <span class='ocrx_word' id='word_1_708' title='bbox 2652 3070 2891 3124; x_wconf 87' lang='lat' dir='ltr'><strong>dederat.</strong></span> <span class='ocrx_word' id='word_1_709' title='bbox 2919 3072 3165 3141; x_wconf 79' lang='lat' dir='ltr'><strong>Alioquin</strong></span> <span class='ocrx_word' id='word_1_710' title='bbox 3197 3088 3324 3126; x_wconf 89' lang='lat' dir='ltr'><strong>vero</strong></span> <span class='ocrx_word' id='word_1_711' title='bbox 3347 3088 3411 3128; x_wconf 83' lang='lat' dir='ltr'><strong>ex</strong></span> <span class='ocrx_word' id='word_1_712' title='bbox 3441 3090 3508 3128; x_wconf 91' lang='lat' dir='ltr'><strong>eo</strong></span> <span class='ocrx_word' id='word_1_713' title='bbox 3530 3074 3670 3144; x_wconf 89' lang='lat' dir='ltr'><strong>quod</strong></span> <span class='ocrx_word' id='word_1_714' title='bbox 3696 3075 3763 3130; x_wconf 86' lang='lat' dir='ltr'><strong>ad</strong></span> 
     </span>
    </p>
   </div>
   <div class='ocr_carea' id='block_1_92' title="bbox 2174 3162 3760 3230">
    <p class='ocr_par' dir='ltr' id='par_1_92' title="bbox 2174 3162 3760 3230">
     <span class='ocr_line' id='line_1_92' title="bbox 2174 3162 3760 3230; baseline 0.004 -16"><span class='ocrx_word' id='word_1_715' title='bbox 2174 3177 2295 3215; x_wconf 87' lang='lat' dir='ltr'><strong>eum</strong></span> <span class='ocrx_word' id='word_1_716' title='bbox 2326 3163 2679 3225; x_wconf 88' lang='lat' dir='ltr'><strong>accederent,</strong></span> <span class='ocrx_word' id='word_1_717' title='bbox 2711 3162 2953 3230; x_wconf 89' lang='lat' dir='ltr'><strong>aliosque</strong></span> <span class='ocrx_word' id='word_1_718' title='bbox 2981 3163 3326 3225; x_wconf 80' lang='lat' dir='ltr'><strong>inducerent,</strong></span> <span class='ocrx_word' id='word_1_719' title='bbox 3361 3181 3465 3218; x_wconf 87' lang='lat' dir='ltr'><strong>non</strong></span> <span class='ocrx_word' id='word_1_720' title='bbox 3499 3165 3760 3220; x_wconf 73' lang='lat' dir='ltr'><strong>modicam</strong></span> 
     </span>
    </p>
   </div>
   <div class='ocr_carea' id='block_1_93' title="bbox 2172 3250 3762 3325">
    <p class='ocr_par' dir='ltr' id='par_1_93' title="bbox 2172 3250 3762 3325">
     <span class='ocr_line' id='line_1_93' title="bbox 2172 3250 3762 3325; baseline 0.004 -21"><span class='ocrx_word' id='word_1_721' title='bbox 2172 3251 2494 3304; x_wconf 56' lang='lat' dir='ltr'><strong>exhibebant</strong></span> <span class='ocrx_word' id='word_1_722' title='bbox 2531 3250 2709 3306; x_wconf 80' lang='lat' dir='ltr'><strong>fidem.</strong></span> <span class='ocrx_word' id='word_1_723' title='bbox 2755 3250 2886 3305; x_wconf 82' lang='lat' dir='ltr'><strong>Nam</strong></span> <span class='ocrx_word' id='word_1_724' title='bbox 2928 3267 2990 3306; x_wconf 85' lang='lat' dir='ltr'><strong>ex</strong></span> <span class='ocrx_word' id='word_1_725' title='bbox 3033 3252 3321 3322; x_wconf 84' lang='lat' dir='ltr'><strong>longinquo</strong></span> <span class='ocrx_word' id='word_1_726' title='bbox 3361 3270 3532 3325; x_wconf 77' lang='lat' dir='ltr'><strong>:rgros</strong></span> <span class='ocrx_word' id='word_1_727' title='bbox 3566 3257 3762 3312; x_wconf 63' lang='lat' dir='ltr'><strong>adcre-</strong></span> 
     </span>
    </p>
   </div>
   <div class='ocr_carea' id='block_1_94' title="bbox 2173 3342 3766 3415">
    <p class='ocr_par' dir='ltr' id='par_1_94' title="bbox 2173 3342 3766 3415">
     <span class='ocr_line' id='line_1_94' title="bbox 2173 3342 3766 3415; baseline 0.004 -21"><span class='ocrx_word' id='word_1_728' title='bbox 2173 3343 2332 3403; x_wconf 87' lang='lat' dir='ltr'><strong>bant,</strong></span> <span class='ocrx_word' id='word_1_729' title='bbox 2365 3359 2467 3395; x_wconf 90' lang='lat' dir='ltr'><strong>nou</strong></span> <span class='ocrx_word' id='word_1_730' title='bbox 2495 3342 2734 3406; x_wconf 84' lang='lat' dir='ltr'><strong>allaturi,</strong></span> <span class='ocrx_word' id='word_1_731' title='bbox 2770 3343 2870 3395; x_wconf 84' lang='lat' dir='ltr'><strong>nisi</strong></span> <span class='ocrx_word' id='word_1_732' title='bbox 2902 3358 3144 3410; x_wconf 80' lang='lat' dir='ltr'><strong>magnam</strong></span> <span class='ocrx_word' id='word_1_733' title='bbox 3174 3343 3241 3398; x_wconf 89' lang='lat' dir='ltr'><strong>de</strong></span> <span class='ocrx_word' id='word_1_734' title='bbox 3274 3344 3362 3397; x_wconf 87' lang='lat' dir='ltr'><strong>illo</strong></span> <span class='ocrx_word' id='word_1_735' title='bbox 3389 3347 3766 3415; x_wconf 65' lang='lat' dir='ltr'><strong>conm-pissent</strong></span> 
     </span>
    </p>
   </div>
   <div class='ocr_carea' id='block_1_95' title="bbox 2173 3432 3765 3502">
    <p class='ocr_par' dir='ltr' id='par_1_95' title="bbox 2173 3432 3765 3502">
     <span class='ocr_line' id='line_1_95' title="bbox 2173 3432 3765 3502; baseline 0.003 -17"><span class='ocrx_word' id='word_1_736' title='bbox 2173 3433 2496 3500; x_wconf 89' lang='lat' dir='ltr'><strong>opinionem.</strong></span> <span class='ocrx_word' id='word_1_737' title='bbox 2524 3432 2592 3485; x_wconf 85' lang='lat' dir='ltr'><strong>Et</strong></span> <span class='ocrx_word' id='word_1_738' title='bbox 2615 3447 2711 3486; x_wconf 89' lang='lat' dir='ltr'><strong>nos</strong></span> <span class='ocrx_word' id='word_1_739' title='bbox 2736 3447 2945 3500; x_wconf 89' lang='lat' dir='ltr'><strong>quoque</strong></span> <span class='ocrx_word' id='word_1_740' title='bbox 2966 3432 3112 3486; x_wconf 89' lang='lat' dir='ltr'><strong>illum</strong></span> <span class='ocrx_word' id='word_1_741' title='bbox 3139 3448 3426 3502; x_wconf 88' lang='lat' dir='ltr'><strong>sequamur</strong></span> <span class='ocrx_word' id='word_1_742' title='bbox 3451 3453 3466 3488; x_wconf 88' lang='lat'><strong>:</strong></span> <span class='ocrx_word' id='word_1_743' title='bbox 3490 3452 3612 3490; x_wconf 89' lang='lat' dir='ltr'><strong>nam</strong></span> <span class='ocrx_word' id='word_1_744' title='bbox 3637 3439 3765 3491; x_wconf 86' lang='lat' dir='ltr'><strong>mul-</strong></span> 
     </span>
    </p>
   </div>
   <div class='ocr_carea' id='block_1_96' title="bbox 2179 3522 3768 3596">
    <p class='ocr_par' dir='ltr' id='par_1_96' title="bbox 2179 3522 3768 3596">
     <span class='ocr_line' id='line_1_96' title="bbox 2179 3522 3768 3596; baseline 0.004 -20"><span class='ocrx_word' id='word_1_745' title='bbox 2179 3526 2245 3577; x_wconf 92' lang='lat' dir='ltr'><strong>tis</strong></span> <span class='ocrx_word' id='word_1_746' title='bbox 2269 3524 2431 3578; x_wconf 84' lang='lat' dir='ltr'><strong>animi</strong></span> <span class='ocrx_word' id='word_1_747' title='bbox 2460 3523 2660 3577; x_wconf 88' lang='lat' dir='ltr'><strong>morbis</strong></span> <span class='ocrx_word' id='word_1_748' title='bbox 2685 3522 3010 3587; x_wconf 84' lang='lat' dir='ltr'><strong>laboramus,</strong></span> <span class='ocrx_word' id='word_1_749' title='bbox 3043 3535 3097 3577; x_wconf 91' lang='lat' dir='ltr'><strong>et</strong></span> <span class='ocrx_word' id='word_1_750' title='bbox 3125 3522 3220 3576; x_wconf 86' lang='lat' dir='ltr'><strong>hos</strong></span> <span class='ocrx_word' id='word_1_751' title='bbox 3248 3524 3338 3578; x_wconf 83' lang='lat' dir='ltr'><strong>ille</strong></span> <span class='ocrx_word' id='word_1_752' title='bbox 3367 3527 3630 3596; x_wconf 71' lang='lat' dir='ltr'><strong>prmeipuc</strong></span> <span class='ocrx_word' id='word_1_753' title='bbox 3656 3529 3768 3583; x_wconf 86' lang='lat' dir='ltr'><strong>vult</strong></span> 
     </span>
    </p>
   </div>
   <div class='ocr_carea' id='block_1_97' title="bbox 2173 3614 3763 3687">
    <p class='ocr_par' dir='ltr' id='par_1_97' title="bbox 2173 3614 3763 3687">
     <span class='ocr_line' id='line_1_97' title="bbox 2173 3614 3763 3687; baseline 0.004 -18"><span class='ocrx_word' id='word_1_754' title='bbox 2173 3631 2380 3669; x_wconf 87' lang='lat' dir='ltr'><strong>curare.</strong></span> <span class='ocrx_word' id='word_1_755' title='bbox 2413 3614 2534 3669; x_wconf 90' lang='lat' dir='ltr'><strong>Ideo</strong></span> <span class='ocrx_word' id='word_1_756' title='bbox 2559 3617 2698 3669; x_wconf 89' lang='lat' dir='ltr'><strong>enim</strong></span> <span class='ocrx_word' id='word_1_757' title='bbox 2731 3615 2819 3669; x_wconf 85' lang='lat' dir='ltr'><strong>illa</strong></span> <span class='ocrx_word' id='word_1_758' title='bbox 2852 3615 2987 3669; x_wconf 82' lang='lat' dir='ltr'><strong>mala</strong></span> <span class='ocrx_word' id='word_1_759' title='bbox 3013 3624 3185 3679; x_wconf 92' lang='lat' dir='ltr'><strong>curat,</strong></span> <span class='ocrx_word' id='word_1_760' title='bbox 3217 3625 3273 3669; x_wconf 93' lang='lat' dir='ltr'><strong>ut</strong></span> <span class='ocrx_word' id='word_1_761' title='bbox 3299 3616 3412 3671; x_wconf 69' lang='lat' dir='ltr'><strong>htec</strong></span> <span class='ocrx_word' id='word_1_762' title='bbox 3438 3620 3670 3687; x_wconf 81' lang='lat' dir='ltr'><strong>expellat</strong></span> <span class='ocrx_word' id='word_1_763' title='bbox 3699 3636 3763 3676; x_wconf 83' lang='lat' dir='ltr'><strong>ex</strong></span> 
     </span>
    </p>
   </div>
   <div class='ocr_carea' id='block_1_98' title="bbox 2173 3704 3766 3782">
    <p class='ocr_par' dir='ltr' id='par_1_98' title="bbox 2173 3704 3766 3782">
     <span class='ocr_line' id='line_1_98' title="bbox 2173 3704 3766 3782; baseline 0.005 -24"><span class='ocrx_word' id='word_1_764' title='bbox 2173 3705 2450 3760; x_wconf 83' lang='lat' dir='ltr'><strong>animabus</strong></span> <span class='ocrx_word' id='word_1_765' title='bbox 2479 3705 2695 3758; x_wconf 83' lang='lat' dir='ltr'><strong>nostris.</strong></span> <span class='ocrx_word' id='word_1_766' title='bbox 2725 3704 3052 3758; x_wconf 84' lang='lat' dir='ltr'><strong>Accedamus</strong></span> <span class='ocrx_word' id='word_1_767' title='bbox 3082 3705 3239 3774; x_wconf 88' lang='lat' dir='ltr'><strong>igitur</strong></span> <span class='ocrx_word' id='word_1_768' title='bbox 3261 3707 3326 3760; x_wconf 91' lang='lat' dir='ltr'><strong>ad</strong></span> <span class='ocrx_word' id='word_1_769' title='bbox 3357 3722 3501 3769; x_wconf 79' lang='lat' dir='ltr'><strong>eum.</strong></span> <span class='ocrx_word' id='word_1_770' title='bbox 3529 3709 3766 3782; x_wconf 85' lang='lat' dir='ltr'><strong>nihilque</strong></span> 
     </span>
    </p>
   </div>
   <div class='ocr_carea' id='block_1_99' title="bbox 2174 3796 3763 3868">
    <p class='ocr_par' dir='ltr' id='par_1_99' title="bbox 2174 3796 3763 3868">
     <span class='ocr_line' id='line_1_99' title="bbox 2174 3796 3763 3868; baseline 0.005 -18"><span class='ocrx_word' id='word_1_771' title='bbox 2174 3797 2426 3850; x_wconf 63' lang='lat' dir='ltr'><strong>seculare</strong></span> <span class='ocrx_word' id='word_1_772' title='bbox 2455 3805 2694 3864; x_wconf 84' lang='lat' dir='ltr'><strong>petamus</strong></span> <span class='ocrx_word' id='word_1_773' title='bbox 2715 3838 2728 3860; x_wconf 89' lang='lat'><strong>,</strong></span> <span class='ocrx_word' id='word_1_774' title='bbox 2759 3796 2850 3851; x_wconf 87' lang='lat' dir='ltr'><strong>sed</strong></span> <span class='ocrx_word' id='word_1_775' title='bbox 2878 3796 3243 3851; x_wconf 89' lang='lat' dir='ltr'><strong>remissionem</strong></span> <span class='ocrx_word' id='word_1_776' title='bbox 3276 3810 3613 3868; x_wconf 81' lang='lat' dir='ltr'><strong>peccatomm</strong></span> <span class='ocrx_word' id='word_1_777' title='bbox 3648 3813 3763 3858; x_wconf 83' lang='lat' dir='ltr'><strong>:et-</strong></span> 
     </span>
    </p>
   </div>
   <div class='ocr_carea' id='block_1_100' title="bbox 2175 3887 3758 3960">
    <p class='ocr_par' dir='ltr' id='par_1_100' title="bbox 2175 3887 3758 3960">
     <span class='ocr_line' id='line_1_100' title="bbox 2175 3887 3758 3960; baseline 0.004 -18"><span class='ocrx_word' id='word_1_778' title='bbox 2175 3891 2316 3942; x_wconf 87' lang='lat' dir='ltr'><strong>enim</strong></span> <span class='ocrx_word' id='word_1_779' title='bbox 2342 3888 2500 3942; x_wconf 88' lang='lat' dir='ltr'><strong>etiam</strong></span> <span class='ocrx_word' id='word_1_780' title='bbox 2529 3903 2667 3941; x_wconf 91' lang='lat' dir='ltr'><strong>nunc</strong></span> <span class='ocrx_word' id='word_1_781' title='bbox 2689 3887 2796 3950; x_wconf 89' lang='lat' dir='ltr'><strong>dat,</strong></span> <span class='ocrx_word' id='word_1_782' title='bbox 2822 3888 2865 3941; x_wconf 90' lang='lat' dir='ltr'><strong>si</strong></span> <span class='ocrx_word' id='word_1_783' title='bbox 2888 3887 3168 3957; x_wconf 89' lang='lat' dir='ltr'><strong>diligenter</strong></span> <span class='ocrx_word' id='word_1_784' title='bbox 3186 3904 3424 3960; x_wconf 86' lang='lat' dir='ltr'><strong>agamus.</strong></span> <span class='ocrx_word' id='word_1_785' title='bbox 3447 3891 3596 3946; x_wconf 83' lang='lat' dir='ltr'><strong>Tunc</strong></span> <span class='ocrx_word' id='word_1_786' title='bbox 3616 3895 3758 3948; x_wconf 90' lang='lat' dir='ltr'><strong>enim</strong></span> 
     </span>
    </p>
   </div>
   <div class='ocr_carea' id='block_1_101' title="bbox 2175 3977 3761 4049">
    <p class='ocr_par' dir='ltr' id='par_1_101' title="bbox 2175 3977 3761 4049">
     <span class='ocr_line' id='line_1_101' title="bbox 2175 3977 3761 4049; baseline 0.005 -19"><span class='ocrx_word' id='word_1_787' title='bbox 2175 3977 2226 4030; x_wconf 90' lang='lat' dir='ltr'><strong>in</strong></span> <span class='ocrx_word' id='word_1_788' title='bbox 2268 3977 2475 4048; x_wconf 85' lang='lat' dir='ltr'><strong>Syriam</strong></span> <span class='ocrx_word' id='word_1_789' title='bbox 2517 3977 2631 4044; x_wconf 85' lang='lat' dir='ltr'><strong>ejus</strong></span> <span class='ocrx_word' id='word_1_790' title='bbox 2673 3977 2808 4031; x_wconf 86' lang='lat' dir='ltr'><strong>fama</strong></span> <span class='ocrx_word' id='word_1_791' title='bbox 2839 3977 3076 4042; x_wconf 85' lang='lat' dir='ltr'><strong>volarat;</strong></span> <span class='ocrx_word' id='word_1_792' title='bbox 3111 3993 3250 4032; x_wconf 89' lang='lat' dir='ltr'><strong>nunc</strong></span> <span class='ocrx_word' id='word_1_793' title='bbox 3284 3995 3413 4033; x_wconf 89' lang='lat' dir='ltr'><strong>vero</strong></span> <span class='ocrx_word' id='word_1_794' title='bbox 3457 3996 3552 4049; x_wconf 91' lang='lat' dir='ltr'><strong>per</strong></span> <span class='ocrx_word' id='word_1_795' title='bbox 3594 3992 3761 4038; x_wconf 87' lang='lat' dir='ltr'><strong>totum</strong></span> 
     </span>
    </p>
   </div>
   <div class='ocr_carea' id='block_1_102' title="bbox 2172 4068 3764 4140">
    <p class='ocr_par' dir='ltr' id='par_1_102' title="bbox 2172 4068 3764 4140">
     <span class='ocr_line' id='line_1_102' title="bbox 2172 4068 3764 4140; baseline 0.004 -18"><span class='ocrx_word' id='word_1_796' title='bbox 2172 4069 2374 4123; x_wconf 88' lang='lat' dir='ltr'><strong>orbem.</strong></span> <span class='ocrx_word' id='word_1_797' title='bbox 2412 4068 2476 4122; x_wconf 85' lang='lat' dir='ltr'><strong>Et</strong></span> <span class='ocrx_word' id='word_1_798' title='bbox 2515 4069 2585 4121; x_wconf 92' lang='lat' dir='ltr'><strong>illi</strong></span> <span class='ocrx_word' id='word_1_799' title='bbox 2623 4068 2835 4137; x_wconf 85' lang='lat' dir='ltr'><strong>quidem</strong></span> <span class='ocrx_word' id='word_1_800' title='bbox 2866 4068 3142 4123; x_wconf 77' lang='lat' dir='ltr'><strong>audientes</strong></span> <span class='ocrx_word' id='word_1_801' title='bbox 3165 4112 3180 4134; x_wconf 89' lang='lat'><strong>,</strong></span> <span class='ocrx_word' id='word_1_802' title='bbox 3210 4069 3382 4140; x_wconf 89' lang='lat' dir='ltr'><strong>ipsum</strong></span> <span class='ocrx_word' id='word_1_803' title='bbox 3411 4072 3764 4129; x_wconf 71' lang='lat' dir='ltr'><strong>dazmoniacos</strong></span> 
     </span>
    </p>
   </div>
   <div class='ocr_carea' id='block_1_103' title="bbox 2174 4159 3764 4233">
    <p class='ocr_par' dir='ltr' id='par_1_103' title="bbox 2174 4159 3764 4233">
     <span class='ocr_line' id='line_1_103' title="bbox 2174 4159 3764 4233; baseline 0.003 -20"><span class='ocrx_word' id='word_1_804' title='bbox 2174 4160 2464 4221; x_wconf 79' lang='lat' dir='ltr'><strong>curavisse,</strong></span> <span class='ocrx_word' id='word_1_805' title='bbox 2495 4159 2889 4214; x_wconf 88' lang='lat' dir='ltr'><strong>concurrebant</strong></span> <span class='ocrx_word' id='word_1_806' title='bbox 2919 4175 2932 4209; x_wconf 87' lang='lat'><strong>:</strong></span> <span class='ocrx_word' id='word_1_807' title='bbox 2965 4168 3017 4212; x_wconf 91' lang='lat' dir='ltr'><strong>tu</strong></span> <span class='ocrx_word' id='word_1_808' title='bbox 3041 4175 3168 4212; x_wconf 91' lang='lat' dir='ltr'><strong>vero</strong></span> <span class='ocrx_word' id='word_1_809' title='bbox 3197 4162 3363 4213; x_wconf 89' lang='lat' dir='ltr'><strong>multo</strong></span> <span class='ocrx_word' id='word_1_810' title='bbox 3392 4161 3645 4230; x_wconf 86' lang='lat' dir='ltr'><strong>majorem</strong></span> <span class='ocrx_word' id='word_1_811' title='bbox 3671 4181 3764 4233; x_wconf 81' lang='lat' dir='ltr'><strong>po-</strong></span> 
     </span>
    </p>
   </div>
   <div class='ocr_carea' id='block_1_104' title="bbox 2176 4248 3762 4324">
    <p class='ocr_par' dir='ltr' id='par_1_104' title="bbox 2176 4248 3762 4324">
     <span class='ocr_line' id='line_1_104' title="bbox 2176 4248 3762 4324; baseline 0.006 -23"><span class='ocrx_word' id='word_1_812' title='bbox 2176 4248 2378 4302; x_wconf 78' lang='lat' dir='ltr'><strong>teStatis</strong></span> <span class='ocrx_word' id='word_1_813' title='bbox 2425 4249 2587 4314; x_wconf 86' lang='lat' dir='ltr'><strong>ipsius</strong></span> <span class='ocrx_word' id='word_1_814' title='bbox 2626 4249 3008 4316; x_wconf 86' lang='lat' dir='ltr'><strong>experientiam</strong></span> <span class='ocrx_word' id='word_1_815' title='bbox 3050 4258 3234 4305; x_wconf 87' lang='lat' dir='ltr'><strong>nactus</strong></span> <span class='ocrx_word' id='word_1_816' title='bbox 3270 4267 3375 4305; x_wconf 90' lang='lat' dir='ltr'><strong>non</strong></span> <span class='ocrx_word' id='word_1_817' title='bbox 3417 4255 3625 4324; x_wconf 86' lang='lat' dir='ltr'><strong>surgis,</strong></span> <span class='ocrx_word' id='word_1_818' title='bbox 3660 4273 3762 4311; x_wconf 90' lang='lat' dir='ltr'><strong>non</strong></span> 
     </span>
    </p>
   </div>
   <div class='ocr_carea' id='block_1_105' title="bbox 2175 4337 3763 4410">
    <p class='ocr_par' dir='ltr' id='par_1_105' title="bbox 2175 4337 3763 4410">
     <span class='ocr_line' id='line_1_105' title="bbox 2175 4337 3763 4410; baseline 0.006 -19"><span class='ocrx_word' id='word_1_819' title='bbox 2175 4338 2377 4392; x_wconf 87' lang='lat' dir='ltr'><strong>curris?</strong></span> <span class='ocrx_word' id='word_1_820' title='bbox 2402 4337 2504 4392; x_wconf 87' lang='lat' dir='ltr'><strong>Sed</strong></span> <span class='ocrx_word' id='word_1_821' title='bbox 2536 4338 2607 4392; x_wconf 89' lang='lat' dir='ltr'><strong>illi</strong></span> <span class='ocrx_word' id='word_1_822' title='bbox 2634 4338 2846 4407; x_wconf 89' lang='lat' dir='ltr'><strong>quidem</strong></span> <span class='ocrx_word' id='word_1_823' title='bbox 2869 4348 2922 4392; x_wconf 89' lang='lat' dir='ltr'><strong>et</strong></span> <span class='ocrx_word' id='word_1_824' title='bbox 2949 4341 3172 4407; x_wconf 88' lang='lat' dir='ltr'><strong>patriam</strong></span> <span class='ocrx_word' id='word_1_825' title='bbox 3205 4341 3538 4410; x_wconf 88' lang='lat' dir='ltr'><strong>reliquerunt</strong></span> <span class='ocrx_word' id='word_1_826' title='bbox 3562 4355 3616 4399; x_wconf 90' lang='lat' dir='ltr'><strong>et</strong></span> <span class='ocrx_word' id='word_1_827' title='bbox 3640 4348 3763 4400; x_wconf 88' lang='lat' dir='ltr'><strong>ami-</strong></span> 
     </span>
    </p>
   </div>
   <div class='ocr_carea' id='block_1_106' title="bbox 2175 4429 3762 4500">
    <p class='ocr_par' dir='ltr' id='par_1_106' title="bbox 2175 4429 3762 4500">
     <span class='ocr_line' id='line_1_106' title="bbox 2175 4429 3762 4500; baseline 0.008 -19"><span class='ocrx_word' id='word_1_828' title='bbox 2175 4443 2266 4482; x_wconf 83' lang='lat' dir='ltr'><strong>cos</strong></span> <span class='ocrx_word' id='word_1_829' title='bbox 2295 4439 2347 4482; x_wconf 90' lang='lat' dir='ltr'><strong>et</strong></span> <span class='ocrx_word' id='word_1_830' title='bbox 2378 4439 2663 4498; x_wconf 85' lang='lat' dir='ltr'><strong>cognatos;</strong></span> <span class='ocrx_word' id='word_1_831' title='bbox 2693 4437 2744 4482; x_wconf 85' lang='lat' dir='ltr'><strong>tu</strong></span> <span class='ocrx_word' id='word_1_832' title='bbox 2774 4444 2902 4484; x_wconf 87' lang='lat' dir='ltr'><strong>vero</strong></span> <span class='ocrx_word' id='word_1_833' title='bbox 2927 4444 2994 4483; x_wconf 89' lang='lat' dir='ltr'><strong>ne</strong></span> <span class='ocrx_word' id='word_1_834' title='bbox 3032 4429 3194 4486; x_wconf 91' lang='lat' dir='ltr'><strong>domo</strong></span> <span class='ocrx_word' id='word_1_835' title='bbox 3231 4432 3443 4500; x_wconf 89' lang='lat' dir='ltr'><strong>quidem</strong></span> <span class='ocrx_word' id='word_1_836' title='bbox 3470 4436 3618 4490; x_wconf 87' lang='lat' dir='ltr'><strong>exire</strong></span> <span class='ocrx_word' id='word_1_837' title='bbox 3648 4453 3762 4493; x_wconf 78' lang='lat' dir='ltr'><strong>sus-</strong></span> 
     </span>
    </p>
   </div>
   <div class='ocr_carea' id='block_1_107' title="bbox 2178 4519 3764 4593">
    <p class='ocr_par' dir='ltr' id='par_1_107' title="bbox 2178 4519 3764 4593">
     <span class='ocr_line' id='line_1_107' title="bbox 2178 4519 3764 4593; baseline 0.008 -21"><span class='ocrx_word' id='word_1_838' title='bbox 2178 4520 2317 4574; x_wconf 91' lang='lat' dir='ltr'><strong>tines</strong></span> <span class='ocrx_word' id='word_1_839' title='bbox 2336 4560 2350 4581; x_wconf 87' lang='lat'><strong>.</strong></span> <span class='ocrx_word' id='word_1_840' title='bbox 2377 4531 2433 4574; x_wconf 89' lang='lat' dir='ltr'><strong>ut</strong></span> <span class='ocrx_word' id='word_1_841' title='bbox 2460 4519 2681 4575; x_wconf 87' lang='lat' dir='ltr'><strong>accedas</strong></span> <span class='ocrx_word' id='word_1_842' title='bbox 2705 4561 2719 4582; x_wconf 87' lang='lat'><strong>,</strong></span> <span class='ocrx_word' id='word_1_843' title='bbox 2747 4529 2800 4574; x_wconf 85' lang='lat' dir='ltr'><strong>ct</strong></span> <span class='ocrx_word' id='word_1_844' title='bbox 2826 4521 2981 4589; x_wconf 86' lang='lat' dir='ltr'><strong>longe</strong></span> <span class='ocrx_word' id='word_1_845' title='bbox 3007 4522 3223 4575; x_wconf 89' lang='lat' dir='ltr'><strong>meliora</strong></span> <span class='ocrx_word' id='word_1_846' title='bbox 3249 4526 3631 4593; x_wconf 82' lang='lat' dir='ltr'><strong>consequaris?</strong></span> <span class='ocrx_word' id='word_1_847' title='bbox 3653 4529 3764 4584; x_wconf 90' lang='lat' dir='ltr'><strong>Imo</strong></span> 
     </span>
    </p>
   </div>
   <div class='ocr_carea' id='block_1_108' title="bbox 2178 4610 3764 4685">
    <p class='ocr_par' dir='ltr' id='par_1_108' title="bbox 2178 4610 3764 4685">
     <span class='ocr_line' id='line_1_108' title="bbox 2178 4610 3764 4685; baseline 0.006 -21"><span class='ocrx_word' id='word_1_848' title='bbox 2178 4626 2281 4664; x_wconf 92' lang='lat' dir='ltr'><strong>non</strong></span> <span class='ocrx_word' id='word_1_849' title='bbox 2311 4610 2410 4664; x_wconf 91' lang='lat' dir='ltr'><strong>hoc</strong></span> <span class='ocrx_word' id='word_1_850' title='bbox 2433 4626 2461 4663; x_wconf 88' lang='lat' dir='ltr'><strong>a</strong></span> <span class='ocrx_word' id='word_1_851' title='bbox 2490 4622 2541 4665; x_wconf 91' lang='lat' dir='ltr'><strong>te</strong></span> <span class='ocrx_word' id='word_1_852' title='bbox 2582 4610 2947 4680; x_wconf 83' lang='lat' dir='ltr'><strong>postulamus;</strong></span> <span class='ocrx_word' id='word_1_853' title='bbox 2978 4610 3070 4664; x_wconf 90' lang='lat' dir='ltr'><strong>sed</strong></span> <span class='ocrx_word' id='word_1_854' title='bbox 3109 4612 3300 4665; x_wconf 88' lang='lat' dir='ltr'><strong>malam</strong></span> <span class='ocrx_word' id='word_1_855' title='bbox 3343 4614 3514 4669; x_wconf 86' lang='lat' dir='ltr'><strong>solum</strong></span> <span class='ocrx_word' id='word_1_856' title='bbox 3554 4617 3764 4685; x_wconf 84' lang='lat' dir='ltr'><strong>depone</strong></span> 
     </span>
    </p>
   </div>
   <div class='ocr_carea' id='block_1_109' title="bbox 2175 4689 3761 4764">
    <p class='ocr_par' dir='ltr' id='par_1_109' title="bbox 2175 4689 3761 4764">
     <span class='ocr_line' id='line_1_109' title="bbox 2175 4689 3761 4764; baseline 0.006 -11"><span class='ocrx_word' id='word_1_857' title='bbox 2175 4689 2640 4764; x_wconf 88' lang='lat' dir='ltr'><strong>consuetudinem,</strong></span> <span class='ocrx_word' id='word_1_858' title='bbox 2680 4709 2733 4754; x_wconf 90' lang='lat' dir='ltr'><strong>et</strong></span> <span class='ocrx_word' id='word_1_859' title='bbox 2766 4701 2910 4755; x_wconf 91' lang='lat' dir='ltr'><strong>domi</strong></span> <span class='ocrx_word' id='word_1_860' title='bbox 2953 4715 3174 4755; x_wconf 88' lang='lat' dir='ltr'><strong>manens</strong></span> <span class='ocrx_word' id='word_1_861' title='bbox 3218 4717 3337 4755; x_wconf 89' lang='lat' dir='ltr'><strong>cum</strong></span> <span class='ocrx_word' id='word_1_862' title='bbox 3389 4706 3492 4758; x_wconf 86' lang='lat' dir='ltr'><strong>tuis</strong></span> <span class='ocrx_word' id='word_1_863' title='bbox 3535 4707 3761 4762; x_wconf 86' lang='lat' dir='ltr'><strong>salutem</strong></span> 
     </span>
    </p>
   </div>
   <div class='ocr_carea' id='block_1_110' title="bbox 2178 4789 3764 4866">
    <p class='ocr_par' dir='ltr' id='par_1_110' title="bbox 2178 4789 3764 4866">
     <span class='ocr_line' id='line_1_110' title="bbox 2178 4789 3764 4866; baseline 0.006 -27"><span class='ocrx_word' id='word_1_864' title='bbox 2178 4790 2327 4844; x_wconf 81' lang='lat' dir='ltr'><strong>facile</strong></span> <span class='ocrx_word' id='word_1_865' title='bbox 2366 4791 2614 4859; x_wconf 80' lang='lat' dir='ltr'><strong>Consequi</strong></span> <span class='ocrx_word' id='word_1_866' title='bbox 2655 4791 2872 4859; x_wconf 87' lang='lat' dir='ltr'><strong>poteris.</strong></span> <span class='ocrx_word' id='word_1_867' title='bbox 2901 4789 3016 4844; x_wconf 71' lang='lat' dir='ltr'><strong>iam</strong></span> <span class='ocrx_word' id='word_1_868' title='bbox 3050 4805 3177 4845; x_wconf 85' lang='lat' dir='ltr'><strong>vero</strong></span> <span class='ocrx_word' id='word_1_869' title='bbox 3206 4793 3250 4846; x_wconf 90' lang='lat' dir='ltr'><strong>si</strong></span> <span class='ocrx_word' id='word_1_870' title='bbox 3291 4793 3478 4846; x_wconf 86' lang='lat' dir='ltr'><strong>morbo</strong></span> <span class='ocrx_word' id='word_1_871' title='bbox 3502 4811 3764 4866; x_wconf 87' lang='lat' dir='ltr'><strong>corporeo</strong></span> 
     </span>
    </p>
   </div>
   <div class='ocr_carea' id='block_1_111' title="bbox 2177 4880 3766 4951">
    <p class='ocr_par' dir='ltr' id='par_1_111' title="bbox 2177 4880 3766 4951">
     <span class='ocr_line' id='line_1_111' title="bbox 2177 4880 3766 4951; baseline 0.007 -17"><span class='ocrx_word' id='word_1_872' title='bbox 2177 4880 2482 4935; x_wconf 87' lang='lat' dir='ltr'><strong>laboremus</strong></span> <span class='ocrx_word' id='word_1_873' title='bbox 2501 4921 2514 4944; x_wconf 89' lang='lat'><strong>,</strong></span> <span class='ocrx_word' id='word_1_874' title='bbox 2544 4880 2721 4935; x_wconf 91' lang='lat' dir='ltr'><strong>omnia</strong></span> <span class='ocrx_word' id='word_1_875' title='bbox 2762 4881 3014 4947; x_wconf 82' lang='lat' dir='ltr'><strong>facimus,</strong></span> <span class='ocrx_word' id='word_1_876' title='bbox 3044 4883 3225 4936; x_wconf 87' lang='lat' dir='ltr'><strong>omnia</strong></span> <span class='ocrx_word' id='word_1_877' title='bbox 3265 4900 3543 4940; x_wconf 84' lang='lat' dir='ltr'><strong>movemus</strong></span> <span class='ocrx_word' id='word_1_878' title='bbox 3564 4929 3577 4951; x_wconf 88' lang='lat'><strong>,</strong></span> <span class='ocrx_word' id='word_1_879' title='bbox 3615 4897 3672 4942; x_wconf 91' lang='lat' dir='ltr'><strong>ut</strong></span> <span class='ocrx_word' id='word_1_880' title='bbox 3699 4892 3766 4945; x_wconf 83' lang='lat' dir='ltr'><strong>ab</strong></span> 
     </span>
    </p>
   </div>
   <div class='ocr_carea' id='block_1_112' title="bbox 2178 4972 3766 5036">
    <p class='ocr_par' dir='ltr' id='par_1_112' title="bbox 2178 4972 3766 5036">
     <span class='ocr_line' id='line_1_112' title="bbox 2178 4972 3766 5036; baseline 0.006 -11"><span class='ocrx_word' id='word_1_881' title='bbox 2178 4973 2265 5027; x_wconf 91' lang='lat' dir='ltr'><strong>illa</strong></span> <span class='ocrx_word' id='word_1_882' title='bbox 2294 4972 2532 5026; x_wconf 86' lang='lat' dir='ltr'><strong>molestia</strong></span> <span class='ocrx_word' id='word_1_883' title='bbox 2557 4988 2806 5028; x_wconf 85' lang='lat' dir='ltr'><strong>eruamur</strong></span> <span class='ocrx_word' id='word_1_884' title='bbox 2831 4991 2844 5027; x_wconf 89' lang='lat'><strong>:</strong></span> <span class='ocrx_word' id='word_1_885' title='bbox 2866 4972 3040 5026; x_wconf 88' lang='lat' dir='ltr'><strong>anima</strong></span> <span class='ocrx_word' id='word_1_886' title='bbox 3067 4989 3194 5029; x_wconf 80' lang='lat' dir='ltr'><strong>vero</strong></span> <span class='ocrx_word' id='word_1_887' title='bbox 3215 4985 3395 5031; x_wconf 84' lang='lat' dir='ltr'><strong>nostra</strong></span> <span class='ocrx_word' id='word_1_888' title='bbox 3427 4977 3566 5034; x_wconf 91' lang='lat' dir='ltr'><strong>male</strong></span> <span class='ocrx_word' id='word_1_889' title='bbox 3588 4994 3648 5036; x_wconf 88' lang='lat' dir='ltr'><strong>se</strong></span> <span class='ocrx_word' id='word_1_890' title='bbox 3675 4981 3766 5034; x_wconf 78' lang='lat' dir='ltr'><strong>ha-</strong></span> 
     </span>
    </p>
   </div>
   <div class='ocr_carea' id='block_1_113' title="bbox 2177 5063 3766 5139">
    <p class='ocr_par' dir='ltr' id='par_1_113' title="bbox 2177 5063 3766 5139">
     <span class='ocr_line' id='line_1_113' title="bbox 2177 5063 3766 5139; baseline 0.005 -22"><span class='ocrx_word' id='word_1_891' title='bbox 2177 5064 2371 5128; x_wconf 84' lang='lat' dir='ltr'><strong>bente,</strong></span> <span class='ocrx_word' id='word_1_892' title='bbox 2403 5073 2718 5117; x_wconf 85' lang='lat' dir='ltr'><strong>cunctamur</strong></span> <span class='ocrx_word' id='word_1_893' title='bbox 2752 5071 2806 5117; x_wconf 89' lang='lat' dir='ltr'><strong>et</strong></span> <span class='ocrx_word' id='word_1_894' title='bbox 2849 5063 3156 5134; x_wconf 84' lang='lat' dir='ltr'><strong>refugimus.</strong></span> <span class='ocrx_word' id='word_1_895' title='bbox 3195 5066 3319 5122; x_wconf 84' lang='lat' dir='ltr'><strong>Ideo</strong></span> <span class='ocrx_word' id='word_1_896' title='bbox 3357 5084 3532 5139; x_wconf 87' lang='lat' dir='ltr'><strong>neque</strong></span> <span class='ocrx_word' id='word_1_897' title='bbox 3560 5071 3630 5124; x_wconf 88' lang='lat' dir='ltr'><strong>ab</strong></span> <span class='ocrx_word' id='word_1_898' title='bbox 3664 5074 3766 5127; x_wconf 83' lang='lat' dir='ltr'><strong>illis</strong></span> 
     </span>
    </p>
   </div>
   <div class='ocr_carea' id='block_1_114' title="bbox 2176 5153 3765 5226">
    <p class='ocr_par' dir='ltr' id='par_1_114' title="bbox 2176 5153 3765 5226">
     <span class='ocr_line' id='line_1_114' title="bbox 2176 5153 3765 5226; baseline 0.009 -20"><span class='ocrx_word' id='word_1_899' title='bbox 2176 5153 2504 5219; x_wconf 86' lang='lat' dir='ltr'><strong>liberamur;</strong></span> <span class='ocrx_word' id='word_1_900' title='bbox 2549 5155 2797 5222; x_wconf 89' lang='lat' dir='ltr'><strong>quoniam</strong></span> <span class='ocrx_word' id='word_1_901' title='bbox 2840 5171 2958 5224; x_wconf 66' lang='lat' dir='ltr'><strong>quae</strong></span> <span class='ocrx_word' id='word_1_902' title='bbox 2998 5160 3293 5213; x_wconf 84' lang='lat' dir='ltr'><strong>necessaria</strong></span> <span class='ocrx_word' id='word_1_903' title='bbox 3340 5171 3496 5226; x_wconf 89' lang='lat' dir='ltr'><strong>sunt,</strong></span> <span class='ocrx_word' id='word_1_904' title='bbox 3541 5163 3765 5221; x_wconf 83' lang='lat' dir='ltr'><strong>minoris</strong></span> 
     </span>
    </p>
   </div>
   <div class='ocr_carea' id='block_1_115' title="bbox 2178 5247 3756 5329">
    <p class='ocr_par' dir='ltr' id='par_1_115' title="bbox 2178 5247 3756 5329">
     <span class='ocr_line' id='line_1_115' title="bbox 2178 5247 3756 5329; baseline 0.008 -29"><span class='ocrx_word' id='word_1_905' title='bbox 2178 5249 2430 5329; x_wconf 50' lang='lat' dir='ltr'><strong>mom‘euti</strong></span> <span class='ocrx_word' id='word_1_906' title='bbox 2459 5247 2696 5310; x_wconf 89' lang='lat' dir='ltr'><strong>facimus,</strong></span> <span class='ocrx_word' id='word_1_907' title='bbox 2726 5263 2844 5317; x_wconf 69' lang='lat' dir='ltr'><strong>qua:</strong></span> <span class='ocrx_word' id='word_1_908' title='bbox 2867 5263 2996 5304; x_wconf 88' lang='lat' dir='ltr'><strong>vero</strong></span> <span class='ocrx_word' id='word_1_909' title='bbox 3025 5251 3246 5329; x_wconf 80' lang='lat' dir='ltr'><strong>minoris</strong></span> <span class='ocrx_word' id='word_1_910' title='bbox 3273 5255 3551 5320; x_wconf 89' lang='lat' dir='ltr'><strong>momenti,</strong></span> <span class='ocrx_word' id='word_1_911' title='bbox 3576 5271 3756 5312; x_wconf 69' lang='lat' dir='ltr'><strong>neces</strong></span> 
     </span>
    </p>
   </div>
   <div class='ocr_carea' id='block_1_116' title="bbox 2177 5337 3764 5412">
    <p class='ocr_par' dir='ltr' id='par_1_116' title="bbox 2177 5337 3764 5412">
     <span class='ocr_line' id='line_1_116' title="bbox 2177 5337 3764 5412; baseline 0.006 -21"><span class='ocrx_word' id='word_1_912' title='bbox 2177 5339 2336 5412; x_wconf 83' lang='lat' dir='ltr'><strong>saria</strong></span> <span class='ocrx_word' id='word_1_913' title='bbox 2358 5337 2601 5392; x_wconf 90' lang='lat' dir='ltr'><strong>ducimus</strong></span> <span class='ocrx_word' id='word_1_914' title='bbox 2632 5357 2645 5393; x_wconf 89' lang='lat'><strong>:</strong></span> <span class='ocrx_word' id='word_1_915' title='bbox 2678 5347 2732 5393; x_wconf 86' lang='lat' dir='ltr'><strong>et</strong></span> <span class='ocrx_word' id='word_1_916' title='bbox 2776 5339 3037 5394; x_wconf 83' lang='lat' dir='ltr'><strong>malorum</strong></span> <span class='ocrx_word' id='word_1_917' title='bbox 3083 5340 3228 5397; x_wconf 82' lang='lat' dir='ltr'><strong>fonte</strong></span> <span class='ocrx_word' id='word_1_918' title='bbox 3262 5343 3485 5398; x_wconf 84' lang='lat' dir='ltr'><strong>dimisso</strong></span> <span class='ocrx_word' id='word_1_919' title='bbox 3511 5386 3525 5410; x_wconf 94' lang='lat'><strong>,</strong></span> <span class='ocrx_word' id='word_1_920' title='bbox 3567 5347 3764 5401; x_wconf 78' lang='lat' dir='ltr'><strong>rivulos</strong></span> 
     </span>
    </p>
   </div>
   <div class='ocr_carea' id='block_1_117' title="bbox 2181 5430 3764 5507">
    <p class='ocr_par' dir='ltr' id='par_1_117' title="bbox 2181 5430 3764 5507">
     <span class='ocr_line' id='line_1_117' title="bbox 2181 5430 3764 5507; baseline 0.007 -25"><span class='ocrx_word' id='word_1_921' title='bbox 2181 5444 2404 5500; x_wconf 87' lang='lat' dir='ltr'><strong>purgare</strong></span> <span class='ocrx_word' id='word_1_922' title='bbox 2430 5430 2690 5486; x_wconf 86' lang='lat' dir='ltr'><strong>volumus.</strong></span> <span class='ocrx_word' id='word_1_923' title='bbox 2713 5430 2865 5498; x_wconf 85' lang='lat' dir='ltr'><strong>Quod</strong></span> <span class='ocrx_word' id='word_1_924' title='bbox 2895 5432 3035 5489; x_wconf 87' lang='lat' dir='ltr'><strong>enim</strong></span> <span class='ocrx_word' id='word_1_925' title='bbox 3065 5433 3375 5491; x_wconf 88' lang='lat' dir='ltr'><strong>morborum</strong></span> <span class='ocrx_word' id='word_1_926' title='bbox 3397 5441 3638 5507; x_wconf 91' lang='lat' dir='ltr'><strong>corporis</strong></span> <span class='ocrx_word' id='word_1_927' title='bbox 3661 5443 3764 5495; x_wconf 88' lang='lat' dir='ltr'><strong>ani-</strong></span> 
     </span>
    </p>
   </div>
   <div class='ocr_carea' id='block_1_118' title="bbox 2179 5519 3764 5600">
    <p class='ocr_par' dir='ltr' id='par_1_118' title="bbox 2179 5519 3764 5600">
     <span class='ocr_line' id='line_1_118' title="bbox 2179 5519 3764 5600; baseline 0.008 -28"><span class='ocrx_word' id='word_1_928' title='bbox 2179 5535 2278 5574; x_wconf 73' lang='lat' dir='ltr'><strong>ma:</strong></span> <span class='ocrx_word' id='word_1_929' title='bbox 2307 5519 2604 5590; x_wconf 84' lang='lat' dir='ltr'><strong>malignitas</strong></span> <span class='ocrx_word' id='word_1_930' title='bbox 2632 5537 2793 5578; x_wconf 74' lang='lat' dir='ltr'><strong>causa</strong></span> <span class='ocrx_word' id='word_1_931' title='bbox 2824 5523 2913 5589; x_wconf 90' lang='lat' dir='ltr'><strong>sit,</strong></span> <span class='ocrx_word' id='word_1_932' title='bbox 2944 5523 3270 5596; x_wconf 81' lang='lat' dir='ltr'><strong>paralyticos</strong></span> <span class='ocrx_word' id='word_1_933' title='bbox 3300 5527 3386 5582; x_wconf 87' lang='lat' dir='ltr'><strong>ille</strong></span> <span class='ocrx_word' id='word_1_934' title='bbox 3413 5529 3622 5600; x_wconf 88' lang='lat' dir='ltr'><strong>triginta</strong></span> <span class='ocrx_word' id='word_1_935' title='bbox 3644 5543 3764 5584; x_wconf 79' lang='lat' dir='ltr'><strong>Octo</strong></span> 
     </span>
    </p>
   </div>
   <div class='ocr_carea' id='block_1_119' title="bbox 2179 5613 3765 5686">
    <p class='ocr_par' dir='ltr' id='par_1_119' title="bbox 2179 5613 3765 5686">
     <span class='ocr_line' id='line_1_119' title="bbox 2179 5613 3765 5686; baseline 0.008 -21"><span class='ocrx_word' id='word_1_936' title='bbox 2179 5627 2441 5665; x_wconf 90' lang='lat' dir='ltr'><strong>annorum</strong></span> <span class='ocrx_word' id='word_1_937' title='bbox 2474 5613 2666 5681; x_wconf 84' lang='lat' dir='ltr'><strong>(Joan.</strong></span> <span class='ocrx_word' id='word_1_938' title='bbox 2698 5614 2800 5684; x_wconf 85' lang='lat'><strong>5),</strong></span> <span class='ocrx_word' id='word_1_939' title='bbox 2837 5614 2928 5669; x_wconf 89' lang='lat' dir='ltr'><strong>ille</strong></span> <span class='ocrx_word' id='word_1_940' title='bbox 2964 5615 3099 5669; x_wconf 85' lang='lat' dir='ltr'><strong>alius</strong></span> <span class='ocrx_word' id='word_1_941' title='bbox 3138 5632 3234 5686; x_wconf 88' lang='lat' dir='ltr'><strong>per</strong></span> <span class='ocrx_word' id='word_1_942' title='bbox 3272 5627 3470 5674; x_wconf 88' lang='lat' dir='ltr'><strong>tectum</strong></span> <span class='ocrx_word' id='word_1_943' title='bbox 3503 5620 3765 5678; x_wconf 83' lang='lat' dir='ltr'><strong>demissus</strong></span> 
     </span>
    </p>
   </div>
   <div class='ocr_carea' id='block_1_120' title="bbox 2178 5701 3762 5784">
    <p class='ocr_par' dir='ltr' id='par_1_120' title="bbox 2178 5701 3762 5784">
     <span class='ocr_line' id='line_1_120' title="bbox 2178 5701 3762 5784; baseline 0.009 -30"><span class='ocrx_word' id='word_1_944' title='bbox 2178 5701 2340 5772; x_wconf 80' lang='lat' dir='ltr'><strong>(an.</strong></span> <span class='ocrx_word' id='word_1_945' title='bbox 2371 5703 2711 5774; x_wconf 83' lang='lat' dir='ltr'><strong>5).anteillos</strong></span> <span class='ocrx_word' id='word_1_946' title='bbox 2742 5717 2868 5759; x_wconf 83' lang='lat' dir='ltr'><strong>vero</strong></span> <span class='ocrx_word' id='word_1_947' title='bbox 2894 5704 3022 5760; x_wconf 88' lang='lat' dir='ltr'><strong>Cain</strong></span> <span class='ocrx_word' id='word_1_948' title='bbox 3050 5707 3437 5765; x_wconf 87' lang='lat' dir='ltr'><strong>demonstravit</strong></span> <span class='ocrx_word' id='word_1_949' title='bbox 3469 5729 3483 5766; x_wconf 90' lang='lat'><strong>:</strong></span> <span class='ocrx_word' id='word_1_950' title='bbox 3509 5726 3762 5784; x_wconf 68' lang='lat' dir='ltr'><strong>sarpeque</strong></span> 
     </span>
    </p>
   </div>
   <div class='ocr_carea' id='block_1_121' title="bbox 2248 5812 3754 5881">
    <p class='ocr_par' dir='ltr' id='par_1_121' title="bbox 2248 5812 3754 5881">
     <span class='ocr_line' id='line_1_121' title="bbox 2248 5812 3754 5881; baseline 0.007 -23"><span class='ocrx_word' id='word_1_951' title='bbox 2248 5816 2260 5846; x_wconf 71' lang='lat' dir='ltr'><strong>t</strong></span> <span class='ocrx_word' id='word_1_952' title='bbox 2299 5812 2488 5871; x_wconf 85' lang='lat' dir='ltr'><strong>Quidam</strong></span> <span class='ocrx_word' id='word_1_953' title='bbox 2505 5819 2632 5873; x_wconf 59' lang='grc' dir='ltr'><strong>διςςη</strong></span> <span class='ocrx_word' id='word_1_954' title='bbox 2659 5821 2857 5877; x_wconf 80' lang='lat' dir='ltr'><strong>tuncque</strong></span> <span class='ocrx_word' id='word_1_955' title='bbox 2878 5816 2970 5880; x_wconf 75' lang='lat' dir='ltr'><strong>ipsi</strong></span> <span class='ocrx_word' id='word_1_956' title='bbox 2991 5819 3220 5868; x_wconf 65' lang='lat' dir='ltr'><strong>mundum</strong></span> <span class='ocrx_word' id='word_1_957' title='bbox 3245 5819 3405 5881; x_wconf 78' lang='lat' dir='ltr'><strong>illum;</strong></span> <span class='ocrx_word' id='word_1_958' title='bbox 3431 5825 3754 5874; x_wconf 84' lang='lat' dir='ltr'><strong>mlnusrecte.</strong></span> 
     </span>
    </p>
   </div>
  </div>
