4082 6506
243 446 351 508 ΞΞΙ

249 568 387 627 alibi
413 570 599 643 quivis
621 567 725 627 hoc
755 566 929 639 ipsum
960 567 1158 624 videat.
1187 565 1461 622 Tollamus
1493 565 1671 637 itaque
1700 560 1869 620 malo-

250 674 379 717 rum
414 660 645 727 fontem,
667 669 724 718 et
743 659 1051 716 morborum
1078 658 1278 715 ﬂuenta
1302 658 1483 714 statim
1502 657 1865 714 siccabuntur.

250 752 375 810 Non
411 754 679 828 paralysis
702 754 875 810 solum
903 753 1101 809 malum
1122 760 1224 817 est,
1249 750 1344 808 sed
1368 752 1531 809 etiam
1554 759 1865 822 peccatum;

251 844 368 900 imo
396 844 508 903 hoe
532 845 708 917 majus
729 861 893 918 quam
922 842 1073 910 illud,
1100 854 1303 916 quanto
1326 843 1531 899 scilicet
1552 842 1731 897 anima
1754 854 1868 897 me-

247 936 354 991 lior
383 945 475 993 est
499 950 743 1009 corpore.
790 936 1122 994 Accedamus
1147 936 1309 1008 igitur
1328 943 1384 992 et
1410 949 1551 990 nunc
1570 932 1639 989 ad
1664 934 1862 1003 ipsum,

254 1043 523 1100 wgetnus
550 1040 609 1086 ut
636 1031 925 1087 resolutam
962 1029 1198 1085 animm
1228 1036 1467 1084 nostram
1496 1026 1862 1095 constringat,

248 1129 307 1174 et
339 1120 699 1176 saecularibus
732 1121 912 1176 missis
939 1120 1189 1175 omnibus
1212 1160 1228 1185 ,
1260 1118 1618 1190 spiritualium
1656 1124 1863 1172 tantum

254 1211 537 1267 rationem
569 1210 880 1267 habeamus.
907 1211 963 1268 Si
992 1226 1120 1267 vero
1146 1210 1262 1267 haec
1287 1209 1567 1273 obtineas,
1594 1208 1682 1263 illa
1709 1221 1866 1264 cures

254 1313 476 1371 postea.
506 1302 618 1361 Nec
643 1306 768 1377 quia
796 1304 853 1359 in
884 1304 1158 1376 peccando
1186 1319 1291 1361 non
1318 1303 1493 1368 doles,
1526 1302 1649 1359 ideo
1675 1313 1864 1358 contes-
1904 1300 1907 1301 ⁷

252 1408 446 1462 muas,
477 1396 573 1452 sed
600 1406 878 1468 propterea
908 1398 1142 1454 maxime
1167 1397 1476 1468 ingemisce,
1502 1397 1628 1467 quia
1654 1395 1862 1451 nullum

253 1484 439 1542 habes
472 1485 541 1543 de
585 1488 817 1558 peccatis
851 1486 1116 1544 dolorem.
1146 1487 1278 1544 Illud
1319 1504 1447 1544 vero
1484 1488 1610 1544 inde
1646 1488 1860 1553 evenit,

252 1591 369 1631 non
401 1576 547 1648 quod
580 1588 857 1649 peccatum
897 1593 1004 1634 non
1044 1579 1319 1645 mordent,
1358 1580 1453 1635 sed
1494 1579 1637 1650 quod
1683 1579 1862 1633 anima

253 1666 562 1725 sceleribus
588 1679 799 1726 assueta
853 1686 1071 1727 sensum
1118 1686 1225 1727 non
1261 1670 1476 1728 habeat.
1507 1670 1691 1742 Cogita
1732 1684 1864 1740 ergo

253 1756 387 1814 illos
414 1759 509 1829 qui
536 1760 749 1831 propria
774 1772 991 1832 peccata
1024 1762 1281 1829 sentiunt,
1311 1761 1583 1833 quomodo
1614 1760 1860 1818 acerbius

251 1848 470 1917 ejulent
496 1866 653 1921 quam
683 1851 717 1907 ii
745 1852 835 1923 qui
873 1863 1127 1909 secantur
1151 1854 1235 1909 vel
1264 1861 1525 1919 uruntur,
1555 1861 1862 1924 quantaque

252 1938 554 2006 patiantur,
583 1951 839 2012 quantum
868 1944 1084 2014 lugeant
1108 1954 1162 2000 et
1190 1944 1562 2015 ingemiscant,
1586 1955 1692 1999 uta
1721 1944 1858 1999 mala

251 2031 594 2087 conscientia
620 2033 935 2103 liberentur,
961 2034 1104 2107 quod
1132 2050 1424 2106 numquam
1451 2034 1687 2092 iacerent
1708 2080 1723 2104 ,
1758 2035 1860 2091 nisi

250 2121 445 2177 animo
469 2122 757 2180 admodum
783 2125 1049 2183 dolerent.

326 2213 390 2268 4.
413 2212 634 2269 Peccata
647 2218 832 2272 sentire
855 2229 903 2273 et
928 2220 1182 2289 corrigere
1200 2236 1397 2276 necesse
1419 2230 1513 2276 est.
1535 2220 1658 2275 Non
1684 2221 1859 2275 dolere

251 2304 321 2359 de
348 2318 555 2376 peccato
576 2312 737 2381 magis
763 2312 933 2365 irritat
958 2311 1148 2378 Deum,
1182 2329 1337 2383 quam
1366 2315 1535 2384 ipsum
1567 2324 1853 2384 peccatum.

254 2398 462 2452 Anim
485 2402 778 2470 ρειπωινὲοή
803 2403 1121 2472 deferuntur.
1170 2431 1244 2445 -
1270 2403 1467 2476 Utique
1495 2406 1688 2461 melius
1715 2416 1860 2462 esset

252 2505 553 2561 numquam
580 2509 834 2565 peccare;
859 2497 1001 2567 quod
1022 2499 1266 2568 sequitur
1294 2508 1472 2554 autem
1500 2508 1606 2563 est,
1638 2510 1858 2570 peccata

250 2583 464 2639 sentire
484 2593 539 2639 et
567 2586 857 2657 corrigere.
891 2585 948 2643 Si
990 2603 1119 2644 vero
1164 2588 1216 2644 id
1250 2605 1356 2645 non
1386 2588 1679 2645 habeamus
1700 2631 1715 2656 ,
1747 2605 1857 2661 quo

254 2684 419 2742 pacto
442 2674 553 2732 Deo
580 2680 1002 2751 supplicabimus
1027 2692 1083 2737 et
1112 2691 1453 2752 peccatorum
1480 2686 1854 2741 remissionem

254 2764 670 2834 postulabimus,
699 2770 787 2841 qui
810 2769 1001 2826 borum
1032 2772 1235 2827 nullam
1266 2775 1528 2830 rationem
1552 2776 1858 2832 habemus?

250 2853 395 2911 Cum
421 2858 566 2914 enim
595 2867 650 2914 tu
676 2861 792 2931 ipse
828 2863 918 2933 qui
960 2865 1222 2934 peccasti,
1254 2880 1324 2921 ne
1368 2865 1597 2936 idipsum
1637 2866 1854 2937 quidem

251 2946 402 3015 quod
430 2950 735 3018 peccaveris
750 2952 891 3008 scire
911 2953 1061 3021 velis,
1086 2970 1185 3025 pro
1207 2955 1401 3027 quibus
1424 2957 1657 3025 peccatis
1686 2956 1855 3013 Deum

254 3035 474 3104 rogabis
491 3078 510 3103 ,
542 3054 662 3109 qua
706 3055 776 3097 ne
800 3042 1018 3113 quidem
1048 3045 1232 3101 nosti?
1259 3055 1314 3102 et
1337 3046 1609 3117 quomodo
1635 3050 1855 3105 noveris
1880 3092 1883 3095 .

258 3125 510 3188 beneﬁcii
539 3133 1008 3204 magnitudinem?
1037 3137 1130 3194 Dic
1158 3139 1339 3211 itaque
1369 3150 1584 3211 peccata
1614 3150 1703 3197 tua
1733 3157 1853 3211 spe-

250 3220 439 3275 ciatim
464 3264 481 3291 ,
528 3232 586 3279 ut
624 3226 801 3282 discas
828 3243 1180 3299 quorumnam
1211 3232 1588 3287 remissionem
1618 3233 1853 3305 accipis,

259 3322 320 3365 ut
348 3311 423 3366 ita
447 3327 574 3385 erga
596 3314 894 3373 beneﬁcum
930 3308 1114 3390 gratus
1145 3320 1242 3376 sis.
1263 3320 1344 3377 Tu
1370 3337 1502 3377 vero
1528 3338 1651 3379 cum
1688 3324 1857 3380 homi-

261 3416 392 3457 nem
412 3402 705 3462 ollenderis
722 3448 740 3472 ,
768 3408 1008 3476 amicos,
1040 3410 1248 3466 vicinos
1275 3420 1332 3467 et
1357 3412 1612 3469 ostiarios
1658 3429 1819 3486 rogas
1837 3457 1853 3482 ,

254 3494 516 3561 pecunias
554 3498 836 3568 expendis,
865 3500 1170 3572 multosque
1197 3503 1315 3559 dies
1344 3504 1568 3560 insumis
1612 3505 1665 3562 in
1696 3522 1856 3564 acce-

251 3583 437 3641 deudo
460 3594 517 3642 et
540 3590 911 3660 supplicando,
939 3593 1152 3649 etiamsi
1177 3595 1366 3657 semei.
1399 3596 1502 3665 bis,
1527 3599 1857 3655 sexcenties-

252 3691 363 3747 que
392 3676 460 3732 ab
497 3677 705 3735 oﬂ’enso
748 3682 1017 3752 repulsam
1046 3684 1231 3739 tuleris
1252 3727 1269 3750 ,
1294 3701 1401 3741 non
1436 3688 1677 3744 concidis
1696 3731 1711 3756 ,
1758 3690 1854 3745 scd

252 3767 430 3838 magis
470 3769 768 3838 sollicitus,
800 3775 1216 3844 supplicationes
1243 3776 1478 3849 adauges
1508 3798 1523 3835 :
1556 3762 1679 3837 cum
1723 3796 1857 3837 vero

254 3858 630 3916 universorum
651 3861 792 3919 Deus
806 3865 1043 3921 oll'ensus
1061 3876 1167 3935 est,
1187 3869 1498 3936 oscitamus,
1514 3873 1854 3945 negligimus,

253 3947 597 4020 deiiciamur,
620 3954 967 4023 inebriamur,
995 3968 1051 4013 et
1081 3975 1178 4030 pro
1206 3960 1366 4016 solito
1392 3978 1541 4019 more
1563 3965 1742 4020 omnia
1776 3966 1855 4021 fa-

254 4041 435 4096 cimus
461 4062 477 4097 :
504 4052 559 4098 et
578 4044 917 4114 quandonam
940 4048 1089 4104 illum
1116 4050 1331 4120 placare
1358 4055 1654 4122 poterimus
1674 4056 1698 4109 7
1716 4072 1855 4125 quo-

256 4132 424 4188 modo
445 4149 552 4189 non
572 4150 640 4192 eo
667 4139 784 4208 ipso
804 4139 966 4195 tnodo
986 4142 1155 4212 magis
1184 4142 1453 4200 irritemus
1478 4145 1502 4199 2
1530 4146 1647 4201 Non
1671 4147 1858 4203 dolere

256 4226 407 4281 enim
432 4226 503 4285 de
524 4241 745 4298 peccato
785 4235 955 4305 magis
978 4234 1047 4291 ad
1076 4236 1493 4307 indignationem
1521 4248 1576 4295 et
1606 4241 1739 4305 iram
1772 4242 1856 4312 ip.

255 4331 381 4369 sum
407 4331 689 4389 provocat,
716 4338 874 4394 quam
907 4325 1079 4397 ipsum
1110 4335 1409 4396 peccatum.
1437 4328 1773 4401 Quapropter
1804 4332 1855 4386 iu

256 4406 435 4476 ipsam
477 4416 673 4466 terram
717 4428 840 4471 sese
868 4414 1160 4473 detrudere
1205 4426 1499 4489 oporteret,
1548 4435 1649 4476 nec
1686 4424 1856 4478 solem

256 4497 524 4571 aspicere,
552 4501 639 4558 vel
658 4505 944 4573 respirare,
957 4506 1171 4576 quando
1198 4517 1305 4563 tam
1335 4510 1651 4579 placabilem
1675 4512 1857 4569 Domi-

258 4603 391 4643 num
421 4589 701 4660 habentes,
730 4593 883 4651 illum
904 4596 1199 4665 irritamus,
1222 4607 1279 4654 et
1304 4599 1576 4657 irritantes
1597 4618 1703 4658 non
1733 4618 1854 4674 pte-

260 4683 547 4741 nitentiam
570 4687 780 4758 agimus
808 4705 823 4743 :
854 4688 1069 4745 etiamsi
1091 4690 1180 4747 ille
1208 4706 1381 4763 neque
1404 4707 1527 4747 cum
1555 4693 1723 4750 iratus
1750 4706 1852 4761 est,

260 4790 364 4837 nos
386 4774 512 4830 odio
535 4775 729 4834 habeat
757 4778 842 4835 vel
882 4791 1185 4849 aversetur,
1214 4782 1310 4838 sed
1340 4783 1507 4839 iratus
1544 4783 1645 4850 sit,
1673 4792 1741 4839 ut
1758 4801 1859 4842 nos

256 4864 344 4923 vel
369 4864 448 4922 sic
476 4866 542 4922 ad
564 4881 623 4922 se
644 4869 940 4939 pertrahat.
955 4869 1089 4927 Nam
1108 4872 1155 4929 si
1178 4872 1264 4929 vel
1289 4876 1610 4932 contumelia
1637 4876 1859 4937 allectus

260 4964 528 5027 perpetuo
552 4955 807 5017 beneﬁcia
847 4962 1144 5031 conferret,
1183 4965 1357 5035 ipsum
1386 4969 1556 5037 magis
1600 4966 1857 5038 despice-

262 5062 375 5104 res.
401 5046 482 5105 Ne
504 5055 685 5106 autem
714 5049 767 5105 id
808 5054 1039 5122 eveniat,
1069 5054 1137 5111 ad
1180 5065 1388 5128 tempus
1417 5059 1613 5114 avertit
1634 5058 1864 5129 faciem,

260 5149 400 5199 utte
450 5156 665 5213 semper
706 5156 888 5200 secum
934 5145 1146 5204 habeat.
1174 5149 1304 5220 Ejus
1332 5150 1511 5222 itaque
1541 5151 1858 5223 benignitati

263 5231 519 5302 ﬁdamus,
544 5242 601 5290 et
637 5234 1003 5305 penitentiam
1029 5240 1255 5296 sollicite
1279 5242 1657 5310 exhibeamus,
1681 5243 1860 5314 prius-

262 5339 427 5399 quam
473 5316 602 5384 dios
628 5325 720 5384 ille
748 5315 959 5397 veniat,
975 5327 1028 5385 in
1058 5344 1165 5401 quo
1193 5332 1327 5389 nihil
1354 5334 1508 5390 nobis
1545 5335 1857 5405 pmniteutis

1414 449 1479 509 IN
1516 444 1927 509 HATTHEUM
1965 448 2191 508 ηοιιιι.
2238 449 2377 510 XIV.

1976 563 2233 633 proderit.
2257 564 2411 622 Nunc
2445 566 2591 623 enim
2636 565 2691 624 in
2716 566 2876 623 nobis
2902 577 3012 624 tota
3044 582 3132 626 res
3161 570 3262 627 sita
3294 578 3418 628 est:
3448 578 3577 624 tunc

1973 669 2103 710 vero
2122 653 2296 713 iudex
2333 657 2482 714 solus
2507 656 2610 713 erit
2643 656 2831 729 iudicii
2856 667 2911 714 et
2938 659 3127 715 calculi
3156 659 3365 715 ferendi
3396 658 3575 716 dolui-

1974 762 2097 802 nus.
2121 744 2546 821 Procerum
2582 749 2747 823 igitur
2774 750 2961 822 faciens
3001 752 3113 821 ejus
3164 754 3220 807 in
3256 753 3575 824 confessions

1976 835 2151 909 (Paul.
2182 837 2275 897 Μ.
2302 841 2409 913 2.),
2438 841 2684 909 ﬂeamus,
2706 843 3003 915 lugeamus.
3034 842 3090 901 Si
3113 845 3256 899 enim
3279 843 3572 915 poterimus

1972 942 2099 989 ante
2129 931 2407 990 deﬁnitam
2438 934 2583 990 illam
2608 935 2755 992 diem
2785 936 3001 1007 placare
3023 935 3294 1004 Iudicem,
3325 945 3385 991 ut
3414 936 3572 992 nobis

1969 1034 2189 1095 peccata
2215 1027 2489 1097 re‘mittat,
2517 1044 2626 1085 non
2651 1029 2794 1086 ultra
2820 1030 3044 1087 introitu
3070 1030 3228 1086 nobis
3257 1045 3393 1100 opus
3420 1031 3525 1085 erit
3554 1049 3570 1087 :

1970 1124 2030 1172 ut
2051 1131 2084 1173 e
2102 1131 2388 1188 converso,
2414 1118 2459 1175 si
2486 1134 2597 1176 non
2624 1119 2728 1179 hoc
2746 1121 2817 1178 ita
2846 1122 2958 1186 llat,
2982 1130 3101 1179 toto
3125 1122 3259 1183 orbe
3281 1132 3570 1190 praesente.

1972 1209 2151 1279 palam
2205 1226 2308 1268 nos
2358 1210 2668 1282 iudicabit,
2743 1219 2799 1266 et
2853 1208 3000 1264 nulla
3049 1209 3209 1264 nobis
3267 1210 3408 1262 ultra
3440 1221 3564 1283 spes

1972 1303 2147 1358 venia:
2178 1303 2467 1375 supererit.
2537 1300 2734 1359 Nullus
2770 1301 2919 1357 enim
2974 1315 3167 1357 eorum
3215 1301 3308 1371 qui
3338 1299 3561 1365 adsunt,

1972 1393 2068 1464 qui
2142 1401 2368 1465 peccata
2439 1409 2540 1450 sua
2617 1409 2727 1450 non
2794 1392 3048 1458 abiuerit,
3118 1408 3245 1448 cum
3293 1392 3422 1448 illuc
3460 1390 3563 1447 ad-

1971 1485 2218 1551 venerit,
2267 1486 2472 1558 poterit
2520 1501 2713 1557 pinnas
2765 1486 2834 1542 iis
2878 1486 3092 1543 debitas
3134 1483 3408 1556 eﬂugere:
3465 1483 3565 1542 sed

1967 1575 2416 1645 quemadmodum
2446 1577 2520 1631 illi
2553 1579 2642 1647 qui
2682 1593 2750 1633 ex
2774 1576 3084 1633 carceribus
3120 1576 3204 1631 his
3229 1575 3297 1632 ad
3333 1575 3565 1631 tribunal

1968 1667 2173 1721 catenis
2193 1668 2371 1723 onusti
2401 1657 2761 1735 adducuntur,
2785 1669 2865 1725 sic
2894 1678 2949 1725 et
2976 1669 3172 1724 anima:
3199 1681 3409 1733 omnes,
3440 1682 3566 1722 cum

1968 1756 2093 1812 hinc
2112 1757 2373 1825 abierint,
2412 1758 2579 1815 variis
2608 1769 2948 1829 peccatorum
2999 1774 3223 1815 suorum
3256 1758 3565 1814 constrictze

1966 1849 2173 1903 catenis
2193 1890 2208 1915 ,
2235 1850 2302 1905 ad
2332 1849 2572 1906 terribile
2601 1850 2730 1906 illud
2763 1850 2994 1906 tribunal
3042 1850 3399 1906 adducentur.
3429 1848 3565 1905 Nam

1966 1937 2083 1995 hzec
2103 1940 2209 1996 vita
2246 1955 2465 1997 carcere
2506 1940 2674 1996 nihilo
2703 1942 2895 1998 melior
2919 1950 3005 1998 est
3031 1957 3048 2007 ;
3072 1940 3167 1997 sed
3197 1941 3334 1996 sicut
3356 1956 3478 1997 cum
3511 1940 3566 1995 in

1963 2029 2293 2087 domicilium
2336 2031 2466 2087 illud
2503 2032 2822 2097 introimus,
2869 2047 3061 2089 omnes
3086 2032 3332 2089 videmus
3360 2031 3568 2089 catenis

1964 2121 2357 2178 circumdatos:
2390 2125 2462 2179 ita
2494 2133 2548 2179 et
2573 2139 2752 2190 nunc,
2786 2124 2831 2180 si
2856 2124 3066 2192 abiecta
3097 2122 3186 2178 illa
3217 2132 3564 2180 externarum

1964 2228 2146 2269 rerum
2191 2214 2604 2285 imaginatione,
2640 2218 2692 2271 in
2721 2217 3054 2288 singulorum
3078 2216 3245 2272 vitam
3292 2217 3563 2289 ingredia-

1964 2320 2105 2370 mur,
2130 2306 2366 2376 ipsorum
2389 2307 2595 2363 animas
2620 2308 2919 2369 videbimus
2944 2308 3091 2364 ferro
3115 2304 3423 2365 durioribus
3442 2309 3565 2363 vin-

1964 2396 2098 2452 culis
2142 2396 2458 2453 constrictas
2484 2417 2497 2453 :
2528 2400 2762 2455 maxime
2784 2415 2914 2455 vero
2942 2399 2989 2455 si
3026 2401 3078 2454 in
3102 2402 3310 2456 animas
3338 2400 3564 2455 divitum

1963 2489 2284 2546 intraveris:
2328 2505 2453 2546 nam
2491 2499 2691 2562 quanto
2712 2490 2953 2561 pluribus
2978 2492 3097 2547 illos
3121 2491 3321 2547 videris
3364 2491 3567 2546 divitiis

1962 2579 2350 2646 circumdatos,
2389 2591 2536 2637 tanto
2575 2583 2745 2653 magis
2787 2590 2914 2639 sunt
2954 2582 3175 2654 alligati.
3205 2580 3567 2651 Quemadmoo

1963 2671 2090 2727 dum
2123 2673 2285 2744 igitur
2308 2674 2353 2728 si
2380 2675 2620 2729 vinctum
2648 2674 2848 2730 videris
2878 2667 3126 2730 mahibus
3151 2715 3167 2742 ,
3189 2673 3354 2730 dorso
3371 2715 3388 2740 ,
3416 2687 3563 2742 smpe

1961 2767 2123 2822 etiam
2150 2766 2376 2837 pedibus
2400 2766 2674 2838 alligatum
2692 2766 2881 2824 ferreis
2905 2766 3305 2845 catenis,illum
3328 2765 3566 2821 maxime

1962 2857 2236 2911 miseraris
2255 2874 2269 2910 :
2294 2858 2373 2912 sic
2390 2856 2614 2913 divitem
2635 2872 2758 2913 cum
2776 2856 2972 2914 videris
2984 2856 3168 2913 multis
3187 2854 3565 2913 circumﬂuere

1962 2955 2070 3002 tem
2100 2946 2293 3015 rebus,
2316 2965 2384 3003 ne
2414 2948 2537 3005 ideo
2558 2948 2802 3015 divitem,
2830 2947 2927 3006 sed
2957 2948 3135 3020 potius
3155 2947 3277 3021 ideo
3305 2946 3564 3005 miserum

1961 3038 2309 3096 existimato:
2342 3056 2467 3097 nam
2494 3055 2620 3097 cum
2645 3038 2731 3096 his
2761 3040 2991 3096 vinculis
3017 3054 3219 3096 savum
3243 3038 3408 3094 habet
3436 3052 3562 3093 car-

1960 3129 2102 3184 ceris
2130 3129 2412 3186 custodem
2437 3170 2455 3196 ,
2502 3145 2722 3200 pravum
2770 3129 3118 3201 pecuniarum
3152 3143 3392 3184 amorem
3428 3146 3442 3184 :
3471 3126 3566 3202 qui

1963 3237 2068 3277 non
2098 3222 2359 3291 permittit
2385 3222 2459 3276 illi
2483 3238 2549 3278 es
2573 3223 2677 3277 isto
2701 3237 2919 3278 carcere
2938 3222 3158 3279 exsilire
3176 3262 3193 3286 ,
3215 3221 3311 3278 sed
3340 3237 3567 3279 sexcen-

1964 3322 2046 3367 tos
2074 3313 2172 3381 ipsi
2195 3321 2349 3382 parat
2375 3312 2672 3382 compedes
2694 3353 2712 3379 ,
2734 3311 2989 3369 custodes
3022 3353 3040 3379 ,
3075 3319 3264 3382 portas
3286 3355 3301 3378 ,
3344 3324 3527 3372 vectes
3546 3354 3564 3381 ,

1960 3414 2016 3458 et
2042 3404 2095 3458 in
2128 3404 2436 3459 interiorem
2463 3418 2738 3460 carcerem
2769 3401 3014 3469 trudens,
3043 3405 3236 3461 suadet
3264 3406 3339 3460 illi
3367 3416 3427 3460 ut
3452 3405 3569 3461 istis

1963 3496 2194 3553 vinculis
2217 3494 2534 3561 delectetur,
2570 3504 2630 3551 ut
2655 3511 2723 3553 ne
2743 3495 2960 3566 quidem
2986 3497 3251 3555 evadendi
3274 3498 3341 3555 ab
3363 3501 3571 3554 instan—

1964 3585 2105 3641 tibus
2127 3586 2285 3643 malis
2309 3602 2463 3657 spem
2490 3585 2656 3643 ullam
2688 3585 2903 3643 habeat.
2935 3588 3006 3644 Et
3031 3590 3076 3645 si
3107 3589 3437 3662 cogitatione
3474 3596 3567 3643 tua

1962 3679 2194 3733 animum
2225 3677 2368 3733 illius
2393 3676 2753 3734 denudaveris
2772 3719 2787 3743 ,
2818 3694 2928 3736 non
2955 3682 3190 3736 vinctam
3218 3680 3379 3736 modo
3410 3679 3567 3736 vide-

1963 3770 2046 3825 bis
2063 3809 2079 3836 ,
2106 3769 2200 3824 sed
2238 3771 2401 3825 etiam
2430 3770 2766 3841 squalentem
2787 3814 2804 3840 ,
2834 3773 3073 3843 putidam
3096 3814 3110 3837 ,
3137 3773 3397 3845 pediculis
3424 3789 3564 3829 onu-

1962 3871 2122 3917 stam.
2142 3861 2283 3917 Nihil
2307 3862 2452 3917 enim
2475 3862 2580 3917 illis
2602 3864 2857 3921 meliores
2869 3875 2995 3919 sunt
3022 3865 3311 3933 voluptatis
3330 3865 3561 3934 deliciis,

1962 3953 2072 4008 imo
2098 3952 2505 4019 borribiliores;
2534 3963 2699 4026 atque
2728 3956 2889 4011 etiam
2921 3971 3120 4027 corpus
3159 3972 3282 4012 cum
3312 3957 3423 4027 ipsa
3441 3955 3562 4011 ani-

1962 4059 2047 4097 ma
2078 4043 2444 4111 labefactant,
2490 4055 2546 4100 et
2583 4046 2709 4099 huic
2740 4055 2793 4100 et
2842 4046 2917 4099 illi
2959 4048 3271 4101 innumeras
3319 4046 3565 4116 inﬂigunt

1963 4134 2273 4188 morborum
2304 4132 2509 4203 plagas.
2546 4133 2774 4203 Propter
2802 4133 2917 4189 lucc
2944 4136 3125 4189 oniuia
3148 4135 3567 4206 Redemptorem

1961 4224 2261 4278 animarum
2304 4233 2611 4280 nostrarum
2659 4239 2974 4295 precemur,
3018 4235 3075 4280 ut
3101 4236 3155 4282 et
3180 4228 3388 4283 vincula
3422 4244 3569 4282 rum-

1964 4324 2074 4387 pat,
2102 4326 2157 4371 et
2185 4332 2388 4372 saevum
2415 4316 2561 4373 hunc
2580 4316 2857 4373 custodem
2882 4332 2911 4370 a
2943 4317 3098 4372 nobis
3118 4328 3384 4385 amoveat,
3407 4328 3568 4388 atque

1964 4424 1994 4462 a
2028 4408 2264 4479 pondere
2295 4409 2590 4466 ferrearum
2620 4422 2937 4466 catenarum
2960 4410 3201 4467 libentia
3220 4454 3237 4481 ,
3270 4412 3371 4467 alis
3397 4413 3568 4468 levio-

1964 4517 2080 4557 rem
2128 4502 2181 4557 in
2213 4502 2370 4558 nobis
2416 4510 2654 4559 mentem
2696 4502 2965 4573 perﬁciat.
3001 4505 3136 4560 Dum
3187 4514 3370 4561 autem
3415 4505 3565 4561 illum

1966 4594 2328 4665 precabimur,
2360 4611 2479 4665 qua:
2508 4606 2691 4651 nostra
2716 4604 2843 4652 sunt
2870 4597 3032 4653 etiam
3063 4595 3351 4653 aderamus
3370 4639 3385 4665 ,
3416 4598 3568 4653 solli-

1963 4687 2280 4755 citudinem,
2310 4690 2574 4756 animum,
2598 4687 2952 4745 alacritatem.
2982 4689 3074 4746 Sic
3097 4692 3241 4746 enim
3270 4693 3570 4762 poterimus

1965 4779 2114 4835 brevi
2146 4789 2389 4850 tempore
2416 4795 2446 4835 a
2492 4780 2647 4836 malis
2665 4822 2681 4849 ,
2710 4781 2905 4852 quibus
2934 4782 3241 4840 detinemur
3264 4827 3281 4853 ,
3308 4785 3485 4856 eripi,
3514 4796 3569 4844 et

1965 4871 2208 4928 ediscere
2225 4886 2335 4944 quo
2364 4872 2416 4927 in
2444 4881 2592 4929 statu
2625 4874 2775 4945 prius
2798 4888 3038 4942 eramus,
3070 4886 3570 4951 congruentemque

1965 4963 2123 5019 nobis
2150 4963 2394 5033 recipere
2417 4962 2723 5019 libertatem
2753 4981 2767 5019 :
2797 4978 2958 5036 quam
2985 4964 3191 5021 utinam
3216 4982 3405 5024 omnes
3430 4983 3567 5027 con-

1965 5071 2289 5127 sequamur,
2317 5056 2488 5128 gratia
2522 5065 2579 5112 et
2612 5056 2943 5128 benignitate
2988 5058 3199 5115 Domini
3233 5062 3403 5118 nostri
3439 5061 3570 5120 Jesu

1966 5146 2164 5204 Christi
2190 5189 2207 5218 ,
2238 5147 2325 5205 cui
2346 5148 2513 5220 gloria
2535 5159 2592 5205 et
2612 5148 2897 5221 imperium
2922 5151 2976 5208 in
2998 5151 3195 5209 mula
3214 5152 3568 5212 saeculorum.

1968 5247 2163 5302 Amen.

1424 5646 2448 5724 mam
