4114 6492
555 399 665 460 223

561 527 699 543 ~'

1276 401 1332 460 Β.
1372 397 1648 459 JOANNIS
1684 398 2156 456 CIIRYSOS'I'OMI
2199 399 2510 456 AllClllEP.
2541 402 3074 462 CONSTANTINOP.

3717 408 3822 465 2‘25

1893 600 2239 666 HOMIIJA
2285 603 2427 665 XV.

553 746 692 805 Cu.
711 748 765 803 5.
798 763 848 802 ν.
875 749 925 803 1.
959 746 1145 806 Videas
1190 755 1359 804 eruerit
1406 745 1555 802 Iesus
1603 749 1795 808 turbas,
1821 746 2047 799 ascendit
2073 747 2126 800 in

624 849 858 895 montem.
892 838 960 896 Et
989 857 1102 896 cum
1139 839 1364 903 sedisset,
1393 847 1705 893 accesserunt
1733 839 1804 892 ad
1829 855 1941 890 eum
1968 839 2124 892 disci-

623 931 734 1002 puli
758 933 900 1003 ejus:
917 921 972 985 ‘3.
1000 941 1050 985 et
1083 929 1307 998 aperiens
1330 945 1387 983 os
1414 945 1557 983 suam
1582 929 1786 987 docebat
1814 946 1900 982 eos
1916 929 2016 999 (a),
2047 931 2125 984 di-

620 1037 737 1075 cens
759 1037 778 1075 :
809 1021 947 1075 Beati
973 1036 1220 1090 pauperes
1247 1020 1428 1089 spiritu
1448 1059 1464 1084 ,
1511 1021 1747 1089 quoniam
1797 1020 2024 1090 ipsorum
2048 1029 2122 1075 est

621 1130 742 1183 regis
749 1129 829 1168 urit
856 1114 1112 1169 cteloruns.

619 1291 673 1345 ι.
729 1289 914 1344 Christi
942 1290 1186 1344 modestia
1206 1291 1370 1360 qualis
1397 1300 1443 1348 et
1466 1290 1716 1360 quomodo
1746 1292 2008 1347 imitanda.
2039 1289 2120 1346 EI

547 1378 729 1449 agendi
747 1379 943 1434 ratione
967 1379 1150 1434 Christi
1175 1380 1444 1437 Mauichati
1459 1381 1616 1435 obiter
1636 1383 1951 1452 refelluntur.
1974 1381 2122 1438 Chri-

543 1480 649 1524 stus
687 1470 966 1537 discipulos
1006 1471 1266 1540 alloquens
1313 1483 1470 1526 totum
1521 1473 1687 1527 orbem
1725 1473 2020 1542 alloquitur.
2049 1503 2120 1516 --

549 1558 678 1612 Vide
701 1574 856 1629 quam
885 1574 914 1613 a
959 1559 1096 1615 fastu
1139 1570 1194 1616 et
1218 1561 1510 1618 ambitione
1549 1563 1620 1618 sit
1658 1563 1887 1618 alienus.
1933 1563 2116 1634 Neque

543 1650 683 1705 enim
709 1665 888 1706 secum
915 1651 1270 1711 circumduxit
1294 1669 1410 1720 eos,
1432 1654 1524 1710 sed
1552 1670 1674 1710 cum
1699 1656 1872 1711 morbi
1893 1657 2116 1712 curandi

543 1749 717 1806 erant,
741 1745 854 1812 Ipse
882 1742 1139 1798 circuibat
1171 1744 1436 1816 undique,
1467 1754 1523 1802 et
1563 1747 1722 1801 urbes
1750 1756 1805 1803 et
1831 1747 1949 1803 loca
1985 1748 2115 1804 visi-

544 1844 660 1888 tans
684 1852 698 1889 :
726 1835 936 1904 quando
963 1846 1141 1892 autem
1169 1837 1318 1893 turba
1361 1837 1566 1904 aderat,
1598 1854 1703 1894 uno
1740 1841 1792 1893 in
1821 1839 1940 1896 loco
1970 1855 2117 1896 cam-

543 1927 702 1992 pestri
746 1925 892 1980 sedet
919 1967 933 1989 ,
975 1942 1078 1981 non
1104 1928 1156 1982 in
1184 1928 1314 1984 urbe
1340 1938 1432 1984 aut
1460 1929 1512 1983 in
1538 1929 1717 1984 medio
1745 1931 1861 1986 loro
1884 1973 1898 1995 ,
1934 1932 2029 1988 sed
2062 1932 2115 1986 in

546 2017 748 2079 monte.
784 2017 836 2070 in
867 2015 1100 2084 deserto,
1132 2028 1190 2074 ut
1215 2019 1404 2075 doceat
1428 2035 1526 2075 nos
1553 2021 1685 2075 nihil
1710 2020 1778 2076 ad
1804 2023 2115 2077 ostentatio-

540 2123 660 2164 nem
686 2109 974 2166 faciendum
1011 2125 1146 2174 esse,
1189 2119 1242 2166 et
1286 2126 1318 2165 a
1348 2112 1538 2168 mediis
1567 2113 1884 2168 tumultibus
1924 2115 2112 2170 absce-

537 2201 800 2268 dendum,
830 2218 949 2258 cum
1001 2203 1226 2260 maxime
1254 2205 1614 2277 philosophari
1661 2213 1904 2275 Oportet,
1937 2206 2112 2278 deque

537 2294 851 2349 necessariis
876 2296 1035 2350 rebus
1079 2295 1368 2352 disserere.
1401 2296 1534 2350 Cum
1570 2295 1894 2352 ascendisset
1932 2308 2108 2354 autem

534 2395 692 2453 atque
719 2385 965 2449 sedisset,
995 2395 1334 2441 accesserunt
1353 2386 1620 2456 discipuli.
1642 2388 1824 2443 Viden‘
1846 2403 2029 2441 eorum
2056 2389 2108 2442 in

536 2477 724 2529 virtute
751 2475 1065 2544 profectum,
1089 2487 1140 2532 et
1160 2478 1430 2547 quomodo
1463 2489 1682 2547 repente
1710 2481 1960 2534 meliores
1987 2488 2111 2532 sunt

531 2565 702 2643 eﬂecti
718 2571 741 2618 Υ
763 2565 906 2621 blulti
929 2583 1153 2637 namque
1174 2567 1548 2622 miraculorum
1573 2578 1898 2638 spectatores
1919 2579 2104 2634 erant;

533 2655 582 2708 hi
619 2672 744 2711 vero
775 2673 1017 2726 magnum
1044 2657 1308 2728 quidpiam
1337 2667 1391 2712 et
1411 2659 1682 2714 excelsum
1707 2661 1891 2716 audire
1913 2666 2097 2731 cupie-

531 2747 692 2804 bant:
723 2749 859 2817 quod
889 2749 1050 2802 etiam
1077 2749 1223 2802 illum
1249 2748 1316 2802 ad
1348 2749 1647 2805 docendum
1677 2751 1907 2820 lnduxit,
1940 2765 2103 2824 utque

529 2840 626 2895 hos
661 2843 925 2897 ordiretur
953 2858 1228 2898 sermones
1254 2844 1452 2899 ell’ecit.
1493 2844 1676 2915 Neque
1705 2849 1845 2901 enim
1877 2864 2101 2918 corpora

526 2942 726 2986 tantum
766 2933 1018 2998 curabat,
1046 2933 1139 2988 sed
1189 2935 1348 2989 etiam
1393 2936 1598 2990 animas
1635 2937 1996 3006 emendabat,
2040 2954 2103 2994 ac

525 3037 733 3077 rursum
763 3025 830 3080 ab
875 3023 972 3078 hac
1000 3039 1125 3079 cura
1155 3025 1221 3080 ad
1251 3026 1393 3080 illam
1427 3027 1658 3093 redibat,
1703 3029 1787 3084 sic
1835 3030 1983 3084 utilia
2013 3047 2104 3085 va-

523 3116 695 3182 rians,
725 3124 780 3170 et
805 3116 1087 3170 verborum
1118 3117 1371 3172 doctrinm
1397 3133 1622 3186 operum
1649 3119 1970 3174 documenta
2003 3122 2102 3176 mi-

520 3219 694 3272 scens,
716 3206 896 3277 sicque
923 3207 1242 3275 impudentia
1271 3208 1643 3264 hmreticorum
1665 3211 1951 3267 obstruens
1982 3228 2097 3282 ora,

520 3298 645 3354 dum
671 3299 946 3368 utriusque
966 3299 1278 3354 substantiae
1299 3314 1482 3354 curam
1502 3311 1732 3370 gereret.
1754 3305 2096 3360 ostenderet-

519 3403 622 3458 que
647 3402 706 3444 se
724 3388 970 3443 animalis
998 3389 1296 3445 totiusesse
1322 3391 1650 3446 Creatorem.
1677 3392 1800 3448 Ideo
1824 3394 2102 3467 utriusque

517 3489 720 3535 naturze
749 3481 1134 3550 providentiam
1156 3483 1406 3553 gerebat,
1433 3500 1574 3540 nunc
1599 3486 1756 3553 hanc,
1785 3502 1927 3542 nunc
1953 3489 2095 3544 illam

516 3573 822 3628 emendatis.
849 3572 1000 3640 Quod
1032 3582 1156 3629 tunc
1185 3578 1343 3629 etiam
1375 3575 1621 3632 faciebat.
1657 3578 1788 3634 Nam
1815 3580 2055 3650 Aperieus
2079 3623 2093 3646 ,

515 3663 702 3734 inquit,
722 3681 777 3720 os
794 3683 939 3719 suum
964 3667 1170 3721 docebat
1189 3683 1292 3722 eos.
1321 3669 1390 3723 Et
1408 3675 1509 3739 qua
1535 3670 1601 3725 de
1626 3685 1786 3726 causa
1811 3671 1897 3727 hic
1919 3673 2089 3740 addit,

515 3756 756 3826 Apericns
785 3773 838 3811 os
861 3759 1049 3812 num!
1071 3759 1138 3815 Ut
1160 3760 1334 3815 discas
1363 3777 1484 3816 eum
1510 3764 1670 3816 etiam
1699 3771 1962 3820 tacentem
1993 3764 2092 3819 do-

512 3848 708 3912 coisse,
740 3863 840 3902 nec
869 3848 1026 3902 modo
1053 3850 1388 3919 loquentem;
1415 3851 1509 3904 sed
1536 3867 1676 3907 nunc
1701 3867 1762 3907 os
1786 3855 2058 3924 aperuisse
2079 3898 2092 3920 ,

513 3950 651 3990 mmc
681 3951 772 4006 per
798 3953 955 4007 opera
981 3939 1091 4009 ipsa
1123 3955 1305 3994 vocem
1332 3927 1590 3997 emisisse.
1622 3943 1752 3997 Cum
1774 3944 1924 3999 audis
1943 3961 2091 4014 vero,

513 4024 730 4080 Docebat
755 4044 858 4094 eos,
887 4043 954 4083 ne
975 4038 1124 4098 putes
1153 4030 1323 4100 ipsum
1348 4031 1489 4086 solos
1525 4032 1813 4103 discipulos
1849 4035 2046 4107 alloqui
2072 4054 2087 4101 ;

511 4115 603 4170 sed
636 4131 728 4185 per
757 4117 892 4182 illos,
920 4118 1052 4173 alios
1082 4135 1288 4174 omnes.
1313 4121 1446 4186 Quia
1472 4123 1614 4175 enim
1645 4123 1798 4178 turba
1823 4127 2090 4195 popularis

510 4221 623 4263 erat
649 4250 664 4275 ,
696 4226 758 4264 ex
785 4225 968 4266 eorum
999 4227 1221 4264 numero
1251 4212 1340 4281 qui
1373 4211 1514 4266 humi
1545 4213 1834 4283 repebant,
1863 4217 2092 4287 discipu-

510 4299 680 4354 lorum
706 4300 929 4356 chorum
953 4312 1076 4355 ante
1098 4315 1158 4357 se
1176 4302 1524 4369 constituens,
1546 4303 1612 4358 ad
1635 4305 1757 4360 illos
1786 4321 2087 4364 sermonem

509 4389 706 4460 dirigit,
735 4390 894 4445 verba
923 4405 1014 4445 sua
1047 4391 1116 4444 ita
1146 4400 1469 4460 temperans,
1499 4402 1555 4447 ut
1577 4396 1787 4449 creteris
1817 4399 2084 4466 omnibus,

508 4482 596 4552 qui
622 4483 672 4536 in
699 4481 777 4536 his
799 4481 1082 4536 admodum
1105 4483 1261 4536 rudes
1281 4494 1450 4547 erant,
1473 4483 1824 4555 philosophiae
1845 4487 2085 4544 doctrina

509 4587 613 4626 non
643 4573 863 4626 molesta
886 4582 1047 4626 esset.
1081 4572 1232 4638 Quod
1261 4573 1418 4628 etiam
1446 4573 1614 4629 Lucas
1638 4577 1980 4651 qubindirans
2004 4581 2086 4634 di-

507 4663 691 4726 cebat,
719 4665 888 4733 ipsum
919 4679 1218 4719 sermonem
1249 4664 1316 4718 ad
1343 4679 1438 4718 eos
1463 4669 1786 4723 convertisse
1832 4670 1849 4739 (
1873 4669 1994 4724 Luc.
2026 4672 2077 4726 6.

506 4753 618 4826 27)
656 4773 668 4808 :
700 4764 754 4810 et
783 4755 1062 4811 Mattheus
1089 4754 1317 4826 idipsum
1348 4756 1669 4827 signiﬁcans,
1699 4760 1832 4814 dixit
1862 4777 1876 4815 :
1903 4764 2083 4817 Acces-

504 4856 676 4901 serunt
710 4851 776 4901 ad
805 4863 916 4901 eum
946 4847 1179 4918 discipuli
1225 4848 1357 4918 ejus,
1396 4859 1440 4901 et
1469 4848 1676 4903 docebat
1708 4866 1809 4904 eos.
1837 4851 1911 4906 Ita
1938 4855 2078 4909 enim

501 4939 679 4994 caeteri
719 4939 969 4994 attentius
1005 4938 1231 4993 audituri
1258 4948 1448 5003 erant,
1494 4955 1650 5010 quam
1699 4941 1744 4995 si
1787 4942 1853 4996 ad
1895 4958 2081 5000 omnes

502 5029 662 5086 verba
697 5029 994 5085 direxisset.
1030 5029 1177 5087 Unde
1202 5044 1330 5100 ergo
1355 5031 1531 5100 incipit
1559 5073 1572 5096 ,
1607 5041 1668 5107 et.
1698 5048 1818 5103 quae
1844 5035 1964 5090 novi
1994 5037 2079 5091 in-

501 5121 670 5177 stituti
699 5121 1036 5177 fundamenta
1068 5121 1221 5176 nobis
1256 5123 1443 5191 ponit?
1473 5123 1762 5180 Audiamus
1802 5126 2080 5197 diligenter

500 5226 564 5267 ea
590 5228 708 5283 quae
735 5213 980 5268 dicuntur
1007 5230 1020 5265 :
1053 5211 1159 5267 illis
1187 5227 1412 5282 namque
1453 5212 1592 5269 dicta
1621 5227 1739 5270 sunt
1757 5257 1774 5282 ,
1804 5228 1857 5272 et
1885 5221 2078 5289 scripta

501 5313 622 5358 sunt
674 5320 768 5374 pro
820 5305 1065 5359 omnibus
1094 5314 1214 5375 post
1257 5303 1468 5359 futuris.
1515 5306 1716 5363 Idcirco
1756 5311 2078 5366 concionans

498 5393 711 5463 quidem
759 5393 1405 5466 discipulos'alloquitur;
1457 5412 1629 5468 neque
1669 5407 1845 5455 tamen
1878 5402 1927 5456 in
1973 5403 2078 5458 illis

498 5482 638 5538 dicta
676 5484 1100 5551 circumscribit,
1149 5487 1240 5541 sed
1273 5486 1679 5546 indeterminate
1722 5491 2076 5552 beatitudines

498 5589 685 5628 omnes
716 5575 930 5644 pml'ett.
975 5577 1087 5631 Non
1118 5578 1256 5633 enim
1287 5579 1463 5647 dixit,
1507 5579 1653 5636 Beati
1702 5584 1830 5639 estis
1859 5599 1954 5640 vos
1981 5626 1997 5651 ,
2028 5587 2074 5642 si

564 5790 636 5850 (α)
670 5789 723 5840 lu
741 5791 842 5842 haec
865 5793 1030 5856 verba,
1058 5794 1254 5847 docebat
1276 5809 1372 5860 cos,
1393 5798 1560 5850 titulus
1581 5798 1763 5852 desinit
1783 5804 2067 5866 apudsanl.

2235 741 2498 818 pauperes
2521 748 2760 815 fueritis;
2802 752 2896 807 sed
2919 792 2934 818 ,
2966 751 3112 808 Beati
3134 772 3401 826 pauperes.
3431 757 3588 815 Certe
3611 760 3820 817 etiamsi

2232 837 2338 892 illis
2383 841 2661 909 speciatim
2709 841 2974 912 dixisset,
3021 849 3324 902 communia
3375 859 3550 906 tamen
3599 855 3815 908 consilia

2231 928 2402 984 futura
2432 941 2602 985 erant.
2635 930 2845 988 Etenim
2869 941 2987 989 cum‘
3016 935 3219 992 diceret
3252 955 3266 990 :
3302 937 3432 993 Ecce
3453 957 3546 1012 ego
3567 942 3817 998 vobiscum

2227 1034 2340 1073 sum
2368 1021 2598 1075 manibus
2641 1023 2814 1076 diebus
2842 1041 2999 1094 usque
3028 1028 3098 1080 ad
3122 1033 3607 1086 consummationem
3646 1035 3814 1088 surculi

2227 1109 2452 1182 (Matth.
2485 1112 2574 1168 28.
2601 1112 2706 1184 20)
2741 1133 2754 1167 :
2788 1130 2894 1170 non
2925 1117 3046 1172 illos
3074 1119 3247 1173 solum
3286 1120 3610 1191 alloquitur,
3639 1125 3734 1178 sed
3763 1135 3817 1181 et

2229 1215 2323 1268 per
2364 1201 2484 1256 illos
2513 1211 2680 1258 totum
2708 1207 2895 1260 orbem
2929 1224 2942 1260 :
2970 1217 3025 1262 et
3052 1222 3174 1262 cum
3203 1210 3322 1264 illos
3345 1211 3533 1266 beatos
3563 1213 3814 1282 praedicat

2227 1291 2692 1359 persequutionem
2736 1295 2997 1363 patientes
3035 1337 3050 1360 ,
3082 1298 3266 1366 pulsos
3290 1339 3308 1365 ,
3354 1309 3409 1355 et
3457 1301 3811 1358 intolerabilia

2224 1380 2580 1448 sustinentes;
2605 1398 2709 1439 non
2736 1385 2841 1440 illis
2867 1395 3092 1455 tantum,
3116 1389 3212 1444 sed
3234 1392 3393 1446 etiam
3420 1393 3668 1448 munibus
3692 1394 3810 1450 talia

2225 1472 2436 1526 fortiter
2484 1475 2776 1530 terentibus
2825 1491 3084 1533 coronam
3138 1482 3319 1536 nectit.
3351 1482 3614 1540 therum
3663 1494 3721 1540 ut
3759 1486 3810 1541 id

2221 1560 2414 1616 clarius
2442 1563 2631 1618 evadat
2652 1605 2668 1630 ,
2701 1577 2753 1620 et
2783 1566 2958 1622 discas
2987 1585 3048 1624 ea
3076 1587 3194 1640 qute
3218 1572 3358 1628 dicta
3378 1585 3503 1630 sunt
3541 1577 3633 1630 tibi
3658 1591 3811 1632 com-

2220 1654 2398 1708 munia
2419 1669 2563 1722 esse,
2593 1672 2798 1712 necnon
2826 1661 2919 1713 tuti
2945 1660 3190 1716 humanae
3213 1675 3436 1729 naturae,
3459 1666 3505 1721 si
3531 1668 3809 1725 attendere

2219 1745 2486 1801 voluerint
2510 1789 2525 1814 ,
2553 1749 2674 1803 audi
2702 1753 2970 1820 quomodo
3000 1755 3141 1810 hunc
3169 1757 3464 1813 mirabilem
3505 1774 3806 1817 sermonem

2218 1834 2474 1892 ordiatur.
2509 1838 2563 1892 5.
2593 1837 2738 1894 Beati
2780 1859 3027 1913 pauperes
3065 1847 3244 1916 spiritu
3268 1887 3284 1914 ,
3314 1851 3554 1920 quoniam
3581 1857 3808 1923 ipsorum

2219 1937 2291 1979 est
2321 1943 2530 1997 regnum
2571 1932 2832 1984 calorum.
2863 1934 2963 2001 Qui
2995 1946 3120 1991 sunt
3149 1937 3408 2009 Pauperes
3435 1941 3616 2011 spiritu
3641 1944 3668 1997 .’
3695 1944 3805 1998 Huo

2217 2017 2410 2084 miles,
2439 2027 2495 2074 et
2540 2020 2722 2076 animo
2763 2025 2998 2080 contriti.
3043 2024 3300 2097 Spiritum
3349 2031 3493 2086 enim
3541 2031 3626 2088 hic
3677 2034 3807 2091 dicit

2216 2107 2448 2163 animam
2493 2119 2548 2165 et
2578 2114 2865 2170 voluntatis
2907 2119 3256 2187 propositum.
3288 2120 3419 2188 Quia
3464 2121 3608 2178 enim
3649 2126 3803 2180 multi

2215 2207 2340 2252 sunt
2369 2201 2619 2269 humiles,
2648 2218 2754 2258 non
2785 2216 2977 2275 sponte
2999 2223 3095 2263 sua
3115 2249 3132 2277 ,
3161 2211 3256 2265 sed
3281 2225 3461 2267 rerum
3485 2216 3804 2272 necessitate

2213 2289 2382 2344 coacti
2407 2330 2423 2354 ,
2453 2291 2576 2346 illos
2603 2296 2820 2351 mittens
2848 2300 2867 2366 (
2889 2313 3061 2369 neque
3088 2301 3230 2356 enim
3260 2302 3315 2357 id
3344 2303 3486 2359 laudi
3517 2304 3667 2380 est).
3707 2323 3802 2366 eos

2211 2381 2300 2448 qui
2345 2395 2409 2435 ex
2439 2384 2732 2440 voluntatis
2760 2391 3038 2458 proposito
3073 2405 3192 2446 sese
3219 2391 3501 2450 humiliant
3526 2410 3591 2452 ac
3615 2396 3804 2467 depri-
3878 2421 3880 2424 ν

2214 2479 2396 2537 munt,
2431 2471 2634 2541 primos
2656 2476 2839 2532 beatos
2864 2480 3114 2548 appellat.
3142 2481 3213 2537 Et
3236 2499 3333 2538 cur
3359 2500 3464 2540 non
3489 2486 3654 2555 dixit,
3690 2489 3802 2543 llu-

2212 2565 2363 2619 miles
2387 2606 2404 2632 ,
2431 2567 2549 2633 sed,
2585 2567 2892 2640 Pauperesl
2916 2573 3050 2640 Quia
3077 2574 3178 2629 hoc
3205 2576 3297 2631 illo
3325 2579 3664 2648 prtestantitts
3692 2593 3797 2638 est.

2210 2653 2341 2707 Nam
2371 2655 2456 2711 hic
2477 2657 2609 2712 dicit
2638 2674 2755 2727 eos,
2786 2664 2875 2731 qui
2910 2663 3001 2719 Dei
3031 2676 3295 2736 praecepta
3323 2680 3564 2724 metuunt
3586 2679 3642 2725 et
3663 2686 3799 2726 con-

2213 2749 2524 2802 tremiscunt
2553 2766 2569 2804 :
2599 2766 2733 2820 quos
2768 2765 2820 2807 et
2855 2771 2947 2824 per
2972 2755 3162 2813 Isaiam
3196 2760 3511 2831 praphelam
3541 2777 3600 2817 se
3640 2763 3798 2821 valde

2205 2849 2456 2909 aet-aptus
2487 2840 2684 2897 habere
2716 2845 2856 2900 Deus
2881 2846 3121 2904 declarat
3149 2867 3163 2904 :
3197 2852 3277 2905 .td
3302 2868 3446 2922 quem
3478 2856 3746 2924 respiciam
3771 2898 3789 2922 ,

2205 2935 2304 2986 nisi
2337 2933 2408 2984 ad
2430 2947 2750 2991 mansuetum
2771 2945 3087 3012 etquietum,
3111 2954 3156 2997 et
3179 2953 3476 3002 trementem
3505 2950 3653 3003 verba
3678 2940 3790 3003 nica

2205 3023 2370 3093 (lsai.
2405 3027 2492 3080 66.
2523 3026 2558 3080 2
2586 3030 2645 3096 )l'

2273 3116 2327 3171 2.
2370 3117 2526 3173 Multi
2567 3124 2870 3179 humilitatis
2913 3129 3070 3183 modi.
3110 3161 3179 3175 —-
3213 3133 3421 3191 Etenim
3465 3141 3618 3196 multi
3665 3153 3795 3200 sunt

2203 3207 2513 3266 humilitatis
2529 3213 2674 3268 modi
2700 3237 2712 3270 :
2743 3227 2794 3271 et
2817 3219 2952 3273 alius
2973 3221 3188 3290 quidem
3208 3235 3292 3280 est
3315 3230 3590 3288 moderate
3614 3234 3793 3291 humi-

2204 3299 2300 3364 lis,
2332 3300 2467 3355 alius
2497 3318 2623 3358 vero
2653 3321 2811 3375 supra
2841 3310 3078 3367 modum.
3126 3313 3274 3372 Hanc
3319 3336 3482 3388 porro
3514 3322 3788 3390 humilita~

2204 3399 2309 3446 tem
2336 3393 2515 3449 laudat
2547 3399 2735 3452 beatus
2763 3403 3021 3489 propheta
3043 3446 3058 3471 ,
3090 3423 3196 3462 non
3215 3409 3542 3480 ‘depressum
3579 3419 3789 3490 simpli-

2201 3485 2336 3540 citer
2376 3487 2613 3543 animum
2662 3485 3002 3564 describens,
3047 3499 3142 3554 sed
3187 3503 3408 3560 omnino
3461 3485 3786 3578 contritum.

2199 3592 2318 3631 cum
2355 3580 2465 3633 ait:
2503 3579 2829 3651 Sacriﬁcium
2869 3585 2978 3641 Deo
3015 3591 3225 3658 spiritus
3271 3599 3658 3666 contribulatus,
3700 3621 3790 3659 cor

2199 3670 2472 3724 contritum
2494 3682 2542 3726 et
2565 3673 2921 3746 humiliatum,
2968 3678 3136 3746 Deus,
3187 3700 3290 3738 non
3329 3688 3572 3764 despicies
3608 3694 3785 3764 (Psal.

2199 3759 2289 3814 50.
2332 3760 2447 3830 l9).
2484 3762 2631 3820 Hanc
2669 3776 2722 3821 et
2769 3777 2876 3824 tres
2921 3773 3071 3840 pueri
3122 3790 3220 3845 pro
3271 3759 3466 3850 magno
3517 3759 3782 3844 sacriﬁch

2199 3852 2310 3907 Deo
2337 3853 2586 3922 oll'eruut,
2613 3856 2854 3915 dicentes
2877 3880 2890 3915 :
2922 3862 3029 3917 Sed
3068 3865 3122 3918 in
3163 3869 3332 3923 anima
3358 3874 3595 3942 contrita,
3621 3887 3667 3930 et
3686 3884 3787 3948 spi-

2196 3945 2294 3998 ritu
2317 3946 2578 4003 Irumiliato
2597 3953 2936 4022 suscipiamur
2963 3955 3129 4026 (Dan.
3159 3959 3214 4014 3.
3244 3961 3356 4033 39).
3383 3964 3532 4022 Hauc
3552 3977 3606 4022 et
3629 3945 3786 4026 Chri-

2194 4045 2308 4090 stus
2337 4037 2545 4094 beatam
2573 4057 2713 4097 nunc
2745 4046 3015 4114 prtedicat.
3048 4049 3180 4115 Quia
3211 4052 3354 4107 enim
3385 4057 3614 4112 maxima
3644 4061 3781 4116 mala

2193 4141 2312 4196 qua:
2363 4139 2529 4186 totum
2580 4134 2766 4190 orbem
2815 4137 3135 4195 labefactant
3175 4158 3246 4217 ex
3291 4147 3538 4215 superbia
3565 4151 3782 4220 prodic-

2196 4229 2353 4284 runt;
2393 4225 2823 4295 quandoquidem
2869 4230 3150 4300 diabolus,
3196 4236 3286 4305 qui
3337 4239 3457 4296 talis
3498 4253 3624 4300 ante
3672 4262 3778 4302 non

2195 4309 2400 4378 fuerat,
2428 4316 2507 4370 sic
2539 4318 2779 4373 diabolus
2807 4322 3030 4379 ell'ectns
3059 4338 3140 4381 est
3173 4346 3186 4383 :
3215 4329 3356 4399 quod
3391 4334 3777 4402 etiamj‘anlns

2193 4405 2436 4465 diccbat:
2461 4409 2546 4464 Ne
2567 4413 2777 4480 inﬂatus
2797 4415 2850 4468 ia
2863 4417 3116 4486 judicium
3140 4421 3327 4478 incidat
3346 4426 3538 4481 diaboli
3558 4429 3605 4500 (l
3621 4429 3776 4488 .Tim.

2190 4497 2246 4552 3.
2278 4499 2353 4595 6).
2384 4498 2591 4558 Primus
2617 4518 2829 4576 quoque
2855 4507 3016 4564 homo
3045 4508 3146 4566 hac
3171 4513 3427 4573 adiabolo
3451 4497 3666 4576 inﬂatus
3684 4537 3778 4595 sps

2191 4590 2550 4661 pra-cipitatus
2589 4604 2644 4649 et
2674 4598 2914 4653 manalis
2959 4600 3128 4659 factus
3157 4614 3241 4660 est
3267 4623 3281 4662 :
3312 4622 3435 4664 cum
3465 4611 3608 4666 enim
3649 4590 3776 4684 spe-

2189 4693 2443 4740 rassetse
2471 4685 2626 4742 deum
2675 4687 2825 4758 fore,
2854 4690 3014 4747 etiam
3055 4693 3107 4748 id
3152 4697 3295 4765 quod
3341 4697 3571 4756 habebat
3600 4705 3782 4773 perdi-

2185 4775 2290 4829 dit.
2316 4774 2469 4843 Quod
2511 4788 2565 4833 et
2613 4780 2754 4836 Deus
2801 4781 2900 4853 ipsi
2935 4787 3287 4858 exprobrans,
3321 4800 3375 4845 et
3416 4792 3774 4862 insipientiam

2185 4865 2301 4937 ejus
2342 4868 2659 4937 traducens,
2699 4873 2950 4929 dicebat:
2983 4873 3118 4930 Ecce
3148 4877 3313 4933 Adam
3354 4882 3518 4953 factus
3543 4886 3774 4957 utsicut

2185 4975 2320 5014 unus
2344 4976 2408 5015 ea:
2431 4961 2574 5016 nobis
2612 4961 2767 5034 (Gen.
2810 4966 2863 5021 5.
2905 4964 3020 5037 22).
3068 4965 3273 5040 Singuli
3319 4983 3496 5048 autem
3527 4976 3619 5047 qui
3653 4989 3774 5049 post

2183 5049 2430 5121 luerunt,
2479 5053 2604 5111 hinc
2631 5057 2683 5111 in
2731 5058 3056 5129 impietatem
3103 5063 3323 5134 collapsi
3365 5075 3526 5134 sunt,
3565 5083 3626 5124 se
3663 5070 3772 5127 Deo

2182 5144 2414 5213 aequales
2456 5148 2828 5218 imaginantes.
2872 5149 3131 5217 Quoniam
3173 5154 3333 5227 igitur
3362 5157 3478 5214 haec
3505 5162 3767 5218 malorum

2182 5249 2275 5291 arx
2320 5248 2463 5307 erat,
2498 5241 2734 5314 itemque
2777 5245 2932 5299 radix
2983 5255 3038 5302 et
3084 5247 3203 5306 fons
3247 5252 3422 5306 omnis
3473 5254 3764 5324 nequitim:

2182 5328 2370 5384 mor-lio
2395 5346 2693 5404 congruens
2724 5336 3021 5392 remedium
3053 5353 3317 5409 apparans
3337 5383 3350 5404 ,
3382 5345 3531 5412 quasi
3562 5345 3770 5401 funda-

2182 5433 2418 5480 mentum
2450 5427 2661 5482 ﬁrmum
2684 5439 2739 5484 et
2762 5439 2932 5484 tutum
2962 5432 3099 5484 hanc
3126 5433 3353 5500 primam
3373 5437 3547 5505 posuit
3572 5439 3762 5509 legem.

2182 5514 2292 5572 Hac
2331 5518 2476 5572 enim
2518 5520 2719 5588 posita,
2754 5529 2867 5576 tuto
2893 5534 3086 5578 caetera
3116 5525 3293 5579 omnia
3321 5531 3637 5598 superpOnit
3675 5547 3761 5584 ar-

2179 5610 2440 5668 chitectus
2469 5629 2483 5667 :
2516 5611 2613 5668 hac
2661 5628 2790 5669 vero
2836 5615 3082 5681 sublata,
3136 5618 3181 5673 si
3231 5621 3352 5690 quis
3397 5635 3467 5675 ex
3516 5623 3760 5677 instituto

2178 5705 2300 5759 vitae
2326 5705 2409 5760 vel
2437 5705 2504 5760 ad
2529 5706 2716 5762 caelum
2747 5709 3012 5779 pertingat
3030 5751 3045 5776 ,
3082 5713 3261 5767 omnia
3302 5711 3458 5770 facile
3483 5725 3675 5781 ruunt,
3704 5723 3758 5771 et

2177 5794 2231 5850 in
2259 5797 2547 5866 pessimum
2568 5795 2728 5856 ﬁnem
2755 5799 3026 5857 desinunt.
3054 5802 3163 5859 Etsi
3189 5803 3450 5874 jejunium
3467 5846 3483 5873 ,
3509 5804 3609 5862 etsi
3640 5820 3760 5860 ora-
