4114 6482
289 537 503 591 tionem
528 574 546 600 ,
596 533 706 589 etsi
742 530 1153 604 dcemosymm
1182 571 1198 595 ,
1244 528 1352 586 etsi
1396 529 1699 584 castitatem
1791 528 1897 583 etsi

283 623 445 681 aliud
487 624 702 695 quidvis
738 624 940 679 bonum
968 619 1286 692 coilegeris,
1328 619 1534 691 absque
1561 618 1898 687 humilitate,

289 716 555 772 dimaunt
579 714 791 779 omnia,
824 722 880 768 et
909 721 1154 784 pereunt.
1180 709 1236 766 ld
1260 711 1424 765 etiam
1458 709 1729 765 Pbarismo
1756 710 1899 765 acci-

284 808 371 863 dit
397 806 555 876 (Lac.
585 805 710 876 l8).
738 805 871 861 Nam
902 820 1027 861 cum
1067 803 1134 859 ad
1174 803 1347 873 ipsum
1390 802 1604 858 culmen
1644 802 1898 873 pertigis-

285 908 412 965 set,
447 898 697 955 omnibus
726 899 942 953 amissis
972 898 1224 967 delapsus
1253 906 1357 961 est,
1389 898 1512 968 quia
1542 907 1770 952 matrem
1796 896 1895 952 bo-

286 1007 490 1049 norum
534 1008 642 1048 non
687 991 892 1048 habuit.
940 988 1403 1058 Quemadmodum
1454 989 1600 1045 enim
1644 989 1894 1059 superbia

282 1084 415 1140 l‘uns
455 1085 632 1140 omnis
677 1085 930 1155 nequitis
970 1092 1087 1146 est,
1133 1082 1212 1138 sic
1244 1082 1517 1137 humilitas
1544 1081 1894 1153 philosophias

280 1178 471 1233 omnis
516 1176 863 1249 principium.
906 1174 1269 1242 Quamobrem
1301 1173 1427 1230 hinc
1458 1174 1673 1243 incipit,
1702 1190 1766 1230 ex
1798 1189 1894 1228 au-

277 1270 526 1328 ditorum
565 1270 759 1327 animis
802 1269 1166 1341 arrogantiam
1208 1267 1451 1324 evellens
1482 1267 1759 1323 radicitus.
1792 1266 1895 1322 Ec-

277 1364 418 1434 quid
445 1363 548 1420 hoc
572 1363 638 1418 ad
658 1362 986 1433 discipulos,
1018 1361 1227 1432 inquies
1248 1403 1261 1426 ,
1292 1361 1383 1432 qui
1406 1361 1627 1416 omnino
1658 1358 1892 1416 humiles

277 1456 487 1511 erant?
529 1453 739 1510 Nullam
781 1454 926 1509 enim
975 1453 1297 1524 arrogantia:
1342 1467 1529 1507 ansam
1580 1453 1887 1519 habebant,

278 1550 583 1620 piscatores
603 1563 726 1603 cum
748 1556 928 1603 essent
952 1588 969 1612 ,
998 1560 1263 1617 pauperes
1282 1586 1300 1611 ,
1329 1544 1579 1610 obscuri,
1612 1553 1663 1598 ct
1682 1545 1884 1599 idintm.

279 1639 402 1695 Etsi
434 1638 551 1694 hare
592 1639 662 1695 ad
704 1637 996 1707 discipulos
1041 1652 1147 1692 nou
1195 1646 1538 1706 spectarent,
1573 1636 1666 1692 sed
1696 1637 1763 1692 ad
1794 1652 1889 1693 eos

274 1732 373 1801 qui
410 1741 703 1803 praesentes
730 1739 883 1786 erant
911 1728 1030 1785 haec
1058 1728 1332 1799 pertinere
1361 1736 1643 1799 poterant,
1677 1742 1885 1784 necnon

274 1822 346 1877 ad
370 1837 469 1878 eos
493 1822 580 1893 qui
606 1832 791 1892 postea
821 1821 967 1891 ipsos
997 1820 1275 1889 excepturi
1298 1829 1473 1882 erant,
1506 1835 1575 1875 ne
1600 1829 1883 1890 propterea

280 1912 439 1980 ipsos
468 1911 841 1981 despicerent;
874 1910 984 1965 imo
1015 1924 1146 1965 vero
1174 1909 1242 1963 ad
1272 1910 1567 1981 discipulos
1598 1911 1717 1966 hac
1744 1910 1883 1965 dicta

274 2011 457 2058 erant.
492 2002 712 2058 Etiamsi
752 2001 898 2056 enim
935 2016 1043 2055 non
1086 2010 1246 2067 tunc,
1276 2011 1330 2055 at
1364 2011 1545 2070 postea
1572 2016 1706 2071 opus
1734 2000 1885 2055 habi-

273 2096 387 2149 turi
428 2105 581 2150 erant
628 2094 713 2148 illa
755 2094 869 2147 utili
913 2093 1195 2155 cautione.
1244 2100 1365 2163 post
1409 2094 1560 2163 signa
1606 2110 1799 2165 nempe
1828 2104 1882 2150 et

272 2188 538 2243 uincula
561 2229 576 2253 ,
607 2196 729 2257 post
775 2196 981 2241 tantum
1016 2186 1071 2242 in
1100 2187 1232 2242 orbe
1263 2186 1526 2243 honorem
1545 2227 1562 2254 ,
1591 2196 1647 2244 et
1679 2197 1878 2243 tantam

274 2282 332 2334 in
376 2281 491 2335 Deo
516 2279 785 2335 ﬁduciam.
826 2278 1014 2349 Neque
1051 2281 1195 2334 enim
1223 2279 1454 2347 divitia,
1487 2294 1661 2349 neque
1694 2288 1881 2349 poten-

272 2372 349 2426 tia
371 2411 391 2432 .
421 2386 595 2441 neque
637 2387 857 2441 regnum
914 2372 982 2426 ita
1020 2374 1327 2441 quempiam
1375 2381 1623 2443 potezaut
1660 2372 1876 2440 efferre,

275 2471 337 2516 ut
381 2476 447 2517 ea
497 2463 678 2517 omnia
726 2477 847 2531 qua:
890 2461 1158 2533 apostolis
1199 2462 1578 2532 suppetebant.
1626 2465 1877 2535 Alioquin

271 2564 459 2608 autem
493 2552 607 2608 lteri
640 2561 851 2625 poterat
877 2561 938 2609 ut
960 2554 1123 2607 etiam
1163 2565 1290 2608 ante
1327 2553 1587 2608 miracula
1618 2553 1879 2610 efferren-

272 2651 387 2710 tur,
438 2652 639 2698 tantam
684 2641 1082 2698 multitudinem
1133 2654 1455 2710 cernentes,
1505 2652 1562 2699 et
1608 2644 1874 2701 theatrum

270 2733 406 2791 illud
432 2734 575 2805 quod
614 2732 892 2790 doctorem
932 2750 1093 2789 suum
1134 2734 1545 2800 circumdabat;
1590 2747 1738 2791 certe
1779 2736 1873 2791 bu-

270 2841 494 2882 manttm
550 2825 822 2895 quidpiam
866 2825 976 2896 pati
1028 2835 1301 2896 poterant.
1346 2825 1549 2881 idcirco
1594 2826 1714 2883 illos
1760 2838 1872 2881 sta-

270 2918 369 2972 tim
403 2917 648 2987 reprimit
683 2932 753 2971 ne
803 2916 970 2972 altum
1016 2917 1248 2987 sapiant.
1276 2916 1460 2987 Neque
1489 2918 1628 2974 dicta
1656 2934 1750 2974 sua
1779 2920 1873 2974 ad-

271 3008 590 3063 monitionis
616 3008 698 3062 vel
733 3017 1127 3079 praceptorum
1154 3022 1309 3063 more
1334 3008 1561 3078 profert,
1606 3009 1701 3064 sed
1744 3026 1869 3079 pro-

269 3102 463 3171 positte
510 3100 857 3155 beatitudinis
914 3099 1119 3165 forma,
1177 3100 1258 3155 sic
1313 3102 1605 3170 gratiorem
1650 3102 1871 3158 ordiens

268 3206 582 3248 sermonem
604 3231 619 3256 ,
662 3203 717 3245 et
754 3190 1016 3247 doctrina
1054 3190 1285 3247 studium
1322 3192 1572 3250 omnibus
1594 3198 1868 3266 aperiens.

275 3281 395 3337 Non
442 3282 585 3336 enim
614 3282 773 3348 dixit,
808 3282 904 3336 llic
942 3281 1029 3336 vel
1058 3282 1167 3347 ille,
1195 3285 1289 3337 sed
1309 3321 1328 3349 ,
1356 3284 1458 3350 Qui
1487 3283 1604 3340 hrec
1635 3285 1867 3353 faciunt,

272 3373 420 3428 beati
443 3388 633 3429 omnes
662 3383 841 3429 erunt.
875 3370 952 3427 lta
977 3380 1035 3427 ut
1058 3372 1175 3430 sive
1198 3387 1389 3429 servus
1416 3376 1493 3429 sis
1512 3416 1528 3438 .
1569 3378 1685 3431 sive
1718 3392 1871 3433 men-

268 3462 463 3527 dicus,
510 3464 625 3517 sive
678 3477 901 3531 pauper,
946 3460 1061 3517 sive
1107 3463 1459 3533 peregrinus,
1511 3464 1626 3520 sive
1666 3466 1865 3533 idiota,

273 3553 408 3606 nihil
440 3561 493 3607 te
520 3552 775 3621 impediat
817 3556 945 3623 quin
988 3541 1082 3607 sis'
1107 3552 1328 3619 beatus,
1373 3554 1418 3608 si
1450 3554 1587 3609 hanc
1618 3556 1867 3611 Virtutem

273 3646 531 3699 colueris.
564 3644 699 3699 Hinc
729 3645 905 3719 itaque
933 3657 1125 3708 orsus,
1155 3645 1297 3701 unde
1325 3647 1560 3701 maxime
1590 3663 1685 3717 par
1710 3658 1867 3716 erat,

275 3735 342 3789 ad
376 3733 519 3789 aliud
551 3732 856 3789 mandatum
885 3734 1157 3805 procedit,
1190 3736 1331 3804 quod
1360 3738 1572 3793 videtur
1600 3740 1760 3797 totius
1780 3755 1867 3795 or-

269 3826 352 3883 bis
380 3842 685 3898 oppugnare
712 3829 1053 3883 sententiam.
1096 3828 1231 3883 Cum
1275 3830 1420 3885 enim
1462 3846 1651 3885 omnes
1685 3841 1870 3901 putent

266 3934 365 3974 eos
392 3921 480 3989 qui
510 3917 745 3989 gaudent
768 3930 821 3973 et
849 3918 1100 3973 lictantur
1124 3934 1247 3975 esse
1271 3919 1479 3987 beatos,
1507 3936 1600 3977 eos
1626 3938 1754 3978 vero
1776 3924 1867 3995 qui

268 4010 324 4065 in
364 4024 601 4065 maerore
620 4050 635 4075 ,
679 4018 991 4079 paupertate
1022 4020 1077 4065 ct
1103 4010 1247 4066 luctu
1275 4023 1586 4080 versantur,
1616 4029 1736 4069 esse
1764 4016 1866 4070 mi-

267 4115 445 4165 seros,
479 4100 576 4152 hos
612 4100 699 4154 ille
728 4115 836 4175 pro:
866 4100 987 4155 aliis
1016 4099 1202 4155 beatos
1232 4102 1486 4171 praedicat
1510 4144 1523 4163 .
1558 4103 1742 4158 dicens
1768 4124 1780 4159 :
1812 4108 1863 4160 5.

270 4189 417 4245 Βωιὶ
441 4193 527 4260 qui
557 4192 751 4260 lugent.
781 4191 941 4260 Atqui
988 4190 1057 4245 ab
1101 4192 1352 4257 omnibus
1387 4192 1440 4246 hi
1481 4191 1722 4247 infelices
1750 4210 1869 4251 esse

268 4282 559 4335 dicuntur:
591 4280 686 4335 sed
727 4280 850 4335 ideo
876 4281 967 4335 ille
992 4272 1467 4351 siguaprtemisit,
1512 4294 1569 4338 ut
1609 4285 1755 4355 luges
1782 4285 1867 4339 af-

269 4373 451 4427 ferens
490 4373 624 4425 tales
658 4371 762 4427 ﬂde
791 4372 985 4442 dignus
1012 4381 1177 4429 esset.
1210 4374 1307 4429 ilic
1332 4385 1509 4431 autem
1542 4393 1727 4431 rursus
1761 4394 1867 4432 non

268 4462 587 4532 simpliciter
613 4463 855 4533 lugentes
898 4465 1111 4532 posuit,
1158 4464 1254 4519 sed
1298 4481 1393 4519 eos
1422 4468 1508 4534 qui
1536 4466 1605 4522 de
1633 4470 1867 4533 peccatis

273 4554 521 4625 lugerent
557 4571 570 4607 :
602 4564 657 4607 ut
686 4563 740 4607 et
772 4554 915 4607 aliud
946 4569 1159 4623 quoque
1185 4555 1360 4609 luctus
1390 4571 1559 4624 genus
1581 4558 1867 4615 admodum

274 4646 613 4714 prohibetur,
655 4660 848 4715 nempe
877 4644 945 4699 de
974 4661 1150 4700 rerum
1194 4648 1537 4703 smeularium
1583 4650 1868 4721 dispendio

270 4738 477 4807 lugere.
505 4735 659 4804 Quod
701 4735 1038 4806 signiﬁcabat
1066 4746 1120 4790 et
1148 4737 1342 4793 Paulus
1364 4739 1549 4794 dicens
1576 4759 1589 4793 :
1621 4742 1753 4807 Quia
1774 4759 1870 4798 ste-

270 4833 378 4884 eali
418 4831 619 4899 quidem
667 4829 873 4883 tristitia
910 4839 1123 4884 mortem
1157 4842 1394 4901 speratur
1421 4848 1573 4901 :qua:
1596 4847 1761 4889 autem
1784 4854 1861 4891 se-

270 4919 499 4974 cundum
522 4918 687 4974 Deum
708 4932 781 4974 est
815 4921 1019 4974 tristitia
1038 4963 1053 4988 ,
1082 4921 1425 4990 penitentiam
1448 4925 1499 4978 in
1522 4925 1740 4981 salutem
1760 4939 1867 4983 sta-

267 5010 423 5065 bilem
449 5019 685 5076 operatur
706 5010 779 5079 (Et.
804 5009 923 5065 Cor.
950 5010 1001 5064 7.
1030 5011 1144 5081 l0).

344 5102 400 5156 3.
449 5100 633 5155 Beatos
668 5102 945 5170 pradicare
974 5102 1060 5173 qui
1092 5103 1279 5173 lugent,
1308 5106 1630 5175 philosophia
1666 5108 1870 5177 plenum

266 5207 359 5251 est.
397 5192 686 5249 Consolatio
713 5210 744 5245 a
769 5193 876 5247 Deo
896 5198 1119 5266 profecta
1133 5208 1343 5267 quanta.
1368 5199 1557 5254 -—Hos
1584 5201 1743 5271 igitur
1762 5203 1872 5270 ille,

270 5286 363 5351 qui
414 5286 492 5339 sic
522 5285 702 5354 lugent
728 5325 742 5348 ,
790 5285 976 5339 beatos
1021 5288 1317 5355 praedicat:
1351 5306 1520 5360 neque
1561 5292 1874 5363 simpliciter

273 5378 517 5447 lugentes
542 5378 692 5445 punit
715 5418 728 5439 ,
775 5374 868 5429 sed
899 5378 986 5445 qui
1033 5379 1269 5447 impense
1311 5381 1510 5449 lugent.
1539 5384 1875 5452 Quupmpter

275 5485 382 5519 nam
422 5466 551 5519 dixnt
581 5507 594 5529 ,
626 5468 725 5533 Qui
755 5477 985 5521 mmrent
1008 5510 1023 5533 ,
1056 5470 1148 5522 sed
1175 5512 1189 5533 ,
1222 5470 1320 5535 Qui
1348 5472 1517 5541 lugent
1546 5490 1563 5525 :
1598 5490 1720 5527 nam
1772 5476 1874 5531 hoc

278 5570 609 5628 praeceptum
657 5560 818 5613 tutius
860 5568 945 5613 est
989 5560 1339 5628 philosophia:
1391 5566 1776 5633 magisterium.
1820 5566 1873 5621 Si

277 5665 421 5707 enim
452 5650 541 5717 qui
573 5652 741 5711 filios,
778 5666 1021 5716 uxorem,
1050 5652 1131 5705 vel
1157 5653 1319 5705 alium
1346 5660 1648 5724 quempiam
1676 5673 1874 5727 cogna-

278 5752 389 5796 tum
418 5740 725 5795 defunctum
758 5743 972 5810 lugent,
1005 5758 1107 5795 nou
1138 5745 1481 5813 pecuniarum
1504 5788 1518 5809 ,
1552 5764 1655 5800 non
1684 5765 1876 5817 corpo-

282 5849 399 5887 rum
426 5846 611 5886 amore
637 5840 879 5885 tenentur
902 5832 989 5887 illo
1011 5832 1210 5889 doloris
1236 5843 1497 5904 tempore,
1521 5850 1626 5891 non
1649 5838 1873 5907 gloriam

1462 413 1527 469 ΙΝ
1568 412 1976 472 ΙΙΑΤἸἮΕΗΜ
2019 411 2251 470 υοκιι.
2292 411 2410 469 ιν.

2013 534 2274 598 appetunt
2299 570 2315 595 ,
2343 541 2454 582 non
2486 526 2697 598 injuriis
2722 537 3009 585 moventur
3030 570 3045 593 ,
3074 545 3182 586 non
3214 531 3411 589 invidia
3447 540 3621 593 corri-

2006 617 2246 687 piuntur,
2270 632 2447 689 neque
2466 618 2573 673 alio
2599 619 2852 689 quopiam
2873 620 3041 675 animi
3060 622 3254 679 morbo
3273 623 3619 683 obsidentur:

2005 707 2100 763 sed
2130 721 2353 778 prorsus
2373 708 2537 764 luctui
2564 708 2764 765 addicti
2791 719 2918 766 sunt
2944 729 2958 766 :
2986 712 3155 769 multo
3174 714 3349 786 magis
3373 717 3466 788 qui
3498 733 3619 786 pee-

2004 810 2125 855 cata
2150 815 2247 856 sua
2274 800 2480 871 lugent,
2510 802 2650 857 sicut
2676 816 2740 859 ea
2770 802 3003 874 lugenda
3028 815 3158 861 sunt
3178 847 3197 870 ,
3227 804 3331 863 hac
3358 808 3618 878 majorem

2002 890 2337 947 exhibebunt
2362 892 2780 963 philosophiam.
2809 893 3048 961 Deinde,
3077 896 3223 967 quod
3254 913 3444 955 eorum
3472 914 3610 969 prae-

2002 984 2169 1038 mium
2191 984 2342 1038 erit?
2389 985 2642 1050 Quoniam
2671 986 2775 1058 ipsi
2797 988 3203 1043 consolabuntur
3224 1031 3242 1057 ,
3272 988 3467 1060 inquit.
3510 990 3616 1048 Ubi

2000 1090 2161 1140 vero,
2186 1075 2275 1133 die
2302 1076 2467 1143 mihi,
2498 1078 2953 1135 consolabuntur?
2983 1079 3052 1137 Et
3075 1079 3199 1147 hic,
3231 1091 3287 1137 et
3315 1081 3447 1139 illic.
3476 1082 3609 1151 Quia

1997 1169 2145 1223 enim
2174 1178 2499 1239 praeceptum
2530 1185 2697 1241 grave
2720 1170 3011 1227 admodum
3038 1181 3157 1227 erat
3180 1180 3238 1229 et
3264 1187 3558 1229 onerosum
3581 1214 3598 1240 ,

2000 1258 2105 1315 hoc
2151 1275 2211 1316 se
2256 1261 2504 1331 promisit
2547 1261 2801 1316 daturum
2827 1302 2843 1324 ,
2874 1260 3018 1334 quod
3047 1261 3176 1317 illud
3217 1263 3451 1320 maxime
3494 1264 3612 1339 levo

1997 1358 2181 1418 posset
2198 1348 2432 1407 allicere.
2458 1349 2642 1423 Itaque
2666 1351 2711 1406 si
2736 1352 2869 1407 velis
2892 1352 3319 1409 consolationem
3340 1354 3606 1425 accipere,

1997 1442 2141 1513 luge.
2183 1444 2253 1500 Et
2279 1460 2348 1501 ne
2380 1454 2536 1515 putes
2582 1447 2810 1517 aenigma
2839 1461 2961 1503 esse
2989 1446 3041 1502 id
3076 1447 3220 1518 quod
3268 1447 3469 1505 dictum
3500 1459 3605 1508 est.

1995 1531 2128 1587 Cum
2154 1536 2298 1589 enim
2326 1535 2469 1591 Deus
2492 1536 2825 1599 consolatur,
2854 1538 3069 1593 etiamsi
3098 1539 3245 1595 mille
3268 1541 3438 1596 tristia
3465 1544 3608 1599 aecio

1993 1624 2141 1689 dant,
2173 1626 2426 1682 omnibus
2453 1629 2705 1698 superior
2739 1629 2872 1684 eris.
2906 1628 3120 1686 Etenim
3163 1631 3333 1687 multo
3373 1633 3607 1704 majores

1991 1715 2085 1770 dat
2114 1731 2331 1787 semper
2356 1720 2497 1775 Deus
2538 1719 2784 1775 laborum
2822 1720 3102 1776 mercedes
3129 1738 3143 1775 :
3172 1721 3225 1776 id
3268 1722 3411 1793 quod
3440 1725 3605 1783 etiam

1994 1809 2080 1863 hic
2120 1810 2243 1865 fecit
2268 1851 2283 1875 ,
2313 1826 2433 1866 cum
2460 1812 2597 1866 dixit
2620 1811 2809 1867 beatos
2836 1826 2959 1867 esse
2984 1826 3080 1867 eos
3119 1814 3211 1883 qui
3244 1814 3427 1883 lugent
3451 1855 3468 1880 ,
3495 1830 3603 1872 nou

1992 1900 2287 1956 secundum
2319 1902 2396 1957 rei
2419 1903 2694 1969 meritum,
2726 1902 2821 1958 sed
2849 1902 3145 1961 secundum
3167 1904 3335 1973 ipsius
3354 1904 3603 1976 benigni-

1990 2000 2152 2046 tatem
2181 2008 2195 2056 ;
2229 2008 2335 2047 non
2365 2008 2431 2047 ex
2458 1994 2640 2064 operis
2665 1994 2873 2049 scilicet
2919 1993 3179 2064 dignitate
3202 2036 3218 2059 ,
3238 1995 3333 2050 sed
3374 2011 3442 2051 ex
3484 1997 3604 2065 ejus

1987 2097 2112 2155 erga
2144 2082 2395 2140 homines
2434 2099 2639 2140 amore.
2685 2084 2819 2139 Nam
2854 2084 2943 2155 qui
2973 2085 3197 2155 lugent,
3244 2098 3459 2155 peccata
3502 2100 3599 2142 sua

1986 2174 2209 2245 lugent;
2238 2174 2323 2231 his
2352 2192 2483 2231 vero
2507 2176 2706 2232 sufﬁcit
2727 2178 2773 2233 si
2799 2179 3013 2232 veniam
3041 2176 3336 2247 impetrent
3355 2187 3411 2233 et
3434 2194 3600 2235 excu-

1988 2266 2277 2322 sationem.
2323 2266 2589 2334 Quoniam
2617 2276 2798 2323 autem
2828 2268 2921 2323 ille
2950 2282 3146 2339 magno
3186 2282 3312 2338 erga
3345 2268 3597 2325 homines

1983 2372 2171 2415 amore
2210 2367 2446 2427 tenetur,
2474 2375 2649 2430 neque
2674 2359 2728 2413 iu
2755 2360 3004 2432 supplicii
3032 2361 3353 2416 remissione
3374 2400 3394 2425 ,
3425 2378 3600 2433 neque

1983 2449 2037 2504 iu
2062 2460 2402 2520 peccatorum
2419 2452 2575 2507 venia
2602 2453 2908 2507 mercedem
2930 2452 3093 2512 sistit.
3111 2452 3205 2508 sed
3229 2455 3391 2509 etiam
3412 2454 3599 2511 beatos

1981 2540 2166 2607 efficit,
2196 2552 2251 2597 et
2281 2541 2505 2597 multam
2528 2540 2686 2597 an‘ert
2711 2542 3157 2599 consolationem.
3182 2542 3390 2615 Lugere
3416 2555 3597 2601 autem

1986 2647 2087 2688 nos
2114 2633 2289 2703 jubet,
2314 2649 2421 2691 neu
2447 2635 2515 2691 de
2543 2636 2778 2705 peccatis
2808 2644 3013 2691 tantum
3045 2637 3271 2701 austris,
3309 2638 3404 2691 sed
3432 2638 3593 2693 etiam

1979 2727 2049 2782 de
2075 2728 2291 2783 alienis.
2324 2727 2639 2797 llujusmedi
2670 2742 2802 2784 vero
2835 2736 2993 2783 erant
3018 2738 3328 2785 sanctorum
3362 2730 3593 2795 animae,

1979 2831 2036 2875 ut
2059 2820 2278 2892 Moysis,
2309 2831 2369 2875 ut
2393 2820 2566 2887 Pauli,
2592 2830 2651 2876 ut
2673 2822 2889 2877 Davidis
2918 2840 2932 2877 :
2961 2838 3085 2879 nam
3114 2822 3167 2877 hi
3196 2824 3425 2880 aliorum
3448 2833 3595 2895 strpo

1978 2922 2193 2982 peccata
2219 2913 2496 2968 luxerunt.
2523 2914 2579 2968 ι.
2608 2912 2753 2968 Beati
2776 2914 2938 2978 mites,
2973 2915 3213 2985 quoniam
3241 2914 3341 2985 ipsi
3366 2916 3595 2986 posside-

1986 3003 2110 3057 bant
2133 3014 2344 3060 terram.
2377 3004 2474 3060 Die
2499 3003 2653 3071 mihi,
2675 3020 2837 3076 quam
2863 3004 3103 3060 terram?
3128 3004 3349 3071 Terram
3374 3006 3590 3076 quidem

1976 3096 2372 3167 intelligibllem
2418 3096 2623 3152 dicunt.
2669 3097 2865 3151 Verum
2909 3112 3017 3152 non
3066 3097 3137 3152 ita
3168 3112 3226 3151 se
3272 3113 3359 3153 res
3400 3096 3587 3154 habet.

1975 3185 2251 3258 Nusquam
2278 3190 2422 3244 enim
2464 3188 2517 3243 in
2548 3186 2824 3259 Scriptura
2860 3187 3161 3257 reperimus
3204 3199 3400 3244 terram
3428 3189 3590 3245 intel-

1976 3278 2233 3349 ligibilem
2262 3280 2363 3350 (α).
2389 3279 2497 3335 Sed
2524 3280 2654 3349 quid
2680 3280 2785 3334 sibi
2814 3281 2927 3335 vult
2952 3279 3123 3335 illud?
3152 3279 3421 3337 Seusibile
3447 3297 3593 3351 przm

1976 3371 2141 3424 mium
2189 3371 2375 3425 statuit
2402 3410 2418 3435 ,
2467 3372 2607 3425 sicut
2632 3381 2688 3426 et
2717 3370 2941 3427 Paulus.
2968 3371 3102 3427 Cum
3140 3372 3368 3429 dixisset
3391 3375 3538 3429 enim
3566 3416 3585 3441 ,

1983 3458 2200 3513 Honora
2230 3470 2425 3530 patrem
2453 3470 2598 3515 ταωνι
2617 3470 2665 3516 et
2707 3472 2919 3516 murem
2958 3471 3099 3515 tuam
3120 3463 3461 3532 ,‘subjunxit,
3495 3464 3589 3519 Sic

1974 3553 2106 3605 enim
2130 3553 2229 3606 eris
2261 3555 2519 3623 longer"
2562 3568 2717 3621 super
2742 3561 2929 3607 tenam
2957 3552 3189 3623 (Ephes.
3225 3553 3278 3608 6.
3310 3552 3365 3608 2.
3390 3555 3425 3609 3
3448 3558 3487 3625 ).
3520 3553 3587 3610 Et

1974 3644 2089 3713 ipse
2121 3644 2377 3699 Dominus
2407 3644 2600 3699 latroni
2631 3662 2644 3698 :
2680 3644 2852 3703 Hodie
2892 3662 3085 3699 mecum
3125 3647 3223 3699 m's
3252 3648 3306 3700 in
3346 3649 3587 3716 paradiso

1978 3735 1997 3806 (
2035 3734 2163 3789 Lac.
2195 3736 2286 3791 23.
2321 3737 2390 3791 45
2416 3734 2459 3809 ).
2511 3736 2696 3807 Neque
2724 3738 2871 3792 enim
2904 3737 2974 3792 ob
3015 3738 3191 3793 futura
3224 3739 3400 3792 solum
3444 3738 3584 3793 bona

1974 3825 2307 3890 cohortatur,
2336 3826 2433 3882 sed
2459 3827 2621 3881 etiam
2643 3827 2715 3882 ob
2738 3828 3017 3897 prteseutia
3053 3838 3272 3897 propter
3297 3828 3415 3883 illos
3434 3829 3587 3883 audi-

1974 3927 2144 3985 tores,
2174 3918 2265 3988 qui
2294 3919 2591 3973 crassiores
2614 3919 2728 3974 hac
2754 3922 2903 3989 prius
2932 3934 3092 3989 quam
3123 3919 3293 3974 futura
3315 3930 3583 3991 quaerunt.

1974 4007 2101 4063 Ideo
2130 4020 2184 4063 et
2214 4010 2267 4063 in
2296 3994 2653 4080 sequentibus
2663 4008 2790 4065 dicit
2813 4026 2825 4062 :
2851 4008 2973 4063 Esto
2999 4010 3318 4064 consentiens
3341 4010 3586 4065 advers-s-

1972 4098 2051 4149 rio
2071 4106 2155 4149 tuo
2190 4097 2400 4166 (Matth.
2516 4100 2645 4167 ‘15).
2673 4098 2877 4152 Deinde
2900 4099 3206 4167 bujusmodi
3230 4102 3585 4172 philosophia!

1974 4187 2254 4254 pra-mium
2270 4189 2473 4252 statuit,
2490 4198 2545 4241 et
2561 4190 2669 4244 ait:
2693 4187 2774 4240 Ne
2802 4189 2969 4241 tradat
2991 4199 3036 4242 te
3056 4190 3379 4246 adversarius
3391 4194 3584 4263 judict,

1974 4288 2020 4332 et
2050 4280 2217 4349 judex
2259 4279 2508 4333 ministro.
2546 4266 2735 4334 Viden‘
2762 4278 2905 4334 unde
2936 4281 3165 4335 terruit?
3214 4285 3259 4335 Α
3295 4284 3583 4340 sensilibus

1975 4370 2200 4436 scilicet,
2230 4379 2283 4425 et
2308 4385 2429 4439 qua!
2460 4384 2604 4439 saepe
2632 4370 2973 4441 contingunt.
3002 4371 3068 4425 Et
3094 4387 3277 4427 rursus
3302 4392 3314 4425 :
3341 4375 3585 4440 Quicum-

1974 4474 2070 4528 que
2089 4460 2272 4513 dixerit
2302 4462 2451 4531 fratri
2473 4476 2587 4526 suo,
2607 4459 2773 4527 Rara,
2793 4476 2909 4516 rests
2927 4463 3022 4517 erit
3038 4463 3256 4518 concilio
3274 4462 3383 4535 (Ib.
3398 4482 3448 4519 υ.
3461 4466 3585 4537 3:9.)

1975 4548 2174 4605 Paulus
2202 4567 2416 4622 quoque
2460 4551 2898 4622 frequentissime
2941 4554 3043 4606 sub
3087 4567 3305 4608 sensum
3335 4557 3584 4613 cadentia

1976 4648 2195 4718 praemia
2229 4646 2500 4716 preponit,
2526 4654 2581 4700 et
2610 4660 2640 4699 a
2673 4644 3033 4713 pratentibus
3060 4645 3342 4714 hortatur;
3372 4664 3429 4703 ut
3460 4665 3584 4706 cunt

1975 4742 2044 4795 de
2071 4737 2375 4809 virginitate
2403 4734 2621 4791 disserit
2647 4754 2658 4789 :
2691 4736 2823 4791 nihil
2845 4736 3049 4807 quippe
3076 4736 3143 4793 de
3164 4739 3312 4793 caulis
3340 4754 3583 4797 comma,

1977 4840 2170 4895 morat,
2200 4830 2295 4885 sed
2323 4845 2390 4884 ex
2417 4827 2781 4900 praesentibus
2811 4829 3057 4887 hortatur
3087 4831 3168 4887 his
3197 4834 3376 4887 verbis
3402 4874 3417 4900 ,
3455 4834 3587 4889 Pro-

1976 4931 2088 4993 pter
2109 4922 2381 4975 instantem
2419 4922 2765 4974 necessitatem
2809 4920 2901 4991 (ί.
2931 4920 3050 4977 Cor.
3080 4922 3133 4977 7.
3164 4920 3236 4975 26
3261 4922 3319 4993 );
3350 4933 3401 4979 et
3424 4964 3438 4989 ,
3472 4923 3585 4995 Ego

1974 5025 2145 5069 autem
2164 5014 2301 5068 vobis
2323 5029 2477 5082 pareo
2498 5012 2546 5083 (Ι
2556 5012 2657 5066 bid.
2684 5030 2730 5067 υ.
2751 5012 2845 5083 28)
2870 5029 2883 5078 ;
2920 5023 2993 5079 et,
3022 5012 3153 5069 Volo
3173 5026 3342 5071 autem
3365 5032 3449 5069 om
3478 5021 3586 5074 sine

1976 5106 2316 5160 sollicitudine
2343 5120 2449 5158 esse
2490 5104 2510 5175 (
2533 5103 2667 5157 Ibid.
2700 5120 2747 5159 υ.
2775 5106 2847 5159 32
2872 5110 2909 5171 ).
2942 5105 3033 5160 Sic
3059 5106 3217 5176 igitur
3242 5118 3297 5162 et
3320 5108 3574 5164 Christus

1978 5196 2344 5267 spiritualibus
2368 5196 2643 5251 seusibilia
2674 5198 2905 5251 miscuit.
2936 5198 3071 5263 Quia
3102 5200 3245 5253 enim
3270 5201 3415 5256 mitis
3437 5204 3587 5272 quis-

1980 5303 2084 5357 que
2111 5297 2297 5356 putare
2328 5289 2495 5357 possit
2526 5303 2585 5343 se
2626 5302 2719 5341 sua
2749 5289 2928 5342 omnia
2957 5290 3183 5359 perdere
3204 5335 3218 5356 ,
3251 5295 3581 5348 contrarium

1981 5382 2072 5435 ille
2102 5381 2384 5449 pollicetur
2408 5379 2592 5434 dicens
2615 5423 2629 5445 ,
2661 5380 2802 5435 hunc
2828 5380 3001 5449 ipsum
3044 5397 3163 5437 esse
3188 5386 3274 5451 qui
3306 5400 3398 5437 sua
3425 5388 3582 5438 tutiu-

1982 5473 2115 5527 sime
2143 5470 2454 5540 possideat,
2482 5474 2572 5541 qui
2608 5486 2707 5525 nec
2731 5471 2945 5537 audax»,
2992 5489 3092 5528 nec
3134 5485 3436 5529 ostentator
3465 5479 3534 5530 sit
3566 5496 3578 5530 :

2048 5605 2119 5666 (α)
2139 5606 2321 5681 -Ννρεςὶο
2339 5618 2425 5653 cur
2446 5604 2576 5674 dicat
2599 5604 2984 5681 Chrysostomusl,
3010 5620 3247 5668 nusquam
3271 5610 3317 5655 in
3342 5610 3585 5681 scriptura

1984 5668 2212 5727 reperiri,
2242 5674 2423 5715 terram
2454 5666 2773 5725 spiritualém,
2817 5670 3059 5729 siquidem
3092 5666 3224 5716 terra
3250 5666 3581 5730 ρτοιιιξδέιειιεὸς

1986 5728 2276 5789 intelligitur
2294 5728 2627 5791 Spiritualiter,
2650 5729 2740 5776 nisi
2766 5728 2892 5777 forte
2915 5730 3190 5791 signiﬁcare
3218 5730 3333 5777 veiit
3352 5732 3477 5777 hanc
3504 5747 3580 5779 w-

1987 5802 2115 5846 cem,
2138 5788 2335 5852 terram,
2362 5788 2515 5852 solum
2544 5803 2804 5849 nunquam
2830 5793 2877 5837 in
2910 5788 3150 5852 Scriptura
3190 5803 3449 5838 occurrere
3475 5806 3578 5852 pro,

1988 5856 2171 5899 terram
2189 5848 2506 5903 svirimalem.
2533 5848 2859 5912 Quod’verunt
2885 5848 3237 5901 esse—videtur.
