4114 6492
536 372 645 431 9ὶῖ

536 498 661 541 nam
684 478 920 555 quintis
950 474 1109 533 luerit
1127 512 1144 538 ,
1173 471 1407 541 palemis
1435 467 1595 523 etiam
1620 464 1776 521 bonis
1798 475 1942 555 saepe
1966 457 2111 513 exci-

533 576 628 633 det
647 610 667 639 .
688 552 750 629 ut
770 571 938 641 ipsius
963 568 1156 622 animm
1179 563 1438 633 iacturam
1462 559 1637 613 faciet.
1667 552 1911 623 Alioquin
1934 559 2114 641 autem

532 669 655 738 qula
700 663 756 718 in
788 638 967 717 Veteri
1005 657 1350 711 Testamento
1386 648 1642 720 pmpheta
1684 644 1936 738 dixerat:
1965 638 2115 738 Miles

434 756 437 757 ⁷
534 732 1079 811 hereditatum
1114 758 1298 801 terram
1339 752 1356 813 (
1386 742 1529 797 l’sul.
1566 739 1654 796 36.
1695 737 1755 791 ll
1782 738 1837 806 ),
1874 747 1905 787 a
1937 732 2115 787 verbis

535 848 642 919 jam
660 842 1016 900 familiaribus
1040 850 1340 894 sermonem
1371 832 1520 895 texit,
1550 838 1603 883 ut
1631 842 1736 881 non
1765 825 1961 919 ubique
1998 823 2116 876 inu-

536 918 709 993 sitatis
733 944 913 992 utatur
935 931 1134 987 verbis.
1162 928 1289 983 Haec
1320 940 1478 995 porro
1502 922 1648 984 dicit,
1684 934 1787 973 non
1811 918 1860 971 in
1886 928 2117 987 praesen-

538 1032 679 1087 tibus
699 1027 913 1101 premis
941 1020 1406 1080 eircumseribens,
1436 1014 1529 1070 sed
1551 1028 1670 1067 cum
1692 1010 1777 1065 bis
1796 1009 1884 1065 illa
1904 1018 2115 1078 quoque

538 1121 896 1193 suppeditans.
925 1115 1055 1171 Nam
1081 1112 1128 1167 si
1162 1110 1432 1182 quidpiam
1482 1102 1755 1175 spirituale
1796 1101 1977 1164 dicat,
2009 1111 2113 1193 non

538 1189 709 1270 sttlet't
744 1222 918 1269 tamen
950 1205 1225 1277 pmsentia
1260 1220 1277 1269 ;
1320 1202 1365 1255 si
1398 1216 1524 1254 vero
1548 1195 1743 1268 aliquid
1774 1211 1823 1249 ιη
1870 1189 2114 1262 ρτωεοηιί

541 1306 645 1358 vita
674 1300 974 1372 promittat,
1007 1310 1113 1350 nou
1143 1294 1228 1347 his
1265 1302 1469 1346 tantum
1501 1287 1905 1359 promissionem
1932 1282 2110 1372 sistit:

540 1408 661 1447 nam
678 1370 915 1457 ⁷ριιίετῧιθε
940 1428 957 1453 ,
995 1386 1167 1454 inquit
1184 1424 1201 1449 ,
1228 1398 1436 1452 regnum
1465 1380 1558 1433 Dei
1579 1418 1598 1443 ,
1632 1387 1678 1432 et
1709 1378 1814 1430 hac
1838 1373 2003 1426 omnia
2020 1370 2117 1425 ad-

540 1484 771 1555 ficientur
788 1479 964 1547 soliis(
991 1476 1181 1530 Matth.
1204 1474 1260 1529 6.
1286 1474 1355 1529 55
1376 1471 1746 1543 )..Et-rursum
1769 1483 1781 1518 :
1810 1466 2117 1531 Quicumque

536 1571 787 1628 dimiserit
817 1570 1044 1631 domum,
1071 1574 1163 1619 aut
1185 1567 1388 1634 fratres,
1420 1571 1508 1613 aut
1527 1569 1742 1630 patrem,
1775 1566 1861 1608 aut
1885 1565 2111 1617 uentrem,

538 1676 625 1718 aut
644 1677 870 1724 uorsa,
902 1671 988 1719 aut
1010 1659 1166 1728 ﬁlios,
1191 1664 1283 1709 aut
1308 1669 1458 1725 agros
1502 1661 1706 1722 prapter
1729 1664 1905 1702 nomen
1929 1661 2113 1709 meum,

539 1755 826 1824 cattupltuu
852 1753 1061 1821 accipiet
1104 1752 1156 1803 in
1185 1749 1370 1803 stucqu
1401 1748 1497 1800 isto
1518 1786 1531 1809 ,
1579 1758 1627 1798 et
1658 1744 1709 1795 in
1750 1747 1922 1811 futuro
1964 1740 2117 1791 vitam

541 1856 779 1899 sternant
827 1842 1095 1912 possidebit
1140 1837 1268 1910 (Id.
1317 1836 1403 1894 i9.
1456 1836 1548 1891 29.
1600 1844 1645 1888 et
1694 1834 1859 1887 Marc.
1902 1830 1986 1885 i0.
2022 1829 2110 1883 29.

540 1934 612 1991 ω
635 1936 671 2003 ).
702 1935 756 1991 6.
790 1934 934 1988 Beati
955 1934 1041 2002 qui
1075 1935 1302 1986 esuriant
1343 1939 1391 1984 et
1420 1930 1592 1983 sitiunt
1629 1927 1902 1997 justitiam.
1946 1924 2117 1990 Quam

540 2024 840 2098 iustitiam?
868 2026 973 2078 Ant
1000 2022 1250 2078 virtutem
1278 2023 1419 2076 illam
1454 2021 1503 2074 in
1525 2034 1738 2089 genere,
1767 2028 1858 2070 aut
1883 2015 2117 2083 speciem

543 2118 683 2171 illam
710 2114 929 2185 iustitia:
950 2112 1139 2174 innuit,
1170 2126 1289 2181 qum
1317 2111 1556 2163 avaritite
1584 2107 1825 2177 Opposita
1853 2115 1952 2160 est.
1977 2104 2111 2170 Quia

543 2209 683 2261 enim
699 2206 767 2259 de
785 2205 1121 2274 elecmosyna
1142 2214 1459 2271 perceptum
1476 2199 1695 2253 daturus
1707 2197 1967 2262 est,doeet
1982 2209 2117 2264 quo-

543 2296 705 2351 modo
729 2296 870 2351 illam
905 2308 1161 2350 exercete
1182 2300 1458 2361 spot-teat;
1487 2289 1765 2354 videlicet,
1794 2303 1898 2342 non
1929 2304 1992 2342 ex
2033 2303 2119 2342 ra-

544 2388 688 2457 pina,
718 2402 824 2442 non
849 2400 916 2441 ex
940 2384 1157 2440 avaritia
1180 2382 1363 2439 beatos
1382 2380 1629 2451 pra:dicat
1657 2395 1771 2446 eos,
1794 2381 1881 2449 qui
1904 2379 2121 2448 iustitiae

541 2478 673 2532 dant
696 2492 936 2545 operam.

617 2568 672 2624 4.
715 2566 839 2621 Haec
866 2565 1012 2619 verba
1036 2607 1052 2629 ,
1099 2564 1298 2618 esurire
1327 2574 1371 2619 et
1403 2564 1543 2617 sitire
1568 2563 1821 2632 justitiam
1842 2603 1856 2623 ,
1886 2573 2125 2624 quantum

547 2660 644 2713 vim
669 2656 900 2710 habeant.
936 2656 1034 2720 Qui
1054 2657 1150 2708 sint
1176 2654 1537 2717 misericordes,
1570 2654 1757 2705 mundo
1781 2653 1951 2713 corde,
1980 2653 2125 2721 paci-

550 2748 634 2817 ﬁci
643 2763 661 2811 ;
675 2757 866 2815 quanta
879 2762 1049 2799 eorum
1069 2761 1274 2800 merces.
1292 2744 1460 2798 Virtus
1471 2754 1571 2797 tota
1584 2745 1766 2797 auimw
1781 2742 2119 2811 philosophia.

548 2867 619 2881 -ο
642 2840 703 2893 Et
738 2838 1130 2893 animadvertas
1169 2836 1327 2892 velim
1387 2851 1510 2889 cum
1549 2846 1744 2903 quanta
1790 2834 2125 2889 vehementia

550 2933 600 2987 id
627 2931 970 3000 expresserit.
1018 2929 1133 2984 Non
1164 2930 1302 2984 enim
1340 2928 1508 2991 dixit,
1554 2927 1696 2981 Beati
1741 2927 1829 2996 qui
1861 2927 2125 2994 justitiam

547 3020 991 3083 sectantur;sed.
1028 3020 1171 3073 Beati
1211 3022 1298 3087 qui
1327 3021 1549 3074 esuriant
1578 3030 1621 3072 et
1655 3020 1827 3071 sitiimt
1841 3019 2123 3087 justitiam,

551 3125 608 3168 ut
633 3130 739 3168 non
767 3113 1128 3183 perfunctorie
1146 3153 1162 3177 ,
1191 3113 1283 3165 sed
1310 3127 1430 3165 cum
1458 3111 1597 3165 omni
1635 3111 1921 3178 cupiditate
1959 3110 2127 3178 ipsam

551 3204 823 3258 adeamus.
848 3204 978 3269 Quia
1009 3203 1151 3255 enim
1183 3201 1310 3255 illud
1336 3200 1571 3253 avaritia!
1595 3204 1827 3252 maxime
1856 3201 2126 3268 proprium

552 3305 661 3356 est.
692 3309 865 3364 neque
890 3294 963 3347 ita
1002 3294 1176 3347 cibum
1208 3303 1365 3362 atque
1412 3302 1591 3359 potum
1621 3290 1985 3345 desideramus
2008 3333 2021 3355 ,
2073 3300 2131 3344 ut

556 3387 778 3453 plurima
813 3384 1084 3453 possidere
1110 3393 1165 3438 et
1196 3384 1473 3451 acquirere
1499 3421 1511 3443 ,
1560 3380 1716 3433 talem
1757 3382 2127 3449 cupiditatem,

554 3476 608 3529 in
675 3474 994 3529 contrariam
1050 3473 1284 3526 avaritiae
1332 3472 1577 3527 virtutem
1630 3472 1913 3526 transferre
1952 3471 2128 3540 jussit.

555 3564 755 3618 Deinde
806 3578 988 3617 rursus
1036 3563 1286 3617 sensibile
1344 3562 1621 3631 praemium
1670 3561 1854 3615 deﬁnit
1901 3562 2129 3617 dicens:

556 3654 808 3721 Quoniam
856 3652 952 3720 ipsi
983 3653 1357 3708 saturabttntttr.
1387 3653 1521 3719 Quia
1548 3655 1689 3713 enim
1722 3662 1936 3722 putatur
1961 3654 2134 3709 avari-

557 3749 625 3798 tia
658 3747 851 3800 multus
898 3746 1087 3799 divites
1128 3749 1300 3799 facere
1327 3788 1339 3811 ,
1372 3745 1501 3800 dicit
1540 3748 1865 3799 contrarium
1915 3748 2134 3799 omnino

553 3853 674 3892 esse
704 3854 717 3888 :
746 3838 797 3891 id
824 3838 967 3891 enim
1019 3847 1230 3907 prmSIat
1257 3836 1482 3903 iustitia.
1516 3836 1591 3890 Ne
1633 3837 1808 3905 itaque
1835 3852 1955 3890 cum
1992 3836 2133 3905 justa

554 3926 818 3995 aperaris,
849 3934 1214 3996 paupertatem
1246 3927 1434 3979 timeas
1458 3967 1473 3989 ,
1508 3942 1642 3979 nea'e
1672 3925 1864 3981 famem
1904 3938 2128 3980 metuas.

558 4016 687 4070 Nam
718 4016 805 4085 qui
838 4016 1009 4069 aliena
1044 4016 1271 4083 rapiunt,
1304 4015 1356 4067 Ιιὶ
1381 4014 1609 4068 maxime
1627 4016 1693 4068 ab
1714 4015 1959 4068 ouinibus
1986 4015 2134 4068 exci-

555 4111 719 4171 dunt;
752 4116 805 4161 ut
833 4110 919 4179 qui
948 4108 1201 4175 justitiam
1235 4115 1376 4160 autat
1397 4149 1413 4173 ,
1442 4108 1618 4160 omnia
1651 4117 1764 4161 tuto
1795 4107 2047 4176 possidet.
2076 4107 2134 4161 Si

559 4212 735 4256 autem
769 4202 801 4254 ii
829 4200 917 4269 qui
946 4200 1115 4253 aliena
1146 4213 1249 4252 non
1271 4199 1513 4267 cupiunt,
1546 4207 1622 4251 tot
1647 4200 1889 4251 fruuntur
1918 4199 2135 4263 divitiis,

559 4293 724 4345 multo
741 4291 907 4359 magis
931 4290 963 4342 ii
980 4290 1066 4357 qui
1089 4303 1181 4342 sua
1202 4287 1514 4358 largiuntur.
1536 4289 1586 4342 7.
1614 4286 1757 4341 Beati
1774 4288 2137 4342 misericordes.

561 4384 659 4439 llic
686 4399 789 4435 non
820 4391 1019 4435 tantum
1050 4381 1285 4448 pecuniae
1314 4380 1595 4449 largitores
1622 4381 1801 4435 dicere
1832 4381 1961 4435 mihi
1991 4380 2141 4435 vide-

564 4485 650 4529 tur
671 4516 683 4532 .
714 4471 805 4527 sed
834 4473 991 4526 etiam
1016 4485 1111 4526 eos
1137 4472 1223 4539 qui
1255 4470 1504 4540 operibus
1535 4470 1950 4525 misericordiam
1978 4486 2138 4526 exer-

562 4575 704 4620 cent.
739 4564 879 4617 Varii
920 4564 1059 4616 enim
1087 4571 1207 4615 sunt
1250 4561 1532 4616 miserandi
1563 4562 1737 4622 modi.
1773 4574 1826 4617 et
1856 4563 2018 4616 ἷῧιιιῐη
2058 4573 2142 4618 est

569 4665 911 4725 prwcep'um.
938 4652 1090 4718 Quod
1118 4653 1274 4717 igitur
1304 4652 1513 4706 illorum
1538 4663 1620 4704 est
1651 4653 1967 4721 prmmium?
2000 4653 2141 4721 Quo-

561 4752 706 4804 niam
734 4744 830 4811 ipsi
858 4745 1250 4800 miscricordiam
1283 4754 1666 4813 consequentur.
1698 4745 1760 4799 Et
1790 4746 1996 4801 videtur
2017 4747 2140 4816 qu?-

564 4839 686 4895 tiem
723 4838 939 4908 smuaiis
962 4852 1079 4891 esse
1108 4838 1419 4892 retributio:
1452 4835 1545 4891 sed
1566 4845 1648 4891 est
1672 4836 1787 4906 ipso
1814 4836 1951 4892 bene
1980 4854 2143 4908 opere

565 4933 725 4999 iunge
768 4928 953 4996 majOr.
997 4927 1099 4996 ipsi
1136 4942 1363 4997 namque
1403 4928 1723 4980 miserentur
1769 4936 1824 4983 ut
1866 4928 2139 4993 homines,

565 5022 657 5077 sed
698 5018 1110 5075 misericordiam
1132 5027 1523 5088 cunsequuntur
1545 5018 1985 5074 abnniversorum
2010 5020 2141 5077 Deo.

569 5114 680 5169 Non
720 5121 842 5167 sunt
866 5122 1039 5165 autem
1067 5112 1297 5179 aequales
1329 5111 1552 5164 humana
1580 5111 1849 5164 miseratio
1870 5121 1921 5164 et
1944 5112 2141 5175 divina,

568 5204 661 5259 sed
697 5212 952 5273 quantum
998 5203 1134 5256 inter
1175 5201 1425 5255 malitiam
1451 5211 1504 5255 et
1541 5201 1830 5256 bonitatem
1858 5202 2141 5256 discrimen

569 5306 677 5361 est,
708 5303 908 5348 tantum
938 5294 1074 5345 inter
1101 5291 1201 5344 huc
1226 5300 1277 5345 et
1305 5290 1451 5345 illud.
1476 5291 1529 5346 8.
1558 5290 1700 5345 Beati
1738 5293 1926 5345 mundo
1954 5293 2105 5346 corde
2127 5335 2141 5356 ,

571 5386 810 5453 quoniam
846 5383 943 5453 ipsi
980 5381 1140 5434 Deum
1184 5381 1437 5435 videbunt.
1482 5382 1615 5436 Ecce
1664 5396 1844 5435 rursus
1874 5383 2147 5451 spirituale

578 5477 877 5546 prtetuiunt.
912 5476 1130 5530 lluudos
1162 5486 1336 5529 autem
1366 5475 1452 5530 hic
1478 5485 1630 5530 vocat
1673 5491 1767 5531 eos
1792 5478 1880 5546 qui
1928 5478 2143 5531 univer-

576 5568 745 5622 salem
775 5569 1017 5622 virtutem
1041 5568 1331 5637 possident,
1357 5568 1654 5636 nulliusque
1682 5570 1783 5623 sibi
1805 5571 1926 5625 ntali
1946 5572 2146 5626 conscii

578 5671 723 5724 sunt,
745 5662 856 5715 sive
889 5665 993 5713 eos’
1017 5662 1107 5728 qui
1146 5660 1199 5713 in
1243 5662 1561 5715 continentia
1586 5662 1763 5714 vivunt
1797 5680 1808 5715 :
1845 5662 1981 5717 nulla
2003 5663 2145 5717 enim

582 5751 734 5804 nobis
770 5751 837 5806 ita
867 5765 999 5821 opus
1026 5760 1111 5805 est
1134 5751 1196 5805 ad
1222 5751 1382 5806 Deum
1409 5751 1713 5822 videndum,
1736 5764 1793 5808 ut
1817 5754 1903 5809 illa
1931 5756 2141 5811 virtute.

1237 354 1296 417 8.
1333 352 1611 415 .lOANNlS
1632 341 2107 411 CHRYSOSTOMI
2136 338 2456 398 ABCHIEP.
2484 336 3017 397 CONSTANTINOP.

3688 330 3791 388 998

2225 451 2350 507 Ideo
2375 462 2431 507 et
2454 451 2650 507 Paulus
2670 452 2911 508 dicebat:
2935 453 3122 507 Pacem
3150 454 3410 508 sectamini
3430 471 3545 509 cum
3571 458 3799 515 omnibus

2218 553 2267 595 et
2276 544 2681 606 sanctimoniam,
2702 543 2810 597 sine
2825 559 2925 612 qua
2948 560 3095 597 uerno
3114 536 3295 599 uidebit
3322 543 3598 600 Dat-tinum
3613 546 3800 619 (Hebr.

2221 632 2306 687 l2.
2343 632 2471 702 14).
2509 634 2776 688 Visionem
2808 649 2967 703 porro
2999 635 3086 688 hic
3128 635 3295 700 dicit,
3339 651 3458 708 qua:
3502 636 3705 693 horninl
3735 641 3805 696 sit

2218 725 2505 794 possibilis.
2537 725 2667 793 Quia
2694 725 2839 779 enim
2871 724 3023 779 multi
3051 734 3179 780 sunt
3205 726 3294 796 qui
3324 728 3677 793 miserentur,
3705 745 3806 787 nec

2218 817 2432 883 rapiunt
2460 858 2476 884 ,
2509 832 2607 872 nec
2632 817 2868 871 avaritia:
2894 818 3144 880 student,
3172 818 3265 872 sed
3299 819 3626 876 liirnicsntur
3652 832 3707 878 et
3745 825 3810 879 li-

2221 907 2383 963 bidini
2423 923 2483 964 se
2510 909 2751 973 dedunt,
2779 908 3070 965 ostendens
3113 909 3240 966 illud
3266 911 3496 980 primum
3535 928 3643 969 nou
3678 916 3813 970 satis

2216 1014 2338 1054 esse
2358 1041 2374 1063 ,
2403 1002 2503 1055 ltoe
2531 1001 2691 1054 etiam
2720 999 2946 1054 addidit.
2973 1001 3125 1066 Quod
3156 1002 3314 1055 etiam
3343 1001 3539 1057 Paulus
3560 1004 3806 1062 Macedo-

2219 1091 2374 1145 nibus
2398 1092 2708 1145 testilicatus
2732 1099 2818 1147 est
2842 1093 2894 1145 in
2927 1090 3161 1159 Epistula
3190 1094 3256 1145 ad
3283 1092 3590 1149 Corimbios
3613 1135 3630 1160 ,
3664 1099 3812 1167 quml

2218 1195 2323 1235 non
2351 1180 2508 1235 modo
2531 1183 2870 1253 eleemosyus
2897 1183 3090 1239 divites
3111 1194 3309 1247 essent,
3342 1187 3438 1241 sed
3482 1188 3639 1241 etiam
3683 1190 3811 1246 aliis

2219 1271 2541 1327 virtutibus:
2574 1272 3001 1341 loquutusenim
3046 1274 3116 1329 de
3165 1274 3483 1331 liberalitate
3520 1292 3706 1333 eorum
3752 1280 3814 1334 in

2216 1363 2498 1432 erogandis
2522 1364 2778 1432 pecuniis,
2810 1363 2995 1429 addit,
3024 1365 3141 1420 illos
3165 1380 3284 1421 sese
3312 1366 3527 1424 dedisse
3554 1369 3810 1429 DOmitm,

2218 1453 2287 1506 Et
2328 1453 2469 1508 nobis
2518 1453 2749 1527 (2.Cor.
2783 1456 2965 1525 8.5).
2993 1456 3046 1511 9.
3094 1456 3241 1510 Beati
3285 1459 3506 1526 paciﬁci.
3552 1459 3650 1514 Hic
3693 1475 3807 1514 non

2219 1548 2378 1599 modo
2409 1545 2771 1600 dissensiones
2809 1558 3017 1601 mutuas
3038 1588 3053 1612 ,
3084 1559 3137 1602 et
3179 1548 3483 1603 inimicitias
3513 1551 3765 1619 prohibet
3799 1592 3814 1615 ,

2217 1634 2312 1690 sed
2338 1635 2478 1690 aliud
2507 1636 2775 1706 quidpiam
2806 1636 3021 1706 insuper
3046 1638 3248 1708 exigit,
3296 1649 3353 1693 ut
3390 1651 3443 1693 et
3485 1642 3616 1695 alios
3639 1641 3809 1698 dissi-

2219 1727 2405 1780 dentes
2432 1727 2497 1781 ad
2520 1726 2858 1782 concordiam
2882 1743 3212 1795 revocemus,
3238 1745 3301 1785 ac
3326 1746 3513 1785 rursus
3531 1732 3814 1802 spirituale

2220 1818 2496 1887 pnemium
2542 1820 2719 1873 ollert.
2752 1820 2918 1886 Quale
2963 1822 3091 1877 illud
3135 1823 3257 1877 est?
3286 1822 3539 1889 Quoniam
3582 1825 3681 1894 ipsi
3709 1825 3812 1896 [itii

2222 1911 2316 1966 Dei
2341 1912 2664 1965 vocabuntur.
2694 1913 2965 1980 Siquidem
3008 1913 3274 1985 Unigeniti
3314 1932 3448 1982 opus
3496 1917 3625 1971 illud
3659 1917 3759 1971 l'uit
3788 1959 3806 1986 ,
3844 1934 3851 1940 '

2221 2002 2481 2069 disjuncta
2525 2004 2776 2072 copulare
2798 2043 2813 2067 ,
2849 2004 3133 2075 pugnantia
3177 2007 3481 2062 conciliare.
3513 2008 3711 2063 Deinde
3740 2027 3816 2066 ne

2222 2104 2373 2161 putes
2418 2107 2601 2160 pacem
2654 2094 2849 2164 ubique
2899 2110 3022 2152 esse
3069 2096 3305 2163 bonum,
3353 2099 3669 2167 subjttnxit:
3715 2102 3814 2157 to.

2217 2181 2364 2235 Beati
2387 2184 2474 2259 qui
2522 2187 2954 2253 persequutionent
2983 2190 3245 2256 patiuntur
3274 2200 3480 2258 propter
3507 2192 3768 2259 justitiam
3794 2210 3816 2252 .-

2224 2273 2322 2327 boc
2346 2282 2447 2341 est,
2483 2275 2694 2329 virtutis
2722 2291 2880 2330 causa
2906 2317 2922 2342 ,
2954 2292 3048 2345 pro
3074 2277 3301 2331 aliorum
3329 2280 3637 2336 defensione
3664 2324 3678 2345 ,
3710 2298 3817 2354 pro

2223 2366 2439 2433 pietate.
2486 2364 2750 2419 Virtutem
2796 2370 2937 2422 enim
2979 2384 3192 2438 semper
3219 2372 3354 2425 solet
3401 2388 3593 2428 vocare
3644 2385 3819 2429 tutam

2225 2456 2416 2510 anima:
2448 2458 2853 2528 philosophiam.
2887 2462 2973 2515 ll.
3003 2459 3147 2515 Beati
3172 2464 3304 2524 estis,
3338 2480 3451 2516 cum
3478 2466 3819 2533 exprobrare-

2224 2552 2325 2602 rint
2350 2550 2484 2603 vobis
2509 2550 2754 2613 homines.
2787 2563 2833 2605 et
2856 2556 3137 2622 persequuti
3160 2570 3245 2607 vos
3271 2556 3495 2623 fuerint,
3520 2567 3567 2609 et
3592 2558 3821 2613 dixerint

2225 2656 2371 2693 omne
2402 2642 2591 2693 malum
2616 2643 2817 2696 verbum
2843 2646 3109 2697 aduersum
3150 2662 3236 2699 eos
3260 2647 3571 2710 mentientes,
3606 2658 3823 2717 propter

2226 2747 2321 2785 me.
2358 2731 2442 2787 τε.
2488 2732 2716 2787 Gaudete
2756 2744 2803 2787 et
2846 2736 3110 2790 multata.
3156 2738 3233 2791 Ac
3272 2737 3313 2792 si
3346 2738 3548 2793 diceret
3577 2758 3593 2796 :
3622 2739 3677 2795 Si
3715 2756 3821 2796 vos

2226 2824 2638 2892 prmstigiatores
2659 2868 2673 2890 ,
2702 2826 2746 2879 si
2782 2825 3089 2881 seductores
3108 2870 3123 2894 ,
3156 2830 3199 2883 si
3231 2829 3530 2898 maleﬁcos,
3559 2833 3603 2886 si
3625 2834 3822 2903 quovis

2230 2916 2333 2970 alio
2363 2920 2577 2972 nomine
2616 2929 2808 2974 vncent
2832 2962 2847 2984 ,
2881 2920 3022 2976 beati
3058 2924 3209 2975 estis.
3242 2923 3378 2989 Quid
3410 2922 3494 2979 bis
3533 2930 3824 2997 praeceptis

2233 3009 2544 3063 insolentius
2574 3010 2729 3064 fuerit
2754 3052 2768 3073 ,
2797 3027 2915 3065 cum
2960 3014 3073 3067 haec
3098 3014 3453 3070 desideranda
3496 3017 3624 3071 dicit
3650 3061 3663 3083 ,
3693 3036 3822 3088 quae

2229 3101 2348 3153 aliis
2388 3101 2631 3170 l'ugiemla
2663 3104 2947 3170 putantur?
2978 3103 3178 3174 Nempe
3220 3106 3524 3162 mendicare
3547 3148 3563 3173 ,
3591 3108 3773 3178 lugere
3800 3151 3821 3175 ,

2231 3192 2691 3259 persequutiouem
2727 3194 2829 3259 pati
2857 3236 2868 3253 ,
2901 3194 3037 3246 mala
3080 3195 3283 3252 audire.
3308 3198 3557 3252 Attamen
3581 3208 3635 3253 et
3659 3200 3820 3263 dixit,

2229 3293 2282 3335 et
2312 3282 2475 3335 suasit
2499 3324 2513 3347 ,
2549 3298 2653 3335 non
2679 3282 2885 3335 duobus
2911 3326 2924 3348 ,
2960 3284 3045 3339 vel
3073 3285 3257 3341 decem
3285 3327 3302 3350 ,
3331 3289 3415 3341 vel
3462 3288 3644 3358 Viginti
3670 3331 3707 3358 ,ν
3730 3292 3821 3345 vel

2232 3380 2473 3433 centum,
2504 3373 2584 3424 vel
2615 3372 2758 3425 mille
2792 3374 3095 3429 hominibus
3117 3416 3130 3437 ,
3181 3376 3274 3430 sed
3304 3378 3556 3432 universo
3586 3380 3722 3433 orbi.
3754 3382 3826 3437 Et

2232 3462 2507 3515 audientes
2540 3462 2625 3515 illa
2654 3478 2902 3530 onerosa,
2929 3468 3150 3519 molesta
3176 3507 3191 3529 ,
3224 3467 3422 3538 vulgari
3449 3470 3825 3525 censuetudiui

2233 3556 2517 3612 contraria,
2542 3554 2823 3620 stupebant
2845 3556 3027 3610 turlue.
3052 3556 3220 3610 Tanta
3241 3569 3360 3613 emt
3380 3560 3608 3615 dicentis
3626 3564 3822 3615 virtu-1.

2305 3646 2355 3701 5.
2388 3644 2522 3697 Male
2538 3648 2712 3717 audire
2728 3664 2826 3699 non
2848 3649 3025 3716 suﬁicit
3050 3648 3117 3701 ad
3140 3651 3307 3704 beatos
3327 3651 3639 3720 rﬁtriendos;
3666 3671 3824 3709 vitam

2237 3736 2557 3803 eamdemque
2572 3742 2843 3789 mercedem
2865 3741 3011 3791 rariis
3029 3738 3257 3793 Christus
3279 3743 3561 3798 notitinitms
3587 3747 3821 3811 protulit.

2239 3826 2407 3880 Filius
2440 3827 2588 3881 Patri
2618 3832 2825 3897 aequalis
2863 3832 3069 3884 honore.
3110 3862 3181 3872 —-—
3216 3832 3483 3890 Cteternm
3520 3853 3586 3892 ne
3627 3852 3817 3908 putes.

2239 3919 2374 3973 male
2400 3921 2583 3973 audire
2612 3923 2781 3976 solum
2816 3921 2997 3977 beatos
3019 3925 3252 3990 efﬁcere,
3278 3926 3410 3983 duas
3439 3932 3685 3999 apposuit
3712 3934 3821 3988 dis-

2240 4010 2538 4073 tinctiones,
2562 4014 2773 4076 quando
2794 4014 2999 4070 scilicet
3019 4015 3101 4069 vel
3124 4030 3339 4087 propter
3375 4020 3548 4087 ipsum
3590 4022 3819 4089 prolata,

2238 4102 2317 4154 vel
2348 4103 2619 4157 mendacia
2654 4104 2848 4158 fuerint
2873 4106 3012 4161 dictu
3045 4108 3151 4163 illa.
3185 4109 3311 4163 Nam
3342 4112 3383 4162 si
3426 4110 3539 4166 luec
3582 4129 3685 4166 non
3714 4116 3817 4169 ad-

2239 4190 2377 4251 sint,
2409 4208 2511 4244 non
2546 4200 2701 4245 tundo
2748 4211 2850 4248 non
2884 4198 3065 4251 beatus
3088 4241 3101 4260 ,
3149 4202 3243 4252 sed
3273 4201 3434 4255 etiam
3477 4202 3642 4257 miser
3665 4216 3748 4259 est
3778 4205 3825 4259 is

2242 4283 2328 4352 qui
2360 4286 2495 4337 male
2520 4287 2685 4337 audit.
2722 4286 2921 4342 Deinde
2954 4290 3071 4345 vide
3112 4308 3293 4345 rursus
3326 4294 3641 4361 przemium:
3675 4298 3818 4365 ρυρ-

2243 4375 2378 4428 niam
2401 4392 2585 4429 merces
2608 4392 2765 4430 vestra
2792 4380 2945 4431 multa
2973 4391 3045 4433 est
3072 4383 3121 4433 in
3149 4384 3304 4436 cwlis.
3331 4384 3408 4438 Tu
3433 4400 3563 4440 vero
3585 4390 3685 4441 etsi
3714 4404 3821 4442 non

2244 4464 2308 4515 ad
2337 4466 2571 4533 singulas
2600 4468 2950 4524 beatitudines
2978 4487 3197 4542 regnum
3226 4475 3337 4528 dari
3368 4478 3554 4531 audias
3576 4520 3590 4542 ,
3624 4496 3689 4533 ne
3709 4481 3825 4533 ani-

2247 4572 2333 4609 mo
2359 4556 2591 4612 delicias.
2642 4562 2859 4615 Etiamsi
2899 4564 3040 4617 enim
3088 4568 3299 4632 pur-mia
3341 4568 3555 4622 divorsa
3591 4572 3823 4642 appellet

2246 4650 2486 4713 nomine,
2532 4663 2706 4709 tamen
2744 4671 2931 4712 omnes
2969 4656 3035 4709 ad
3076 4674 3293 4723 regnum
3343 4661 3645 4717 introducit.
3690 4663 3822 4723 Nam

2248 4754 2365 4794 cum
2398 4743 2518 4795 dicit
2541 4786 2554 4805 ,
2587 4742 2855 4812 Lugentes
2882 4748 3342 4815 consolationem,
3371 4764 3427 4806 et
3452 4755 3825 4814 irrisericorda

2249 4832 2662 4889 misericordiam
2692 4844 3117 4906 consequentur,
3148 4848 3202 4893 et
3234 4840 3413 4895 mundi
3452 4844 3617 4900 surde
3655 4845 3833 4905 Deum

2249 4925 2534 4986 videbunt,
2568 4936 2620 4981 et
2652 4928 2853 4996 paciﬁci
2881 4928 2971 4981 lilii
3004 4928 3093 4984 Dei
3124 4932 3486 4997 vocabuntur,
3521 4936 3653 4991 nihil
3678 4918 3839 4994 aliud

2250 5034 2342 5085 per
2370 5019 2483 5071 haec
2521 5020 2694 5073 omnia
2723 5020 2952 5084 indicat,
2979 5038 3135 5090 quam
3167 5038 3387 5093 regulum
3418 5028 3709 5090 steterunt;
3736 5030 3827 5099 qui

2248 5111 2389 5165 onim
2418 5110 2498 5164 bis
2540 5110 2783 5165 fruuntur
2804 5156 2819 5177 ,
2853 5112 2904 5167 id
2935 5126 3329 5182 consequentur
3354 5119 3591 5173 monitio.
3622 5118 3697 5174 Ne
3730 5121 3831 5191 igi-

2252 5211 2336 5254 tur
2375 5204 2673 5256 mercedem
2713 5204 2855 5257 illam
2897 5214 3051 5273 putes
3075 5204 3140 5259 ad
3167 5206 3314 5259 solos
3353 5222 3614 5278 pauperes
3637 5209 3830 5280 spiritu

2252 5296 2519 5363 pertinere
2541 5336 2553 5357 ,
2586 5296 2677 5349 sed
2708 5298 2867 5349 etiam
2899 5296 2965 5349 ad
2992 5297 3286 5351 esurientes
3307 5299 3599 5367 justitiam.
3630 5300 3695 5354 at!
3730 5302 3833 5356 mi-

2254 5397 2332 5440 tes
2358 5397 2410 5441 et
2442 5387 2503 5441 ad
2556 5388 2687 5441 alios
2713 5402 2919 5441 omnes.
2967 5386 3089 5443 Ideo
3141 5388 3283 5443 enim
3312 5390 3363 5443 in
3392 5390 3616 5460 singulis
3662 5391 3832 5448 beati.

2254 5480 2488 5554 tudinem
2517 5480 2756 5548 apposuit
2778 5520 2791 5538 ,
2816 5491 2871 5532 ut
2896 5494 2962 5533 ne
2983 5478 3108 5548 quid
3131 5480 3385 5534 sensibile
3404 5491 3703 5550 exspectes.
3729 5481 3833 5539 Ne~

2254 5588 2355 5640 que
2380 5573 2521 5627 enim
2557 5573 2735 5625 beatus
2761 5572 2864 5625 erit
2890 5570 2981 5624 ille
3007 5572 3094 5638 qui
3128 5572 3192 5625 iis
3220 5572 3560 5626 coronabitur
3584 5614 3600 5640 ,
3631 5589 3752 5643 qum
3782 5576 3833 5628 in

2257 5663 2503 5732 praesenti
2531 5662 2631 5715 vita
2659 5662 3046 5723 dissolvuntur,
3070 5670 3121 5714 et
3152 5662 3335 5715 umbra
3357 5662 3586 5719 celerius
3611 5676 3835 5735 ιιι-αλιθυο-

2255 5736 2493 5808 currunt.
2527 5751 2657 5809 Cum
2699 5752 2922 5808 dixisset
2950 5763 3161 5815 autem,
3187 5754 3371 5809 Marcet
3426 5766 3589 5807 vestra
3644 5753 3836 5814 multa.
