4114 6478
234 442 344 505 2'29

230 564 393 618 aliam
422 559 699 630 subiunxit
741 551 1162 611 consolationem
1208 551 1291 607 his
1321 551 1499 606 verbis
1525 569 1538 605 :
1571 549 1663 606 Sic
1691 550 1826 604 enim

235 639 526 725 persequuti
549 660 665 705 sunt
685 658 731 702 et
752 634 1024 718 prophetas
1043 687 1057 709 ,
1081 645 1166 714 qui
1192 644 1398 715 fuerunt
1421 653 1549 697 ante
1564 658 1668 696 ros.
1691 642 1822 710 Quia

230 747 380 799 enim
399 753 680 799 venturum
703 747 820 794 erat
839 745 1080 808 regnum,
1105 743 1159 789 et
1181 736 1231 788 in
1249 749 1344 803 spe
1365 734 1654 802 repositum
1674 740 1822 786 erat:

231 833 359 890 hinc
375 834 488 888 illis
507 830 930 886 consolationem
957 825 1180 898 prtebet,
1197 837 1262 880 ex
1292 825 1547 884 societate
1573 823 1822 878 nimirum

230 936 419 981 eorum
441 965 456 993 ,
483 926 570 996 qui
593 931 717 977 ante
739 922 884 991 ipsos
906 920 1044 974 male
1070 917 1208 986 passi
1229 910 1467 971 inerant.
1491 914 1567 970 Ne
1596 916 1789 983 putetis
1807 957 1824 977 ,

231 1017 442 1088 inquit,
471 1030 568 1070 vos
612 1014 728 1069 hzcc
773 1013 893 1066 ideo
920 1011 1026 1080 pati
1052 1050 1066 1069 .
1116 1008 1240 1078 quia
1268 1008 1534 1062 contraria
1566 1005 1743 1060 dicitis
1770 1013 1825 1059 ct

229 1102 350 1180 lege
395 1108 674 1170 statuitis;
718 1101 802 1179 vel
847 1119 942 1157 ros
983 1101 1134 1171 quasi
1183 1113 1467 1170 pravorum
1514 1096 1823 1172 dogmatum

229 1201 518 1272 magistros
547 1198 616 1253 ab
639 1197 742 1251 illis
774 1190 1049 1262 pellendos
1073 1205 1215 1247 esse.
1245 1184 1365 1246 Non
1390 1190 1534 1245 enim
1561 1203 1628 1244 ex
1655 1188 1824 1243 dicto-

228 1301 353 1347 rum
375 1290 605 1360 nequitia
623 1332 637 1352 ,
666 1288 758 1342 scd
785 1303 848 1340 ex
875 1283 1208 1356 malignitate
1227 1279 1554 1338 audientium
1573 1323 1589 1347 ,
1619 1279 1825 1335 insidia:

231 1393 290 1437 et
318 1382 552 1452 pericula
583 1378 893 1450 prodilmnt.
923 1378 1101 1442 Quare
1135 1390 1244 1431 non
1269 1374 1424 1429 vobis
1452 1373 1600 1448 male.
1621 1373 1825 1443 patien-

227 1477 377 1530 libus
405 1472 751 1536 maledicent,
783 1469 875 1525 sed
923 1469 1027 1523 illis
1056 1468 1196 1524 male
1219 1462 1520 1537 agentibus.
1551 1453 1647 1519 His
1675 1462 1825 1518 testi-

229 1567 474 1623 inonium
520 1565 722 1634 prabet
770 1572 938 1616 totum
985 1560 1312 1630 praeteritum
1359 1566 1590 1626 tempus.
1638 1553 1824 1624 Neque

227 1661 376 1715 cnim
408 1657 696 1728 prophetas
727 1655 795 1708 de
835 1653 1114 1722 iniquitate
1152 1651 1233 1706 rel
1264 1644 1333 1704 de
1378 1649 1542 1718 impia
1580 1646 1822 1702 doctrina

230 1748 593 1808 accusabant,
620 1761 740 1798 cum
787 1744 923 1798 alios
966 1735 1260 1811 lapidarent
1291 1738 1477 1805 ,[alios
1517 1739 1821 1816 pellerent,

230 1839 372 1894 alios
396 1835 664 1892 sexcentis
692 1834 810 1888 aliis
859 1829 1137 1888 efﬁcerent
1191 1828 1346 1886 malis
1391 1823 1588 1900 (Hebr.
1617 1831 1704 1884 tl.
1731 1827 1828 1883 55-

231 1929 358 2001 37).
407 1929 484 1982 Ne
525 1929 707 1996 itaque
728 1925 836 1979 hoc
862 1934 955 1979 vos
982 1918 1274 1994 perturbet.
1301 1920 1432 1976 Nam
1482 1915 1671 1976 eodem
1711 1922 1825 1975 ani-

235 2037 329 2076 mo
358 2022 515 2076 etiam
545 2034 684 2072 nunc
711 2018 888 2072 omnia
923 2025 1248 2085 perpetrant.
1280 2011 1524 2069 Vidistin’
1553 2012 1825 2083 quomodo

230 2126 425 2168 eorum
448 2125 638 2165 sensus
663 2109 943 2171 excitarit,
975 2108 1093 2161 illos
1113 2121 1280 2176 prope
1304 2105 1515 2174 Moysen
1538 2114 1591 2158 et
1620 2105 1823 2159 Heliam

234 2203 607 2260 constituens?
637 2200 725 2255 Sic
751 2211 803 2254 et
827 2198 1022 2254 Paulus
1051 2197 1119 2251 ad
1148 2196 1660 2250 Thessalonicenses
1686 2195 1794 2248 scri
1813 2222 1825 2230 -

230 2294 370 2350 licus
407 2293 516 2346 ait:
559 2291 659 2345 Vos
686 2291 818 2344 enim
857 2279 1132 2342 imitatores
1167 2288 1291 2355 {acti
1331 2287 1448 2340 estis
1478 2280 1825 2340 Ecclesiarum

232 2375 331 2440 Dei
358 2425 372 2448 ,
419 2397 531 2452 qua:
558 2391 674 2434 sunt
703 2381 756 2432 in
785 2379 989 2432 Judwa.
1035 2377 1236 2431 Etenim
1265 2387 1311 2431 et
1339 2393 1425 2430 vos
1467 2375 1644 2430 eadem
1690 2377 1826 2443 passi

231 2475 356 2528 estis
382 2491 412 2525 a
439 2472 660 2542 propriis
686 2468 1046 2524 contribulibtts
1063 2510 1079 2535 ,
1111 2470 1238 2521 sicut
1259 2477 1304 2520 et
1329 2454 1464 2520 illt’a
1490 2463 1710 2531 ludatis,
1739 2466 1826 2535 qui

229 2565 527 2619 occiderunt
567 2561 838 2614 Dominum
881 2558 1059 2612 Iesum
1086 2567 1132 2612 et
1163 2558 1395 2628 proprios
1435 2557 1705 2625 prophetas
1730 2597 1745 2629 ι
1779 2565 1826 2608 ct

233 2673 329 2711 nos
385 2656 668 2724 persequuti
697 2662 848 2717 sunt,
881 2660 927 2704 et
960 2650 1065 2704 Deo
1094 2666 1196 2703 non
1238 2650 1464 2719 placent,
1501 2653 1546 2701 et
1594 2645 1825 2702 omnibus

234 2745 521 2800 hominibus
565 2745 894 2797 adversantur
938 2741 1027 2813 (ι.
1080 2734 1255 2793 Thess.
1301 2738 1356 2791 ἓ.
1392 2741 1475 2792 14.
1515 2739 1638 2807 l5).
1675 2739 1823 2805 Quod

231 2838 324 2892 hic
349 2847 559 2905 quoque
580 2834 822 2888 Christus
852 2829 1100 2886 instituit.
1145 2830 1210 2883 Et
1234 2830 1285 2882 in
1313 2829 1433 2882 aliis
1457 2828 1673 2896 quidem
1698 2827 1825 2882 bea-

229 2929 552 2984 titudinibus
572 2927 803 2989 dicebat,
823 2923 970 2977 Beati
995 2937 1260 2992 pauperes,
1287 2921 1414 2973 beati
1435 2920 1791 2976 misericordes
1814 2943 1830 2979 .·

234 3019 326 3075 hic
349 3034 478 3074 vero
499 3034 604 3071 non
630 3015 900 3069 indefinite
925 3013 1131 3082 posuit;
1155 3012 1247 3064 sed
1278 3009 1345 3064 ad
1377 3010 1496 3062 illos
1517 3024 1824 3062 sermonum

227 3112 500 3164 convertit
529 3109 713 3163 dicens
737 3126 749 3160 :
781 3105 923 3160 Beati
946 3103 1062 3157 estis
1089 3114 1200 3154 eum
1229 3101 1369 3155 vobis
1391 3100 1830 3169 exprobraret-int,

236 3211 285 3257 et
309 3199 592 3271 persequuti
611 3206 696 3251 bos
715 3196 924 3266 fuerint,
950 3202 997 3246 et
1019 3191 1236 3246 dixerint
1257 3207 1402 3244 omne
1418 3191 1607 3243 ntalum
1623 3191 1825 3243 uerbum

233 3301 414 3345 contra
440 3305 522 3342 vos
546 3305 563 3340 :
592 3285 880 3341 ostendens
902 3282 1004 3335 hoc
1033 3283 1083 3334 in
1109 3280 1213 3333 illis
1233 3293 1355 3332 esse
1381 3279 1702 3347 prmcipuum
1725 3319 1740 3342 ,
1773 3285 1825 3329 et

231 3382 548 3438 doctoribus
568 3392 678 3446 prae
703 3376 823 3429 aliis
841 3372 1090 3428 omnibus
1113 3369 1162 3423 id
1185 3383 1304 3424 esse
1333 3369 1630 3436 proprium.
1652 3363 1824 3420 Simul

239 3474 403 3528 etiam
432 3469 520 3524 hic
546 3465 863 3535 dignitatem
889 3475 1042 3516 suam
1057 3456 1711 3525 subindicat,etaaqualem
1727 3455 1825 3509 sibi

241 3579 365 3619 cum
389 3563 547 3616 Patre
562 3559 838 3611 honorem.
860 3548 1321 3620 Quemadmodum
1343 3547 1490 3601 enim
1515 3546 1588 3599 illi
1612 3556 1829 3614 propter

239 3651 456 3711 Patrem
477 3692 492 3716 ,
520 3648 721 3716 inquit,
745 3647 814 3700 ita
839 3653 893 3700 et
914 3656 1009 3696 vos
1029 3649 1247 3710 propter
1270 3654 1359 3692 me
1385 3637 1500 3691 haec
1529 3635 1824 3706 patiemini.

235 3748 376 3802 Cum
399 3755 574 3798 autem
603 3741 764 3803 dicit,
794 3735 1076 3806 PrOphetas
1098 3733 1184 3802 qui
1213 3736 1418 3802 fuerunt
1443 3738 1560 3782 ante
1585 3745 1671 3783 vos
1693 3771 1706 3791 ,
1736 3727 1830 3783 de-

248 3840 415 3894 clarat
446 3836 587 3902 ipsos
611 3831 718 3900 jam
749 3827 1042 3898 prophetas
1071 3823 1236 3877 fuisse
1267 3822 1454 3876 factos.
1488 3820 1621 3874 Hinc
1649 3829 1829 3873 osten-

247 3932 378 3985 deus
403 3928 530 3982 illud
558 3925 787 3980 maxime
815 3923 944 3991 ipsis
971 3920 1100 3974 utile
1129 3930 1268 3980 esse,
1301 3927 1356 3970 et
1381 3916 1721 3985 Splendorem
1747 3913 1827 3967 af-

237 4025 382 4076 Ierre
405 4062 420 4084 ,
450 4033 554 4072 non
579 4015 713 4068 dixit
733 4055 746 4074 ,
780 4011 1096 4066 Maledicent
1119 4008 1272 4062 vobis
1288 4015 1348 4061 et
1375 4021 1469 4059 vos
1500 4020 1828 4075 persequen-

240 4116 371 4176 tur,
399 4109 493 4164 sed
536 4122 634 4176 ego
681 4104 809 4160 illud
843 4103 1163 4172 impediam:
1197 4116 1300 4153 non
1332 4099 1475 4152 enim
1516 4098 1657 4167 quod
1689 4097 1830 4151 male

239 4217 350 4258 non
374 4199 622 4258 audiant,
649 4196 742 4248 sed
768 4193 908 4263 quod
933 4193 1076 4246 male
1101 4189 1368 4261 audiendo
1393 4187 1603 4241 fortiter
1626 4188 1826 4248 lerant,

238 4303 298 4348 et
326 4306 421 4362 per
449 4301 609 4358 opera
643 4289 786 4355 ipsos
810 4291 1064 4352 arguant,
1096 4282 1210 4334 vult
1234 4294 1329 4334 eos
1364 4281 1414 4331 in
1447 4286 1558 4331 toto
1584 4276 1788 4331 versari
1816 4294 1827 4328 :

241 4386 348 4441 hoc
371 4383 569 4454 quippe
597 4379 688 4432 illo
716 4379 870 4445 longe
893 4375 1065 4443 majus
1086 4382 1169 4426 est
1193 4389 1206 4424 :
1236 4367 1684 4440 quemadmodum
1714 4383 1833 4437 pcr-

243 4476 376 4538 cuti,
399 4483 454 4526 et
475 4470 603 4524 nihil
629 4481 939 4536 percussum
969 4464 1074 4531 pati
1097 4502 1112 4523 ,
1139 4461 1304 4515 multo
1328 4460 1498 4530 majus
1518 4470 1602 4513 est
1626 4499 1640 4524 ,
1672 4473 1831 4528 quam

244 4585 352 4624 non
386 4564 607 4634 percuti.
643 4561 742 4616 Hic
773 4559 931 4628 igitur
957 4556 1086 4609 dicit
1110 4572 1127 4620 ;
1159 4553 1355 4607 Herses
1380 4562 1545 4606 vestra
1573 4553 1732 4604 multa
1759 4559 1832 4603 est

243 4661 301 4714 in
327 4657 498 4720 cretis;
529 4654 700 4710 Lucas
722 4665 847 4705 vero
876 4650 1048 4719 ipsum
1077 4659 1132 4701 et
1161 4648 1423 4700 intensius
1444 4686 1457 4710 ,
1487 4652 1542 4698 et
1566 4658 1688 4698 cum
1712 4657 1830 4696 ma-

242 4750 350 4824 jori
370 4744 754 4802 consolationis
788 4740 1002 4796 cumulo
1044 4738 1146 4792 hoc
1185 4737 1386 4790 dixisse
1429 4742 1627 4788 narrat.
1651 4732 1834 4801 Neque

249 4823 394 4894 enim
422 4845 620 4890 tantum
644 4848 737 4888 eos
758 4833 845 4900 qui
872 4828 1280 4898 propter-Deum
1305 4827 1444 4882 male
1465 4825 1687 4879 audiunt
1711 4823 1838 4877 bea-

251 4947 337 4986 tos
365 4925 618 4998 praedicat
636 4966 652 4989 ,
679 4922 773 4978 sed
795 4922 954 4977 etiam
979 4933 1072 4974 eos
1091 4918 1181 4988 qui
1209 4917 1278 4972 ab
1303 4916 1554 4971 omnibus
1583 4915 1719 4969 bene
1743 4928 1837 4966 au-

253 5023 409 5076 diunt
433 5060 448 5082 ,
481 5017 707 5070 miseros
757 5014 924 5070 dicit:
957 5025 1079 5064 nam
1129 5010 1238 5072 ait,
1279 5006 1368 5062 γω
1409 5007 1544 5059 nobis
1575 5014 1687 5057 dum
1715 5003 1839 5056 bene

255 5113 393 5168 vobis
414 5109 632 5163 dixerim
653 5121 821 5158 omnes
837 5103 1062 5157 homines
1090 5100 1255 5173 (Luc.
1278 5099 1331 5154 6.
1355 5098 1428 5152 26
1450 5102 1485 5165 ).
1516 5095 1675 5164 Atqui
1702 5109 1834 5165 apo-

256 5204 410 5260 stolis
436 5196 856 5259 benedicebaut;
887 5193 982 5248 sed
1010 5208 1117 5246 non
1146 5204 1352 5245 omnes.
1382 5183 1505 5243 ldco
1533 5203 1638 5241 non
1666 5185 1835 5250 dixit,

261 5296 396 5350 Cum
425 5293 560 5346 bene
584 5287 733 5342 rubis
759 5284 996 5340 dixerint
1021 5283 1269 5337 homines
1293 5298 1308 5347 ;
1339 5281 1453 5344 sed,
1488 5279 1615 5334 Cum
1643 5288 1834 5331 omnes.

257 5384 442 5454 Neque
477 5381 622 5437 enim
670 5377 782 5431 fieri
829 5385 1004 5446 potest
1043 5384 1102 5428 ut
1131 5375 1164 5427 ii
1195 5373 1284 5442 qui
1328 5374 1574 5425 virtutem
1621 5370 1837 5431 colunt,

258 5477 395 5548 apud
422 5486 613 5528 omnes
651 5471 785 5525 bene
809 5467 1043 5523 audiant.
1080 5467 1414 5534 Rursumque
1443 5464 1516 5516 ait
1545 5482 1558 5516 :
1589 5463 1714 5516 Cum
1740 5462 1840 5530 eje-

259 5570 412 5624 ταῦτα
440 5580 624 5618 nomen
653 5571 868 5615 uestrum
897 5571 1152 5627 tamquam
1189 5554 1414 5620 malum,
1438 5555 1650 5625 gaudete
1675 5562 1721 5605 et
1749 5567 1839 5605 ex-

254 5657 469 5721 δειλαία(
490 5655 512 5709 Ι
522 5654 627 5710 bid.
646 5668 692 5705 υ.
709 5651 801 5706 22.
823 5650 895 5706 2'5
915 5653 955 5719 ).
980 5650 1160 5719 Neque
1177 5650 1317 5702 enim
1343 5655 1546 5700 tantum
1568 5643 1838 5714 periculis,

254 5766 370 5824 quae
396 5749 684 5811 subibant,
714 5744 805 5799 sed
834 5743 994 5798 etiam
1027 5739 1324 5794 maledictis
1343 5779 1357 5803 ,
1387 5749 1631 5806 magnam
1660 5734 1843 5788 statuit

251 5841 580 5900 mercedem.
609 5836 737 5892 Ideo
761 5851 864 5889 non
887 5834 1018 5887 dixit
1041 5876 1053 5896 ,
1083 5830 1213 5886 Cum
1243 5847 1336 5884 vos
1357 5827 1658 5900 expulerint
1676 5835 1730 5881 et
1753 5839 1844 5880 oc-

1373 437 1436 492 IN
1477 409 1887 492 narrumuu
1930 433 2160 492 HOMIL
2203 436 2319 492 xv.

3421 431 3525 490 930

1931 550 2162 606 cidcrint
2185 569 2200 616 ;
2230 552 2324 608 sed
2347 593 2361 617 ,
2410 551 2536 608 Cum
2579 551 2993 624 exprobraret-int
3013 593 3030 622 ,
3057 561 3106 604 ct
3131 552 3351 608 dixerint
3379 567 3524 606 omne

1932 640 2142 695 nmium.
2173 641 2305 697 Nam
2333 642 2616 699 maledicta
2646 643 2891 698 acerbius
2921 641 3212 708 mordent,
3243 659 3407 714 quam,
3436 658 3522 696 res

1931 723 2079 800 ipsae.
2113 731 2167 786 ln
2201 734 2449 802 periculis
2479 735 2620 789 enim
2657 733 2819 788 multa
2853 743 2976 788 sunt
3013 749 3133 804 qua:
3164 734 3402 788 laborem
3449 734 3526 785 la-

1930 826 2073 879 ciant
2101 824 2355 881 leviorem
2381 844 2395 890 ;
2426 827 2570 882 verbi
2599 842 2758 880 causa
2783 868 2797 890 ,
2849 843 2968 880 cum
3001 826 3068 880 ab
3097 825 3348 880 omnibus
3376 825 3524 880 exci-

1933 927 2108 972 tamur
2131 957 2146 983 ,
2177 925 2234 973 et
2258 919 2457 993 multos
2488 919 2748 974 habemus
2775 918 3092 990 plaudentes
3115 960 3130 982 ,
3158 927 3480 973 coronantes
3506 959 3521 981 ,

1932 1000 2309 1075 praedicantes.
2343 1003 2441 1064 Hic
2485 1025 2612 1063 vero
2643 1010 2694 1062 in
2742 1008 3041 1064 maledictis
3072 1007 3188 1063 hrcc
3229 1008 3528 1062 consolatio

1932 1110 2231 1175 atnovetur.
2251 1100 2366 1156 Non
2386 1101 2528 1156 enim
2547 1117 2736 1170 magna
2756 1116 2878 1157 esse
2896 1103 3064 1156 virtus
3089 1109 3319 1170 putatur,
3337 1101 3530 1155 etimn-

1930 1182 1976 1242 si
2002 1189 2170 1260 magis
2198 1190 2314 1246 hac
2343 1207 2502 1260 quam
2535 1193 2770 1262 pericula
2801 1203 3098 1249 certantem
3127 1203 3526 1248 t-ommovcant.

1930 1273 2076 1334 Multi
2106 1292 2335 1351 namque
2364 1283 2429 1336 ad
2473 1284 2721 1353 laqueum
2767 1295 3120 1340 accurrernnt
3143 1327 3156 1349 ,
3190 1285 3387 1339 malam
3421 1299 3527 1338 non

1933 1368 2166 1428 ferentes
2196 1369 2415 1430 futuam.
2451 1375 2518 1428 Et
2545 1375 2672 1450 quid
2703 1375 2805 1432 hoc
2831 1376 2885 1430 in
2919 1376 3038 1431 aliis
3068 1373 3313 1429 mireris?
3339 1374 3550 1430 Prodiw

1930 1467 2102 1518 torem
2130 1460 2278 1518 illum
2307 1465 2670 1536 impudentem
2689 1475 2742 1551 ει
2759 1467 3172 1532 exsecrandum,
3205 1467 3298 1536 qui
3317 1465 3385 1519 dc
3407 1467 3525 1519 nul-

1926 1553 1981 1606 la
2002 1562 2062 1608 re
2091 1555 2444 1611 erubescebat
2464 1598 2478 1619 ,
2514 1557 2615 1612 hoc
2636 1558 2874 1612 maxime
2902 1556 2968 1612 ad
3003 1558 3248 1627 laqueum
3280 1558 3356 1611 ire
3381 1572 3528 1611 com-

1934 1647 2082 1714 pulit.
2107 1639 2212 1702 Job
2230 1664 2442 1718 quoque
2468 1649 2580 1718 ipse
2601 1650 2822 1705 adamas
2842 1694 2855 1714 ,
2880 1660 2934 1705 et
2965 1663 3112 1719 petra
3139 1650 3342 1705 firmior
3361 1691 3376 1715 ,
3402 1664 3527 1706 eum

1931 1753 2062 1807 Opes
2085 1740 2265 1793 amisit
2292 1751 2346 1795 et
2374 1741 2706 1796 intoleranda
2739 1757 2929 1811 passus
2955 1753 3065 1804 est,
3094 1742 3216 1795 liliis
3240 1743 3405 1797 orbus
3436 1757 3518 1797 re-

1934 1841 2090 1899 pente
2114 1831 2281 1887 factus
2299 1875 2312 1897 ,
2338 1849 2458 1888 cum
2483 1834 2689 1888 videret
2710 1816 2903 1904 corpus
2927 1852 3079 1890 suum
3113 1836 3389 1889 vermibus
3408 1851 3529 1890 sca~

1935 1933 2074 1987 tcre,
2104 1917 2501 1995 instantemque
2524 1940 2777 1990 uxorem,
2802 1927 2979 1979 omnia
3011 1925 3166 1979 facile
3199 1940 3386 1994 passus
3409 1935 3523 1989 est;

1932 2029 2052 2066 cum
2093 2025 2271 2068 autem
2305 2015 2434 2070 vidit
2479 2018 2679 2070 amicos
2711 2015 2810 2069 sibi
2856 2015 3245 2086 exprobrantes
3277 2015 3530 2068 insultan-

1931 2113 2154 2172 tesque,
2189 2119 2515 2178 pravumque
2543 2108 2607 2160 de
2637 2123 2695 2161 se
2739 2107 3195 2160 existimationem
3227 2106 3485 2160 habentes
3510 2147 3525 2172 ,

1930 2192 2277 2265 dicentesque
2310 2198 2479 2264 ipsum
2508 2207 2727 2268 propter
2759 2207 2975 2265 peccata
3007 2213 3098 2250 sua
3131 2197 3246 2252 haec
3279 2198 3481 2266 perpeti
3511 2239 3524 2262 ,

1932 2294 1987 2338 et
2016 2287 2265 2355 nequitia:
2311 2305 2422 2341 sua:
2472 2304 2657 2358 pcnnas
2687 2289 2813 2342 dare
2840 2331 2853 2354 ,
2889 2298 3012 2342 tunc
3059 2288 3301 2343 turbatus
3331 2299 3412 2343 est
3447 2289 3529 2340 \ir
3592 2281 3596 2286 ’

1933 2370 2022 2427 ille
2053 2376 2201 2430 fortis
2231 2364 2282 2432 et
2313 2395 2534 2447 magnus
2563 2381 2598 2431 ³.

2003 2467 2057 2522 6.
2090 2465 2251 2522 David
2280 2486 2492 2539 quoque
2518 2473 2732 2524 miliens
2762 2474 2940 2526 omnia
2970 2488 3087 2542 quat:
3116 2486 3303 2540 passus
3326 2471 3520 2533 fuerat,

1933 2567 2030 2626 pro
2071 2557 2352 2612 maledicto
2393 2561 2794 2615 retributionem
2840 2577 2869 2614 a
2921 2561 3030 2616 Deo
3068 2562 3283 2630 petebat
3316 2578 3326 2612 :
3363 2559 3487 2613 Sine
3514 2601 3527 2623 ,

1935 2651 2102 2718 inquit
2127 2693 2140 2716 ,
2171 2651 2314 2706 illum
2342 2653 2642 2706 maledicere
2670 2645 2859 2706 Doridi
2877 2695 2889 2717 ,
2919 2669 3038 2724 quia
3072 2652 3314 2706 Dominus
3335 2666 3527 2722 prwcc-

1933 2745 2004 2811 pit
2035 2743 2144 2808 illi,
2177 2754 2227 2796 ut
2258 2746 2421 2797 vident
2451 2743 2699 2797 Dominus
2723 2747 3123 2798 humiliationcnt
3152 2761 3313 2797 meam
3341 2787 3354 2807 ,
3388 2754 3434 2796 ct
3455 2762 3530 2795 re-

1932 2835 2113 2885 tribuat
2137 2835 2257 2886 milii
2288 2836 2416 2886 bona
2446 2852 2535 2902 pro
2563 2837 2830 2888 nmlrdicto
2859 2838 2911 2888 in
2938 2838 3019 2888 die
3046 2836 3140 2888 hac
3169 2836 3245 2904 (‘2.
3279 2836 3411 2904 Reg.
3442 2837 3529 2889 10.

1935 2927 2020 2980 Η.
2057 2925 2181 2993 P2).
2227 2925 2290 2978 Et
2331 2926 2523 2979 Paulus
2570 2942 2672 2978 non
2722 2925 3086 2995 periclitantes
3131 2926 3321 2990 modo,
3358 2942 3532 2994 neque

1932 3019 2087 3070 bonis
2117 3017 2403 3086 spoliatos,
2435 3017 2528 3069 sed
2560 3019 2716 3070 etiam
2751 3017 3030 3070 tnuledicta
3065 3013 3293 3070 frontes
3321 3014 3534 3084 [medi-

1932 3115 2018 3157 cat
2057 3106 2144 3161 his
2171 3107 2348 3161 verbis
2379 3125 2390 3157 :
2423 3104 2783 3160 Recordamini
2811 3107 3004 3160 dierum
3037 3109 3263 3169 priorum
3289 3149 3303 3169 ,
3335 3108 3386 3159 in
3416 3108 3531 3175 qui-

1933 3195 2022 3247 bus
2047 3195 2320 3249 illttmiuati
2343 3214 2580 3265 magnum
2603 3206 2854 3250 certamen
2871 3197 3181 3250 sustinuistis
3203 3197 3493 3265 passionum
3524 3214 3529 3220 ·

1932 3296 1976 3339 ct
2011 3287 2064 3340 in
2095 3287 2255 3340 altero
2281 3290 2481 3355 quidem
2508 3289 2791 3357 opprobriis
2819 3298 2864 3342 et
2895 3288 3303 3342 tribulationibus
3329 3301 3516 3359 specta-

1933 3379 2102 3431 culum
2135 3379 2291 3448 facti,
2321 3382 2374 3431 in
2411 3373 2572 3432 altero
2600 3389 2767 3433 autem
2785 3381 2923 3440 ,socit'
2947 3383 3116 3435 taliter
3134 3384 3535 3436 conversantium

1933 3466 2094 3533 (πρίειὶ
2136 3461 2325 3538 (Hebr.
2360 3467 2446 3523 lO.
2479 3469 2567 3522 '52.
2594 3462 2667 3524 33
2689 3471 2730 3538 ).
2761 3469 3048 3539 Propterea
3081 3473 3380 3527 mercedem
3413 3489 3529 3526 ma-

1934 3572 2090 3624 gnam
2121 3559 2297 3628 posuit
2321 3559 2584 3614 Christus.
2617 3559 2818 3614 Deinde
2849 3576 2915 3614 nc
2941 3563 3060 3630 quis
3087 3562 3259 3616 dicat:
3284 3563 3378 3617 llic
3404 3578 3531 3632 ergo

1937 3666 2040 3705 neu
2073 3649 2310 3706 vindicas
2331 3693 2346 3719 ,
2375 3665 2550 3721 neque
2576 3667 2761 3706 eorum
2788 3667 2879 3706 ora
2903 3654 3140 3718 consuis,
3173 3653 3267 3708 sed
3291 3655 3360 3706 ibi
3387 3669 3527 3708 mer-

1935 3741 2119 3797 cedem
2163 3742 2259 3797 das
2281 3746 2305 3795 1'
2344 3743 2632 3812 prephetas
2655 3744 3008 3809 memoravit,
3041 3745 3333 3801 ostendens
3360 3762 3530 3815 neque

1937 3841 2062 3885 tune
2095 3832 2240 3902 ipsos
2271 3832 2436 3887 Demn
2470 3835 2637 3888 ulttun
2667 3849 2804 3889 esse.
2834 3836 2888 3890 Si
2921 3850 3047 3889 vero
3077 3845 3202 3893 tunc
3224 3850 3342 3890 cum
3367 3851 3538 3906 prope

1936 3932 2090 3978 erant
2134 3924 2544 3989 retributiones,
2595 3939 2692 3994 spe
2746 3923 3043 3978 futurorum
3095 3923 3310 3979 fovebat
3360 3926 3529 3980 illos:

1938 4016 2105 4068 multo
2144 4017 2314 4084 magis
2359 4031 2534 4076 nunc,
2585 4016 2799 4082 quando
2841 4031 2964 4085 spes
3011 4016 3095 4068 illa
3123 4017 3320 4069 clarior
3343 4016 3532 4070 cliccta

1937 4115 2038 4168 est,
2072 4113 2125 4161 et
2145 4106 2480 4177 phil050phia
2509 4108 2698 4175 major.
2732 4107 2860 4160 \‘ide
2888 4118 3064 4160 autem
3095 4118 3212 4175 post
3233 4117 3363 4176 quot
3384 4123 3535 4161 man-

1937 4197 2059 4250 data
2093 4198 2194 4251 hoc
2230 4206 2444 4251 statuat.
2475 4197 2592 4250 Non
2627 4199 2770 4252 enim
2801 4213 2924 4251 casu
2957 4199 3205 4267 quoidam
3237 4197 3341 4252 hoc
3371 4198 3532 4260 fecit;

1939 4291 2031 4343 sed
2079 4299 2137 4344 ut
2180 4290 2456 4355 ostendat,
2502 4304 2606 4343 non
2656 4305 2812 4360 posse
2852 4305 3009 4352 emn,
3051 4291 3138 4358 qui
3174 4306 3279 4343 non
3323 4285 3388 4344 ad
3418 4290 3535 4345 btet:

1940 4383 2118 4436 omnia
2167 4392 2381 4451 paratus
2424 4394 2479 4435 ct
2527 4384 2814 4436 instructus
2856 4383 2957 4444 sit,
3004 4383 3052 4436 in
3101 4383 3214 4437 lucc
3240 4383 3534 4438 certamina

1941 4474 2172 4543 prodire.
2215 4474 2337 4528 ideo
2380 4489 2410 4528 a
2449 4474 2609 4542 priori
2639 4489 2850 4541 semper
2875 4474 2939 4527 ad
2968 4488 3198 4542 sequens
3226 4475 3534 4530 mandatum

1940 4567 2080 4619 viam
2125 4580 2352 4635 parans,
2404 4575 2643 4619 catenam
2694 4562 2847 4618 nobis
2895 4580 3112 4618 auream
3163 4564 3352 4620 texuit.
3398 4565 3537 4621 Cum

1941 4656 2082 4710 enim
2133 4657 2254 4725 quis
2301 4656 2516 4709 humilis
2556 4656 2746 4720 fuerit,
2779 4657 2937 4709 etiam
2967 4671 3062 4710 sua
3090 4658 3310 4709 omnino
3337 4656 3538 4726 lugebit

1943 4759 2158 4820 peccata
2188 4768 2200 4814 ;
2248 4750 2335 4817 qui
2383 4746 2616 4817 lugebit,
2651 4747 2792 4801 mitis
2820 4749 2920 4801 crit
2942 4790 2955 4812 ,
2988 4748 3262 4803 modestus
3292 4756 3345 4804 et
3375 4749 3536 4804 mise-

1941 4842 2146 4904 ricors;
2189 4840 2496 4893 misericors
2535 4854 2691 4903 vero,
2726 4838 2901 4906 justus
2932 4841 3066 4905 erit,
3101 4849 3454 4910 compunctus
3483 4853 3540 4896 et

1943 4933 2172 4987 mundus
2191 4932 2355 4987 corde
2390 4950 2401 4984 :
2433 4933 2522 5000 qui
2550 4932 2671 4986 talis
2696 4934 2796 4987 erit
2818 4973 2831 4998 ,
2865 4935 3023 4988 etiam
3055 4936 3305 5003 pacilicus
3330 4935 3539 4989 futurus

1943 5034 2046 5081 est.
2091 5025 2192 5092 Qui
2234 5039 2394 5093 porro
2426 5024 2539 5077 haec
2565 5025 2742 5078 omnia
2774 5035 3090 5093 assequutus
3118 5023 3313 5090 fuerit,
3341 5026 3407 5079 ad
3439 5041 3534 5096 pe-

1946 5115 2108 5171 ricula
2153 5117 2312 5170 etiam
2347 5125 2560 5184 paratus
2607 5118 2745 5182 erit,
2777 5132 2947 5186 neque
2989 5117 3126 5171 male
3157 5117 3380 5172 audiens
3417 5129 3522 5171 tur-

1949 5210 2195 5275 babitur,
2246 5224 2417 5275 neque
2469 5209 2513 5263 si
2561 5211 2841 5264 innumera
2894 5213 3121 5278 patiatur
3175 5211 3332 5262 mala.
3381 5211 3534 5264 Postv

1947 5319 2105 5374 quam
2132 5317 2261 5372 ergo
2285 5317 2380 5356 eos
2403 5302 2468 5355 ad
2495 5318 2556 5355 ea
2585 5319 2701 5370 qua:
2727 5313 3083 5357 consentanea
3117 5311 3270 5356 erant
3297 5303 3542 5357 hortatus

1947 5408 2028 5452 est
2047 5437 2062 5462 ,
2115 5409 2298 5449 rursus
2323 5411 2416 5449 eos
2446 5395 2688 5450 laudibus
2717 5398 2933 5449 solatur.
2964 5396 3094 5463 Quia
3123 5397 3263 5449 enim
3291 5395 3542 5450 sublimia

1951 5497 2217 5558 praecepta
2261 5498 2449 5552 erant,
2497 5489 2769 5556 multoque
2821 5488 3019 5556 majora
3075 5503 3232 5556 quam
3295 5489 3542 5542 invetcri

1951 5581 2103 5650 lege,
2146 5595 2212 5634 ne
2257 5580 2598 5636 turbarentur
2641 5597 2704 5636 ac
2748 5581 3110 5649 trepidarent,
3143 5581 3491 5651 dicercntquc
3523 5599 3541 5635 :

1950 5673 2227 5741 Quomodo
2272 5671 2385 5726 ιιωο
2433 5673 2653 5742 implere
2694 5673 3022 5741 poterimus?
3057 5671 3178 5724 audi
3203 5671 3329 5741 quid
3359 5672 3499 5727 dicat
3525 5688 3544 5727 ε

2019 5831 2034 5860 ί
2071 5826 2289 5879 Nonnulli
2314 5828 2514 5888 habent,
2547 5827 2717 5882 uitiata
2739 5827 2820 5879 ille
2850 5827 2988 5890 fortis
3005 5833 3291 5887 etmagttns.
