4114 6490
627 428 721 481 351

628 543 708 592 t3.
755 539 852 592 Vos
909 539 1024 593 estis
1050 538 1127 590 sat
1158 545 1337 599 ten-te,
1373 533 1655 588 ostendens
1679 548 1736 588 se
1759 529 2059 586 necessario
2089 528 2200 583 haec

624 640 882 698 praecepta
899 630 1043 684 dare.
1069 629 1180 682 Non
1205 628 1342 680 enim
1368 642 1462 696 pro
1492 635 1658 680 vestra
1692 626 1814 688 vita,
1846 623 1938 677 sed
1973 637 2064 692 pro
2093 629 2214 686 toto,

624 726 770 785 urbe,
799 724 982 790 inquit,
1003 722 1220 776 verbum
1236 719 1385 774 vobis
1413 718 1774 774 committitur.
1796 716 1976 785 Neque
1995 715 2047 768 in
2070 713 2200 766 duas

619 817 786 870 urbes
809 829 902 868 vos
931 815 1099 878 mitto,
1121 813 1202 866 vel
1227 812 1409 866 decem
1439 809 1520 863 vel
1537 809 1715 878 viginti
1741 823 1756 873 ;
1781 821 1950 876 neque
1979 807 2028 860 in
2044 819 2198 857 unam

631 921 727 956 vos
757 907 906 959 mitto
925 914 1157 973 gentem,
1182 905 1315 958 sicut
1339 901 1617 970 prophetas
1629 901 1778 964 olim,
1803 899 1895 954 sed
1913 900 1963 952 in
1981 907 2196 961 terram,

625 998 674 1049 in
722 1011 864 1050 mare
893 1007 944 1050 et
975 996 1023 1049 in
1049 997 1349 1049 universum
1377 994 1558 1048 orbem
1585 1033 1600 1058 ,
1628 1001 1681 1047 et
1706 993 1843 1046 hunc
1875 990 2097 1059 pessime
2125 987 2201 1040 af-

626 1086 814 1140 fccutm
826 1127 838 1141 .
857 1087 985 1140 Cum
1001 1085 1133 1140 dixit
1148 1087 1308 1150 enim,
1323 1085 1421 1140 Vos
1433 1088 1546 1141 estis
1566 1085 1646 1140 sal
1662 1082 2056 1149 terrw,oslendit
2080 1081 2199 1135 uni—

624 1190 825 1230 versam
845 1178 1115 1231 hominum
1141 1185 1378 1230 naturam
1397 1177 1778 1240 infatuatam,et
1794 1189 1822 1226 a
1841 1173 2070 1243 peccatis
2093 1185 2204 1225 cor-

625 1277 828 1336 ruptam
861 1282 998 1321 esse.
1027 1267 1149 1320 Ideo
1167 1266 1262 1320 has
1279 1267 1328 1321 in
1349 1267 1449 1320 illis
1468 1265 1694 1319 maxime
1718 1265 1937 1318 virtutes
1961 1261 2199 1332 requirit,

625 1375 740 1428 (ιιιευ
762 1367 886 1412 sunt
913 1359 975 1412 ad
1009 1359 1291 1412 multorum
1315 1358 1714 1414 sollicitudinem
1731 1356 2012 1426 gerendam
2040 1354 2204 1423 magis

627 1449 937 1502 necessaria:
975 1457 1026 1502 et
1073 1449 1243 1502 utiles.
1270 1445 1477 1502 Etenim
1497 1449 1585 1517 qui
1619 1446 1759 1499 mitis
1785 1455 1886 1505 est,
1909 1443 2204 1506 modestus,

624 1538 925 1591 misericors
973 1547 1027 1591 et
1067 1538 1260 1606 justus,
1291 1553 1392 1590 non
1441 1535 1490 1590 iu
1530 1551 1590 1590 se
1634 1543 1836 1590 tantum
1867 1535 2002 1588 bona
2044 1547 2203 1603 opera

618 1627 918 1690 concludit,
953 1627 1046 1682 sed
1073 1629 1230 1682 etiam
1255 1627 1306 1682 id
1327 1637 1478 1682 curat
1503 1635 1558 1681 ut
1599 1626 1797 1697 egregii
1841 1625 1913 1680 illi
1945 1623 2114 1678 fontes
2140 1621 2205 1676 ad

626 1718 850 1772 aliorum
895 1728 1111 1772 manent
1151 1719 1450 1773 utilitatem.
1496 1719 1726 1772 Rursum
1753 1717 1842 1786 qui
1871 1715 2097 1770 mundus
2124 1723 2208 1768 est

626 1809 787 1862 corde
808 1851 822 1871 ,
869 1811 1116 1878 paciﬁcus
1154 1820 1206 1864 et
1251 1825 1343 1878 pro
1373 1811 1593 1864 veritate
1623 1809 1804 1880 pulsus
1823 1851 1836 1871 ,
1864 1808 2024 1862 vitam
2056 1821 2204 1860 suam

629 1899 693 1952 ad
735 1913 1070 1955 communem
1101 1901 1376 1955 utilitatem
1404 1902 1599 1971 dirigit.
1633 1900 1710 1954 Ne
1738 1901 1927 1970 putetis
1948 1941 1962 1964 ,
1997 1899 2161 1968 inquit
2189 1939 2203 1964 ,

629 2005 722 2042 vos
762 1990 827 2042 ad
874 1991 1003 2044 levia
1033 1992 1272 2058 qumdam
1303 1993 1592 2047 certamina
1623 1991 1756 2046 trahi
1781 2033 1798 2057 ,
1827 2004 1998 2060 neque
2023 1990 2088 2043 de
2117 2005 2203 2043 re-

629 2070 728 2134 bus
774 2082 976 2151 exiguis
1008 2083 1141 2150 apud
1181 2098 1272 2136 vos
1311 2084 1393 2152 agi
1435 2103 1448 2137 :
1484 2082 1582 2136 Vos
1625 2083 1740 2136 estis
1768 2083 1845 2137 sal
1884 2093 2043 2136 terra.
2073 2080 2208 2148 Quid

633 2173 832 2238 igitur?
879 2189 1002 2225 num
1045 2173 1118 2226 illi
1165 2173 1371 2241 putrida
1400 2176 1809 2228 restaurarunt?
1841 2171 2202 2240 Nequaquam.

635 2262 748 2314 Non
801 2273 1021 2332 possunt
1062 2265 1202 2318 enim
1244 2265 1352 2333 jam
1387 2264 1674 2334 putrefacta
1702 2265 1827 2319 salis
1855 2264 2207 2333 permixtione

625 2352 832 2419 juvare.
858 2353 973 2407 Non
1008 2353 1106 2410 hoc
1135 2365 1280 2410 certe
1311 2354 1546 2410 fecerunt
1579 2374 1589 2408 :
1619 2355 1710 2409 sed
1744 2366 1993 2408 renovata
2018 2356 2164 2422 prius
2187 2393 2204 2418 ,

629 2454 684 2496 et
734 2443 829 2497 sibi
885 2442 1069 2498 tradit'a
1093 2487 1105 2508 ,
1157 2455 1210 2500 et
1248 2462 1277 2500 a
1311 2445 1511 2522 .ftetore
1547 2446 1639 2500 illo
1662 2446 1880 2500 liberata
1901 2487 1914 2512 ,
1945 2456 2066 2498 tunc
2089 2459 2208 2500 cum

630 2535 741 2587 sale
785 2535 1114 2600 miscebant,
1165 2523 1322 2607 atque
1372 2539 1422 2593 in
1469 2538 1556 2592 illa
1605 2539 1838 2591 novitate
1882 2538 2207 2602 servabant,

629 2643 784 2697 quam
829 2643 857 2681 a
901 2628 1124 2682 Domino
1163 2638 1497 2698 acceperant.
1539 2629 1669 2683 Nam
1712 2629 1926 2683 liberari
1963 2644 1990 2682 a
2021 2627 2210 2684 fmtore

631 2729 962 2784 peccatorum
986 2761 1000 2783 ,
1034 2719 1232 2775 Christi
1275 2720 1484 2775 virtutis
1515 2735 1650 2790 epus
1674 2720 1772 2774 fuit
1799 2737 1813 2785 ;
1841 2730 1895 2774 at
1924 2736 2028 2775 non
2056 2721 2118 2775 ad
2149 2721 2212 2774 il-

628 2807 739 2859 lum
771 2806 1010 2862 faetorem
1043 2811 1237 2865 reverti
1259 2851 1273 2875 ,
1305 2810 1354 2863 id
1388 2811 1595 2864 illorum
1624 2812 1909 2882 diligentia:
1938 2821 1990 2867 et
2016 2812 2212 2866 laboris

629 2912 765 2966 opus
803 2909 940 2952 erat.
985 2899 1167 2953 Viden‘
1205 2901 1472 2970 quomodo
1523 2903 1769 2970 paulatim
1813 2901 2045 2958 ostendit
2073 2904 2213 2971 ipsos

633 2988 901 3057 prophetis
924 3005 1042 3044 esse
1072 2991 1360 3046 meliores?
1387 2992 1498 3047 Non
1531 2995 1670 3048 enim
1701 2995 1992 3050 Palaestina:
2018 2995 2205 3049 docto-

633 3095 718 3134 res
739 3095 857 3134 esse
878 3082 987 3146 ait,
1020 3083 1112 3136 sed
1144 3083 1302 3138 totius
1327 3085 1470 3138 orbis
1499 3095 1652 3140 terrae
1677 3103 1690 3150 ;
1720 3102 1818 3142 nec
1848 3086 2005 3142 modo
2027 3086 2210 3141 docto-

633 3184 716 3225 res
733 3211 749 3234 ,
776 3171 868 3224 sed
893 3171 1048 3224 etiam
1071 3171 1313 3226 doctores
1337 3175 1654 3228 tremendos.
1679 3175 1827 3242 Quod
1849 3177 1990 3230 enim
2016 3177 2206 3230 mirum

637 3270 718 3315 est
737 3303 752 3322 ,
782 3277 884 3314 non
913 3260 1188 3316 adulantes
1207 3303 1222 3328 ,
1248 3277 1418 3331 neque
1441 3264 1733 3333 palpantes,
1755 3266 1849 3321 sed
1868 3281 2057 3337 aspere
2077 3267 2203 3322 acri-

637 3361 823 3421 terque
861 3361 1079 3420 agentes
1118 3354 1253 3406 sicut
1289 3354 1364 3406 sal
1387 3395 1400 3417 ,
1447 3355 1523 3407 sic
1561 3355 1938 3410 desiderabiles
1968 3358 2214 3412 omnibus

638 3443 868 3496 fuerunt.
915 3441 1088 3497 Nolite
1123 3457 1251 3512 ergo
1277 3436 1457 3497 mirari
1484 3485 1498 3508 ,
1533 3444 1727 3512 inquit,
1755 3445 1798 3499 si
1829 3446 1954 3500 aliis
1977 3447 2209 3514 relictis,

580 3550 586 3555 ν
637 3548 730 3586 vos
749 3533 1063 3602 alloquar,et
1079 3533 1141 3587 ad
1161 3543 1300 3588 tanta
1325 3549 1416 3630 νος
1441 3534 1669 3604 pericula
1695 3537 2210 3604 pertraham.Consi-

633 3622 813 3677 derate
833 3624 971 3677 enim
986 3636 1109 3692 quot
1135 3622 1451 3706 quantisqiiq
1470 3626 1793 3694 civitatibus,
1823 3629 2048 3698 populis,
2077 3644 2212 3700 gen-

636 3713 772 3766 tibus
787 3728 880 3767 vos
899 3713 1171 3783 prmfectos
1191 3716 1447 3771 missurus
1470 3718 1590 3771 sim.
1605 3717 1834 3788 Ideoque
1855 3735 1962 3773 non
1982 3735 2076 3774 vos
2092 3729 2211 3776 tan-

631 3811 743 3857 tum
777 3804 1059 3873 prudentes
1083 3821 1202 3861 esse
1230 3809 1348 3862 volo
1365 3849 1378 3871 ,
1408 3808 1502 3862 sed
1528 3817 1581 3861 ut
1602 3808 1736 3863 alios
1761 3809 1961 3865 similes
1985 3810 2209 3866 faciatis.

635 3892 758 3947 litos
799 3901 975 3947 autem
1013 3895 1102 3964 qui
1144 3891 1641 3964 hujusmodijsunt,
1682 3898 1967 3953 admodum
1993 3915 2212 3971 sagaces

633 3997 752 4038 esse
781 3993 1023 4052 oportet,
1053 3986 1102 4039 in
1130 3987 1319 4055 quibus
1345 3978 1534 4056 nempe
1563 3975 1864 4044 et'aliorum
1895 3992 2037 4046 salus
2065 3995 2210 4063 peri-

635 4075 878 4140 clitatur,
926 4085 980 4130 et
1022 4085 1216 4130 tantam
1263 4078 1314 4131 in
1359 4078 1460 4132 illis
1487 4080 1660 4134 inesse
1693 4081 1974 4145 virtutem,
2008 4093 2066 4137 ιιι
2090 4099 2206 4140 eam

635 4163 700 4219 ad
729 4165 955 4219 aliorum
1005 4167 1284 4221 utilitatem
1339 4168 1607 4234 impertire
1654 4172 1877 4238 possint.
1919 4172 2028 4225 Nisi
2068 4175 2206 4228 enim

635 4257 765 4313 tales
787 4259 1008 4324 fueritis,
1034 4275 1099 4313 ne
1121 4259 1264 4314 vobis
1290 4259 1502 4328 quidem
1535 4262 1661 4329 ipsis
1685 4260 1927 4317 sufﬁcere
1948 4267 2206 4333 poteritis.

704 4348 757 4401 7.
806 4347 883 4402 Ne
929 4352 1104 4416 itaque
1145 4365 1286 4418 aegre
1333 4351 1543 4415 feratis,
1582 4353 1731 4420 quasi
1763 4354 1984 4410 molesta
2014 4357 2121 4412 sint
2144 4375 2204 4415 ea

630 4457 750 4513 qua:
794 4441 1061 4496 dicuntur.
1090 4442 1218 4496 Nam
1247 4444 1335 4497 alii
1368 4443 1579 4521 quidem
1612 4445 1882 4513 infatuati,
1912 4449 2206 4507 ministerio

631 4542 812 4590 vestro
856 4534 1165 4603 resipiscere
1211 4544 1430 4604 possunt
1483 4552 1495 4588 :
1540 4551 1633 4590 vos
1674 4548 1883 4603 autem,
1922 4539 1966 4593 si
1995 4541 2045 4595 in
2079 4542 2210 4603 illud,

633 4626 828 4679 malum
854 4624 1121 4690 incidatis,
1145 4626 1273 4681 alios
1296 4627 1564 4681 vobiscum
1590 4629 1642 4682 in
1665 4631 1950 4698 perniciem
1976 4620 2201 4689 trahitis.

634 4712 815 4783 Itaque
861 4723 1058 4784 quanto
1107 4715 1303 4785 majora
1348 4717 1496 4772 vobis
1521 4721 1920 4778 committuntur
1947 4725 2153 4793 negotia
2185 4766 2201 4792 ,

633 4815 782 4860 tanto
821 4805 1018 4875 majore
1073 4806 1247 4860 studio
1303 4821 1435 4876 opus
1467 4806 1694 4864 habetis.
1722 4809 2053 4882 Quapropter
2078 4814 2151 4868 ait
2185 4834 2199 4871 :

633 4898 695 4954 Si
722 4909 888 4953 autem
916 4899 993 4953 sal
1017 4899 1318 4970 infamatum
1341 4901 1489 4970 fuerit
1514 4943 1529 4967 ,
1562 4902 1614 4955 in
1633 4919 1730 4972 quo
1755 4905 1999 4959 satietur?
2023 4907 2104 4960 Ad
2123 4909 2200 4960 ni.

631 4992 789 5044 hilum
817 4991 945 5044 valet
973 4990 1139 5057 ultra,
1163 4991 1257 5044 nisi
1277 5002 1330 5044 ut
1357 4993 1584 5047 mittatur
1612 4994 1749 5062 foras
1769 5035 1783 5059 ,
1813 5006 1858 5050 et
1882 5001 2199 5054 conculcetur

629 5084 692 5135 ab
730 5083 1028 5136 hominibus.
1061 5082 1190 5137 Nam
1215 5083 1303 5138 alii
1332 5083 1542 5151 quidem
1569 5086 1613 5140 si
1637 5089 1939 5142 sexcenties
1965 5091 2152 5146 cedant
2178 5132 2195 5158 ,

630 5175 836 5229 veniam
879 5174 1131 5244 consequi
1171 5184 1392 5242 possunt
1423 5193 1435 5228 :
1463 5176 1649 5232 doctor
1677 5188 1851 5232 autem
1883 5181 1925 5233 si
1954 5181 2003 5234 id
2033 5183 2196 5249 patiao

631 5275 714 5321 tur
740 5306 755 5330 ,
795 5267 940 5320 omni
970 5266 1278 5320 defensioue
1303 5268 1538 5337 privatur
1556 5309 1571 5330 .
1602 5279 1656 5325 et
1679 5280 1918 5328 extremo
1941 5273 2198 5329 afﬁcietur

627 5357 904 5427 supplicio.
935 5355 1012 5411 Ne
1037 5357 1177 5412 enim
1203 5357 1498 5422 audientes,
1526 5360 1648 5413 Cum
1678 5365 2085 5431 exprobraverint
2110 5382 2196 5421 vos

628 5460 674 5500 et
713 5449 994 5518 persequuti
1025 5463 1110 5502 vos
1137 5448 1358 5518 fuerint,
1391 5459 1437 5502 et
1460 5452 1676 5505 dixerint
1699 5469 1844 5509 omne
1873 5455 2060 5508 malum
2086 5472 2196 5510 uer-

625 5537 742 5590 bum
767 5539 1026 5591 adversum
1049 5555 1130 5592 vos
1155 5581 1169 5603 ,
1196 5539 1246 5592 in
1277 5539 1508 5594 medium
1532 5541 1738 5609 prodire
1767 5543 2004 5610 timeant,
2031 5545 2190 5599 dicit:

625 5628 736 5681 Nisi
773 5627 839 5680 ad
880 5628 993 5680 hac
1031 5630 1195 5698 parati
1222 5627 1455 5695 fueritis,
1500 5630 1689 5686 frustra
1715 5633 1868 5687 electi
1898 5636 2044 5688 estis.
2077 5634 2190 5689 Non

624 5718 766 5770 enim
816 5717 1089 5772 maledicta
1131 5730 1252 5772 sunt
1283 5721 1511 5774 timenda
1533 5763 1547 5787 ,
1576 5731 1631 5776 at
1655 5722 1994 5777 metuendum
2027 5740 2094 5779 ne
2123 5726 2192 5778 si-

629 5805 918 5858 utulatores
956 5805 1235 5862 videamini
1287 5825 1299 5860 :
1354 5818 1476 5865 tunc
1520 5811 1659 5864 cnim
1699 5810 1933 5868 infatuati
1959 5813 2107 5869 eritis
2136 5823 2189 5870 ct

1362 420 1416 474 S.
1456 416 1731 473 JOANNIS
1769 409 2232 470 CIIRYSOSTOMI
2275 407 2585 464 ARCIIIEP.
2628 409 3156 466 CONSTANTINOP.

3774 411 3875 467 ’ΞΞέ

2303 526 2610 581 conenlcati.
2634 527 2686 580 Si
2709 537 2883 581 autem
2904 528 3252 595 perseveretis
3276 541 3462 597 aspere
3483 544 3604 582 cum
3629 529 3737 583 illis
3761 546 3878 600 age-

2303 631 2360 671 re
2381 659 2395 681 ,
2435 620 2476 670 si
2509 628 2688 686 postea
2717 618 2854 671 male
2881 619 3106 673 audiatis
3130 660 3145 684 ,
3176 618 3419 688 gaudete.
3457 618 3587 673 Illud
3619 620 3762 674 enim
3792 635 3874 675 sa-

2305 707 2368 760 lis
2417 717 2498 762 est
2543 723 2707 776 opus,
2756 717 2812 761 ut
2861 709 3049 762 molles
3091 709 3334 764 mordeat
3380 719 3428 764 et
3458 719 3674 780 pungat.
3704 710 3884 779 Itaque

2313 798 2590 851 maledicta
2644 798 2943 852 necessario
2997 811 3320 867 sequuntur,
3379 815 3550 868 neque
3603 791 3883 870 in'aliquo

2324 905 2415 943 vos
2448 891 2672 953 lmduut,
2706 890 2797 944 sed
2826 901 3056 946 vestram
3084 881 3430 946 testiﬁcantur
3477 891 3798 948 firmitatem.
3828 892 3882 947 Si

2305 995 2430 1034 vero
2463 981 2544 1032 illa
2578 988 2872 1034 metuentes
2897 1021 2911 1047 ,
2957 981 3026 1034 ab
3066 981 3153 1034 illa
3182 981 3332 1036 vobis
3360 991 3688 1052 congruente
3717 983 3873 1037 vehe-

2307 1073 2504 1125 mentia
2533 1072 2845 1127 destiteritis
2875 1114 2889 1137 ,
2943 1073 3112 1128 multo
3151 1074 3396 1144 graviora
3451 1077 3657 1143 passuri
3706 1078 3837 1130 estis
3863 1115 3879 1136 .

2304 1163 2442 1233 apud
2471 1178 2658 1218 omnes
2705 1163 2844 1217 male
2872 1163 3138 1230 audituri,
3173 1176 3226 1219 et
3272 1166 3515 1222 omnibus
3553 1169 3884 1235 contemptui

2305 1253 2453 1308 eritis
2485 1273 2496 1307 :
2526 1253 2653 1308 illud
2682 1255 2822 1308 enim
2849 1264 2931 1309 est
2950 1257 3268 1310 conculcari.
3300 1256 3496 1311 Deinde
3521 1257 3586 1311 ad
3616 1258 3760 1310 aliud
3792 1274 3882 1310 sn-

2307 1345 2518 1398 blimius
2559 1348 2728 1414 pergit
2773 1348 3094 1415 exemplum.
3147 1349 3232 1401 14.
3280 1347 3374 1400 Vos
3412 1349 3527 1403 estis
3570 1351 3661 1402 tua:
3687 1351 3884 1405 mundi.

2306 1435 2498 1489 lterum
2549 1435 2764 1500 mundi,
2811 1453 2913 1489 non
2950 1439 3119 1504 gentis
3161 1453 3346 1501 untus,
3379 1439 3462 1492 vel
3488 1440 3669 1508 viginti
3699 1441 3887 1493 civita-

2307 1535 2416 1578 tum
2443 1567 2459 1592 ,
2503 1526 2596 1581 sed
2645 1529 2804 1581 totius
2828 1527 2973 1582 orbis
3000 1546 3013 1581 :
3049 1529 3138 1582 lux
3171 1529 3550 1599 intelligibilis,
3585 1531 3667 1584 his
3695 1532 3888 1584 solari-

2307 1617 2404 1672 bus
2445 1619 2609 1672 radiis
2650 1621 3017 1687 praestantior,
3059 1621 3504 1690 quemadmodum
3537 1630 3591 1675 et
3620 1621 3698 1675 sal
3732 1623 3890 1691 spiri-

2309 1709 2469 1764 tuale.
2511 1709 2691 1764 Primo
2716 1709 2826 1774 sal,
2868 1710 3060 1765 deinde
3106 1712 3191 1765 lux
3213 1753 3228 1777 ,
3257 1721 3314 1766 ut
3338 1713 3512 1768 discas
3539 1723 3795 1782 quantum
3823 1730 3890 1768 ex

2307 1801 2416 1854 acri
2460 1815 2707 1855 sermone
2736 1802 2935 1855 lucrum
2963 1804 3264 1871 proveniat,
3296 1816 3489 1873 quanta
3517 1820 3581 1859 ex
3611 1806 3758 1874 gravi
3791 1807 3884 1859 do.

2307 1891 2475 1943 ctrina
2521 1890 2738 1945 utilitas.
2782 1892 2999 1962 Stringit
3038 1894 3214 1959 enim,
3258 1910 3355 1948 nec
3385 1896 3510 1948 sinit
3535 1896 3810 1959 difﬂuere,
3840 1907 3893 1950 et

2307 1979 2374 2034 ad
2403 1981 2648 2034 virtutem
2676 1981 2875 2035 ducens
2913 1983 3226 2052 respiciendi
3256 1985 3360 2039 vim
3400 1986 3549 2039 indit.
3581 1986 3702 2040 Non
3731 1999 3891 2057 potest

2307 2073 2477 2125 civitas
2497 2073 2735 2126 abscondi
2753 2071 2918 2142 supra
2947 2085 3163 2128 montem
3185 2078 3349 2146 posita
3379 2094 3398 2130 :
3425 2079 3492 2133 15
3539 2095 3694 2146 neque
3715 2097 3897 2133 accen-

2304 2165 2432 2218 dunt
2479 2164 2761 2229 lucernam,
2800 2177 2848 2219 et
2873 2180 3066 2237 ponunt
3091 2185 3200 2222 eam
3227 2170 3317 2222 sub
3347 2171 3534 2223 modio.
3563 2170 3768 2224 Rursus
3803 2187 3898 2240 per

2309 2255 2422 2309 haec
2445 2255 2564 2310 illos
2589 2256 2654 2309 ad
2678 2267 2980 2310 accuratam
3009 2259 3132 2311 vitae
3152 2261 3410 2313 rationem
3439 2261 3668 2324 excitat,
3694 2261 3900 2317 doceas

2308 2362 2401 2402 eos
2421 2388 2434 2409 ,
2466 2358 2522 2401 ut
2549 2348 2774 2402 sollicite
2801 2350 2899 2404 sibi
2924 2360 3174 2414 caveant,
3209 2360 3390 2419 utpote
3417 2351 3506 2420 qui
3535 2353 3634 2406 sub
3655 2352 3898 2406 omnium

2311 2438 2475 2490 oculis
2505 2446 2813 2504 versentur,
2845 2450 2896 2493 et
2925 2440 2975 2492 in
3008 2441 3183 2494 medio
3206 2442 3367 2495 totius
3396 2441 3543 2495 orbis
3571 2442 3783 2495 theatro
3805 2442 3899 2495 de-

2311 2539 2536 2583 certent.
2582 2529 2782 2595 Nolite,
2825 2531 3028 2599 inquit,
3061 2531 3112 2586 id
3140 2539 3385 2600 reputare
3412 2531 3628 2598 animo,
3664 2548 3760 2585 vos
3786 2533 3899 2601 jam

2312 2618 2398 2672 hic
2440 2619 2664 2683 sedere,
2712 2629 2766 2674 et
2810 2620 2861 2672 in
2903 2621 3088 2691 exigua
3137 2623 3314 2691 anguli
3359 2632 3510 2692 parte
3548 2625 3749 2678 versari
3783 2645 3796 2675 ;
3828 2624 3900 2678 ita

2311 2709 2450 2762 enim
2497 2710 2768 2777 conspicui
2814 2711 3060 2766 omnibus
3097 2713 3276 2779 eritis,
3320 2723 3378 2768 ut
3401 2715 3592 2768 civitas
3619 2715 3672 2768 in
3701 2716 3901 2771 montis

2311 2801 2582 2855 cacumine
2627 2801 2814 2870 posita,
2851 2812 2908 2858 ut
2946 2804 3160 2858 lucerna
3193 2806 3244 2858 in
3274 2805 3434 2859 domo
3459 2820 3616 2876 supra
3647 2805 3901 2861 candela-

2315 2890 2466 2944 brum
2490 2893 2692 2946 lucens.

2384 2981 2568 3037 Christi
2591 2973 2814 3053 potentia
2842 2987 3102 3039 asseritur.
3125 3017 3195 3026 ——
3224 2987 3324 3043 Ubi
3353 2995 3479 3042 sunt
3521 3003 3660 3042 nunc
3702 2988 3778 3042 illi
3809 2988 3900 3054 qui

2312 3071 2507 3128 Christi
2540 3075 2791 3142 potentize
2831 3091 2936 3130 non
2966 3077 3230 3132 credunt?
3274 3078 3399 3133 Hmc
3426 3079 3678 3145 audiant,
3731 3090 3786 3133 et
3829 3080 3903 3134 de

2315 3165 2606 3234 prophetiae
2638 3166 2686 3218 vi
2727 3175 3044 3235 stupentes,
3087 3168 3313 3224 adorent
3356 3171 3479 3240 ejus
3506 3171 3900 3226 fortitudinem.

2317 3255 2592 3323 Perpende
2631 3255 2773 3310 enim
2803 3267 3000 3326 quanta
3035 3258 3344 3327 polliceatur
3379 3261 3443 3314 iis
3471 3262 3561 3330 qui
3602 3277 3670 3316 ne
3712 3263 3763 3318 in
3799 3277 3902 3319 sua

2313 3346 2528 3414 quidem
2561 3347 2777 3415 regione
2802 3349 2910 3402 noti
2938 3359 3125 3414 erant;
3157 3351 3404 3406 videlicet
3431 3352 3576 3420 ipsos
3604 3354 3659 3406 in
3681 3363 3825 3408 terra
3847 3365 3902 3410 ct

2317 3436 2367 3490 in
2401 3438 2535 3490 mari
2577 3437 2948 3505 celebrandos,
2977 3448 3032 3494 et
3060 3439 3195 3494 fama
3226 3442 3290 3495 ad
3321 3443 3576 3498 terminos
3603 3445 3748 3498 orbis
3769 3460 3903 3513 per-

2313 3535 2565 3582 venturos
2593 3543 2746 3593 esse;
2777 3529 2884 3583 imo
2910 3545 3014 3584 non
3039 3531 3173 3586 fama
3199 3541 3425 3600 tantum,
3449 3534 3542 3589 sed
3565 3545 3620 3590 et
3651 3536 3900 3594 beneﬁcii

2311 3620 2567 3676 efﬁcacia.
2596 3620 2710 3676 Non
2737 3623 2879 3677 enim
2910 3623 3030 3677 illos
3073 3623 3207 3678 fama
3240 3624 3428 3678 volans
3467 3635 3621 3680 notos
3667 3627 3902 3684 reddidit

2314 3713 2531 3782 ubique,
2554 3712 2648 3769 sed
2675 3714 2785 3784 ipsa
2803 3729 3024 3784 operum
3047 3715 3350 3770 celebritas.
3373 3715 3505 3770 Nam
3529 3731 3627 3771 ceu
3651 3717 3900 3774 volucres

2314 3803 2546 3858 velocius
2572 3819 2728 3873 quam
2756 3805 2883 3858 solis
2904 3804 3036 3859 radii
3066 3814 3261 3859 terram
3282 3821 3496 3861 omnem
3520 3820 3898 3878 peragrarunt.

2314 3896 2414 3964 pia:
2443 3896 2716 3966 religionis
2758 3897 2931 3952 lucem
2962 3898 3286 3952 emittentes.
3329 3898 3426 3953 llic
3450 3910 3627 3953 autem
3659 3902 3783 3954 mihi
3819 3904 3899 3956 vi-

2309 3985 2466 4042 detur
2509 3989 2629 4042 illos
2657 3987 2723 4042 ad
2771 3988 3016 4043 ﬁduciam
3067 3989 3379 4044 sumendam
3429 3990 3696 4045 cohortari
3725 4008 3738 4043 :
3766 4008 3897 4046 eum

2307 4078 2448 4133 enim
2483 4078 2629 4143 dicit,
2676 4078 2794 4133 Non
2824 4089 2982 4150 potest
3009 4081 3452 4140 civitas'abscondi
3476 4099 3634 4152 supra
3669 4092 3897 4137 montem

2311 4171 2492 4237 posita,
2523 4171 2812 4238 potentiam
2856 4171 3091 4224 declarat
3119 4186 3304 4236 suam;
3358 4173 3496 4226 sicut
3523 4174 3663 4227 enim
3695 4173 3779 4227 illa
3812 4176 3896 4229 ci-

2311 4259 2444 4312 vitas
2485 4259 2737 4314 abscondi
2765 4262 2967 4328 nequit,
2995 4261 3072 4316 sic
3116 4262 3418 4330 praedicatio
3449 4265 3612 4318 taceri
3641 4274 3693 4318 et
3721 4265 3896 4321 latere

2309 4364 2415 4405 non
2442 4357 2632 4419 potest.
2661 4349 2792 4417 Quia
2819 4352 2960 4404 enim
2998 4352 3246 4420 luquuttts
3275 4361 3392 4407 erat
3419 4353 3486 4408 de
3518 4357 3894 4425 persequuti!)-

2308 4443 2484 4508 nibus,
2516 4443 2582 4498 de
2612 4443 2926 4508 maledictis,
2969 4444 3036 4498 de
3062 4445 3288 4511 insidiis,
3325 4446 3390 4501 de
3419 4446 3605 4511 bellis;
3636 4462 3701 4502 ne
3728 4458 3886 4517 puta-

2308 4543 2424 4588 rent
2446 4533 2558 4588 haec
2581 4534 2686 4588 illis
2716 4548 2872 4603 posse
2892 4549 2953 4588 os
2975 4533 3274 4600 obstruere,
3299 4536 3544 4591 ﬁduciam
3567 4538 3670 4592 illis
3693 4538 3894 4594 indens

2304 4625 2396 4690 ait,
2425 4625 2852 4694 praedicationem
2901 4641 3006 4680 non
3041 4626 3199 4680 modo
3235 4641 3339 4682 non
3371 4628 3534 4684 latere
3565 4644 3751 4698 posse,
3787 4633 3888 4687 sed

2304 4725 2358 4770 et
2383 4723 2546 4768 totum
2577 4716 2758 4781 orbem
2787 4715 3165 4771 illustraturam
3193 4732 3331 4770 esse.
3364 4716 3590 4788 Ideoque
3615 4721 3686 4774 illi
3717 4721 3886 4776 etiam

2304 4814 2459 4860 erunt
2503 4807 2767 4875 conspicui
2808 4816 2860 4862 et
2907 4806 3161 4876 insignes.
3209 4808 3342 4863 Hinc
3388 4810 3544 4878 igitur
3588 4813 3880 4880 ρυιι..;ἰ;ςτῖ

2303 4911 2450 4951 suam
2479 4897 2737 4960 ostendit;
2782 4914 2846 4953 ex
2876 4899 3220 4966 sequentibus
3247 4915 3373 4954 vero
3405 4900 3648 4955 ﬁduciam
3678 4903 3746 4957 ab
3775 4903 3884 4958 illis

2301 4988 2463 5058 exigit
2495 4987 2779 5065 itisverbis
2807 5007 2821 5043 :
2867 4987 3044 5057 Neque
3068 4991 3344 5045 accendunt
3373 4993 3648 5056 lucernam,
3691 5002 3737 5046 et
3779 5011 3879 5061 po-

2301 5091 2426 5134 nunt
2456 5097 2564 5133 eam
2587 5081 2676 5135 sub
2702 5081 2888 5146 modio,
2914 5082 3000 5135 sed
3023 5098 3176 5151 super
3212 5083 3586 5148 candelabrum,
3619 5093 3671 5136 ut
3711 5085 3880 5138 luceat

2300 5172 2528 5225 omnibus
2555 5174 2642 5242 qui
2679 5175 2733 5226 in
2776 5173 2924 5226 domo
2957 5183 3091 5226 sunt.
3145 5175 3228 5228 16.
3280 5174 3388 5229 δὴ*
3411 5175 3571 5228 luceat
3598 5177 3688 5229 tua:
3712 5186 3879 5230 vestra

2297 5281 2466 5318 coram
2495 5264 2795 5330 hominibus,
2823 5273 2876 5317 ut
2903 5264 3096 5318 rideant
3121 5282 3271 5333 opera
3311 5275 3470 5320 vestra
3501 5267 3648 5330 bona,
3687 5275 3730 5319 et
3757 5269 3876 5337 glo-

2294 5346 2498 5427 riﬁceni
2536 5355 2741 5412 Patrem
2790 5368 3001 5411 vestrum
3030 5358 3116 5428 qui
3157 5359 3207 5411 in
3238 5359 3373 5412 curtis
3419 5369 3510 5413 est.
3564 5359 3676 5428 Ego
3704 5360 3873 5420 enim.

2297 5451 2483 5520 inquit,
2517 5450 2684 5505 lucem
2715 5450 2930 5504 accendi
2958 5467 2970 5502 :
3006 5459 3062 5504 ut
3087 5465 3214 5506 vero
3246 5458 3550 5519 perseveret
3576 5451 3792 5514 ardens,
3818 5452 3872 5504 id

2294 5541 2358 5594 ad
2389 5552 2617 5595 vestram
2653 5541 2976 5611 diligentiam
3006 5542 3273 5611 pertinet;
3305 5556 3409 5596 non
3453 5542 3614 5596 vestri
3667 5552 3870 5595 tantmn

2293 5645 2473 5698 causa,
2505 5632 2597 5687 sed
2636 5644 2690 5687 et
2730 5633 2940 5687 illorum
2978 5633 3147 5701 gratia
3177 5633 3266 5702 qui
3296 5633 3396 5688 bac
3425 5633 3696 5702 potientur
3726 5631 3870 5700 lucc,

2294 5731 2346 5777 et
2386 5723 2450 5778 ad
2497 5725 2773 5779 veritatem
2805 5723 3152 5778 deducentur.
3199 5723 3382 5794 Neque
3429 5725 3573 5778 cnim
3624 5734 3878 5794 poterunt

2295 5814 2570 5870 maledima
2625 5824 2858 5870 vestrum
2909 5815 3194 5872 obscurare
3243 5817 3579 5888 splendorem
3627 5835 3641 5871 ε
3689 5819 3736 5872 si
3770 5831 3870 5874 vos
