4114 6466
334 409 440 464 2'63

341 526 590 576 accurate
621 513 781 570 vitam
805 509 1114 571 instituatis,
1135 518 1296 577 atque
1319 509 1604 570 illornodo,
1642 517 1702 560 ut
1726 505 1814 574 qni
1850 513 1930 556 to-

339 620 452 665 tum
483 607 668 662 orbem
694 611 1008 660 convertere
1035 598 1301 655 debeatis.
1332 597 1552 668 Dignam
1583 594 1744 665 igitur
1781 601 1928 645 tanta

337 700 510 770 gratia
539 697 791 752 exhibete
834 693 1020 757 vitam,
1049 699 1108 746 ut
1146 691 1286 744 sicut
1316 687 1403 743 illa
1431 686 1626 757 ubique
1677 683 1932 754 praedica-

342 803 450 856 tur,
477 791 555 845 sic
574 798 626 844 ct
659 789 772 841 lucc
797 800 919 842 cum
950 785 1035 838 illa
1067 789 1371 838 concurrat.
1413 778 1615 834 Deinde
1640 775 1781 832 aliud
1814 783 1932 844 post

342 883 619 937 hominum
645 879 870 952 salutem
898 877 1105 931 lucrum
1138 873 1305 944 ponit,
1334 870 1473 941 quod
1510 879 1692 940 posset
1721 868 1840 922 illos
1866 867 1932 920 ad

339 973 599 1041 majorem
635 957 1052 1023 sollicitudinem
1077 963 1552 1032 ornuimodumque
1578 961 1811 1015 studium
1839 975 1929 1013 ex-

337 1065 530 1120 citare.
557 1061 690 1116 Nam
717 1061 761 1115 si
804 1068 950 1115 recte
970 1057 1181 1120 vivatis,
1213 1055 1406 1126 inquit,
1431 1069 1543 1109 non
1571 1052 1734 1108 modo
1762 1060 1931 1106 totum

337 1155 526 1211 orbem
573 1151 951 1215 emendabitis,
981 1148 1076 1204 sed
1120 1148 1281 1204 etiam
1325 1145 1379 1202 id
1405 1144 1653 1201 efficietis
1690 1151 1749 1198 ut
1792 1143 1932 1197 Deus

336 1245 664 1316 glorificetur
688 1261 701 1296 :
734 1243 778 1297 si
808 1256 940 1296 vero
968 1250 1155 1297 contra
1182 1238 1440 1302 feceritis,
1461 1247 1516 1292 et
1543 1235 1791 1292 homines
1814 1249 1934 1304 pcr-

335 1335 497 1400 detis,
527 1335 686 1404 idque
709 1332 956 1387 efficietis
987 1341 1041 1385 nt
1069 1332 1207 1384 Deus
1236 1329 1656 1397 blasphemetur.

411 1425 466 1481 8.
507 1424 672 1478 Virtus
714 1425 868 1478 latere
905 1423 1109 1492 nequit;
1150 1421 1294 1475 ilfam
1331 1417 1545 1488 improbi
1587 1419 1687 1487 ipsi
1715 1419 1771 1470 in.
1806 1433 1931 1471 cou-

335 1517 546 1570 scientia
573 1533 666 1569 sua
692 1517 923 1568 inlidant.
955 1513 1121 1568 Filius
1164 1513 1375 1582 aqualis
1406 1509 1572 1564 Patri.
1602 1540 1673 1552 -—
1701 1510 1764 1564 Et
1792 1525 1930 1580 quov-

333 1609 519 1674 modo,
573 1607 797 1677 inquies,
857 1621 951 1674 per
981 1622 1078 1660 nos
1126 1602 1509 1674 glorificabitur
1563 1602 1826 1665 Christus,
1884 1603 1928 1656 si

335 1701 496 1755 nobis
522 1699 764 1752 homines
791 1696 1121 1750 maledictnri
1153 1695 1302 1748 sint?
1332 1696 1402 1748 At
1435 1708 1538 1747 non
1567 1707 1754 1747 omnes
1779 1709 1794 1755 ;
1823 1693 1930 1747 imo

339 1790 433 1859 qui
456 1791 506 1844 id
535 1789 746 1852 facient,
778 1788 828 1842 id
861 1803 928 1841 cx
957 1786 1152 1840 invidia
1183 1785 1414 1840 facient:
1441 1783 1603 1838 invidi
1636 1793 1818 1838 autem
1846 1782 1924 1838 illi

335 1884 392 1938 in
418 1882 751 1937 conscientia
794 1895 890 1934 sua
919 1894 1011 1933 vos
1041 1878 1376 1933 mirabuntur
1403 1887 1564 1947 atque
1589 1875 1881 1946 suspicient
1912 1895 1923 1930 :

332 1974 786 2046 quemadmodum
824 1982 875 2025 et
907 1972 938 2026 ii
977 1971 1067 2041 qui
1099 1970 1274 2040 palam
1326 1969 1583 2040 improbis
1617 1968 1926 2034 adulantur,

337 2075 517 2122 mente
550 2065 767 2121 eosdem
799 2064 1169 2118 criminantur.
1216 2062 1354 2128 Quid
1391 2077 1520 2132 ergo
1551 2061 1830 2131 pratcipis?
1859 2077 1928 2115 an

334 2169 394 2215 ut
421 2160 488 2214 ad
514 2158 922 2214 ostentationem
952 2164 1006 2211 et
1044 2155 1266 2210 honoris
1304 2153 1589 2222 aucupium
1636 2154 1922 2206 vivamus?

334 2253 522 2314 Absit,
566 2265 672 2304 non
716 2248 771 2303 id
795 2247 934 2303 dico.
966 2246 1148 2316 Neque
1177 2245 1321 2300 enim
1349 2244 1480 2308 dixi,
1513 2243 1572 2299 ld
1603 2243 1835 2305 studete,
1871 2253 1927 2297 ιιι

333 2345 476 2400 bona
507 2357 666 2412 opera
697 2350 872 2396 vestra
893 2340 943 2393 in
977 2339 1209 2392 medium
1239 2338 1523 2408 proferatis
1557 2356 1569 2391 :
1595 2352 1767 2406 neque
1794 2335 1925 2401 dixi,

337 2435 599 2492 Exhibete
616 2433 700 2487 illa
730 2449 742 2497 ;
766 2431 882 2496 sed,
902 2430 1087 2484 Lucem
1113 2430 1202 2483 (ua:
1218 2438 1417 2492 vestra;
1447 2429 1610 2483 multa
1639 2429 1710 2483 sit
1733 2429 1924 2495 virtus,

333 2527 590 2598 copiosus
610 2526 762 2594 ignis,
797 2524 890 2577 lnx
914 2520 1213 2576 ineffabilis.
1245 2519 1378 2575 Cum
1409 2519 1552 2574 enim
1580 2528 1727 2574 tanta
1751 2521 1923 2574 virtus

342 2618 430 2680 sit,
465 2615 578 2670 fieri
605 2631 710 2669 non
728 2622 905 2684 potest
931 2621 988 2665 ut
1007 2613 1189 2677 lateat,
1219 2610 1431 2665 etiamsi
1453 2611 1501 2664 is
1518 2611 1607 2680 qui
1630 2609 1777 2664 illam
1806 2626 1930 2680 pos-

331 2708 475 2764 sidet
499 2747 512 2770 ,
545 2703 852 2760 omnimodo
879 2718 995 2758 eam
1028 2702 1314 2756 obscuram
1340 2715 1460 2756 esse
1489 2700 1638 2756 velit.
1690 2701 1928 2770 lrrepre-

335 2797 650 2853 hensibilem
682 2796 839 2865 igitur
861 2793 963 2848 illis
988 2791 1238 2847 exhibete
1266 2791 1449 2856 vitam,
1490 2791 1795 2861 nullamque
1838 2808 1929 2846 vc-

333 2904 450 2944 ram
481 2887 709 2943 habeant
741 2885 1022 2941 accusandi
1052 2883 1425 2947 occasionem;
1449 2884 1656 2939 etiamsi
1687 2885 1928 2940 sexcenti

335 2990 676 3035 accusatores
696 2977 895 3040 adsint,
923 2991 1082 3030 nemo
1112 2990 1206 3029 vos
1245 2974 1535 3028 obscurare
1562 2976 1774 3053 poterit.
1805 2975 1930 3028 Pul-

331 3071 462 3124 cbrc
488 3070 642 3132 dixit,
689 3066 820 3122 Lit-1:.
854 3066 994 3121 Nihil
1039 3065 1182 3121 enim
1240 3064 1512 3119 hominem
1537 3065 1614 3119 sic
1663 3066 1928 3122 illustrem

346 3161 534 3227 efﬁcit,
559 3159 766 3215 etiarnsi
799 3172 1016 3229 prorsus
1044 3157 1208 3212 latere
1233 3156 1379 3221 velit,
1423 3167 1480 3211 ut
1503 3157 1715 3211 virtutis
1741 3157 1926 3226 Splen-

331 3254 453 3309 dor.
501 3251 648 3308 Sicut
673 3252 814 3304 enim
859 3253 974 3319 ipso
1013 3249 1173 3305 solari
1225 3249 1374 3304 radio
1427 3249 1808 3315 circumdatus,
1858 3251 1926 3305 ita

333 3345 496 3399 etiam
522 3343 717 3396 clarius
750 3343 993 3410 refulget,
1047 3355 1153 3394 non
1185 3340 1242 3393 in
1273 3349 1471 3394 terram
1512 3348 1718 3392 tantum
1751 3341 1928 3395 radios

335 3437 612 3496 cmittens,
637 3433 730 3488 sed
757 3433 930 3502 ipsum
963 3431 1150 3486 cadum
1198 3428 1607 3485 transcenderis.
1640 3429 1772 3484 Hinc
1803 3431 1922 3487 illos

333 3527 619 3583 admodum
648 3524 974 3579 consolatur.
1006 3522 1140 3576 Nam
1186 3522 1232 3574 si
1261 3521 1327 3576 de
1354 3522 1686 3589 maledictis,
1717 3522 1886 3592 inquit
1916 3565 1924 3584 ,

335 3619 555 3678 doletis,
591 3617 742 3670 inulti
777 3615 936 3669 etiam
971 3623 1120 3669 erunt
1146 3615 1231 3684 qui
1259 3623 1476 3684 propter
1506 3628 1600 3668 vos
1630 3613 1795 3669 Deum
1824 3615 1921 3668 ad-

335 3711 619 3765 mirentur.
671 3706 931 3775 if‘trioque
975 3720 1101 3760 vero
1129 3704 1396 3774 colligitur
1446 3720 1687 3770 meroes,
1719 3716 1773 3760 et
1800 3723 1924 3760 cum

333 3811 554 3870 propter
575 3812 666 3850 vos
703 3797 841 3850 Dens
870 3795 1200 3865 gloritiCatur
1223 3837 1238 3860 ,
1272 3803 1329 3849 et
1351 3809 1472 3849 cum
1507 3805 1726 3866 propter
1756 3796 1925 3850 Deum

337 3907 438 3945 eos
490 3888 789 3944 maledictis
829 3887 1175 3942 incessimini.
1241 3887 1446 3942 Etenim
1477 3902 1544 3942 ne
1575 3888 1714 3943 maio
1740 3889 1926 3944 audire

333 3983 641 4039 studeamus
671 4023 686 4047 ,
729 3981 867 4051 quod
897 3980 1247 4035 didicerimus
1274 3979 1398 4035 hinc
1441 3982 1716 4050 [il'iBtiliUHl
1745 3996 1929 4050 repor-

335 4076 436 4129 tari
468 4115 482 4141 ,
512 4091 616 4128 non
648 4071 778 4128 illud
806 4071 1121 4141 simpliciter
1171 4070 1364 4140 posuit,
1417 4069 1514 4124 sed
1558 4086 1681 4124 cum
1722 4071 1930 4125 duabus

333 4164 803 4229 diikllCuOE-ibiis;
861 4177 1055 4231 nempe
1093 4178 1209 4216 cun:
1244 4161 1375 4216 falsa
1405 4161 1654 4216 dicuntur
1679 4202 1691 4224 ,
1724 4173 1778 4216 et
1806 4179 1926 4217 cum

337 4270 550 4328 prome:
609 4257 772 4310 Deum
818 4254 1188 4309 maledicimnr
1231 4250 1612 4321 :ostenditqu:
1669 4268 1771 4306 non
1800 4253 1938 4308 iliud.

336 4363 559 4414 tantum,
606 4353 696 4405 sed
743 4350 902 4404 etiam
950 4350 1083 4404 bene
1129 4349 1310 4401 audire
1358 4355 1583 4401 multum
1614 4350 1808 4403 afferre
1850 4349 1930 4400 lo-

334 4460 506 4506 crum,
539 4445 706 4511 gloria
732 4442 780 4492 in
817 4440 981 4494 Dentr-
1012 4449 1366 4492 transeunte:
1401 4439 1647 4505 bonaque
1685 4439 1801 4491 illos
1835 4454 1929 4505 spe

336 4540 501 4592 fulcit.
533 4535 648 4590 1Non
676 4537 817 4589 enim
847 4542 1045 4586 tantam
1081 4533 1182 4584 vim
1211 4530 1411 4583 habent
1438 4571 1450 4592 ,
1485 4530 1674 4598 inquit,
1703 4531 1922 4599 iniquo-

336 4646 446 4684 tua-
482 4626 786 4688 maledicta,
820 4635 877 4676 ιιι
905 4622 1039 4676 alios
1071 4623 1138 4674 ita
1184 4621 1537 4675 obteoebrace
1572 4622 1774 4688 possint.
1801 4663 1816 4686 ,
1871 4630 1928 4674 nt

337 4721 511 4774 lucem
544 4726 774 4770 vestram
803 4730 907 4767 non
941 4713 1172 4766 vidi-aut.
1198 4710 1329 4764 llum
1361 4725 1499 4763 enim
1535 4711 1775 4765 intatnati
1812 4713 1925 4764 iuo-

337 4811 453 4866 ritm
489 4852 501 4876 ,
533 4819 657 4861 tum
702 4817 908 4860 tantum
945 4819 1039 4857 vos
1067 4820 1086 4855 οῖ
1109 4804 1448 4857 .mculcabunz
1477 4819 1491 4864 ;
1521 4819 1624 4855 non
1655 4818 1779 4857 vero
1806 4819 1925 4857 tum

338 4911 482 4956 recta
517 4899 775 4951 facientes
803 4893 1147 4948 accusatuini.
1191 4893 1341 4946 Tunc
1389 4894 1531 4946 enim
1566 4894 1712 4946 multi
1742 4905 1920 4958 erunt,

338 4993 426 5060 qui
462 4989 928 5044 mirabunturnon
981 5001 1072 5039 vos
1119 4995 1358 5045 tantum,
1393 4984 1487 5037 sed
1512 4997 1726 5054 prepter
1755 5001 1848 5039 vos
1876 4996 1928 5040 et

341 5087 551 5139 i‘atrem
579 5090 837 5135 vestrum.
868 5077 976 5132 Nec
1006 5077 1158 5141 dixit,
1193 5077 1382 5140 Deum,
1406 5078 1517 5141 sed,
1552 5078 1784 5142 Patrem,
1815 5080 1923 5147 jato

337 5190 543 5230 semina
584 5172 790 5241 iaciens
839 5168 1128 5222 nobilitatis
1176 5167 1313 5221 illius
1373 5168 1501 5236 ipsis
1563 5167 1924 5221 confer-eadm.

341 5268 540 5321 Deinde
571 5264 788 5318 honoris
815 5259 1169 5330 aequalitatem
1197 5259 1495 5325 declarans,
1526 5276 1645 5314 cum
1680 5264 1927 5329 superius

338 5360 560 5415 dixisset
595 5378 606 5410 :
637 5355 714 5411 Ne
741 5354 1126 5410 contristernini
1159 5368 1278 5406 cum
1306 5354 1443 5407 male
1473 5352 1784 5417 audieritis;
1816 5356 1925 5408 suf-

343 5452 452 5504 ficit
473 5450 612 5502 enirn
643 5447 788 5501 \OblS
828 5444 969 5514 quod
1000 5454 1216 5513 prOptcr
1248 5459 1330 5495 me
1387 5444 1480 5496 ista
1523 5444 1751 5497 audiatis
1784 5463 1796 5498 :
1829 5443 1928 5500 hoc

342 5547 459 5599 ioco
513 5544 720 5596 Patrem
769 5541 914 5609 ponit
941 5580 952 5599 ,
986 5537 1342 5606 aequalitatem
1389 5536 1584 5605 ubique.
1627 5537 1924 5592 declarans.

342 5641 475 5692 tum
522 5634 682 5704 igitur
712 5633 947 5687 sciamus
975 5638 1229 5699 quantum
1261 5628 1392 5681 lucri
1436 5643 1501 5682 ex
1531 5627 1628 5680 hac
1658 5628 1928 5698 diligentia

342 5737 697 5797 reporta-mos,
726 5733 779 5778 et
806 5729 1061 5792 quantum
1090 5734 1155 5775 ex
1181 5718 1423 5774 socordia
1450 5718 1744 5786 periculum
1777 5734 1930 5773 cree-

345 5833 426 5876 utr
457 5821 660 5890 (nostra
684 5817 880 5888 quippe
910 5814 1144 5884 pernicie
1165 5812 1332 5867 multo
1359 5810 1506 5881 pejus
1530 5821 1631 5879 est,
1661 5811 1803 5881 quod
1828 5812 1928 5868 Do-

1522 393 1586 450 1Ν
1625 388 2027 449 ΜΑῊιιΑιυιι
2072 388 2299 443 1101111...
2346 387 2457 441 XV.

3541 391 3646 445 254

2043 502 2224 555 minus
2271 512 2453 557 noster
2482 501 2884 570 blasphcmctur
2939 512 3158 572 propter
3194 519 3292 558 nos
3314 504 3376 574 ).,
3405 507 3524 562 sine
3564 508 3647 564 of—

2043 592 2288 647 fensione
2341 593 2510 647 simus
2549 603 2603 646 et
2630 591 2828 646 Jtidzcis
2856 601 2912 646 et
2939 594 3190 667 gentibus
3217 638 3229 659 ,
3289 606 3344 650 et
3386 596 3645 654 Ecclesia:

2045 681 2163 747 Dei,
2197 684 2466 753 vitamque
2513 685 2626 738 sole
2667 684 3084 753 splendidiorem
3114 687 3486 758 exhibeamus,
3515 701 3572 746 et
3600 695 3644 746 si

2046 776 2371 831 maledicere
2420 779 2540 846 quis
2569 777 2733 842 velit,
2765 793 2832 831 ne
2874 778 3153 833 doleamus
3173 820 3186 842 ,
3218 779 3264 834 si
3295 782 3434 836 male
3461 782 3645 838 audia-

2041 883 2180 932 mus,
2210 869 2303 923 sed
2327 870 2371 923 si
2402 870 2593 924 merito
2624 870 2764 924 male
2791 869 3089 942 audiamus.
3117 871 3174 926 Si
3200 873 3342 928 cnim
3374 874 3425 928 in
3453 878 3644 946 nequi-

2044 962 2113 1015 tia
2147 963 2387 1016 vivamus
2413 1003 2428 1026 ,
2459 964 2558 1017 etsi
2593 977 2752 1016 nemo
2804 963 2874 1016 sit
2916 966 3004 1032 qui
3054 964 3336 1019 maledicat
3360 1007 3374 1030 ,
3405 969 3644 1022 omnium

2040 1054 2324 1109 miserrimi
2354 1069 2574 1119 sumus;
2606 1053 2650 1107 si
2669 1062 2847 1108 autem
2872 1054 3124 1109 virtutem
3145 1055 3405 1124 colamus,
3433 1059 3646 1113 etiamsi

2042 1152 2184 1198 totus
2213 1143 2360 1199 orbis
2399 1144 2554 1198 nobis
2581 1144 2864 1199 maledicat
2890 1186 2910 1211 ,
2937 1146 3150 1202 erimus
3169 1148 3412 1202 omnium
3442 1150 3646 1205 beatis-

2041 1238 2164 1290 simi
2195 1277 2210 1303 ,
2244 1247 2306 1293 et.
2327 1253 2422 1293 eos
2452 1253 2642 1293 omnes
2672 1240 2760 1308 qui
2815 1239 3045 1295 salutem
3075 1244 3332 1311 consequi
3364 1244 3550 1308 velint,
3577 1247 3645 1300 ad

2039 1343 2136 1382 nos
2167 1329 2540 1397 pertrahemus
2573 1348 2586 1383 ε
2617 1345 2724 1384 non
2763 1332 2908 1386 enim
2941 1333 3241 1389 maledictis
3271 1335 3639 1405 improborum

2036 1421 2270 1475 animum
2314 1422 2679 1487 adhibebunt,
2737 1423 2831 1478 sed
2886 1425 3007 1479 vita:
3067 1441 3188 1481 cum
3233 1430 3428 1484 virtute
3477 1441 3637 1487 actae.

2040 1514 2251 1568 Etenim
2275 1515 2396 1569 tuba
2427 1516 2654 1571 clariora
2710 1527 2836 1571 sunt
2866 1533 3030 1586 opera
3061 1519 3225 1586 bona,
3261 1521 3374 1590 ipsa
3417 1523 3535 1578 luce
3559 1525 3642 1578 ln-

2037 1604 2210 1659 eidior
2256 1605 2361 1660 vita
2394 1623 2524 1677 pura
2545 1648 2558 1672 ,
2592 1609 2801 1662 etiamsi
2851 1609 3116 1664 innumeri
3161 1612 3269 1666 sint
3313 1613 3346 1666 ii
3375 1616 3464 1684 qui
3495 1618 3630 1671 oblo-

2035 1705 2286 1762 quantum
2321 1699 2377 1752 Si
2401 1699 2546 1753 enim
2578 1701 2756 1754 omnia
2778 1701 3082 1768 supradicta
3117 1702 3432 1771 habeamus,
3462 1708 3505 1762 si
3537 1711 3644 1763 nti-

2038 1796 2138 1851 tcs,
2164 1788 2394 1844 humiles
2423 1804 2487 1843 ac
2530 1790 2910 1845 misericordes
2953 1792 3124 1847 simus
3146 1833 3161 1856 ,
3215 1794 3258 1846 si
3292 1795 3420 1849 item
3447 1797 3563 1866 puri
3591 1809 3645 1852 et

2037 1879 2264 1949 pacifici,
2312 1895 2376 1934 ac
2406 1882 2547 1936 male
2593 1881 2877 1937 audientes
2905 1897 3012 1936 non
3042 1884 3339 1939 referamus
3368 1886 3642 1956 injuriant,

2037 1971 2145 2025 imo
2172 1973 2334 2026 etiam
2355 1973 2706 2043 gaudeamus,
2729 1990 2834 2028 non
2866 1976 3043 2030 minus
3071 1993 3229 2046 quam
3261 1995 3358 2047 per
3384 1980 3642 2037 miracula

2035 2074 2368 2132 spectatores
2411 2067 2476 2120 ad
2505 2084 2603 2122 nos
2636 2068 3032 2137 pertrabemus,
3087 2070 3422 2141 libenterque
3452 2088 3642 2130 orttncs

2035 2154 2102 2208 ad
2135 2171 2230 2210 nos
2279 2157 2541 2213 accedent
2563 2201 2576 2222 ,
2607 2161 2721 2214 sive
2753 2160 2867 2238 fera
2893 2161 3014 2230 quis
3044 2161 3223 2225 fuerit,
3257 2163 3370 2217 sive
3398 2163 3634 2234 daemon,

2035 2256 2128 2301 aut
2176 2248 2386 2317 quidvis
2415 2250 2580 2324 aliud.
2628 2251 2682 2306 Si
2727 2251 2945 2320 quidam
2990 2253 3346 2315 maledicam,
3402 2271 3468 2308 ne
3519 2255 3642 2310 ideo

2036 2338 2285 2402 turbcris,
2312 2356 2484 2408 neque
2505 2355 2663 2395 cures
2682 2342 2727 2394 si
2757 2351 2807 2395 te
2829 2343 2998 2410 palam
3020 2345 3344 2398 contumelia
3367 2343 3426 2397 af
3427 2345 3637 2407 tiriant;

2033 2427 2128 2481 sed
2188 2442 2375 2482 eorum
2429 2431 2810 2485 conscientiam
2866 2432 3109 2500 explora,
3166 2443 3220 2488 et
3268 2433 3471 2490 videbis
3517 2437 3642 2492 illos

2034 2517 2370 2587 plaudentes,
2407 2522 2662 2576 mirantes
2687 2563 2701 2585 ,
2733 2530 2790 2578 et
2812 2523 2959 2578 mille
2997 2522 3139 2578 intus
3169 2523 3415 2581 laudinns
3438 2543 3640 2583 ornan-

2037 2618 2136 2662 tes.
2192 2608 2322 2664 Vide
2368 2612 2528 2680 igitur
2571 2628 2676 2682 quo
2715 2623 2873 2682 pacto
2902 2613 3399 2671 Nabuchodonosor
3443 2632 3642 2686 pueros

2037 2700 2091 2754 in
2144 2701 2362 2756 fornace
2407 2704 2604 2769 laudet,
2655 2705 2865 2760 etiamsi
2900 2704 3069 2761 hostis
3100 2706 3453 2776 inimicusque
3497 2722 3640 2767 esset

2035 2791 2197 2860 (Dan.
2228 2792 2298 2864 3)
2329 2811 2343 2846 :
2376 2794 2468 2848 sed
2514 2795 2638 2862 quia
2669 2795 2800 2849 vidit
2850 2795 3060 2856 fortiter
3088 2808 3311 2864 stantes,
3349 2799 3466 2853 illos
3498 2816 3640 2870 prae-

2033 2881 2176 2936 dicat
2200 2893 2254 2936 et
2282 2894 2524 2948 coronat,
2561 2901 2665 2940 non
2695 2885 2797 2939 alia
2823 2886 2892 2942 de
2917 2902 3100 2948 causa.
3122 2888 3223 2943 nisi
3251 2891 3374 2958 quia
3405 2891 3504 2964 ipsi
3532 2909 3639 2948 non

2034 2970 2498 3041 obtemperantes,
2529 2975 2698 3044 legem
2731 2975 2821 3029 Dei
2847 2977 3150 3031 audierant.
3190 2978 3439 3034 Diabolus
3469 2981 3633 3048 enim,

2034 3077 2156 3116 cum
2190 3063 2337 3120 videt
2363 3082 2420 3120 se
2444 3065 2573 3120 nihil
2595 3065 2881 3135 proficere,
2906 3065 3124 3121 demum
3147 3069 3413 3135 abscedit,
3445 3071 3640 3127 timens

2036 3170 2103 3209 ne
2135 3157 2314 3223 plures
2362 3158 2515 3213 nobis
2558 3173 2791 3212 coronas
2835 3159 3107 3216 conciliet.
3153 3161 3285 3216 Cum
3335 3174 3516 3218 autem
3552 3166 3640 3222 ille

2036 3245 2368 3314 discesserit,
2398 3251 2740 3316 quantumvis
2784 3247 3122 3304 facinorosos
3151 3261 3206 3305 et
3233 3254 3494 3308 scelestus
3520 3257 3640 3324 quis

2037 3336 2215 3394 fuerit.
2264 3339 2475 3394 sublata
2501 3339 2588 3392 illa
2619 3339 2848 3408 caligine
2891 3341 3144 3395 virtutem
3176 3355 3449 3412 agnoscet.
3481 3345 3640 3415 Quod

2035 3430 2079 3484 si
2109 3431 2354 3486 homines
2374 3448 2403 3486 a
2432 3441 2581 3487 recto
2614 3433 2896 3487 ratiocinio
2926 3431 3235 3501 deflectant,
3266 3451 3294 3488 a
3331 3425 3637 3507 Deo'majo-

2038 3538 2150 3576 rem
2178 3523 2586 3578 admirationem
2621 3524 2942 3582 laudemque
2970 3524 3193 3580 referes.

2112 3614 2174 3669 9.
2206 3614 2282 3669 Ne
2313 3615 2495 3672 doleas
2524 3617 2721 3677 itaque,
2761 3632 2934 3685 neque
2978 3617 3159 3672 animo
3187 3621 3440 3674 concidas
3470 3639 3482 3675 :
3516 3637 3641 3678 nam

2035 3717 2090 3761 et
2112 3707 2339 3775 apostoli
2362 3707 2479 3761 aliis
2500 3706 2717 3774 quidem
2731 3717 2892 3766 erant
2919 3707 3054 3762 odor
3081 3712 3292 3773 mortis,
3315 3710 3437 3765 aliis
3458 3723 3638 3768 autem

2036 3799 2171 3854 odor.
2197 3800 2316 3854 vitae
2349 3799 2424 3869 (2.
2455 3797 2572 3851 Cor.
2617 3799 2670 3850 (Ξ.
2709 3800 2774 3852 16
2802 3802 2838 3864 l.
2875 3798 3006 3851 Nam
3036 3800 3080 3852 si
3115 3809 3168 3854 tu
3199 3801 3400 3854 nullam
3444 3818 3638 3858 ansam

2036 3889 2270 3950 dederis,
2295 3889 2363 3943 ab
2384 3890 2528 3942 onmi
2558 3890 2785 3942 crimine
2828 3888 3110 3953 liberaris;
3146 3890 3252 3943 imo
3283 3891 3489 3946 beatior
3512 3895 3643 3948 elle-

2035 3989 2153 4032 ctus
2183 3994 2262 4034 es.
2294 3978 2600 4047 Resplende
2629 3979 2786 4047 igitur
2811 3979 3022 4042 invita,
3047 3987 3100 4033 et
3136 3979 3429 4037 maledicos
3454 3998 3519 4037 ne
3547 3999 3642 4038 cu-

2037 4085 2141 4124 res.
2180 4072 2294 4125 Non
2326 4080 2503 4140 potest
2533 4072 2674 4124 enirn
2699 4113 2712 4135 ,
2743 4059 2847 4125 non
2879 4080 3050 4140 potest
3088 4087 3220 4128 sane
3243 4076 3330 4144 qui
3380 4076 3635 4132 virtutem

2039 4166 2165 4218 colit
2194 4179 2302 4218 non
2351 4165 2546 4218 multos
2580 4163 2778 4219 habere
2829 4165 3092 4219 inimicos.
3125 4164 3232 4220 Sed
3286 4167 3414 4222 nihii
3448 4169 3640 4224 horum

2038 4258 2205 4324 probo
2238 4272 2435 4311 nocere
2481 4265 2657 4325 potest
2687 4273 2701 4310 :
2755 4273 2848 4325 per
2879 4257 2994 4310 lnec
3033 4259 3177 4312 enim
3211 4260 3366 4330 longe
3397 4262 3639 4330 splendi-

2033 4348 2153 4400 dior
2184 4348 2305 4401 erit.
2341 4347 2465 4400 lla-e
2495 4349 2671 4415 itaque
2700 4348 3018 4414 cogitartes,
3055 4363 3218 4400 unum
3274 4358 3476 4402 tantum
3512 4365 3637 4407 sco-

2036 4454 2160 4508 pnut
2194 4440 2484 4493 habeamus
2507 4480 2520 4502 ,
2568 4453 2688 4491 cum
2719 4436 2990 4507 diiigentia
3042 4449 3280 4492 nostram
3322 4440 3642 4506 dispensare

2037 4532 2196 4582 vitam
2230 4550 2239 4580 :
2274 4545 2349 4582 sic
2368 4530 2508 4582 enim
2536 4545 2631 4582 eos
2657 4530 2745 4598 qui
2777 4530 2826 4582 in
2857 4529 3093 4582 tenebris
3121 4530 3332 4593 sedent,
3355 4533 3420 4584 ad
3445 4548 3640 4600 super-

2036 4638 2160 4676 nam
2187 4625 2344 4674 vitam
2379 4622 2533 4690 quasi
2559 4621 3016 4674 trianudmemus.
3050 4621 3215 4673 Tanta
3246 4623 3448 4676 scilicet.
3483 4623 3641 4692 hujus

2036 4713 2172 4766 locis
2206 4714 2281 4765 vis
2335 4723 2445 4772 est,
2493 4723 2549 4763 ut
2594 4726 2700 4763 non
2756 4711 2841 4765 hic
2892 4720 3093 4764 tantum
3150 4710 3384 4780 fulgeat,
3443 4713 3535 4766 sed
3588 4725 3642 4767 et

2035 4799 2321 4872 sequentes
2374 4818 2432 4856 se
2479 4802 2571 4855 illo
2608 4801 2854 4856 deducat.
2902 4802 3035 4854 Cum
3085 4803 3228 4856 enim
3274 4820 3371 4857 nos
3409 4804 3643 4859 viderint

2037 4895 2316 4964 praesentia
2365 4895 2542 4946 omnia
2602 4892 2958 4962 despicie'r‘tes
3013 4903 3068 4947 et
3110 4894 3176 4948 ad
3215 4893 3387 4948 futura
3431 4913 3640 4966 ιιι-λυμπι-

2037 4995 2178 5039 ratos
2205 5028 2218 5051 ,
2268 4986 2520 5054 operibus
2560 4988 2727 5054 magis
2763 5001 2921 5055 quam
2954 4984 3134 5039 verbis
3167 4986 3638 5057 obtemperabant.

2036 5078 2166 5140 Quis
2193 5079 2332 5129 enim
2366 5086 2447 5130 est
2477 5078 2542 5129 itzt
2573 5077 2769 5130 stultus
2795 5118 2808 5140 ,
2852 5077 2940 5144 qui
2989 5076 3171 5130 videns
3219 5080 3489 5133 hominem
3525 5081 3640 5136 heri

2035 5183 2090 5224 et
2118 5169 2309 5223 mulius
2338 5181 2524 5236 tertius
2563 5169 2905 5222 deliciantcm
2933 5179 2986 5222 et
3008 5169 3252 5232 divitem,
3280 5169 3392 5238 jam
3424 5185 3641 5226 exutum

2037 5262 2287 5315 omnibus
2340 5269 2395 5314 et
2440 5275 2540 5314 ceu
2583 5259 2855 5312 volucrem
2890 5258 3140 5313 effectum
3164 5302 3177 5324 ,
3207 5260 3275 5313 ad
3321 5261 3514 5316 fantem
3539 5307 3551 5327 ,
3589 5277 3643 5318 ct

2040 5361 2428 5422 paupertatem,
2464 5352 2530 5405 ad
2560 5351 2978 5407 macerationem
3009 5367 3248 5417 munem,
3283 5354 3347 5404 ad
3379 5355 3638 5421 pericula,

2038 5445 2104 5496 ad
2128 5445 2438 5511 sartguinetn
2473 5441 2820 5503 l‘tutdcndzun,
2857 5443 2924 5492 ad
2961 5457 3148 5495 necem
3180 5451 3340 5510 atque
3367 5443 3428 5495 ad
3460 5447 3638 5495 omnia

2041 5551 2158 5604 qure
2212 5534 2342 5588 dura
2397 5543 2716 5606 reputantnr
2770 5543 3035 5600 paratum,
3094 5549 3199 5585 non
3254 5533 3379 5587 hinc.
3433 5535 3638 5594 clarum

2039 5627 2265 5694 accipiat
2315 5631 2608 5678 tutarortnu
2638 5630 3046 5693 argumentum!
3089 5624 3144 5676 Si
3184 5640 3311 5677 vero
3357 5628 3638 5692 prae-senti-

2043 5721 2146 5773 bus
2170 5732 2265 5771 nos
2309 5716 2667 5785 implicemus,
2697 5724 2858 5782 atque
2887 5715 2937 5767 in
2981 5716 3086 5768 illis
3116 5729 3214 5768 nos
3240 5718 3638 5783 immergant-as.

2044 5811 2314 5880 quomodo
2345 5809 2567 5865 credere
2624 5816 2912 5878 poterunt,
2973 5823 3070 5865 nos
3096 5807 3161 5862 ad
3191 5810 3353 5862 aliam
3388 5809 3643 5866 festinare
