4114 6558
470 411 574 475 255

483 561 750 630 patriam?
795 560 925 629 Qua:
977 572 1117 613 vero
1149 555 1304 611 nobis
1351 554 1564 612 demum
1609 552 1711 606 erit
1756 547 2045 608 excusatio,

475 669 595 706 cum
626 668 729 707 non
762 660 960 704 tantum
997 649 1174 702 valeat
1201 646 1338 716 apud
1380 657 1477 699 nos
1518 643 1610 696 Dei
1655 645 1810 696 timor
1831 681 1844 705 ,
1874 653 2044 710 quan-

481 752 594 794 tum
649 741 812 794 valuit
867 739 1006 808 apud
1067 738 1374 793 Grtccorum
1422 733 1764 804 philosophos
1818 732 2047 784 humana

475 815 685 901 gloria?
709 829 840 885 Nam
869 830 1079 884 illorum
1108 827 1318 898 quidam
1359 824 1611 894 pecunias
1631 822 1936 892 abjecerunt
1958 861 1971 882 ,
1993 828 2049 874 et

480 935 708 978 mortem
749 927 1202 992 contempserunt,
1247 928 1303 972 ut
1339 931 1457 971 sese
1495 916 1798 970 hominibus
1824 921 2048 968 retenta-

477 1024 598 1069 rent
636 1033 649 1068 :
680 995 902 1082 idecque
926 1028 1058 1064 vana
1102 1011 1195 1064 fttit
1223 1009 1435 1064 illorum
1468 1024 1610 1077 spes.
1642 1009 1894 1075 Qua-nam
1921 1019 2047 1074 ergo

479 1122 575 1160 nos
601 1105 837 1160 defensio
875 1105 1138 1168 liberabit,
1167 1119 1286 1158 cum
1318 1111 1439 1172 post
1477 1110 1620 1156 tanta
1660 1100 1812 1154 nobis
1854 1113 2046 1168 propo-

476 1199 574 1250 sita
605 1202 741 1249 bona
761 1235 777 1260 ,
811 1206 864 1250 et
891 1206 1008 1264 post
1035 1205 1232 1248 tantam
1272 1194 1426 1248 nobis
1451 1201 1690 1262 apertam
1717 1191 1784 1245 ad
1816 1191 2047 1260 philoso-

478 1289 743 1356 phandum
775 1289 934 1352 viam,
968 1302 1034 1341 ne
1071 1287 1212 1356 paria
1240 1285 1452 1354 quidem
1494 1283 1602 1337 illis
1623 1282 1845 1351 exsequi
1875 1280 2049 1350 possi-

477 1394 616 1443 mus,
640 1378 734 1432 sed
762 1387 815 1432 et
842 1391 935 1430 nos
967 1387 1019 1431 et
1047 1378 1181 1431 alios
1218 1373 1660 1445 pessumdemus?
1687 1372 1871 1442 Neque
1899 1373 2040 1426 enim

475 1469 544 1520 ita
574 1466 955 1522 nocetGraacus
975 1466 1152 1534 inique
1173 1479 1354 1534 agens,
1382 1474 1438 1518 ut
1458 1464 1788 1518 Christianus
1816 1462 2044 1529 idipsum

476 1558 711 1611 faciens:
747 1565 799 1610 et
835 1554 955 1624 jure
1001 1554 1238 1623 quidem.
1293 1553 1503 1607 Illorum
1535 1552 1676 1608 enim
1727 1551 1933 1620 putrida
1965 1561 2049 1604 est

475 1645 713 1698 doctrina
736 1653 790 1698 et
815 1644 991 1713 opinio
1017 1660 1033 1708 ;
1061 1653 1240 1696 nostra
1262 1658 1388 1697 vero
1406 1658 1499 1712 per
1517 1643 1608 1697 Dei
1629 1643 1852 1712 gratiam
1879 1642 2040 1696 etiam

475 1736 613 1806 apud
671 1736 861 1806 impios
913 1735 1231 1790 venerabilis
1304 1746 1387 1790 eSt
1441 1744 1495 1790 et
1552 1735 1789 1790 illustris.
1843 1733 2044 1789 idcirco

475 1828 687 1897 quando
707 1831 934 1882 maxime
962 1826 1112 1882 nobis
1127 1827 1450 1896 exprobrare
1475 1827 1662 1882 volunt
1684 1836 1739 1880 et
1766 1826 2046 1881 maledicta

476 1935 694 1988 augere.
728 1919 779 1974 id
808 1919 1139 1990 subjungunt
1168 1961 1182 1983 ,
1211 1918 1545 1974 Christianus
1592 1919 1703 1989 (a);
1736 1934 1841 1973 non
1881 1919 1932 1973 id
1962 1918 2046 1973 di-

477 2011 612 2077 cturi
642 2017 807 2072 certe,
841 2011 940 2062 ιιίέί
971 2025 1213 2078 magnam
1239 2010 1306 2064 de
1323 2009 1560 2063 doctrina
1582 2018 1764 2063 nostra
1791 2009 2048 2063 baberent

476 2103 800 2170 opinionem.
851 2101 962 2154 Non
1015 2101 1205 2155 audisti
1250 2101 1421 2170 qualia
1466 2110 1520 2154 et
1561 2112 1754 2170 quanta
1807 2099 2047 2155 Christus

473 2190 732 2260 jusserit?
760 2189 981 2257 Quando
1007 2205 1134 2260 ergo
1158 2192 1358 2261 poteris
1389 2191 1470 2244 vel
1499 2207 1659 2245 unum
1688 2191 1801 2259 ejus
1824 2191 2046 2260 implere

479 2290 796 2350 praeceptum
818 2322 834 2346 ,
875 2297 994 2336 eum
1024 2283 1199 2336 missis
1227 2283 1492 2344 erunibus,
1537 2284 1830 2337 circumeas
1858 2298 2046 2337 usuras

473 2373 747 2440 colligens,
778 2370 950 2426 fmuus
980 2373 1166 2426 frenari
1193 2372 1396 2426 addens
1423 2412 1436 2436 ,
1469 2371 1854 2440 negotiationes
1894 2372 2046 2425 insti-

474 2472 648 2527 tuens,
697 2476 968 2516 servorum
994 2477 1183 2532 greges
1209 2478 1392 2518 emens
1415 2505 1429 2528 ,
1454 2474 1704 2533 argentea
1747 2479 1870 2517 vasa
1895 2480 2047 2534 com-

476 2567 686 2621 parans,
719 2568 894 2622 agros,
927 2553 1112 2608 domos
1139 2596 1154 2617 ,
1182 2555 1566 2622 supellectilem
1596 2557 1954 2610 immensam?
1983 2558 2048 2611 Et

475 2643 674 2696 utinam
703 2642 752 2695 id
786 2643 955 2696 solum
988 2658 1194 2712 ageres.
1220 2643 1352 2698 Cum
1385 2661 1511 2699 vero
1551 2647 1633 2700 his
1664 2647 2047 2715 intempestivis

474 2734 785 2802 injustitiam
818 2751 1026 2804 quoque
1047 2735 1233 2803 addas,
1262 2746 1458 2792 terram
1484 2737 1720 2793 finitimis
1745 2740 2043 2805 abstrahas,

473 2827 660 2880 domos
705 2827 934 2894 spolies,
985 2842 1244 2896 pauperes
1291 2837 1520 2892 alteras,
1566 2829 1758 2884 famem
1811 2844 2044 2898 augeas,

474 2915 688 2984 quando
733 2915 931 2984 poteris
972 2916 1038 2969 ad
1092 2917 1207 2970 haec
1253 2917 1435 2971 limina
1488 2919 1785 2974 accedere?
1851 2919 2047 2974 Verum

475 3004 787 3073 quandoque
814 3020 1100 3072 pauperum
1142 3007 1430 3060 misereris.
1457 3007 1510 3062 Id
1550 3017 1603 3061 et
1631 3024 1728 3078 ego
1758 3010 1877 3063 novi
1915 3031 1926 3063 ε
1955 3009 2048 3064 sed

477 3097 560 3149 hic
591 3111 801 3164 quoque
820 3097 981 3148 multa
1016 3098 1275 3164 pernicies
1305 3108 1408 3152 est.
1434 3099 1538 3151 Aut
1563 3100 1704 3154 enim
1733 3114 1854 3154 cum
1887 3104 2043 3168 fastu,

475 3197 564 3239 aut
593 3185 657 3239 ad
705 3201 887 3239 vanam
933 3187 1159 3255 gloriam
1194 3189 1244 3242 id
1276 3191 1388 3259 agis
1411 3230 1428 3257 ,
1461 3200 1518 3244 ut
1545 3207 1642 3247 nec
1670 3193 1720 3247 in
1752 3193 1901 3248 bonis
1933 3195 2049 3263 qui-

475 3276 596 3328 dem
631 3277 877 3342 operibus
931 3277 1124 3345 aliquid
1170 3278 1391 3333 lucreris
1428 3300 1458 3336 .z
1499 3298 1600 3350 quo
1653 3283 1778 3351 quid
1822 3286 2047 3338 misera.

478 3361 637 3422 bilius
665 3384 911 3437 umquam
943 3368 1119 3435 fuerit,
1147 3385 1266 3425 cum
1292 3373 1342 3426 in
1376 3384 1528 3443 portu
1569 3373 1683 3445 ipso
1714 3379 2042 3449 naufragium

477 3455 730 3524 patiaris?
757 3456 832 3511 Nc
863 3457 1019 3526 igitur
1048 3459 1098 3511 id
1128 3462 1358 3526 eveniat,
1392 3478 1510 3516 cum
1541 3465 1662 3518 boni
1690 3469 1887 3536 aliquid
1917 3485 2046 3537 ope-

477 3558 622 3601 ratus
645 3561 720 3610 es,
769 3564 834 3600 ne
865 3564 1067 3616 qua‘ras
1113 3564 1140 3602 a
1167 3539 1255 3605 me;
1286 3556 1506 3620 gratiam
1528 3597 1541 3618 ,
1564 3566 1630 3609 aut
1660 3557 1820 3612 Deum
1855 3560 2049 3614 habeas

476 3643 803 3706 debitorem,
831 3642 916 3710 qui
957 3639 1074 3691 ait:
1108 3640 1339 3694 Motuum
1370 3643 1486 3696 date
1534 3647 1594 3698 iis
1644 3665 1673 3698 ιι
1721 3650 1896 3714 quibus
1947 3667 2049 3703 non

477 3740 688 3805 speratis
713 3755 795 3792 vos
817 3751 1106 3810 accepturos
1133 3741 1282 3811 (Luc.
1303 3743 1353 3796 6.
1384 3743 1495 3813 55).
1519 3743 1690 3797 [labes
1716 3745 2008 3800 debitorem
2034 3764 2049 3812 ;

477 3842 572 3880 cur
601 3829 689 3882 illo
719 3831 902 3884 relicto
929 3871 940 3892 ,
969 3846 999 3883 a
1030 3847 1115 3885 me
1165 3833 1437 3900 exposcis,
1485 3833 1702 3886 homine
1732 3851 1961 3904 paupere
2001 3849 2055 3892 et

481 3920 717 3974 misero?
743 3921 878 3975 Num
934 3923 1236 3992 indignatur
1265 3925 1350 3977 hic
1375 3925 1611 3998 debitor,
1643 3943 1764 3982 cum
1815 3927 2047 3983 debitum

479 4012 747 4081 exigitur?
774 4029 896 4067 num
925 4030 1120 4082 pauper
1149 4015 1266 4068 est?
1296 4031 1419 4069 num
1442 4018 1646 4072 solvere
1669 4022 1915 4074 recusat?
1938 4021 2050 4076 Non

479 4103 632 4156 vides
652 4102 766 4171 ejus
798 4103 1087 4159 ineffabiles
1106 4105 1424 4161 thesauros?
1454 4124 1556 4162 non
1585 4111 1733 4166 vides
1777 4113 1915 4168 illam
1942 4115 2054 4169 ine-

481 4193 794 4246 narrabilem
850 4194 1260 4248 liberalitatem?
1312 4197 1390 4248 Ab
1442 4199 1530 4250 illo
1588 4202 1743 4268 igitur
1799 4206 1951 4269 exige
2002 4217 2053 4256 et

480 4300 732 4347 exposce.
779 4285 868 4338 Sic
918 4296 1132 4355 rogatus
1166 4286 1377 4353 gaudet.
1408 4289 1538 4342 Nam
1568 4291 1610 4344 si
1639 4292 1829 4345 viderit
1854 4295 1920 4347 ab
1947 4295 2054 4349 alio

482 4374 618 4442 exigi
651 4374 701 4428 id
723 4373 859 4441 quod
889 4375 998 4442 ipse
1020 4377 1196 4439 debet,
1239 4380 1560 4432 contumelia
1591 4381 1836 4435 affectum
1869 4400 1928 4438 se
1955 4401 2053 4452 pu-

482 4465 632 4525 tabit,
662 4479 757 4517 nec
791 4465 880 4518 tibi
913 4475 1092 4533 postea
1122 4467 1338 4530 reddet,
1366 4469 1472 4522 imo
1502 4479 1551 4522 te
1587 4470 1728 4538 juste
1756 4475 2048 4528 accusabit.

484 4565 536 4610 In
564 4572 669 4626 quo
691 4573 778 4611 me
805 4558 1090 4626 ingratum,
1137 4552 1373 4628 inquiet,
1406 4561 1801 4630 deprehendisti
1827 4566 1848 4614 ?
1898 4583 2052 4622 mene

481 4662 769 4715 pauperem
797 4657 966 4712 putas,
990 4648 1075 4716 qui
1102 4664 1186 4703 me
1207 4653 1563 4717 praetermisso
1589 4653 1720 4705 alios
1737 4653 1896 4709 adeas
1916 4657 1940 4706 ?
1965 4658 2052 4711 alii

482 4747 722 4789 mutuum
766 4738 977 4801 dedisti,
1029 4748 1083 4792 et
1133 4739 1200 4792 ab
1255 4741 1357 4792 alio
1407 4742 1616 4810 exigis?
1660 4743 1770 4796 Etsi
1827 4763 2055 4817 namque

480 4825 644 4880 homo
673 4834 954 4895 acceperit,
987 4828 1125 4883 Deus
1155 4831 1280 4883 dare
1307 4831 1464 4898 jussit
1500 4850 1512 4886 :
1543 4834 1654 4901 ipse
1681 4838 1880 4902 primus
1907 4838 2054 4894 debi-

480 4930 562 4972 tor
590 4929 644 4974 ct
672 4934 894 4987 sponsor
935 4936 1053 4976 esse
1080 4924 1219 4984 vult,
1252 4939 1559 4978 Innumeras
1591 4927 1680 4980 tibi
1728 4931 1965 4998 praebens
1989 4934 2054 4988 ab

481 5025 545 5064 eo
573 5010 782 5078 petendi
811 5013 1136 5067 occasiones.
1169 5013 1248 5069 Ne
1288 5016 1447 5085 igitur
1484 5028 1624 5070 tanta
1659 5019 1908 5077 facilitate
1940 5036 2050 5077 tan-

482 5112 640 5169 taque
662 5102 980 5157 abundantia
1013 5109 1384 5172 prmtermissa,
1417 5125 1444 5162 a
1474 5126 1556 5164 me
1583 5114 1824 5181 accipere
1846 5132 2052 5185 quarras

482 5190 570 5256 qui
600 5191 724 5243 nihil
758 5190 948 5246 habeo.
979 5193 1090 5258 Qua
1115 5195 1179 5247 de
1205 5211 1362 5250 causa
1395 5207 1446 5251 te
1481 5201 1608 5253 mihi
1633 5213 1866 5259 osteulas
1887 5247 1902 5271 ,
1931 5223 2048 5261 cum

484 5283 698 5349 pauperi
721 5297 908 5352 erogas
929 5286 950 5337 ?
975 5284 1107 5338 Num
1122 5301 1219 5355 ego
1245 5288 1350 5341 dixi
1382 5291 1494 5352 tibi,
1523 5292 1631 5344 Da?
1655 5311 1777 5348 num
1800 5312 1829 5348 a
1850 5314 1933 5351 me
1954 5316 2050 5352 au-

483 5373 628 5438 disti,
664 5385 716 5428 ut
745 5391 772 5430 a
805 5391 888 5430 me
919 5379 1140 5446 exigas?
1167 5378 1280 5447 Ipse
1310 5381 1445 5435 dixit
1474 5400 1486 5434 :
1522 5384 1620 5449 Qui
1641 5387 1897 5440 miseretur
1924 5407 2054 5457 pau-

487 5483 595 5533 peri
623 5508 635 5527 ,
666 5467 936 5535 faeneratur
964 5468 1070 5522 Deo
1099 5469 1118 5540 (
1142 5468 1292 5524 Prov.
1326 5472 1409 5526 19.
1445 5474 1570 5543 l7).
1627 5476 1735 5529 Deo
1760 5477 2052 5533 fwt‘teratus
2077 5518 2082 5523 -

483 5557 576 5610 es?
601 5557 683 5610 Ab
709 5558 800 5611 illo
823 5559 993 5628 exige.
1021 5562 1090 5614 At
1115 5576 1218 5614 non
1253 5572 1418 5618 totum
1445 5581 1586 5620 nunc
1614 5567 1825 5622 reddit?
1859 5569 2050 5625 Verum

544 5689 619 5756 (ᾳ)
651 5696 772 5748 Ergo
795 5698 1016 5756 tempore
1049 5694 1366 5756 Chrysostoml
1393 5701 1538 5748 etiam
1584 5700 1840 5752 Christiani
1874 5719 2051 5756 nomen

482 5751 928 5829 proiﬂ_e_mtlap_ud
953 5751 1182 5829 gentiles,
1200 5763 1606 5829 quemadmodum
1630 5751 1903 5817 Tertulliani
1918 5751 2050 5829 aelii;

486 5818 539 5860 ut
560 5815 624 5862 ait
648 5813 753 5871 ipse
781 5812 906 5863 libro
923 5812 1074 5876 primo
1096 5812 1181 5865 Ad
1199 5812 1434 5871 Nationes.

1213 422 1268 479 S.
1308 417 1583 475 JOANNIS
1619 409 2095 472 CHRYSOSTOMI
2132 410 2447 470 ARCHIEP.
2486 411 3021 472 CONSTANTINOP.

3636 415 3739 472 235

2158 541 2210 597 id
2236 545 2300 600 ad
2331 545 2609 602 utilitatem
2638 555 2780 601 tuam
2810 545 2955 601 facit.
3000 547 3096 602 Est
3121 545 3317 617 quippe
3350 546 3469 604 talis
3493 546 3738 616 debitor,

2153 633 2241 702 qui
2269 649 2373 690 non
2398 636 2571 691 solum
2600 636 2651 690 id
2670 637 2808 705 quod
2835 648 3019 693 mutuo
3045 639 3225 692 datum
3260 647 3359 703 est,
3393 647 3451 693 ut
3474 639 3627 694 multi
3655 641 3734 693 fa-

2153 725 2338 792 ciunt,
2369 728 2593 783 reddere
2627 729 2870 794 festinet;
2905 729 2997 784 sed
3027 730 3189 785 etiam
3208 730 3260 784 id
3287 740 3424 801 agat,
3455 731 3582 786 ut'id
3599 733 3739 802 quod

2153 815 2332 872 datum
2352 828 2452 884 est,
2487 819 2538 872 in
2567 828 2678 872 tuto
2704 819 3007 889 depositum
3030 821 3118 875 sit.
3151 822 3274 878 Ideo
3296 839 3415 893 qua:
3445 823 3532 878 hic
3561 823 3734 880 debita

2151 919 2274 963 sunt
2305 910 2506 972 reddit;
2529 926 2644 980 qua:
2667 911 2795 976 illic,
2829 923 3086 967 reservat.

2225 999 2312 1054 i0.
2360 999 2486 1054 Haec
2523 1015 2641 1055 eum
2668 1003 2925 1067 sciamus,
2959 1004 3339 1060 misericordia:
3368 1023 3614 1078 magnam
3640 1009 3736 1064 de-

2152 1103 2272 1143 mus
2298 1103 2513 1158 operam
2562 1089 2892 1160 multamque
2941 1092 3321 1149 humanitatem
3351 1111 3695 1152 exerceamus
3716 1140 3734 1163 ,

2154 1190 2208 1236 et
2239 1182 2474 1251 pecuniis
2499 1192 2553 1236 et
2579 1184 2848 1252 operibus.
2876 1185 2943 1240 Et
2967 1187 3011 1240 si
3039 1187 3313 1243 videamus
3341 1189 3568 1259 aliquem
3594 1191 3738 1244 male

2156 1273 2463 1328 mulctatum
2493 1285 2546 1329 et
2585 1290 2780 1330 cznsnm
2811 1278 2862 1331 in
2891 1277 3028 1344 foro,
3065 1280 3108 1332 si
3141 1290 3416 1350 argentum
3447 1297 3733 1350 possumus

2152 1361 2422 1431 deponere
2444 1405 2458 1428 ,
2487 1363 2816 1433 deponamns
2840 1384 2855 1432 ;
2884 1369 2926 1421 si
2954 1369 3128 1424 verbis
3171 1384 3286 1425 rem
3315 1387 3597 1441 possumus
3624 1383 3732 1429 ter-

2152 1453 2378 1518 minare,
2403 1469 2468 1507 ne
2497 1456 2690 1524 pigeat.
2720 1457 2817 1512 Est
2841 1459 2982 1513 enim
3013 1460 3170 1514 etiam
3203 1477 3298 1529 pro
3321 1476 3568 1519 sermone
3593 1481 3734 1518 mer-

2154 1558 2281 1608 ces;
2333 1543 2439 1599 imo
2492 1549 2649 1600 etiam
2695 1564 2792 1618 pro
2830 1550 3151 1618 gemitibus;
3204 1551 3361 1622 idque
3405 1554 3589 1608 beatus
3633 1555 3733 1610 Job

2152 1629 2362 1694 dicebat
2395 1658 2406 1692 ε
2439 1639 2551 1711 Ego
2589 1653 2757 1695 autem
2791 1645 2971 1712 ﬂebant
3019 1661 3171 1712 super
3195 1661 3393 1700 onmem
3431 1647 3688 1715 inﬁrmum
3717 1668 3730 1704 .°

2150 1734 2372 1802 ingemui
2396 1744 2563 1787 autent
2603 1735 2774 1788 videns
2813 1737 2972 1788 virum
2995 1741 3045 1789 in
3074 1739 3445 1793 necessitatibus
3486 1739 3607 1809 (Job
3638 1742 3727 1795 30.

2151 1821 2221 1875 25
2239 1821 2282 1892 ).
2313 1822 2364 1877 Si
2392 1831 2569 1878 autem
2601 1838 2696 1892 pro
2723 1824 2971 1895 laerymis
2999 1836 3052 1880 et
3079 1828 3362 1894 gemitibus
3389 1844 3596 1884 merces
3617 1841 3718 1894 est,

2153 1913 2366 1982 quando
2393 1914 2554 1968 etiam
2600 1930 2878 1970 sermones
2926 1926 2975 1970 et
3002 1917 3302 1970 sollicitudo
3336 1919 3603 1988 multaque
3627 1921 3727 1974 alia

2152 2001 2488 2067 adhibentur,
2533 2004 2704 2082 cogita
2747 2012 2942 2074 quanta
2983 2005 3054 2059 sit
3098 2008 3394 2060 retributio.
3425 2007 3634 2063 Etenim
3677 2020 3733 2065 et

2152 2110 2250 2150 nos
2274 2096 2469 2150 inimici
2487 2096 2579 2150 Dei
2598 2111 2810 2150 eramus
2836 2114 2850 2162 ;
2875 2107 2928 2151 et
2958 2097 3269 2166 Unigeuitus
3295 2113 3394 2153 nos
3422 2101 3735 2156 reconcilia-

2153 2185 2244 2252 vit,
2273 2200 2390 2240 sese
2423 2185 2655 2239 medium
2682 2187 2994 2252 conjiciens.
3017 2198 3068 2241 rt
3097 2188 3275 2256 plagas
3298 2204 3394 2258 pro
3419 2191 3572 2245 nobis
3591 2193 3733 2246 exci-

2152 2278 2321 2347 piens,
2349 2289 2682 2348 mortemque
2710 2281 2936 2348 patiens.
2967 2279 3290 2334 Studeamus
3318 2282 3499 2352 itaque
3527 2293 3580 2338 et
3607 2299 3727 2351 nos,

2151 2383 2245 2424 eos
2271 2370 2360 2438 qui
2391 2369 2442 2424 in
2475 2369 2589 2424 haec
2628 2369 2867 2425 incidunt
2891 2385 2921 2424 a
2951 2371 3104 2424 malis
3135 2371 3429 2426 innumeris
3470 2374 3728 2438 liberare;

2151 2473 2256 2512 non
2279 2474 2428 2523 vero,
2453 2459 2592 2529 quod
2613 2475 2753 2514 nunc.
2780 2461 3020 2522 facimus,
3050 2460 3101 2514 in
3125 2461 3262 2515 mala
3290 2477 3382 2516 eos
3405 2463 3727 2520 immittere:

2151 2564 2270 2604 cum
2298 2551 2570 2619 quospiam
2598 2551 2837 2608 videmus
2862 2552 2913 2606 in
2935 2566 2993 2606 se
3022 2563 3207 2608 mutuo
3228 2555 3451 2618 irruere,
3473 2555 3728 2612 alterum-

2150 2655 2254 2708 que
2283 2640 2349 2692 ab
2375 2639 2544 2693 altero
2585 2640 2724 2695 male
2750 2641 2886 2695 affici
2911 2659 2925 2707 ;
2955 2641 3227 2698 adstantes
3267 2644 3410 2699 enim
3441 2646 3731 2714 gaudemus

2154 2728 2222 2782 de
2261 2728 2488 2782 aliorum
2529 2729 2794 2785 dedecore
2819 2770 2835 2795 ,
2869 2731 3240 2802 theatrumque
3267 2734 3583 2789 diabolicum
3631 2739 3732 2792 eir-

2151 2832 2273 2871 cum
2293 2819 2574 2872 statuimus
2605 2837 2618 2872 :
2650 2836 2754 2890 quo
2791 2820 2914 2890 quid
2943 2823 3227 2878 immanius
3255 2841 3504 2895 umquam
3533 2826 3733 2884 fuerit?

2152 2907 2313 2964 Vides
2337 2911 2474 2964 male
2504 2911 2799 2978 audientes,
2827 2928 2884 2967 se
2912 2923 3096 2968 mutuo
3117 2915 3502 2986 discerpentes,
3532 2928 3728 2974 vestem

2153 2999 2526 3066 discindeutes,
2559 3003 2746 3058 faciem
2777 3005 3045 3060 caedentes
3066 3049 3079 3071 ,
3104 3017 3158 3062 et
3199 3010 3378 3078 quiete
3406 3021 3549 3066 stare
3575 3014 3732 3068 susti-

2153 3094 2281 3147 nes?
2303 3094 2436 3148 Num
2466 3111 2620 3149 ursus
2649 3107 2730 3151 est
2777 3098 2822 3152 is
2848 3102 2935 3166 qui
2967 3101 3208 3168 pugnat?
3231 3118 3356 3156 num
3400 3101 3509 3158 fera
3534 3103 3558 3157 ?
3605 3121 3726 3160 num

2153 3189 2411 3258 serpens?
2469 3188 2641 3244 llomo
2694 3201 2776 3246 est
2818 3204 2991 3248 tecum
3045 3211 3259 3271 semper
3307 3201 3728 3268 communicaris,

2152 3274 2316 3330 frater
2343 3285 2444 3342 est,
2473 3280 2772 3335 membrum
2803 3291 2948 3336 tuum
2975 3295 3076 3338 est.
3109 3286 3186 3340 Ne
3208 3298 3479 3356 speetator
3502 3291 3600 3354 sis,
3631 3292 3723 3347 sed

2153 3366 2304 3421 solve
2324 3368 2525 3435 rixam;
2557 3385 2624 3424 ne
2653 3372 2851 3426 lmleris
2875 3415 2891 3440 ,
2923 3375 3017 3430 sed
3045 3378 3290 3446 corripe;
3317 3394 3386 3433 ne
3424 3380 3560 3435 alios
3585 3383 3732 3437 exci—

2153 3464 2233 3510 tes
2254 3456 2320 3510 ad
2351 3467 2551 3512 tantum
2582 3459 2814 3516 dedecus
2843 3503 2857 3525 ,
2902 3465 2996 3518 sed
3024 3466 3376 3537 confligentes
3418 3486 3545 3526 arce
3579 3481 3632 3527 et
3651 3474 3735 3528 di-

2155 3545 2306 3601 rime.
2361 3546 2748 3617 lmpudentium
2791 3554 2933 3607 enim
2977 3564 3030 3608 et
3073 3558 3373 3614 otiosorum
3415 3571 3497 3615 est
3546 3564 3736 3621 talibus

2154 3638 2389 3706 gaudere
2419 3641 2812 3697 calamitatibus
2837 3686 2849 3707 ,
2899 3645 3225 3703 nefariorum
3250 3661 3304 3705 et
3351 3652 3735 3711 irrationalium

2157 3727 2451 3784 hominum.
2481 3731 2638 3787 Vides
2680 3733 2946 3790 hominem
2980 3741 3202 3808 turpiter
3223 3753 3486 3811 agentem,
3512 3762 3612 3802 nec
3641 3748 3736 3802 ad-

2157 3821 2317 3874 vertis
2348 3832 2398 3875 te
2449 3825 2605 3878 etiam
2657 3827 2884 3894 turpiter
2928 3831 3130 3898 agere?
3172 3847 3344 3902 neque
3402 3837 3456 3889 in
3501 3840 3732 3895 medium

2156 3913 2331 3977 irruis,
2354 3923 2409 3965 ιιι
2432 3913 2623 3968 diaboli
2649 3916 2960 3987 phalangem
2980 3920 3226 3990 dissipes,
3260 3936 3313 3979 et
3333 3925 3562 3982 humana
3592 3932 3730 3986 mala

2156 4001 2368 4054 solvas?
2416 4005 2500 4067 At,
2548 4006 2752 4074 inquies
2777 4047 2791 4071 ,
2835 4018 2891 4060 ut
2935 4018 2988 4062 et
3013 4025 3111 4098 ego
3136 4013 3316 4083 plagas
3354 4019 3634 4086 accipiam,
3665 4021 3732 4077 ita

2153 4091 2351 4157 jubes?
2382 4095 2538 4161 Atqui
2569 4095 2619 4148 id
2662 4105 2714 4148 tu
2761 4112 2865 4151 non
2896 4091 3148 4166 patieris;
3188 4104 3234 4157 si
3265 4120 3392 4160 vero
3417 4109 3657 4177 patiaris,
3685 4113 3733 4166 id

2160 4181 2251 4233 tibi
2291 4185 2526 4250 martyrii
2557 4184 2672 4237 loco
2697 4186 2843 4240 erit:
2885 4199 3102 4259 propter
3145 4193 3313 4248 Deutn
3361 4199 3503 4253 enim
3548 4218 3734 4272 passus

2160 4284 2236 4326 es.
2272 4271 2327 4324 Si
2371 4288 2495 4326 vero
2547 4276 2726 4343 plagas
2756 4279 2998 4348 accipere
3027 4287 3312 4351 cunctaris,
3345 4293 3518 4359 cogita
3549 4295 3728 4352 Domi-

2161 4378 2284 4415 num
2319 4373 2460 4418 tuum
2489 4382 2696 4422 crucem
2731 4381 2946 4438 propter
2985 4383 3035 4428 te
3070 4391 3280 4444 passum
3310 4396 3449 4436 esse.
3486 4386 3565 4441 illi
3591 4391 3731 4443 enim

2161 4453 2305 4506 velut
2331 4456 2462 4509 ebrii
2492 4466 2542 4511 et
2565 4459 2900 4516 obtenebrati
2929 4479 3071 4523 sunt.
3105 4466 3281 4522 furore
3311 4473 3442 4528 duce
3467 4487 3522 4529 et
3549 4488 3729 4547 tyran-

2163 4543 2336 4596 nidem
2363 4558 2644 4601 exercente
2670 4589 2684 4612 ,
2725 4566 2857 4618 opus
2901 4566 3077 4608 autem
3110 4557 3305 4612 habent
3355 4577 3500 4618 sana:
3543 4543 3734 4624 tuentis

2161 4633 2389 4695 homine,
2443 4639 2528 4705 qui
2577 4639 2704 4707 ipsis
2752 4645 3056 4710 auxilietur,
3112 4659 3214 4701 tam
3274 4669 3465 4723 tietnpe
3508 4659 3727 4728 laedens,

2160 4740 2316 4792 quam
2350 4729 2550 4794 patiens
2581 4748 2592 4782 :
2622 4731 2705 4784 hic
2733 4732 2946 4800 quidem
2973 4776 2987 4799 ,
3030 4746 3087 4790 ut
3125 4742 3261 4794 male
3293 4747 3495 4810 patiens
3542 4751 3737 4808 libere-

2162 4825 2282 4878 tur;
2319 4819 2403 4871 ille
2427 4836 2568 4887 vero,
2598 4833 2653 4875 ut
2681 4824 2826 4901 mala_
2848 4825 2970 4880 infe:
2986 4846 3043 4884 re
3070 4831 3292 4887 desinat.
3318 4839 3528 4895 Accede
3553 4843 3730 4912 igitur,

2160 4919 2213 4962 et
2273 4925 2482 4964 tnattutn
2540 4916 2752 4985 porrige
2804 4919 3011 4976 sobrius
3056 4928 3488 4985 tantilem-1.1m
3540 4940 3736 5006 quippe

2159 5001 2466 5057 ebrietatem
2496 5007 2672 5074 parit,
2708 5009 2811 5061 vini
2859 5014 3163 5071 temulentia
3212 5001 3571 5080 deteriorem;
3617 5001 3731 5084 .\"on

2160 5097 2304 5151 vides
2325 5111 2532 5163 nautas,
2556 5117 2674 5155 cum
2703 5104 2908 5172 aliquos
2929 5121 3150 5162 cernunt
3188 5112 3422 5169 incidere
3442 5118 3492 5170 in
3521 5120 3731 5175 naufra-

2159 5189 2321 5257 gium.
2355 5191 2618 5258 quomodo
2647 5194 2758 5247 vela
2800 5199 3160 5264 expandentes
3182 5245 3194 5263 ,
3235 5219 3355 5257 cum
3392 5223 3580 5278 magna
3613 5213 3732 5266 (ιλιι.

2157 5282 2334 5363 gentia
2361 5296 2679 5351 properent,
2711 5298 2769 5340 ut
2799 5291 2971 5344 socios
3018 5309 3086 5347 ex
3131 5293 3376 5352 fluetibus
3417 5305 3644 5358 eruant?
3671 5307 3727 5360 Si

2161 5385 2282 5424 vero
2307 5373 2436 5426 artis
2465 5373 2702 5441 ejusdem
2731 5390 3005 5435 consortes
3037 5393 3234 5438 tantum
3267 5388 3367 5441 sibi
3391 5387 3574 5446 mutuo
3598 5410 3732 5462 pne-

2160 5471 2299 5514 stant
2318 5464 2592 5529 auxilium,
2619 5467 2783 5520 multo
2814 5471 2980 5539 magis
3007 5475 3245 5540 ejusdem
3275 5494 3478 5534 natura:
3504 5498 3727 5540 consor-

2162 5562 2239 5607 tes
2269 5553 2380 5608 btrc
2400 5556 2574 5608 omnia
2616 5556 2792 5613 facere
2839 5577 2931 5630 par
2957 5575 3056 5616 est.
3087 5565 3214 5618 Nam
3248 5567 3334 5622 hic
3357 5588 3567 5642 quoque
3599 5593 3731 5631 nau-

2161 5641 2380 5711 fragium
2434 5657 2516 5700 est
2569 5649 2660 5701 illo
2708 5653 3074 5716 perniciosius.
3133 5659 3238 5709 Aut
3265 5661 3408 5714 enim
3458 5641 3546 5719 ille
3576 5666 3733 5723 laesus

2162 5733 2580 5803 blasphemavit,
2637 5749 2690 5791 et
2725 5744 2900 5796 omnia
2957 5742 3092 5799 bona
3150 5753 3456 5816 evacuavit;
3504 5765 3595 5809 aut
3644 5773 3740 5827 pe-

2153 5827 2344 5894 jcravit
2366 5868 2379 5893 ,
2415 5827 2490 5882 ira
2521 5839 2761 5900 cogente,
2806 5842 2967 5902 atque
3005 5835 3056 5892 in
3083 5835 3378 5910 gehennam
3409 5843 3626 5917 incidit;
3657 5851 3734 5904 vel
