4114 6472
363 435 474 493 237

363 549 581 618 plagam
608 544 769 602 infert
793 552 955 614 atque
980 554 1185 608 necem,
1204 549 1262 597 et
1283 538 1385 595 hoc
1410 538 1582 609 ipsum
1606 539 1961 610 patiturnan-

366 638 616 710 fragium.
645 637 817 707 Perge
864 633 1046 706 igitur,
1074 634 1274 689 malum
1304 631 1435 686 illud
1476 630 1605 687 seda
1630 672 1645 696 ,
1677 630 1959 686 demersos

362 728 610 794 extrahe,
636 728 689 783 in
714 726 889 795 ipsum
913 724 1245 794 tetnpestatis
1271 722 1489 794 pelagus
1508 720 1881 801 descendens,
1894 736 1959 776 ac

366 822 546 876 soluto
594 817 793 874 diaboli
836 816 1086 883 theatro,
1135 816 1361 872 scorsim
1410 813 1648 886 singulos
1697 814 1961 877 admone,

366 911 638 967 ﬂammam
680 909 982 980 exstingue,
1034 907 1333 976 ﬂuctusque
1368 906 1687 976 comprime.
1736 905 1794 961 Si
1832 920 1964 961 vero

366 1003 546 1072 majus
572 1001 728 1057 fuerit
750 1002 1077 1062 incendium,
1105 998 1402 1068 fornaxque
1426 997 1702 1054 ardentior
1723 1038 1739 1063 ,
1771 1011 1842 1053 ne
1858 998 1966 1052 for-

371 1096 595 1152 mides:
628 1095 781 1151 multi
808 1096 956 1150 enim
998 1091 1194 1147 adsunt
1221 1090 1314 1162 qui
1338 1090 1432 1146 tibi
1467 1090 1817 1177 opitulentur,
1844 1105 1964 1145 ma-

364 1204 607 1260 numque
638 1187 909 1260 porrigant
932 1227 947 1252 ,
972 1186 1016 1240 si
1048 1185 1222 1240 solum
1247 1183 1491 1253 incipias,
1520 1193 1684 1255 atque
1706 1197 1819 1252 prae
1848 1196 1984 1237 omw

370 1281 531 1336 nibus
557 1281 698 1337 Dens
746 1279 911 1350 pacis.
962 1277 1028 1333 Et
1062 1277 1108 1332 si
1138 1276 1284 1346 prior
1311 1274 1581 1330 ﬂammam
1633 1274 1962 1340 excusseris,

367 1372 522 1428 multi
567 1372 654 1426 alii
698 1379 1008 1440 sequentur,
1041 1367 1227 1438 sicque
1271 1381 1480 1431 eorum,
1533 1381 1653 1436 qua:
1676 1366 1773 1436 ipsi
1821 1375 1967 1421 recte

365 1464 614 1531 fecerint,
646 1472 701 1518 tu
750 1460 1055 1518 mercedem
1081 1459 1339 1529 accipies.
1392 1457 1531 1514 Audi
1566 1458 1693 1529 qttid
1719 1456 1965 1514 Christus

365 1555 571 1612 Judaeis
604 1554 747 1609 humi
769 1552 1085 1622 repentibus
1108 1550 1443 1621 pneceperit.
1466 1549 1531 1606 Si
1544 1550 1749 1616 videris,
1771 1549 1961 1620 inquit,

360 1651 655 1718 jumentum
694 1644 889 1699 inimici
938 1643 1011 1697 tui
1054 1642 1276 1713 lapsum,
1332 1658 1396 1695 ne
1450 1652 1829 1711 praetereuntis,
1878 1643 1967 1695 sed

372 1740 512 1811 erige
566 1736 699 1792 illud
748 1735 944 1806 (Exod.
991 1734 1083 1789 23.
1116 1733 1215 1805 5).
1249 1733 1410 1803 Atqui
1447 1732 1605 1804 longe
1653 1731 1859 1788 facilius
1885 1740 1967 1787 est

365 1843 491 1885 sese
540 1835 727 1883 mutuo
773 1825 1122 1882 verberantes
1171 1824 1423 1880 homines
1475 1836 1747 1894 separare,
1800 1832 1963 1893 quam

356 1926 669 1997 jnmentum
726 1920 955 1992 erigere.
1012 1916 1069 1974 Si
1119 1932 1248 1973 vero
1312 1916 1651 1971 inimicorum
1700 1915 1914 1970 asinum
1944 1956 1961 1980 ,

365 2012 537 2069 multo
564 2012 732 2083 magis
760 2012 1057 2066 amicorum
1080 2010 1289 2064 animas
1316 2018 1531 2078 Oportet
1560 2009 1771 2078 erigere
1798 2027 1810 2063 :
1836 2023 1958 2064 cum

361 2106 604 2161 maxime
631 2104 867 2159 deterior
889 2111 972 2157 est
1001 2103 1155 2155 ruina
1180 2117 1195 2163 ;
1230 2115 1405 2169 neque
1435 2101 1577 2154 enim
1622 2100 1676 2153 in
1725 2114 1963 2166 omnum,

370 2198 470 2252 sed
497 2198 550 2251 in
595 2197 893 2267 gehennam
922 2193 1061 2263 ignis
1108 2191 1390 2256 incidunt,
1416 2190 1559 2262 quod
1612 2191 1703 2245 ira:
1756 2191 1965 2261 pondus

356 2303 523 2359 grave
543 2303 648 2342 non
667 2283 1121 2341 sustinuerint.’l‘u
1143 2298 1271 2337 vero
1288 2282 1474 2338 videns
1493 2281 1711 2337 fratrem
1735 2282 1836 2338 sub
1859 2298 1968 2338 sar-

357 2382 478 2435 cina
496 2380 763 2449 jacentem
784 2420 798 2443 ,
838 2388 893 2433 et
939 2376 1213 2432 diabolum
1233 2376 1518 2430 instantem
1539 2390 1602 2430 ac
1625 2390 1812 2445 rogum
1841 2391 1965 2431 suc-

359 2473 679 2529 eendentem
700 2512 713 2535 ,
744 2470 1103 2524 inhumaniter
1144 2467 1539 2537 crudeliterque
1575 2469 1963 2539 praetercurris,

358 2564 502 2635 quod
545 2578 613 2619 ne
649 2577 774 2632 erga
804 2562 955 2617 bruta
981 2558 1200 2631 quidem
1240 2559 1355 2613 sine
1386 2560 1622 2627 periculo
1646 2558 1963 2616 admittitur.

441 2658 532 2713 ll.
585 2654 692 2710 Eos
733 2656 820 2725 qui
858 2653 1143 2709 rixantibus
1181 2669 1282 2706 non
1319 2652 1666 2717 intercedunt,
1699 2654 1967 2725 increpat;

358 2750 565 2813 deinde,
611 2749 749 2817 ipsos
794 2747 1067 2801 rixatores.
1096 2744 1559 2800 —Samaritanus
1609 2744 1824 2814 quidem
1877 2745 1967 2801 ille

358 2839 601 2896 saucium
642 2839 831 2893 videns
858 2838 1118 2908 ignotum,
1155 2835 1392 2905 nihilque
1426 2834 1492 2890 ad
1532 2850 1655 2890 eum
1695 2838 1969 2907 pertinen-

364 2937 496 2993 tem,
527 2937 582 2983 et
619 2928 784 2991 stetit,
831 2936 883 2981 et
903 2928 1149 2996 iumento
1178 2939 1276 2979 suo
1297 2925 1569 2995 imposuit,
1605 2926 1763 2994 inque
1790 2926 1968 2981 diver-

361 3019 563 3075 sorium
592 3017 834 3083 deduxit,
866 3033 929 3071 ac
958 3017 1223 3072 medicum
1269 3015 1518 3071 mercede
1542 3017 1834 3083 conduxit,
1879 3033 1968 3071 ar-

362 3118 686 3180 gentumque
709 3109 898 3179 partim
924 3107 1089 3172 dedit,
1116 3108 1413 3177 partimque
1431 3107 1693 3176 pollicitus
1713 3114 1795 3162 est
1810 3106 1962 3177 (Luc.

365 3202 455 3258 10.
505 3202 595 3256 33.
636 3201 796 3271 sqq.).
839 3199 921 3255 Tu
963 3215 1089 3255 vero
1117 3200 1243 3253 dum
1288 3199 1558 3253 hominem
1589 3200 1735 3255 vides
1765 3198 1853 3268 qui
1882 3199 1965 3253 in-

364 3295 513 3356 cidit,
544 3310 648 3351 non
680 3295 735 3347 in
780 3293 1038 3357 latrones,
1059 3292 1152 3347 sed
1192 3292 1246 3346 in
1273 3290 1664 3348 daemoniorum
1690 3292 1962 3357 cohortes,

364 3387 562 3456 quique
593 3383 773 3438 furore
815 3393 1099 3451 correptus
1146 3390 1251 3446 est,
1302 3395 1406 3435 non
1439 3381 1491 3435 in
1517 3380 1755 3446 deserto,
1785 3382 1879 3435 sed
1909 3384 1963 3436 in

366 3478 546 3533 medio
576 3476 713 3539 foro,
734 3490 839 3530 non
862 3475 1136 3545 pecuniam
1160 3475 1521 3541 impensurus,
1544 3488 1641 3528 nec
1661 3472 1963 3543 iumentum

362 3569 753 3634 conducturos,
781 3568 862 3623 vel
890 3566 1124 3637 aliquem
1156 3565 1344 3636 procul
1371 3565 1652 3629 missurus,
1679 3563 1774 3619 sed
1802 3566 1964 3620 verba

368 3672 574 3718 tantum
620 3661 941 3731 prolaturus,
988 3658 1256 3713 cunctaris
1305 3671 1369 3712 ac
1412 3655 1628 3727 refugis,
1655 3666 1815 3727 atque
1846 3656 1965 3712 sine

367 3753 737 3811 misericordia
788 3752 1195 3823 praetercurris?
1243 3750 1311 3805 Et
1354 3749 1626 3819 quomodo
1676 3762 1864 3814 speras
1916 3756 1968 3805 te

368 3847 536 3902 Deum
585 3860 834 3911 umquam
881 3844 1169 3912 propitium
1198 3840 1502 3895 habiturum
1537 3840 1696 3895 esse?
1720 3839 1838 3894 iam
1869 3855 1966 3895 vos

367 3941 611 4011 alloquar
638 3940 727 4009 qui
757 3940 809 3993 in
839 3938 954 3993 foro
980 3937 1235 3992 indecore
1255 3936 1433 4006 agitis,
1458 3950 1685 4007 eumque
1704 3937 1794 4006 qui
1821 3935 1968 3991 lmdit

367 4041 424 4087 et
455 4032 635 4100 inique
663 4030 790 4099 agit.
838 4028 931 4082 Die
961 4027 1111 4094 mihi,
1141 4026 1322 4098 plagas
1353 4026 1566 4091 incutis,
1598 4026 1836 4081 calcibus
1862 4027 1967 4081 im-

371 4123 529 4195 potis,
558 4131 612 4176 et
639 4118 892 4175 mortles?
919 4118 1092 4175 Susne
1121 4118 1364 4173 silvester
1394 4131 1470 4183 es,
1501 4118 1581 4171 vel
1605 4117 1839 4186 onager?
1860 4115 1967 4171 Nec

372 4227 426 4273 te
450 4216 633 4286 pudet,
660 4229 762 4269 nec
787 4212 1081 4269 erubescis.
1112 4210 1183 4265 ita
1210 4210 1485 4273 elferatus,
1514 4209 1603 4278 qui
1632 4209 1965 4264 nobilitatem

378 4320 520 4363 tuam
566 4306 879 4377 prodidisti?
921 4304 980 4359 Si
1029 4303 1171 4358 enim
1206 4318 1405 4372 pauper
1430 4317 1511 4365 es,
1554 4310 1607 4354 at
1637 4301 1773 4356 liber
1798 4317 1890 4367 es;
1921 4302 1966 4355 si

373 4398 561 4454 artifex
588 4412 669 4461 es,
714 4396 805 4452 sed
832 4395 1191 4451 Christianus.
1227 4393 1302 4447 Eo
1329 4393 1447 4463 ipso
1476 4392 1616 4460 quod
1655 4407 1856 4463 pauper
1885 4408 1962 4459 es,

373 4492 651 4561 quiescere
676 4489 861 4544 debes.
890 4488 1020 4543 Nam
1052 4486 1272 4541 divitum
1302 4494 1386 4539 est
1416 4485 1644 4556 litigare,
1678 4502 1788 4541 non
1834 4501 1966 4556 pau-

376 4599 598 4650 perum;
638 4580 879 4641 divitum,
930 4579 1165 4651 inquam,
1203 4572 1516 4646 quifmultas
1548 4577 1966 4647 Italientjnrgio-

380 4690 498 4730 rutu
524 4687 727 4729 causas.
757 4670 837 4725 Tu
877 4686 1005 4724 vero
1042 4668 1132 4738 qui
1178 4668 1479 4722 divitiarum
1510 4669 1832 4735 voluptatem
1862 4684 1966 4722 non

378 4766 565 4832 habes,
594 4765 725 4819 mala
754 4775 929 4818 tamen
950 4761 1251 4816 divitiarum
1279 4761 1495 4827 qnmris,
1525 4759 1830 4815 inimicitias
1852 4760 1965 4823 tibi,

378 4858 750 4916 contentiones
797 4867 849 4912 et
881 4857 1023 4911 rixas
1050 4854 1346 4917 attrahens,
1378 4854 1593 4908 fratrem
1624 4856 1880 4922 przel'ocus
1915 4863 1970 4908 et

378 4950 550 5020 augis,
594 4957 649 5001 et
679 4949 889 5017 publice
919 4946 1018 5000 sub
1046 4946 1285 4999 omnimn
1312 4944 1481 4997 oculis
1514 4946 1808 5013 prosternis
1835 4966 1846 5000 :
1874 4960 1972 5000 nec

380 5051 435 5096 te
456 5048 607 5108 putas
634 5039 800 5107 magis
827 5037 1076 5091 indecore
1102 5051 1283 5105 agere,
1308 5034 1433 5088 dum
1461 5036 1686 5089 ferarum
1715 5035 1972 5103 impetum

382 5130 627 5193 imitaris,
673 5127 964 5198 quinetiam
1009 5127 1114 5180 illis
1150 5125 1383 5180 deterior
1420 5125 1642 5179 elTectns
1670 5140 1749 5179 es.
1782 5124 1972 5181 Omnia

380 5222 575 5289 quippe
606 5219 708 5273 illis
735 5216 1034 5271 communia
1066 5226 1207 5281 sunt,
1240 5217 1396 5269 simul
1425 5228 1837 5288 congregantur,
1864 5233 1970 5273 una

384 5311 669 5375 incedunt;
716 5310 869 5363 nobis
912 5324 1040 5363 vero
1072 5308 1201 5363 nihil
1230 5325 1513 5364 commune
1540 5318 1639 5372 est,
1673 5310 1766 5364 sed
1794 5312 1973 5365 omnia

1525 424 1591 483 ιΝ
1628 423 2036 483 ΜΛΤΤΗΑΞΠΜ
2073 424 2307 485 ΗΟΜΙΙ...
2349 426 2490 482 XVI.

3565 440 3675 496 938

2070 529 2382 607 ἰιιίιιιίεἰιίἒ,
2404 541 2766 598 contumelia.
2815 542 2921 599 Sed
2949 560 3125 617 neque
3150 548 3342 603 ett-lum
3374 550 3546 619 ipsum
3582 568 3673 607 re-

2068 642 2340 695 veremur,
2367 646 2688 701 quo,omnes
2717 632 2878 689 simul
2908 637 3083 691 vocati
3110 653 3321 704 sumus,
3353 656 3529 710 nerine
3555 652 3669 697 ter-

2068 736 2185 776 ram
2228 737 2349 792 qua:
2396 723 2553 778 nobis
2598 726 2850 781 omnibus
2902 728 3141 794 obvenit,
3196 747 3375 801 neque
3420 744 3671 791 naturam

2069 812 2240 881 ipsam
2272 813 2409 870 :sed
2458 814 2637 871 omnia
2689 816 2851 873 simul
2905 818 2985 873 ira
3036 828 3091 874 et
3138 837 3290 876 amor
3323 825 3670 890 pecuniarum

2069 903 2369 975 dissipavit.
2400 906 2516 962 Non
2563 907 2716 964 vides
2756 909 2906 965 illum
2935 911 3026 981 qui
3055 910 3241 968 decem
3279 914 3443 970 millia
3474 917 3681 973 talenta

2070 996 2320 1064 debebat,
2352 1006 2635 1069 postquam
2682 1000 2768 1055 illa
2809 1001 2910 1057 sibi
2941 1002 3164 1058 remissa
3195 1005 3423 1073 fuerant,
3448 1021 3674 1063 conser-

2072 1102 2196 1141 vum
2238 1102 2395 1143 suum
2435 1089 2789 1147 suﬂ‘ocantem
2845 1107 2942 1163 pro
2983 1105 3199 1150 centum
3244 1096 3497 1163 denariis,
3544 1105 3678 1171 quot

2071 1176 2209 1230 mala
2240 1175 2409 1233 subiit
2438 1190 2491 1234 et
2517 1180 2789 1250 quomodo
2816 1191 3021 1237 aeterno
3052 1184 3275 1240 traditus
3307 1186 3372 1241 sit
3409 1188 3676 1258 supplicio

2071 1268 2092 1338 (
2114 1266 2305 1324 llattlt.
2338 1270 2427 1327 18.
2458 1270 2549 1327 28.
2592 1289 2700 1343 sqq.
2724 1271 2788 1345 )?
2827 1273 2943 1330 Non
2992 1276 3148 1332 times
3189 1279 3536 1347 exemplum?
3563 1295 3675 1336 non

2071 1364 2267 1420 metuis
2294 1381 2363 1421 ne
2390 1374 2444 1419 tu
2473 1365 2950 1437 eadempatiaris?
2973 1369 3182 1424 Etmiim
3214 1386 3310 1426 nos
3329 1388 3545 1442 quoque
3572 1373 3683 1429 Do-

2073 1455 2220 1511 mino
2248 1456 2478 1525 plurima
2506 1468 2807 1529 magnaque
2832 1460 3124 1525 debemus;
3156 1463 3245 1517 ille
3282 1472 3459 1519 tamen
3482 1480 3677 1535 exspe-

2072 1557 2183 1603 ctat
2226 1558 2282 1604 et
2320 1550 2586 1619 patienter
2632 1551 2741 1621 agit
2772 1570 2787 1605 :
2821 1566 2926 1607 non
2957 1553 3139 1617 instat,
3172 1564 3231 1609 ut
3269 1570 3370 1611 nos
3398 1557 3676 1613 conservis

2073 1640 2274 1696 nostris
2300 1656 2313 1693 :
2346 1655 2454 1703 non
2485 1655 2584 1696 nos
2613 1643 2761 1714 angit
2783 1651 2841 1699 et
2864 1642 3089 1699 suffocat
3122 1662 3134 1699 :
3161 1654 3309 1701 certe
3328 1647 3378 1704 si
3406 1648 3493 1703 rei
3517 1647 3677 1703 mini-

2071 1744 2214 1785 mam
2238 1740 2443 1799 partem
2471 1731 2637 1787 vellet
2653 1746 2684 1786 a
2707 1733 2862 1788 nobis
2882 1734 3119 1803 exigere,
3142 1735 3255 1805 jam
3272 1736 3398 1791 olim
3423 1737 3676 1807 periisse-

2071 1835 2213 1875 mus.
2244 1819 2369 1875 llrc
2414 1821 2595 1893 itaque
2618 1822 2942 1893 cogitantes,
2976 1826 3181 1891 dilecti,
3224 1825 3587 1894 humiliemur,
3619 1837 3675 1883 et

2071 1911 2407 1969 debitoribus
2452 1916 2649 1970 nostris
2697 1916 2923 1986 gratiam
2975 1915 3316 1975 habeamus:
3359 1928 3487 1975 sunt
3527 1921 3674 1975 enim

2072 2004 2249 2071 nobis,
2295 2005 2341 2061 si
2363 1990 2831 2077 philosophemur,
2849 2010 3064 2065 occasio
3092 2010 3342 2066 maxima:
3388 2012 3671 2085 indulgen-

2072 2094 2161 2150 tiae
2188 2114 2202 2149 :
2234 2103 2290 2151 et
2320 2110 2482 2166 pauca
2506 2096 2715 2160 dantes,
2737 2097 2970 2169 plurima
2993 2100 3336 2171 accipiemus.
3356 2100 3495 2170 Quid
3517 2105 3676 2174 igitur

2072 2184 2338 2241 violenter
2379 2186 2447 2241 ab
2488 2203 2555 2243 eo
2600 2188 2792 2259 exigis,
2830 2203 2954 2244 eum
3000 2200 3292 2260 oporteret,
3322 2194 3532 2248 etiamsi
3559 2194 3675 2266 ipse

2072 2277 2284 2332 solvere
2328 2277 2515 2344 vellet,
2563 2277 2803 2335 debitum
2853 2280 3151 2348 remittere,
3200 2292 3257 2337 ut
3295 2292 3467 2338 totum
3498 2300 3529 2339 a
3562 2284 3679 2340 Deo

2071 2366 2380 2437 acciperes?
2402 2367 2556 2423 Nunc
2584 2384 2715 2424 vero
2736 2369 2869 2424 nihil
2896 2384 3004 2425 non
3026 2372 3160 2441 agis,
3192 2372 3301 2427 vim
3332 2373 3518 2439 infers,
3544 2389 3674 2429 con-

2075 2457 2270 2525 tendis,
2303 2468 2359 2512 ιιι
2387 2459 2479 2514 tibi
2509 2460 2639 2513 nihil
2666 2474 2734 2514 ex
2760 2460 2956 2516 debitis
2990 2463 3092 2515 tuis
3138 2464 3471 2527 remittatur;
3505 2475 3558 2520 et
3590 2466 3673 2519 vi-

2073 2548 2225 2603 deris
2261 2548 2479 2620 quidem
2520 2550 2767 2620 proximo
2811 2560 2905 2605 tuo
2944 2551 3245 2607 molestiam
3296 2554 3516 2621 inferre,
3544 2555 3675 2611 dum

2070 2642 2306 2714 gladium
2334 2644 2430 2698 tibi
2456 2644 2734 2711 admoves,
2765 2656 2816 2699 et
2839 2644 3096 2716 gehenna:
3124 2646 3441 2717 supplicium
3473 2664 3677 2719 auges;

2072 2738 2117 2791 si
2148 2746 2326 2791 autem
2351 2737 2433 2791 rel
2457 2738 2723 2792 tantillum
2752 2738 2839 2792 hic
2886 2737 3302 2809 philosopheris,
3336 2738 3564 2794 leviores
3591 2740 3673 2794 ef-

2071 2826 2189 2881 ficis
2227 2827 2465 2883 rationes
2505 2842 2800 2898 pasnasque
2831 2836 2968 2883 tuas.
3002 2827 3214 2899 Etenim
3240 2829 3377 2885 Deus
3408 2829 3529 2883 ideo
3559 2830 3679 2887 vult

2072 2925 2129 2969 ut
2158 2913 2300 2985 apud
2325 2930 2424 2971 nos
2453 2915 2756 2987 hujusmodi
2783 2906 3077 2974 liberalitas
3105 2918 3325 2979 oriatur,
3355 2929 3411 2974 ut
3439 2922 3677 2975 occasio-

2071 3021 2195 3061 nem
2245 3006 2371 3061 binc
2412 3017 2592 3076 captet
2639 3008 2863 3077 plurima
2913 3008 3071 3063 nobis
3114 3009 3369 3064 donandi.
3403 3009 3676 3081 Quotquot

2071 3098 2233 3167 igitur
2277 3097 2550 3154 debitores
2593 3100 2683 3153 tibi
2728 3110 2874 3165 sunt,
2922 3102 3035 3155 sive
3078 3102 3145 3155 tle
3184 3103 3442 3171 pecuniis,
3470 3104 3583 3157 sive
3607 3103 3681 3157 de

2070 3188 2293 3245 ollensis
2318 3199 2527 3259 agatur,
2572 3190 2671 3244 bos
2697 3206 2887 3247 omnes
2916 3191 3125 3246 dimitte
3172 3194 3389 3260 liberos,
3421 3203 3476 3247 et
3504 3210 3533 3247 a
3565 3194 3682 3249 Deo

2072 3282 2305 3352 pustula,
2352 3291 2413 3337 ut
2462 3291 2624 3337 tanta:
2673 3284 3126 3354 magnanimitatis
3171 3285 3262 3338 tibi
3304 3287 3448 3340 vices
3480 3302 3676 3357 repen—

2072 3370 2284 3427 duntur.
2331 3373 2511 3429 Donec
2554 3374 2698 3428 enim
2746 3375 2890 3444 ipsos
2935 3376 3211 3430 debitores
3238 3377 3476 3442 habebis,
3509 3378 3675 3433 Deum

2071 3465 2370 3521 debitorem
2411 3482 2515 3521 non
2564 3466 2827 3534 habebis;
2875 3467 2957 3522 sin
2989 3469 3111 3523 illos
3144 3470 3341 3525 liberos
3383 3470 3675 3536 dimiseris,

2072 3557 2273 3625 poteris
2305 3571 2336 3611 a
2391 3558 2501 3613 Deo
2544 3558 2762 3629 exigere
2799 3574 2922 3613 cum
2974 3560 3226 3615 instantia
3272 3576 3460 3631 magna
3514 3572 3677 3616 tanta:

2073 3646 2428 3716 philosophiae
2474 3648 2807 3703 mercedem.
2858 3650 2914 3705 Si
2960 3654 3103 3703 enim
3150 3652 3311 3705 homo
3342 3652 3672 3721 pra‘tcriens,

2071 3737 2365 3808 vidensque
2387 3747 2439 3793 te
2467 3738 2764 3794 debitorem
2810 3748 3016 3806 tenere,
3041 3741 3256 3811 iuberet
3295 3754 3346 3797 te
3389 3744 3559 3813 ipsum
3591 3745 3677 3798 di-

2074 3828 2312 3893 mittere,
2355 3839 2410 3883 et
2441 3829 2537 3883 abs
2575 3845 2635 3884 se
2663 3830 2915 3890 debitum,
2933 3848 3236 3900 reposcere,
3267 3851 3373 3889 non
3399 3848 3546 3891 certe
3590 3840 3671 3891 in~

2072 3927 2258 3988 gratus
2303 3918 2378 3972 illi
2424 3918 2566 3974 foret
2609 3930 2731 3989 post
2775 3922 3171 3990 remissionem,
3204 3932 3387 3995 utpote
3414 3928 3503 3997 qbi
3532 3929 3582 3981 in
3614 3942 3677 3984 se

2075 4020 2245 4066 totum
2291 3999 2969 4080 transtulerit:quomodo
3020 4014 3161 4069 Deus
3212 4032 3317 4070 non
3372 4018 3522 4088 plura
3548 4020 3673 4086 alia,

2075 4103 2183 4156 imo
2224 4103 2421 4157 millies
2453 4102 2601 4171 plura
2635 4103 2843 4169 reddet,
2870 4120 2989 4159 cum
3022 4106 3136 4175 ejus
3175 4119 3439 4179 praecepti.
3469 4111 3677 4165 obtem-

2074 4202 2346 4261 perantes,
2370 4192 2640 4249 debitores
2665 4206 2898 4261 nostros,
2924 4212 3023 4251 nec
3042 4213 3283 4264 parvum,
3305 4215 3403 4255 nec
3426 4216 3677 4271 magnum

2075 4288 2143 4341 ab
2184 4288 2262 4341 eis
2292 4286 2715 4355 expostulantes,
2766 4286 3133 4343 dimiserimus
3180 4306 3398 4360 prorsus
3440 4294 3677 4349 liberos?

2075 4378 2151 4433 Ne
2182 4388 2582 4447 temporaneam
2607 4378 2749 4432 illam
2777 4379 3100 4449 voluptatem
3124 4384 3482 4449 attendamus,
3514 4402 3673 4457 quam

2077 4471 2256 4525 debita
2291 4480 2598 4539 repetentes
2626 4472 2949 4540 accipimus;
2992 4475 3087 4529 sed
3119 4476 3372 4532 damnum
3404 4478 3532 4534 illud
3557 4493 3677 4535 tan-

2078 4572 2212 4627 tttm,
2238 4561 2380 4632 quod
2408 4563 2461 4616 in
2488 4562 2665 4615 futuro
2705 4575 3098 4632 exspectamus,
3134 4566 3185 4621 in
3218 4568 3371 4623 bonis
3398 4570 3677 4625 immorta-

2080 4654 2217 4707 libus
2266 4666 2363 4706 nos
2412 4652 2557 4720 ipsos
2608 4652 2882 4708 laedentes.
2913 4653 3173 4711 Omnibus
3216 4674 3345 4727 ergo
3372 4664 3680 4729 Superiores.

2078 4742 2225 4808 facti,
2274 4742 2569 4813 largiamur
2614 4754 2669 4798 et
2714 4746 2966 4812 pecunias
2992 4757 3047 4801 et
3090 4747 3319 4804 oll‘ensas
3350 4752 3680 4810 debitoribus

2080 4834 2299 4902 nostris,
2327 4846 2381 4890 ut
2405 4835 2635 4893 leviores
2661 4838 2815 4893 nobis
2838 4840 3071 4895 rationes
3089 4841 3386 4899 reddendas
3407 4842 3687 4912 paremusi

2078 4938 2133 4983 et
2160 4928 2303 4999 quod
2334 4944 2438 4984 non
2479 4930 2746 5000 potuimus
2777 4946 2872 4999 per
2897 4932 3028 4988 alias
3058 4934 3281 4991 virtutes
3308 4938 3547 5007 assequi,
3590 4958 3684 5005 per

2080 5024 2402 5078 oblivionem
2439 5024 2757 5094 iniuriarum
2774 5037 3183 5096 consequentes,
3202 5040 3402 5083 aeterna
3421 5032 3681 5099 adipis-cm

2080 5130 2199 5169 mur
2232 5115 2390 5177 bona,
2422 5118 2588 5186 gratia
2621 5128 2675 5171 et
2700 5117 3071 5173 misericordia
3118 5120 3325 5174 Domini
3354 5124 3520 5175 uestri
3552 5122 3679 5178 Jesu

2081 5207 2301 5268 Christi,
2345 5208 2432 5261 cui
2475 5207 2643 5276 gloria
2689 5220 2743 5261 et
2773 5208 3075 5276 imperium,
3108 5226 3248 5265 nunc
3275 5221 3328 5264 et
3358 5228 3591 5283 semper,
3632 5224 3687 5270 et

2085 5298 2138 5350 in
2165 5296 2355 5352 smcula
2386 5284 2723 5351 saeculoruni.
2758 5298 2945 5351 Amen.

383 5418 477 5458 sus
515 5403 686 5471 dequo
729 5404 894 5469 posita
926 5410 1069 5464 sunt,
1104 5402 1249 5466 rixae,
1280 5402 1670 5468 cuntentiones,
1709 5401 1972 5469 convicia,

694 5494 855 5503 ...ἡ

858 5494 1097 5501 ..α’-.φῇ

404 5499 443 5506 ___
456 5494 1349 5505 __—_._._-——.-———-v-————-————-~
1364 5493 1447 5499 --.-
1462 5494 1543 5500 -ν-ν-ι
1560 5494 1693 5500 ν-ω-νκ

1940 5494 2041 5502 ——.-—.

1746 5569 2095 5631 HOMILIA
2140 5569 2311 5630 XVI.

388 5677 517 5736 Car.
563 5678 616 5733 5.
658 5692 713 5730 v.
753 5677 842 5730 i7.
886 5674 1059 5729 Nolite
1099 5684 1297 5743 putare,
1340 5674 1475 5741 quor'
1531 5664 1746 5729 venerim
1790 5675 1983 5731 soluere

889 5767 1046 5839 legem
1076 5775 1164 5819 aut
1190 5764 1478 5835 prophetas.

470 5863 515 5919 Ι.
544 5860 711 5934 Quare
744 5862 973 5918 Christus
996 5878 1049 5916 se
1068 5877 1167 5915 nou
1200 5860 1390 5915 solvere
1420 5860 1577 5930 legem
1603 5863 1905 5925 asseruerit;
1936 5871 1984 5918 et

2089 5692 2179 5729 cur
2204 5692 2303 5729 non
2332 5692 2502 5729 omnm
2516 5679 2660 5746 quasi
2686 5679 2986 5732 auctoritate
3004 5695 3095 5731 suo
3120 5678 3368 5745 fueiat.-—-
3385 5677 3515 5745 Quis
3540 5678 3686 5732 enim

2089 5766 2140 5822 id
2170 5766 2255 5823 fue
2291 5778 2343 5822 at
2372 5769 2714 5839 suspicatus?
2743 5782 2834 5825 aut
2864 5770 2983 5839 quis
3009 5770 3303 5840 obiecerat,
3346 5780 3402 5823 ut
3434 5769 3556 5823 huic
3586 5770 3687 5823 ob-

2085 5859 2306 5932 iectioni
2333 5862 2676 5917 occurreret?
2707 5862 2890 5934 Neque
2916 5864 3058 5920 enim
3090 5879 3151 5920 cx
3184 5863 3341 5921 dictis
3364 5862 3481 5917 tatis
3506 5862 3687 5932 suspi-v
