  <div class='ocr_page' id='page_1' title='image "/cluster/home/n/w/nwhite01/storage/ocr_20150623/57/uva.x004697226/167.png"; bbox 0 0 4114 6556; ppageno 0'>
   <div class='ocr_carea' id='block_1_1' title="bbox 441 466 548 521">
    <p class='ocr_par' dir='ltr' id='par_1_1' title="bbox 441 466 548 521">
     <span class='ocr_line' id='line_1_1' title="bbox 441 466 548 521; baseline -0.009 0"><span class='ocrx_word' id='word_1_1' title='bbox 441 466 548 521; x_wconf 70' lang='lat'><strong>239</strong></span> 
     </span>
    </p>
   </div>
   <div class='ocr_carea' id='block_1_2' title="bbox 432 549 2006 634">
    <p class='ocr_par' dir='ltr' id='par_1_2' title="bbox 432 549 2006 634">
     <span class='ocr_line' id='line_1_2' title="bbox 432 549 2006 634; baseline -0.015 -5"><span class='ocrx_word' id='word_1_2' title='bbox 432 579 518 632; x_wconf 75' lang='lat' dir='ltr'><strong>cio</strong></span> <span class='ocrx_word' id='word_1_3' title='bbox 544 571 811 630; x_wconf 86' lang='lat' dir='ltr'><strong>oriebatur</strong></span> <span class='ocrx_word' id='word_1_4' title='bbox 843 585 856 622; x_wconf 91' lang='lat'><strong>:</strong></span> <span class='ocrx_word' id='word_1_5' title='bbox 890 581 1014 621; x_wconf 83' lang='lat' dir='ltr'><strong>nam</strong></span> <span class='ocrx_word' id='word_1_6' title='bbox 1054 563 1194 634; x_wconf 93' lang='lat' dir='ltr'><strong>quod</strong></span> <span class='ocrx_word' id='word_1_7' title='bbox 1237 562 1447 632; x_wconf 88' lang='lat' dir='ltr'><strong>juberet</strong></span> <span class='ocrx_word' id='word_1_8' title='bbox 1474 559 1631 614; x_wconf 88' lang='lat' dir='ltr'><strong>mites</strong></span> <span class='ocrx_word' id='word_1_9' title='bbox 1651 568 1791 619; x_wconf 80' lang='lat' dir='ltr'><strong>esse,</strong></span> <span class='ocrx_word' id='word_1_10' title='bbox 1816 549 2006 630; x_wconf 74' lang='lat' dir='ltr'><strong>mode-</strong></span> 
     </span>
    </p>
   </div>
   <div class='ocr_carea' id='block_1_3' title="bbox 434 641 2006 735">
    <p class='ocr_par' dir='ltr' id='par_1_3' title="bbox 434 641 2006 735">
     <span class='ocr_line' id='line_1_3' title="bbox 434 641 2006 735; baseline -0.018 -12"><span class='ocrx_word' id='word_1_11' title='bbox 434 679 568 735; x_wconf 84' lang='lat' dir='ltr'><strong>stos,</strong></span> <span class='ocrx_word' id='word_1_12' title='bbox 623 660 1015 724; x_wconf 81' lang='lat' dir='ltr'><strong>misericordes,</strong></span> <span class='ocrx_word' id='word_1_13' title='bbox 1073 655 1298 710; x_wconf 89' lang='lat' dir='ltr'><strong>nmndos</strong></span> <span class='ocrx_word' id='word_1_14' title='bbox 1354 651 1515 707; x_wconf 90' lang='lat' dir='ltr'><strong>corde</strong></span> <span class='ocrx_word' id='word_1_15' title='bbox 1563 658 1620 705; x_wconf 86' lang='lat' dir='ltr'><strong>et</strong></span> <span class='ocrx_word' id='word_1_16' title='bbox 1667 661 1763 716; x_wconf 90' lang='lat' dir='ltr'><strong>pro</strong></span> <span class='ocrx_word' id='word_1_17' title='bbox 1797 641 2006 714; x_wconf 82' lang='lat' dir='ltr'><strong>justitia</strong></span> 
     </span>
    </p>
   </div>
   <div class='ocr_carea' id='block_1_4' title="bbox 430 736 2016 820">
    <p class='ocr_par' dir='ltr' id='par_1_4' title="bbox 430 736 2016 820">
     <span class='ocr_line' id='line_1_4' title="bbox 430 736 2016 820; baseline -0.02 -5"><span class='ocrx_word' id='word_1_18' title='bbox 430 760 731 820; x_wconf 71' lang='lat' dir='ltr'><strong>decertare,</strong></span> <span class='ocrx_word' id='word_1_19' title='bbox 763 752 892 808; x_wconf 94' lang='lat' dir='ltr'><strong>nihil</strong></span> <span class='ocrx_word' id='word_1_20' title='bbox 923 748 1097 804; x_wconf 90' lang='lat' dir='ltr'><strong>simile</strong></span> <span class='ocrx_word' id='word_1_21' title='bbox 1128 745 1429 807; x_wconf 77' lang='lat' dir='ltr'><strong>indicebat;</strong></span> <span class='ocrx_word' id='word_1_22' title='bbox 1459 742 1567 796; x_wconf 90' lang='lat' dir='ltr'><strong>imo</strong></span> <span class='ocrx_word' id='word_1_23' title='bbox 1593 739 1715 793; x_wconf 83' lang='lat' dir='ltr'><strong>huic</strong></span> <span class='ocrx_word' id='word_1_24' title='bbox 1742 736 1817 790; x_wconf 87' lang='lat' dir='ltr'><strong>rei</strong></span> <span class='ocrx_word' id='word_1_25' title='bbox 1849 737 2016 804; x_wconf 79' lang='lat' dir='ltr'><strong>oppo-</strong></span> 
     </span>
    </p>
   </div>
   <div class='ocr_carea' id='block_1_5' title="bbox 434 825 2017 910">
    <p class='ocr_par' dir='ltr' id='par_1_5' title="bbox 434 825 2017 910">
     <span class='ocr_line' id='line_1_5' title="bbox 434 825 2017 910; baseline -0.015 -9"><span class='ocrx_word' id='word_1_26' title='bbox 434 849 595 901; x_wconf 91' lang='lat' dir='ltr'><strong>situm</strong></span> <span class='ocrx_word' id='word_1_27' title='bbox 617 851 750 900; x_wconf 89' lang='lat' dir='ltr'><strong>erat.</strong></span> <span class='ocrx_word' id='word_1_28' title='bbox 773 843 885 908; x_wconf 88' lang='lat' dir='ltr'><strong>Qua</strong></span> <span class='ocrx_word' id='word_1_29' title='bbox 907 855 1032 910; x_wconf 74' lang='lat' dir='ltr'><strong>ergo</strong></span> <span class='ocrx_word' id='word_1_30' title='bbox 1054 838 1118 895; x_wconf 87' lang='lat' dir='ltr'><strong>de</strong></span> <span class='ocrx_word' id='word_1_31' title='bbox 1138 851 1293 891; x_wconf 80' lang='lat' dir='ltr'><strong>causa</strong></span> <span class='ocrx_word' id='word_1_32' title='bbox 1316 834 1415 887; x_wconf 90' lang='lat' dir='ltr'><strong>hoc</strong></span> <span class='ocrx_word' id='word_1_33' title='bbox 1433 827 1734 886; x_wconf 71' lang='lat' dir='ltr'><strong>dixitiNon</strong></span> <span class='ocrx_word' id='word_1_34' title='bbox 1752 825 2017 880; x_wconf 85' lang='lat' dir='ltr'><strong>incassum</strong></span> 
     </span>
    </p>
   </div>
   <div class='ocr_carea' id='block_1_6' title="bbox 436 915 2018 999">
    <p class='ocr_par' dir='ltr' id='par_1_6' title="bbox 436 915 2018 999">
     <span class='ocr_line' id='line_1_6' title="bbox 436 915 2018 999; baseline -0.015 -8"><span class='ocrx_word' id='word_1_35' title='bbox 436 951 538 992; x_wconf 88' lang='lat' dir='ltr'><strong>nec</strong></span> <span class='ocrx_word' id='word_1_36' title='bbox 565 937 792 996; x_wconf 76' lang='lat' dir='ltr'><strong>frustra;</strong></span> <span class='ocrx_word' id='word_1_37' title='bbox 824 932 916 986; x_wconf 88' lang='lat' dir='ltr'><strong>sed</strong></span> <span class='ocrx_word' id='word_1_38' title='bbox 964 930 1083 999; x_wconf 89' lang='lat' dir='ltr'><strong>quia</strong></span> <span class='ocrx_word' id='word_1_39' title='bbox 1113 926 1378 982; x_wconf 84' lang='lat' dir='ltr'><strong>veteribus</strong></span> <span class='ocrx_word' id='word_1_40' title='bbox 1410 920 1685 992; x_wconf 74' lang='lat' dir='ltr'><strong>praeceptis</strong></span> <span class='ocrx_word' id='word_1_41' title='bbox 1710 917 1910 987; x_wconf 78' lang='lat' dir='ltr'><strong>majora</strong></span> <span class='ocrx_word' id='word_1_42' title='bbox 1936 915 2018 968; x_wconf 88' lang='lat' dir='ltr'><strong>la-</strong></span> 
     </span>
    </p>
   </div>
   <div class='ocr_carea' id='block_1_7' title="bbox 439 1006 2016 1088">
    <p class='ocr_par' dir='ltr' id='par_1_7' title="bbox 439 1006 2016 1088">
     <span class='ocr_line' id='line_1_7' title="bbox 439 1006 2016 1088; baseline -0.015 -7"><span class='ocrx_word' id='word_1_43' title='bbox 439 1038 590 1081; x_wconf 84' lang='lat' dir='ltr'><strong>turus</strong></span> <span class='ocrx_word' id='word_1_44' title='bbox 621 1034 757 1088; x_wconf 83' lang='lat' dir='ltr'><strong>erat,</strong></span> <span class='ocrx_word' id='word_1_45' title='bbox 787 1023 972 1078; x_wconf 80' lang='lat' dir='ltr'><strong>dicens</strong></span> <span class='ocrx_word' id='word_1_46' title='bbox 1001 1042 1014 1074; x_wconf 88' lang='lat'><strong>:</strong></span> <span class='ocrx_word' id='word_1_47' title='bbox 1044 1017 1285 1080; x_wconf 77' lang='lat' dir='ltr'><strong>Audistis,</strong></span> <span class='ocrx_word' id='word_1_48' title='bbox 1307 1015 1424 1084; x_wconf 85' lang='lat' dir='ltr'><strong>quia</strong></span> <span class='ocrx_word' id='word_1_49' title='bbox 1464 1013 1653 1066; x_wconf 79' lang='lat' dir='ltr'><strong>dictum</strong></span> <span class='ocrx_word' id='word_1_50' title='bbox 1680 1019 1752 1064; x_wconf 83' lang='lat' dir='ltr'><strong>est</strong></span> <span class='ocrx_word' id='word_1_51' title='bbox 1779 1006 2016 1074; x_wconf 83' lang='lat' dir='ltr'><strong>antiquis,</strong></span> 
     </span>
    </p>
   </div>
   <div class='ocr_carea' id='block_1_8' title="bbox 442 1094 2017 1182">
    <p class='ocr_par' dir='ltr' id='par_1_8' title="bbox 442 1094 2017 1182">
     <span class='ocr_line' id='line_1_8' title="bbox 442 1094 2017 1182; baseline -0.014 -14"><span class='ocrx_word' id='word_1_52' title='bbox 442 1115 560 1169; x_wconf 78' lang='lat' dir='ltr'><strong>Non</strong></span> <span class='ocrx_word' id='word_1_53' title='bbox 580 1115 803 1178; x_wconf 82' lang='lat' dir='ltr'><strong>occides;</strong></span> <span class='ocrx_word' id='word_1_54' title='bbox 822 1127 909 1182; x_wconf 83' lang='lat' dir='ltr'><strong>ego</strong></span> <span class='ocrx_word' id='word_1_55' title='bbox 925 1119 1088 1163; x_wconf 82' lang='lat' dir='ltr'><strong>autem</strong></span> <span class='ocrx_word' id='word_1_56' title='bbox 1107 1108 1218 1161; x_wconf 83' lang='lat' dir='ltr'><strong>dico</strong></span> <span class='ocrx_word' id='word_1_57' title='bbox 1233 1105 1388 1171; x_wconf 80' lang='lat' dir='ltr'><strong>vobis,</strong></span> <span class='ocrx_word' id='word_1_58' title='bbox 1399 1103 1476 1158; x_wconf 82' lang='lat' dir='ltr'><strong>Ne</strong></span> <span class='ocrx_word' id='word_1_59' title='bbox 1494 1100 1782 1157; x_wconf 71' lang='lat' dir='ltr'><strong>irascamini</strong></span> <span class='ocrx_word' id='word_1_60' title='bbox 1807 1094 2017 1167; x_wconf 81' lang='lat' dir='ltr'><strong>(Matth.</strong></span> 
     </span>
    </p>
   </div>
   <div class='ocr_carea' id='block_1_9' title="bbox 439 1189 2022 1274">
    <p class='ocr_par' dir='ltr' id='par_1_9' title="bbox 439 1189 2022 1274">
     <span class='ocr_line' id='line_1_9' title="bbox 439 1189 2022 1274; baseline -0.013 -16"><span class='ocrx_word' id='word_1_61' title='bbox 439 1207 493 1258; x_wconf 70' lang='lat' dir='ltr'><strong>ii.</strong></span> <span class='ocrx_word' id='word_1_62' title='bbox 515 1206 576 1260; x_wconf 71' lang='lat' dir='ltr'><strong>2f</strong></span> <span class='ocrx_word' id='word_1_63' title='bbox 596 1246 606 1261; x_wconf 89' lang='lat'><strong>.</strong></span> <span class='ocrx_word' id='word_1_64' title='bbox 623 1203 740 1274; x_wconf 71' lang='lat'><strong>22);</strong></span> <span class='ocrx_word' id='word_1_65' title='bbox 769 1200 1069 1256; x_wconf 90' lang='lat' dir='ltr'><strong>utdivinam</strong></span> <span class='ocrx_word' id='word_1_66' title='bbox 1085 1197 1362 1266; x_wconf 75' lang='lat' dir='ltr'><strong>quamdam</strong></span> <span class='ocrx_word' id='word_1_67' title='bbox 1381 1194 1712 1249; x_wconf 67' lang='lat' dir='ltr'><strong>accaelestem</strong></span> <span class='ocrx_word' id='word_1_68' title='bbox 1735 1189 1870 1242; x_wconf 85' lang='lat' dir='ltr'><strong>viam</strong></span> <span class='ocrx_word' id='word_1_69' title='bbox 1898 1199 2022 1255; x_wconf 86' lang='lat' dir='ltr'><strong>ape-</strong></span> 
     </span>
    </p>
   </div>
   <div class='ocr_carea' id='block_1_10' title="bbox 452 1281 2024 1358">
    <p class='ocr_par' dir='ltr' id='par_1_10' title="bbox 452 1281 2024 1358">
     <span class='ocr_line' id='line_1_10' title="bbox 452 1281 2024 1358; baseline -0.013 -10"><span class='ocrx_word' id='word_1_70' title='bbox 452 1297 597 1358; x_wconf 85' lang='lat' dir='ltr'><strong>riret,</strong></span> <span class='ocrx_word' id='word_1_71' title='bbox 646 1310 712 1347; x_wconf 88' lang='lat' dir='ltr'><strong>ne</strong></span> <span class='ocrx_word' id='word_1_72' title='bbox 756 1293 830 1347; x_wconf 83' lang='lat' dir='ltr'><strong>rei</strong></span> <span class='ocrx_word' id='word_1_73' title='bbox 880 1290 1085 1346; x_wconf 80' lang='lat' dir='ltr'><strong>novitas</strong></span> <span class='ocrx_word' id='word_1_74' title='bbox 1122 1288 1419 1342; x_wconf 90' lang='lat' dir='ltr'><strong>auditorum</strong></span> <span class='ocrx_word' id='word_1_75' title='bbox 1449 1285 1654 1338; x_wconf 86' lang='lat' dir='ltr'><strong>animos</strong></span> <span class='ocrx_word' id='word_1_76' title='bbox 1685 1281 1937 1338; x_wconf 89' lang='lat' dir='ltr'><strong>turbaret.</strong></span> <span class='ocrx_word' id='word_1_77' title='bbox 1969 1283 2024 1329; x_wconf 90' lang='lat' dir='ltr'><strong>et</strong></span> 
     </span>
    </p>
   </div>
   <div class='ocr_carea' id='block_1_11' title="bbox 448 1366 2024 1443">
    <p class='ocr_par' dir='ltr' id='par_1_11' title="bbox 448 1366 2024 1443">
     <span class='ocr_line' id='line_1_11' title="bbox 448 1366 2024 1443; baseline -0.016 0"><span class='ocrx_word' id='word_1_78' title='bbox 448 1385 516 1443; x_wconf 84' lang='lat' dir='ltr'><strong>ad</strong></span> <span class='ocrx_word' id='word_1_79' title='bbox 541 1383 886 1440; x_wconf 91' lang='lat' dir='ltr'><strong>dubitandum</strong></span> <span class='ocrx_word' id='word_1_80' title='bbox 914 1381 981 1436; x_wconf 87' lang='lat' dir='ltr'><strong>de</strong></span> <span class='ocrx_word' id='word_1_81' title='bbox 1008 1380 1164 1435; x_wconf 87' lang='lat' dir='ltr'><strong>dictis</strong></span> <span class='ocrx_word' id='word_1_82' title='bbox 1188 1378 1492 1439; x_wconf 82' lang='lat' dir='ltr'><strong>adduceret,</strong></span> <span class='ocrx_word' id='word_1_83' title='bbox 1523 1375 1623 1429; x_wconf 86' lang='lat' dir='ltr'><strong>bac</strong></span> <span class='ocrx_word' id='word_1_84' title='bbox 1643 1372 1806 1426; x_wconf 90' lang='lat' dir='ltr'><strong>utitor</strong></span> <span class='ocrx_word' id='word_1_85' title='bbox 1826 1366 2024 1438; x_wconf 71' lang='lat' dir='ltr'><strong>przevia</strong></span> 
     </span>
    </p>
   </div>
   <div class='ocr_carea' id='block_1_12' title="bbox 448 1463 2016 1540">
    <p class='ocr_par' dir='ltr' id='par_1_12' title="bbox 448 1463 2016 1540">
     <span class='ocr_line' id='line_1_12' title="bbox 448 1463 2016 1540; baseline -0.014 -9"><span class='ocrx_word' id='word_1_86' title='bbox 448 1477 708 1531; x_wconf 89' lang='lat' dir='ltr'><strong>cautione.</strong></span> <span class='ocrx_word' id='word_1_87' title='bbox 737 1471 952 1526; x_wconf 79' lang='lat' dir='ltr'><strong>Etiamsi</strong></span> <span class='ocrx_word' id='word_1_88' title='bbox 995 1469 1135 1524; x_wconf 91' lang='lat' dir='ltr'><strong>enim</strong></span> <span class='ocrx_word' id='word_1_89' title='bbox 1167 1470 1334 1540; x_wconf 76' lang='lat' dir='ltr'><strong>legem</strong></span> <span class='ocrx_word' id='word_1_90' title='bbox 1366 1482 1469 1521; x_wconf 89' lang='lat' dir='ltr'><strong>non</strong></span> <span class='ocrx_word' id='word_1_91' title='bbox 1499 1463 1794 1534; x_wconf 85' lang='lat' dir='ltr'><strong>implerent,</strong></span> <span class='ocrx_word' id='word_1_92' title='bbox 1824 1469 2016 1527; x_wconf 74' lang='lat' dir='ltr'><strong>magno</strong></span> 
     </span>
    </p>
   </div>
   <div class='ocr_carea' id='block_1_13' title="bbox 450 1551 2024 1633">
    <p class='ocr_par' dir='ltr' id='par_1_13' title="bbox 450 1551 2024 1633">
     <span class='ocr_line' id='line_1_13' title="bbox 450 1551 2024 1633; baseline -0.013 -13"><span class='ocrx_word' id='word_1_93' title='bbox 450 1577 624 1621; x_wconf 86' lang='lat' dir='ltr'><strong>tamen</strong></span> <span class='ocrx_word' id='word_1_94' title='bbox 653 1578 776 1633; x_wconf 81' lang='lat' dir='ltr'><strong>erga</strong></span> <span class='ocrx_word' id='word_1_95' title='bbox 821 1563 961 1615; x_wconf 89' lang='lat' dir='ltr'><strong>illam</strong></span> <span class='ocrx_word' id='word_1_96' title='bbox 999 1561 1312 1615; x_wconf 85' lang='lat' dir='ltr'><strong>tenebantur</strong></span> <span class='ocrx_word' id='word_1_97' title='bbox 1353 1558 1563 1618; x_wconf 78' lang='lat' dir='ltr'><strong>affectu,</strong></span> <span class='ocrx_word' id='word_1_98' title='bbox 1594 1569 1656 1608; x_wconf 85' lang='lat' dir='ltr'><strong>ac</strong></span> <span class='ocrx_word' id='word_1_99' title='bbox 1697 1553 1822 1606; x_wconf 89' lang='lat' dir='ltr'><strong>licet</strong></span> <span class='ocrx_word' id='word_1_100' title='bbox 1858 1551 2024 1617; x_wconf 88' lang='lat' dir='ltr'><strong>ipsam</strong></span> 
     </span>
    </p>
   </div>
   <div class='ocr_carea' id='block_1_14' title="bbox 450 1634 2028 1725">
    <p class='ocr_par' dir='ltr' id='par_1_14' title="bbox 450 1634 2028 1725">
     <span class='ocr_line' id='line_1_14' title="bbox 450 1634 2028 1725; baseline -0.011 -18"><span class='ocrx_word' id='word_1_101' title='bbox 450 1654 686 1725; x_wconf 80' lang='lat' dir='ltr'><strong>quotidie</strong></span> <span class='ocrx_word' id='word_1_102' title='bbox 734 1652 1012 1714; x_wconf 78' lang='lat' dir='ltr'><strong>violarent,</strong></span> <span class='ocrx_word' id='word_1_103' title='bbox 1064 1650 1240 1702; x_wconf 87' lang='lat' dir='ltr'><strong>literas</strong></span> <span class='ocrx_word' id='word_1_104' title='bbox 1279 1634 1451 1701; x_wconf 81' lang='lat' dir='ltr'><strong>tamen</strong></span> <span class='ocrx_word' id='word_1_105' title='bbox 1500 1643 1744 1698; x_wconf 86' lang='lat' dir='ltr'><strong>volebant</strong></span> <span class='ocrx_word' id='word_1_106' title='bbox 1783 1643 2028 1694; x_wconf 88' lang='lat' dir='ltr'><strong>immotas</strong></span> 
     </span>
    </p>
   </div>
   <div class='ocr_carea' id='block_1_15' title="bbox 458 1731 2028 1811">
    <p class='ocr_par' dir='ltr' id='par_1_15' title="bbox 458 1731 2028 1811">
     <span class='ocr_line' id='line_1_15' title="bbox 458 1731 2028 1811; baseline -0.01 -11"><span class='ocrx_word' id='word_1_107' title='bbox 458 1759 695 1805; x_wconf 89' lang='lat' dir='ltr'><strong>manere,</strong></span> <span class='ocrx_word' id='word_1_108' title='bbox 747 1742 980 1811; x_wconf 82' lang='lat' dir='ltr'><strong>nihilque</strong></span> <span class='ocrx_word' id='word_1_109' title='bbox 1025 1741 1153 1809; x_wconf 81' lang='lat' dir='ltr'><strong>ipsis</strong></span> <span class='ocrx_word' id='word_1_110' title='bbox 1199 1739 1386 1808; x_wconf 83' lang='lat' dir='ltr'><strong>adjici;</strong></span> <span class='ocrx_word' id='word_1_111' title='bbox 1436 1739 1541 1792; x_wconf 89' lang='lat' dir='ltr'><strong>imo</strong></span> <span class='ocrx_word' id='word_1_112' title='bbox 1568 1751 1696 1791; x_wconf 88' lang='lat' dir='ltr'><strong>vero</strong></span> <span class='ocrx_word' id='word_1_113' title='bbox 1733 1731 1970 1804; x_wconf 67' lang='lat' dir='ltr'><strong>quaedam</strong></span> <span class='ocrx_word' id='word_1_114' title='bbox 1998 1745 2028 1784; x_wconf 92' lang='lat' dir='ltr'><strong>a</strong></span> 
     </span>
    </p>
   </div>
   <div class='ocr_carea' id='block_1_16' title="bbox 455 1819 2030 1906">
    <p class='ocr_par' dir='ltr' id='par_1_16' title="bbox 455 1819 2030 1906">
     <span class='ocr_line' id='line_1_16' title="bbox 455 1819 2030 1906; baseline -0.01 -17"><span class='ocrx_word' id='word_1_115' title='bbox 455 1834 782 1906; x_wconf 80' lang='lat' dir='ltr'><strong>principibus</strong></span> <span class='ocrx_word' id='word_1_116' title='bbox 822 1833 932 1887; x_wconf 89' lang='lat' dir='ltr'><strong>suis</strong></span> <span class='ocrx_word' id='word_1_117' title='bbox 961 1831 1135 1886; x_wconf 85' lang='lat' dir='ltr'><strong>addita</strong></span> <span class='ocrx_word' id='word_1_118' title='bbox 1164 1830 1463 1893; x_wconf 85' lang='lat' dir='ltr'><strong>tuebantur,</strong></span> <span class='ocrx_word' id='word_1_119' title='bbox 1507 1844 1624 1898; x_wconf 67' lang='lat' dir='ltr'><strong>quae</strong></span> <span class='ocrx_word' id='word_1_120' title='bbox 1660 1835 1804 1882; x_wconf 86' lang='lat' dir='ltr'><strong>certe</strong></span> <span class='ocrx_word' id='word_1_121' title='bbox 1834 1838 1937 1878; x_wconf 90' lang='lat' dir='ltr'><strong>non</strong></span> <span class='ocrx_word' id='word_1_122' title='bbox 1964 1819 2030 1875; x_wconf 89' lang='lat' dir='ltr'><strong>ad</strong></span> 
     </span>
    </p>
   </div>
   <div class='ocr_carea' id='block_1_17' title="bbox 457 1919 2034 1994">
    <p class='ocr_par' dir='ltr' id='par_1_17' title="bbox 457 1919 2034 1994">
     <span class='ocr_line' id='line_1_17' title="bbox 457 1919 2034 1994; baseline -0.008 -14"><span class='ocrx_word' id='word_1_123' title='bbox 457 1925 666 1991; x_wconf 86' lang='lat' dir='ltr'><strong>melius,</strong></span> <span class='ocrx_word' id='word_1_124' title='bbox 693 1925 784 1980; x_wconf 89' lang='lat' dir='ltr'><strong>sed</strong></span> <span class='ocrx_word' id='word_1_125' title='bbox 811 1923 877 1978; x_wconf 91' lang='lat' dir='ltr'><strong>ad</strong></span> <span class='ocrx_word' id='word_1_126' title='bbox 908 1922 1058 1994; x_wconf 83' lang='lat' dir='ltr'><strong>pejus</strong></span> <span class='ocrx_word' id='word_1_127' title='bbox 1086 1923 1393 1992; x_wconf 77' lang='lat' dir='ltr'><strong>vergebant.</strong></span> <span class='ocrx_word' id='word_1_128' title='bbox 1418 1919 1629 1974; x_wconf 81' lang='lat' dir='ltr'><strong>Etenim</strong></span> <span class='ocrx_word' id='word_1_129' title='bbox 1656 1921 1912 1972; x_wconf 84' lang='lat' dir='ltr'><strong>honorem</strong></span> <span class='ocrx_word' id='word_1_130' title='bbox 1940 1927 2034 1983; x_wconf 83' lang='lat' dir='ltr'><strong>pa-</strong></span> 
     </span>
    </p>
   </div>
   <div class='ocr_carea' id='block_1_18' title="bbox 459 2004 2034 2074">
    <p class='ocr_par' dir='ltr' id='par_1_18' title="bbox 459 2004 2034 2074">
     <span class='ocr_line' id='line_1_18' title="bbox 459 2004 2034 2074; baseline -0.009 -2"><span class='ocrx_word' id='word_1_131' title='bbox 459 2017 699 2074; x_wconf 87' lang='lat' dir='ltr'><strong>rentibus</strong></span> <span class='ocrx_word' id='word_1_132' title='bbox 728 2015 965 2070; x_wconf 88' lang='lat' dir='ltr'><strong>debitum</strong></span> <span class='ocrx_word' id='word_1_133' title='bbox 1009 2014 1091 2069; x_wconf 90' lang='lat' dir='ltr'><strong>bis</strong></span> <span class='ocrx_word' id='word_1_134' title='bbox 1117 2012 1492 2068; x_wconf 86' lang='lat' dir='ltr'><strong>additamentis</strong></span> <span class='ocrx_word' id='word_1_135' title='bbox 1517 2011 1812 2074; x_wconf 89' lang='lat' dir='ltr'><strong>solverunt,</strong></span> <span class='ocrx_word' id='word_1_136' title='bbox 1851 2013 1909 2061; x_wconf 90' lang='lat' dir='ltr'><strong>et</strong></span> <span class='ocrx_word' id='word_1_137' title='bbox 1931 2004 2034 2058; x_wconf 86' lang='lat' dir='ltr'><strong>alia</strong></span> 
     </span>
    </p>
   </div>
   <div class='ocr_carea' id='block_1_19' title="bbox 462 2097 2032 2178">
    <p class='ocr_par' dir='ltr' id='par_1_19' title="bbox 462 2097 2032 2178">
     <span class='ocr_line' id='line_1_19' title="bbox 462 2097 2032 2178; baseline -0.006 -18"><span class='ocrx_word' id='word_1_138' title='bbox 462 2108 682 2178; x_wconf 86' lang='lat' dir='ltr'><strong>plurima</strong></span> <span class='ocrx_word' id='word_1_139' title='bbox 747 2107 1062 2175; x_wconf 86' lang='lat' dir='ltr'><strong>importunis</strong></span> <span class='ocrx_word' id='word_1_140' title='bbox 1121 2105 1478 2160; x_wconf 86' lang='lat' dir='ltr'><strong>additionibus</strong></span> <span class='ocrx_word' id='word_1_141' title='bbox 1538 2097 2032 2171; x_wconf 86' lang='lat' dir='ltr'><strong>pessumdederunt.</strong></span> 
     </span>
    </p>
   </div>
   <div class='ocr_carea' id='block_1_20' title="bbox 462 2191 2032 2267">
    <p class='ocr_par' dir='ltr' id='par_1_20' title="bbox 462 2191 2032 2267">
     <span class='ocr_line' id='line_1_20' title="bbox 462 2191 2032 2267; baseline -0.008 -16"><span class='ocrx_word' id='word_1_142' title='bbox 462 2197 724 2265; x_wconf 83' lang='lat' dir='ltr'><strong>Quoniam</strong></span> <span class='ocrx_word' id='word_1_143' title='bbox 745 2213 871 2267; x_wconf 73' lang='lat' dir='ltr'><strong>ergo</strong></span> <span class='ocrx_word' id='word_1_144' title='bbox 895 2194 1139 2251; x_wconf 77' lang='lat' dir='ltr'><strong>Christus</strong></span> <span class='ocrx_word' id='word_1_145' title='bbox 1167 2211 1232 2250; x_wconf 78' lang='lat' dir='ltr'><strong>ex</strong></span> <span class='ocrx_word' id='word_1_146' title='bbox 1260 2193 1573 2249; x_wconf 86' lang='lat' dir='ltr'><strong>sacerdotali</strong></span> <span class='ocrx_word' id='word_1_147' title='bbox 1601 2191 1739 2246; x_wconf 89' lang='lat' dir='ltr'><strong>tribu</strong></span> <span class='ocrx_word' id='word_1_148' title='bbox 1767 2205 1872 2244; x_wconf 90' lang='lat' dir='ltr'><strong>non</strong></span> <span class='ocrx_word' id='word_1_149' title='bbox 1897 2194 2032 2249; x_wconf 89' lang='lat' dir='ltr'><strong>erat,</strong></span> 
     </span>
    </p>
   </div>
   <div class='ocr_carea' id='block_1_21' title="bbox 463 2284 2036 2358">
    <p class='ocr_par' dir='ltr' id='par_1_21' title="bbox 463 2284 2036 2358">
     <span class='ocr_line' id='line_1_21' title="bbox 463 2284 2036 2358; baseline -0.008 -14"><span class='ocrx_word' id='word_1_150' title='bbox 463 2299 519 2344; x_wconf 87' lang='lat' dir='ltr'><strong>et</strong></span> <span class='ocrx_word' id='word_1_151' title='bbox 565 2304 682 2357; x_wconf 70' lang='lat' dir='ltr'><strong>quae</strong></span> <span class='ocrx_word' id='word_1_152' title='bbox 733 2289 850 2358; x_wconf 85' lang='lat' dir='ltr'><strong>ipse</strong></span> <span class='ocrx_word' id='word_1_153' title='bbox 894 2287 1202 2343; x_wconf 89' lang='lat' dir='ltr'><strong>inducturus</strong></span> <span class='ocrx_word' id='word_1_154' title='bbox 1244 2296 1394 2350; x_wconf 74' lang='lat' dir='ltr'><strong>erat,</strong></span> <span class='ocrx_word' id='word_1_155' title='bbox 1457 2284 1873 2339; x_wconf 72' lang='lat' dir='ltr'><strong>additamentum</strong></span> <span class='ocrx_word' id='word_1_156' title='bbox 1923 2285 2036 2334; x_wconf 89' lang='lat' dir='ltr'><strong>erat</strong></span> 
     </span>
    </p>
   </div>
   <div class='ocr_carea' id='block_1_22' title="bbox 465 2372 2035 2448">
    <p class='ocr_par' dir='ltr' id='par_1_22' title="bbox 465 2372 2035 2448">
     <span class='ocr_line' id='line_1_22' title="bbox 465 2372 2035 2448; baseline -0.007 -16"><span class='ocrx_word' id='word_1_157' title='bbox 465 2379 770 2448; x_wconf 86' lang='lat' dir='ltr'><strong>quodpiam,</strong></span> <span class='ocrx_word' id='word_1_158' title='bbox 799 2377 936 2448; x_wconf 89' lang='lat' dir='ltr'><strong>quod</strong></span> <span class='ocrx_word' id='word_1_159' title='bbox 965 2378 1208 2433; x_wconf 74' lang='lat' dir='ltr'><strong>virtutem</strong></span> <span class='ocrx_word' id='word_1_160' title='bbox 1231 2392 1335 2431; x_wconf 92' lang='lat' dir='ltr'><strong>non</strong></span> <span class='ocrx_word' id='word_1_161' title='bbox 1363 2375 1646 2438; x_wconf 87' lang='lat' dir='ltr'><strong>minueret,</strong></span> <span class='ocrx_word' id='word_1_162' title='bbox 1670 2372 1763 2429; x_wconf 83' lang='lat' dir='ltr'><strong>sed</strong></span> <span class='ocrx_word' id='word_1_163' title='bbox 1791 2377 2035 2442; x_wconf 75' lang='lat' dir='ltr'><strong>augeret:</strong></span> 
     </span>
    </p>
   </div>
   <div class='ocr_carea' id='block_1_23' title="bbox 471 2465 2039 2536">
    <p class='ocr_par' dir='ltr' id='par_1_23' title="bbox 471 2465 2039 2536">
     <span class='ocr_line' id='line_1_23' title="bbox 471 2465 2039 2536; baseline -0.006 -16"><span class='ocrx_word' id='word_1_164' title='bbox 471 2468 584 2522; x_wconf 80' lang='lat' dir='ltr'><strong>lucc</strong></span> <span class='ocrx_word' id='word_1_165' title='bbox 608 2467 764 2521; x_wconf 85' lang='lat' dir='ltr'><strong>ambo</strong></span> <span class='ocrx_word' id='word_1_166' title='bbox 792 2466 1109 2534; x_wconf 69' lang='lat' dir='ltr'><strong>prtevidens,</strong></span> <span class='ocrx_word' id='word_1_167' title='bbox 1136 2481 1254 2536; x_wconf 57' lang='lat' dir='ltr'><strong>qute</strong></span> <span class='ocrx_word' id='word_1_168' title='bbox 1280 2467 1423 2536; x_wconf 88' lang='lat' dir='ltr'><strong>ipsos</strong></span> <span class='ocrx_word' id='word_1_169' title='bbox 1447 2465 1717 2519; x_wconf 84' lang='lat' dir='ltr'><strong>turbatura</strong></span> <span class='ocrx_word' id='word_1_170' title='bbox 1741 2470 1914 2524; x_wconf 89' lang='lat' dir='ltr'><strong>erant,</strong></span> <span class='ocrx_word' id='word_1_171' title='bbox 1940 2473 2039 2512; x_wconf 85' lang='lat' dir='ltr'><strong>an-</strong></span> 
     </span>
    </p>
   </div>
   <div class='ocr_carea' id='block_1_24' title="bbox 471 2551 2040 2627">
    <p class='ocr_par' dir='ltr' id='par_1_24' title="bbox 471 2551 2040 2627">
     <span class='ocr_line' id='line_1_24' title="bbox 471 2551 2040 2627; baseline -0.007 -15"><span class='ocrx_word' id='word_1_172' title='bbox 471 2567 682 2627; x_wconf 84' lang='lat' dir='ltr'><strong>tequam</strong></span> <span class='ocrx_word' id='word_1_173' title='bbox 707 2556 1042 2611; x_wconf 84' lang='lat' dir='ltr'><strong>admirandas</strong></span> <span class='ocrx_word' id='word_1_174' title='bbox 1070 2557 1185 2610; x_wconf 83' lang='lat' dir='ltr'><strong>illas</strong></span> <span class='ocrx_word' id='word_1_175' title='bbox 1229 2557 1370 2626; x_wconf 77' lang='lat' dir='ltr'><strong>leges</strong></span> <span class='ocrx_word' id='word_1_176' title='bbox 1410 2555 1608 2625; x_wconf 89' lang='lat' dir='ltr'><strong>scripto</strong></span> <span class='ocrx_word' id='word_1_177' title='bbox 1639 2551 1775 2606; x_wconf 89' lang='lat' dir='ltr'><strong>tradi</strong></span> <span class='ocrx_word' id='word_1_178' title='bbox 1808 2556 2040 2614; x_wconf 84' lang='lat' dir='ltr'><strong>curaret,</strong></span> 
     </span>
    </p>
   </div>
   <div class='ocr_carea' id='block_1_25' title="bbox 473 2646 2042 2717">
    <p class='ocr_par' dir='ltr' id='par_1_25' title="bbox 473 2646 2042 2717">
     <span class='ocr_line' id='line_1_25' title="bbox 473 2646 2042 2717; baseline -0.006 -15"><span class='ocrx_word' id='word_1_179' title='bbox 473 2646 603 2702; x_wconf 87' lang='lat' dir='ltr'><strong>illud</strong></span> <span class='ocrx_word' id='word_1_180' title='bbox 647 2647 821 2717; x_wconf 83' lang='lat' dir='ltr'><strong>rejicit</strong></span> <span class='ocrx_word' id='word_1_181' title='bbox 862 2647 1003 2717; x_wconf 68' lang='lat' dir='ltr'><strong>quod</strong></span> <span class='ocrx_word' id='word_1_182' title='bbox 1048 2647 1150 2701; x_wconf 77' lang='lat' dir='ltr'><strong>illis</strong></span> <span class='ocrx_word' id='word_1_183' title='bbox 1199 2648 1249 2699; x_wconf 87' lang='lat' dir='ltr'><strong>in</strong></span> <span class='ocrx_word' id='word_1_184' title='bbox 1294 2655 1524 2700; x_wconf 89' lang='lat' dir='ltr'><strong>mentem</strong></span> <span class='ocrx_word' id='word_1_185' title='bbox 1577 2654 1858 2698; x_wconf 84' lang='lat' dir='ltr'><strong>venturum</strong></span> <span class='ocrx_word' id='word_1_186' title='bbox 1906 2647 2042 2695; x_wconf 82' lang='lat' dir='ltr'><strong>erat.</strong></span> 
     </span>
    </p>
   </div>
   <div class='ocr_carea' id='block_1_26' title="bbox 392 2730 2045 2808">
    <p class='ocr_par' dir='ltr' id='par_1_26' title="bbox 392 2730 2045 2808">
     <span class='ocr_line' id='line_1_26' title="bbox 392 2730 2045 2808; baseline -0.005 -17"><span class='ocrx_word' id='word_1_187' title='bbox 392 2769 399 2775; x_wconf 93' lang='lat'><em>-</em></span> <span class='ocrx_word' id='word_1_188' title='bbox 473 2736 609 2804; x_wconf 90' lang='lat' dir='ltr'><strong>Quid</strong></span> <span class='ocrx_word' id='word_1_189' title='bbox 634 2751 759 2791; x_wconf 85' lang='lat' dir='ltr'><strong>vero</strong></span> <span class='ocrx_word' id='word_1_190' title='bbox 787 2737 910 2792; x_wconf 90' lang='lat' dir='ltr'><strong>illud</strong></span> <span class='ocrx_word' id='word_1_191' title='bbox 939 2746 1052 2792; x_wconf 85' lang='lat' dir='ltr'><strong>erat</strong></span> <span class='ocrx_word' id='word_1_192' title='bbox 1077 2737 1217 2808; x_wconf 90' lang='lat' dir='ltr'><strong>quod</strong></span> <span class='ocrx_word' id='word_1_193' title='bbox 1240 2736 1553 2804; x_wconf 84' lang='lat' dir='ltr'><strong>subreperet</strong></span> <span class='ocrx_word' id='word_1_194' title='bbox 1575 2742 1629 2789; x_wconf 88' lang='lat' dir='ltr'><strong>et</strong></span> <span class='ocrx_word' id='word_1_195' title='bbox 1648 2733 1802 2799; x_wconf 86' lang='lat' dir='ltr'><strong>objici</strong></span> <span class='ocrx_word' id='word_1_196' title='bbox 1823 2730 2045 2801; x_wconf 85' lang='lat' dir='ltr'><strong>posset?</strong></span> 
     </span>
    </p>
   </div>
   <div class='ocr_carea' id='block_1_27' title="bbox 476 2821 2048 2895">
    <p class='ocr_par' dir='ltr' id='par_1_27' title="bbox 476 2821 2048 2895">
     <span class='ocr_line' id='line_1_27' title="bbox 476 2821 2048 2895; baseline -0.007 -11"><span class='ocrx_word' id='word_1_197' title='bbox 476 2827 740 2884; x_wconf 77' lang='lat' dir='ltr'><strong>Putabant</strong></span> <span class='ocrx_word' id='word_1_198' title='bbox 782 2829 924 2882; x_wconf 90' lang='lat' dir='ltr'><strong>illum</strong></span> <span class='ocrx_word' id='word_1_199' title='bbox 971 2829 1084 2883; x_wconf 76' lang='lat' dir='ltr'><strong>lucc</strong></span> <span class='ocrx_word' id='word_1_200' title='bbox 1126 2827 1306 2883; x_wconf 87' lang='lat' dir='ltr'><strong>dicere</strong></span> <span class='ocrx_word' id='word_1_201' title='bbox 1352 2826 1418 2880; x_wconf 87' lang='lat' dir='ltr'><strong>ad</strong></span> <span class='ocrx_word' id='word_1_202' title='bbox 1451 2825 1636 2895; x_wconf 68' lang='lat' dir='ltr'><strong>legalia</strong></span> <span class='ocrx_word' id='word_1_203' title='bbox 1680 2832 1858 2878; x_wconf 82' lang='lat' dir='ltr'><strong>vetera</strong></span> <span class='ocrx_word' id='word_1_204' title='bbox 1888 2821 2048 2876; x_wconf 78' lang='lat' dir='ltr'><strong>abro-</strong></span> 
     </span>
    </p>
   </div>
   <div class='ocr_carea' id='block_1_28' title="bbox 475 2911 2046 2989">
    <p class='ocr_par' dir='ltr' id='par_1_28' title="bbox 475 2911 2046 2989">
     <span class='ocr_line' id='line_1_28' title="bbox 475 2911 2046 2989; baseline -0.004 -19"><span class='ocrx_word' id='word_1_205' title='bbox 475 2917 666 2989; x_wconf 76' lang='lat' dir='ltr'><strong>ganda.</strong></span> <span class='ocrx_word' id='word_1_206' title='bbox 694 2917 844 2973; x_wconf 82' lang='lat' dir='ltr'><strong>lianc</strong></span> <span class='ocrx_word' id='word_1_207' title='bbox 890 2918 1067 2987; x_wconf 83' lang='lat' dir='ltr'><strong>itaque</strong></span> <span class='ocrx_word' id='word_1_208' title='bbox 1105 2926 1252 2972; x_wconf 87' lang='lat' dir='ltr'><strong>sanat</strong></span> <span class='ocrx_word' id='word_1_209' title='bbox 1291 2917 1617 2986; x_wconf 82' lang='lat' dir='ltr'><strong>Opinionem.</strong></span> <span class='ocrx_word' id='word_1_210' title='bbox 1642 2913 1822 2981; x_wconf 86' lang='lat' dir='ltr'><strong>Neque</strong></span> <span class='ocrx_word' id='word_1_211' title='bbox 1845 2911 1932 2966; x_wconf 88' lang='lat' dir='ltr'><strong>hic</strong></span> <span class='ocrx_word' id='word_1_212' title='bbox 1957 2928 2046 2966; x_wconf 83' lang='lat' dir='ltr'><strong>so-</strong></span> 
     </span>
    </p>
   </div>
   <div class='ocr_carea' id='block_1_29' title="bbox 479 3002 2050 3075">
    <p class='ocr_par' dir='ltr' id='par_1_29' title="bbox 479 3002 2050 3075">
     <span class='ocr_line' id='line_1_29' title="bbox 479 3002 2050 3075; baseline -0.006 -12"><span class='ocrx_word' id='word_1_213' title='bbox 479 3009 588 3063; x_wconf 88' lang='lat' dir='ltr'><strong>lum</strong></span> <span class='ocrx_word' id='word_1_214' title='bbox 620 3006 720 3061; x_wconf 82' lang='lat' dir='ltr'><strong>hoc</strong></span> <span class='ocrx_word' id='word_1_215' title='bbox 766 3006 910 3070; x_wconf 83' lang='lat' dir='ltr'><strong>facit,</strong></span> <span class='ocrx_word' id='word_1_216' title='bbox 952 3006 1046 3062; x_wconf 79' lang='lat' dir='ltr'><strong>sed</strong></span> <span class='ocrx_word' id='word_1_217' title='bbox 1073 3015 1126 3061; x_wconf 85' lang='lat' dir='ltr'><strong>et</strong></span> <span class='ocrx_word' id='word_1_218' title='bbox 1154 3007 1276 3061; x_wconf 86' lang='lat' dir='ltr'><strong>alibi</strong></span> <span class='ocrx_word' id='word_1_219' title='bbox 1306 3020 1534 3075; x_wconf 87' lang='lat' dir='ltr'><strong>quoque.</strong></span> <span class='ocrx_word' id='word_1_220' title='bbox 1574 3003 1704 3072; x_wconf 87' lang='lat' dir='ltr'><strong>Quia</strong></span> <span class='ocrx_word' id='word_1_221' title='bbox 1735 3003 1875 3057; x_wconf 88' lang='lat' dir='ltr'><strong>enim</strong></span> <span class='ocrx_word' id='word_1_222' title='bbox 1908 3002 2050 3054; x_wconf 88' lang='lat' dir='ltr'><strong>illum</strong></span> 
     </span>
    </p>
   </div>
   <div class='ocr_carea' id='block_1_30' title="bbox 479 3092 2050 3163">
    <p class='ocr_par' dir='ltr' id='par_1_30' title="bbox 479 3092 2050 3163">
     <span class='ocr_line' id='line_1_30' title="bbox 479 3092 2050 3163; baseline -0.006 -13"><span class='ocrx_word' id='word_1_223' title='bbox 479 3098 843 3152; x_wconf 84' lang='lat' dir='ltr'><strong>adversarium</strong></span> <span class='ocrx_word' id='word_1_224' title='bbox 876 3098 984 3151; x_wconf 88' lang='lat' dir='ltr'><strong>Deo</strong></span> <span class='ocrx_word' id='word_1_225' title='bbox 1007 3096 1293 3151; x_wconf 88' lang='lat' dir='ltr'><strong>credebant</strong></span> <span class='ocrx_word' id='word_1_226' title='bbox 1320 3137 1334 3159; x_wconf 90' lang='lat'><strong>,</strong></span> <span class='ocrx_word' id='word_1_227' title='bbox 1368 3110 1433 3149; x_wconf 85' lang='lat' dir='ltr'><strong>eo</strong></span> <span class='ocrx_word' id='word_1_228' title='bbox 1473 3094 1611 3163; x_wconf 87' lang='lat' dir='ltr'><strong>qttod</strong></span> <span class='ocrx_word' id='word_1_229' title='bbox 1643 3092 1916 3146; x_wconf 82' lang='lat' dir='ltr'><strong>sabbatum</strong></span> <span class='ocrx_word' id='word_1_230' title='bbox 1948 3106 2050 3143; x_wconf 92' lang='lat' dir='ltr'><strong>non</strong></span> 
     </span>
    </p>
   </div>
   <div class='ocr_carea' id='block_1_31' title="bbox 481 3180 2056 3254">
    <p class='ocr_par' dir='ltr' id='par_1_31' title="bbox 481 3180 2056 3254">
     <span class='ocr_line' id='line_1_31' title="bbox 481 3180 2056 3254; baseline -0.004 -16"><span class='ocrx_word' id='word_1_231' title='bbox 481 3195 749 3249; x_wconf 75' lang='lat' dir='ltr'><strong>servaret,</strong></span> <span class='ocrx_word' id='word_1_232' title='bbox 783 3196 840 3240; x_wconf 91' lang='lat' dir='ltr'><strong>ut</strong></span> <span class='ocrx_word' id='word_1_233' title='bbox 866 3187 1001 3240; x_wconf 86' lang='lat' dir='ltr'><strong>hanc</strong></span> <span class='ocrx_word' id='word_1_234' title='bbox 1027 3186 1234 3240; x_wconf 86' lang='lat' dir='ltr'><strong>illorum</strong></span> <span class='ocrx_word' id='word_1_235' title='bbox 1264 3185 1615 3254; x_wconf 86' lang='lat' dir='ltr'><strong>suspicionem</strong></span> <span class='ocrx_word' id='word_1_236' title='bbox 1643 3191 1881 3235; x_wconf 86' lang='lat' dir='ltr'><strong>amoveat</strong></span> <span class='ocrx_word' id='word_1_237' title='bbox 1902 3222 1914 3242; x_wconf 90' lang='lat'><strong>,</strong></span> <span class='ocrx_word' id='word_1_238' title='bbox 1951 3180 2056 3232; x_wconf 90' lang='lat' dir='ltr'><strong>illic</strong></span> 
     </span>
    </p>
   </div>
   <div class='ocr_carea' id='block_1_32' title="bbox 483 3273 2056 3346">
    <p class='ocr_par' dir='ltr' id='par_1_32' title="bbox 483 3273 2056 3346">
     <span class='ocr_line' id='line_1_32' title="bbox 483 3273 2056 3346; baseline -0.003 -20"><span class='ocrx_word' id='word_1_239' title='bbox 483 3290 694 3346; x_wconf 88' lang='lat' dir='ltr'><strong>quoque</strong></span> <span class='ocrx_word' id='word_1_240' title='bbox 715 3275 1053 3331; x_wconf 81' lang='lat' dir='ltr'><strong>defensiones</strong></span> <span class='ocrx_word' id='word_1_241' title='bbox 1077 3276 1363 3342; x_wconf 85' lang='lat' dir='ltr'><strong>expromit,</strong></span> <span class='ocrx_word' id='word_1_242' title='bbox 1389 3275 1610 3343; x_wconf 88' lang='lat' dir='ltr'><strong>illasque</strong></span> <span class='ocrx_word' id='word_1_243' title='bbox 1637 3273 1733 3326; x_wconf 89' lang='lat' dir='ltr'><strong>sibi</strong></span> <span class='ocrx_word' id='word_1_244' title='bbox 1762 3285 2056 3339; x_wconf 78' lang='lat' dir='ltr'><strong>congruen-</strong></span> 
     </span>
    </p>
   </div>
   <div class='ocr_carea' id='block_1_33' title="bbox 487 3363 2060 3432">
    <p class='ocr_par' dir='ltr' id='par_1_33' title="bbox 487 3363 2060 3432">
     <span class='ocr_line' id='line_1_33' title="bbox 487 3363 2060 3432; baseline -0.003 -14"><span class='ocrx_word' id='word_1_245' title='bbox 487 3379 567 3420; x_wconf 90' lang='lat' dir='ltr'><strong>tes</strong></span> <span class='ocrx_word' id='word_1_246' title='bbox 593 3385 607 3420; x_wconf 89' lang='lat'><strong>:</strong></span> <span class='ocrx_word' id='word_1_247' title='bbox 633 3376 690 3419; x_wconf 91' lang='lat' dir='ltr'><strong>ut</strong></span> <span class='ocrx_word' id='word_1_248' title='bbox 717 3382 833 3420; x_wconf 91' lang='lat' dir='ltr'><strong>cum</strong></span> <span class='ocrx_word' id='word_1_249' title='bbox 865 3365 988 3419; x_wconf 90' lang='lat' dir='ltr'><strong>dicit</strong></span> <span class='ocrx_word' id='word_1_250' title='bbox 1015 3384 1027 3418; x_wconf 90' lang='lat'><strong>:</strong></span> <span class='ocrx_word' id='word_1_251' title='bbox 1058 3363 1214 3419; x_wconf 83' lang='lat' dir='ltr'><strong>Pater</strong></span> <span class='ocrx_word' id='word_1_252' title='bbox 1243 3381 1377 3417; x_wconf 78' lang='lat' dir='ltr'><strong>meus</strong></span> <span class='ocrx_word' id='word_1_253' title='bbox 1403 3374 1655 3432; x_wconf 81' lang='lat' dir='ltr'><strong>operatur,</strong></span> <span class='ocrx_word' id='word_1_254' title='bbox 1689 3372 1734 3416; x_wconf 87' lang='lat' dir='ltr'><strong>et</strong></span> <span class='ocrx_word' id='word_1_255' title='bbox 1764 3379 1853 3432; x_wconf 83' lang='lat' dir='ltr'><strong>ego</strong></span> <span class='ocrx_word' id='word_1_256' title='bbox 1881 3378 2060 3431; x_wconf 82' lang='lat' dir='ltr'><strong>operor</strong></span> 
     </span>
    </p>
   </div>
   <div class='ocr_carea' id='block_1_34' title="bbox 488 3452 2053 3526">
    <p class='ocr_par' dir='ltr' id='par_1_34' title="bbox 488 3452 2053 3526">
     <span class='ocr_line' id='line_1_34' title="bbox 488 3452 2053 3526; baseline -0.002 -17"><span class='ocrx_word' id='word_1_257' title='bbox 488 3455 685 3522; x_wconf 85' lang='lat' dir='ltr'><strong>(Joan.</strong></span> <span class='ocrx_word' id='word_1_258' title='bbox 713 3457 766 3512; x_wconf 88' lang='lat'><strong>5.</strong></span> <span class='ocrx_word' id='word_1_259' title='bbox 791 3457 855 3510; x_wconf 82' lang='lat' dir='ltr'><strong>l7</strong></span> <span class='ocrx_word' id='word_1_260' title='bbox 877 3454 928 3526; x_wconf 87' lang='lat'><strong>);</strong></span> <span class='ocrx_word' id='word_1_261' title='bbox 961 3456 1090 3509; x_wconf 85' lang='lat' dir='ltr'><strong>alias</strong></span> <span class='ocrx_word' id='word_1_262' title='bbox 1115 3471 1240 3509; x_wconf 77' lang='lat' dir='ltr'><strong>vero</strong></span> <span class='ocrx_word' id='word_1_263' title='bbox 1270 3454 1582 3508; x_wconf 85' lang='lat' dir='ltr'><strong>demissiore</strong></span> <span class='ocrx_word' id='word_1_264' title='bbox 1615 3452 1771 3507; x_wconf 91' lang='lat' dir='ltr'><strong>modo</strong></span> <span class='ocrx_word' id='word_1_265' title='bbox 1803 3453 2053 3520; x_wconf 84' lang='lat' dir='ltr'><strong>prolatas,</strong></span> 
     </span>
    </p>
   </div>
   <div class='ocr_carea' id='block_1_35' title="bbox 491 3542 2058 3611">
    <p class='ocr_par' dir='ltr' id='par_1_35' title="bbox 491 3542 2058 3611">
     <span class='ocr_line' id='line_1_35' title="bbox 491 3542 2058 3611; baseline -0.001 -15"><span class='ocrx_word' id='word_1_266' title='bbox 491 3555 548 3598; x_wconf 91' lang='lat' dir='ltr'><strong>ut</strong></span> <span class='ocrx_word' id='word_1_267' title='bbox 574 3560 693 3600; x_wconf 90' lang='lat' dir='ltr'><strong>cum</strong></span> <span class='ocrx_word' id='word_1_268' title='bbox 721 3561 873 3599; x_wconf 84' lang='lat' dir='ltr'><strong>ovem</strong></span> <span class='ocrx_word' id='word_1_269' title='bbox 904 3547 953 3598; x_wconf 93' lang='lat' dir='ltr'><strong>in</strong></span> <span class='ocrx_word' id='word_1_270' title='bbox 991 3545 1218 3598; x_wconf 88' lang='lat' dir='ltr'><strong>medimn</strong></span> <span class='ocrx_word' id='word_1_271' title='bbox 1251 3543 1404 3598; x_wconf 75' lang='lat' dir='ltr'><strong>aï¬‚ert</strong></span> <span class='ocrx_word' id='word_1_272' title='bbox 1442 3544 1491 3596; x_wconf 92' lang='lat' dir='ltr'><strong>in</strong></span> <span class='ocrx_word' id='word_1_273' title='bbox 1541 3543 1759 3597; x_wconf 87' lang='lat' dir='ltr'><strong>sabbato</strong></span> <span class='ocrx_word' id='word_1_274' title='bbox 1783 3542 2058 3611; x_wconf 82' lang='lat' dir='ltr'><strong>perditam,</strong></span> 
     </span>
    </p>
   </div>
   <div class='ocr_carea' id='block_1_36' title="bbox 490 3632 2063 3702">
    <p class='ocr_par' dir='ltr' id='par_1_36' title="bbox 490 3632 2063 3702">
     <span class='ocr_line' id='line_1_36' title="bbox 490 3632 2063 3702; baseline -0.001 -16"><span class='ocrx_word' id='word_1_275' title='bbox 490 3642 544 3686; x_wconf 87' lang='lat' dir='ltr'><strong>et</strong></span> <span class='ocrx_word' id='word_1_276' title='bbox 563 3634 790 3688; x_wconf 85' lang='lat' dir='ltr'><strong>ostendit</strong></span> <span class='ocrx_word' id='word_1_277' title='bbox 809 3634 873 3687; x_wconf 86' lang='lat' dir='ltr'><strong>ad</strong></span> <span class='ocrx_word' id='word_1_278' title='bbox 895 3634 1008 3700; x_wconf 90' lang='lat' dir='ltr'><strong>ejus</strong></span> <span class='ocrx_word' id='word_1_279' title='bbox 1029 3634 1249 3687; x_wconf 83' lang='lat' dir='ltr'><strong>salutem</strong></span> <span class='ocrx_word' id='word_1_280' title='bbox 1274 3633 1438 3702; x_wconf 78' lang='lat' dir='ltr'><strong>legem</strong></span> <span class='ocrx_word' id='word_1_281' title='bbox 1468 3632 1629 3686; x_wconf 86' lang='lat' dir='ltr'><strong>fuisse</strong></span> <span class='ocrx_word' id='word_1_282' title='bbox 1665 3633 1888 3687; x_wconf 77' lang='lat' dir='ltr'><strong>solutam</strong></span> <span class='ocrx_word' id='word_1_283' title='bbox 1913 3673 1928 3699; x_wconf 91' lang='lat'><strong>,</strong></span> <span class='ocrx_word' id='word_1_284' title='bbox 1959 3633 2063 3686; x_wconf 92' lang='lat' dir='ltr'><strong>cir-</strong></span> 
     </span>
    </p>
   </div>
   <div class='ocr_carea' id='block_1_37' title="bbox 491 3724 2066 3794">
    <p class='ocr_par' dir='ltr' id='par_1_37' title="bbox 491 3724 2066 3794">
     <span class='ocr_line' id='line_1_37' title="bbox 491 3724 2066 3794; baseline 0.001 -18"><span class='ocrx_word' id='word_1_285' title='bbox 491 3725 863 3778; x_wconf 76' lang='lat' dir='ltr'><strong>cumcisioncm</strong></span> <span class='ocrx_word' id='word_1_286' title='bbox 892 3740 1099 3794; x_wconf 84' lang='lat' dir='ltr'><strong>quoque</strong></span> <span class='ocrx_word' id='word_1_287' title='bbox 1127 3724 1347 3792; x_wconf 89' lang='lat' dir='ltr'><strong>idipsnm</strong></span> <span class='ocrx_word' id='word_1_288' title='bbox 1387 3725 1661 3782; x_wconf 87' lang='lat' dir='ltr'><strong>facientem</strong></span> <span class='ocrx_word' id='word_1_289' title='bbox 1684 3733 2066 3779; x_wconf 88' lang='lat' dir='ltr'><strong>commemorat</strong></span> 
     </span>
    </p>
   </div>
   <div class='ocr_carea' id='block_1_38' title="bbox 495 3812 2069 3884">
    <p class='ocr_par' dir='ltr' id='par_1_38' title="bbox 495 3812 2069 3884">
     <span class='ocr_line' id='line_1_38' title="bbox 495 3812 2069 3884; baseline 0.001 -17"><span class='ocrx_word' id='word_1_290' title='bbox 495 3817 514 3884; x_wconf 89' lang='lat'>(</span> <span class='ocrx_word' id='word_1_291' title='bbox 552 3814 731 3868; x_wconf 75' lang='lat' dir='ltr'><strong>Matth.</strong></span> <span class='ocrx_word' id='word_1_292' title='bbox 765 3817 849 3869; x_wconf 72' lang='lat' dir='ltr'><strong>i2.</strong></span> <span class='ocrx_word' id='word_1_293' title='bbox 883 3817 968 3870; x_wconf 76' lang='lat' dir='ltr'><strong>il.</strong></span> <span class='ocrx_word' id='word_1_294' title='bbox 1002 3816 1066 3868; x_wconf 71' lang='lat' dir='ltr'><strong>l2</strong></span> <span class='ocrx_word' id='word_1_295' title='bbox 1090 3816 1128 3883; x_wconf 93' lang='lat'><strong>).</strong></span> <span class='ocrx_word' id='word_1_296' title='bbox 1162 3814 1284 3870; x_wconf 85' lang='lat' dir='ltr'><strong>Ideo</strong></span> <span class='ocrx_word' id='word_1_297' title='bbox 1320 3816 1521 3870; x_wconf 84' lang='lat' dir='ltr'><strong>scilicet</strong></span> <span class='ocrx_word' id='word_1_298' title='bbox 1541 3812 1906 3870; x_wconf 78' lang='lat' dir='ltr'><strong>humilioribus</strong></span> <span class='ocrx_word' id='word_1_299' title='bbox 1926 3830 2069 3884; x_wconf 68' lang='lat' dir='ltr'><strong>smpe</strong></span> 
     </span>
    </p>
   </div>
   <div class='ocr_carea' id='block_1_39' title="bbox 500 3904 2068 3974">
    <p class='ocr_par' dir='ltr' id='par_1_39' title="bbox 500 3904 2068 3974">
     <span class='ocr_line' id='line_1_39' title="bbox 500 3904 2068 3974; baseline 0.003 -21"><span class='ocrx_word' id='word_1_300' title='bbox 500 3904 677 3958; x_wconf 89' lang='lat' dir='ltr'><strong>verbis</strong></span> <span class='ocrx_word' id='word_1_301' title='bbox 703 3905 932 3974; x_wconf 85' lang='lat' dir='ltr'><strong>loquitur</strong></span> <span class='ocrx_word' id='word_1_302' title='bbox 955 3945 972 3971; x_wconf 92' lang='lat'><strong>,</strong></span> <span class='ocrx_word' id='word_1_303' title='bbox 1007 3914 1062 3958; x_wconf 90' lang='lat' dir='ltr'><strong>ut</strong></span> <span class='ocrx_word' id='word_1_304' title='bbox 1091 3906 1394 3974; x_wconf 88' lang='lat' dir='ltr'><strong>opinionem</strong></span> <span class='ocrx_word' id='word_1_305' title='bbox 1436 3906 1577 3958; x_wconf 85' lang='lat' dir='ltr'><strong>illam</strong></span> <span class='ocrx_word' id='word_1_306' title='bbox 1605 3947 1618 3968; x_wconf 91' lang='lat'><strong>,</strong></span> <span class='ocrx_word' id='word_1_307' title='bbox 1650 3919 1752 3973; x_wconf 75' lang='lat' dir='ltr'><strong>qua</strong></span> <span class='ocrx_word' id='word_1_308' title='bbox 1794 3904 2068 3973; x_wconf 83' lang='lat' dir='ltr'><strong>putabatur</strong></span> 
     </span>
    </p>
   </div>
   <div class='ocr_carea' id='block_1_40' title="bbox 500 3994 2066 4062">
    <p class='ocr_par' dir='ltr' id='par_1_40' title="bbox 500 3994 2066 4062">
     <span class='ocr_line' id='line_1_40' title="bbox 500 3994 2066 4062; baseline 0.001 -16"><span class='ocrx_word' id='word_1_309' title='bbox 500 3996 610 4062; x_wconf 84' lang='lat' dir='ltr'><strong>ipse</strong></span> <span class='ocrx_word' id='word_1_310' title='bbox 635 3994 746 4049; x_wconf 89' lang='lat' dir='ltr'><strong>Deo</strong></span> <span class='ocrx_word' id='word_1_311' title='bbox 766 3994 1053 4058; x_wconf 89' lang='lat' dir='ltr'><strong>adversari,</strong></span> <span class='ocrx_word' id='word_1_312' title='bbox 1083 3995 1398 4048; x_wconf 89' lang='lat' dir='ltr'><strong>eliminaret.</strong></span> <span class='ocrx_word' id='word_1_313' title='bbox 1431 3995 1630 4048; x_wconf 79' lang='lat' dir='ltr'><strong>ideirco</strong></span> <span class='ocrx_word' id='word_1_314' title='bbox 1656 3994 1743 4062; x_wconf 85' lang='lat' dir='ltr'><strong>qui</strong></span> <span class='ocrx_word' id='word_1_315' title='bbox 1773 3995 1932 4047; x_wconf 87' lang='lat' dir='ltr'><strong>verbo</strong></span> <span class='ocrx_word' id='word_1_316' title='bbox 1953 3995 2066 4047; x_wconf 91' lang='lat' dir='ltr'><strong>solo</strong></span> 
     </span>
    </p>
   </div>
   <div class='ocr_carea' id='block_1_41' title="bbox 501 4083 2066 4147">
    <p class='ocr_par' dir='ltr' id='par_1_41' title="bbox 501 4083 2066 4147">
     <span class='ocr_line' id='line_1_41' title="bbox 501 4083 2066 4147; baseline 0.001 -13"><span class='ocrx_word' id='word_1_317' title='bbox 501 4084 806 4137; x_wconf 87' lang='lat' dir='ltr'><strong>innumeros</strong></span> <span class='ocrx_word' id='word_1_318' title='bbox 833 4094 1072 4138; x_wconf 79' lang='lat' dir='ltr'><strong>mortuos</strong></span> <span class='ocrx_word' id='word_1_319' title='bbox 1099 4087 1458 4147; x_wconf 88' lang='lat' dir='ltr'><strong>suscitaverat,</strong></span> <span class='ocrx_word' id='word_1_320' title='bbox 1483 4083 1600 4136; x_wconf 85' lang='lat' dir='ltr'><strong>eum</strong></span> <span class='ocrx_word' id='word_1_321' title='bbox 1630 4083 1884 4136; x_wconf 73' lang='lat' dir='ltr'><strong>Lazarum</strong></span> <span class='ocrx_word' id='word_1_322' title='bbox 1911 4099 2066 4137; x_wconf 84' lang='lat' dir='ltr'><strong>voca-</strong></span> 
     </span>
    </p>
   </div>
   <div class='ocr_carea' id='block_1_42' title="bbox 500 4174 2071 4244">
    <p class='ocr_par' dir='ltr' id='par_1_42' title="bbox 500 4174 2071 4244">
     <span class='ocr_line' id='line_1_42' title="bbox 500 4174 2071 4244; baseline 0.003 -20"><span class='ocrx_word' id='word_1_323' title='bbox 500 4176 594 4236; x_wconf 80' lang='lat' dir='ltr'><strong>vit,</strong></span> <span class='ocrx_word' id='word_1_324' title='bbox 618 4183 669 4228; x_wconf 91' lang='lat' dir='ltr'><strong>et</strong></span> <span class='ocrx_word' id='word_1_325' title='bbox 689 4176 925 4229; x_wconf 84' lang='lat' dir='ltr'><strong>oratione</strong></span> <span class='ocrx_word' id='word_1_326' title='bbox 943 4192 978 4228; x_wconf 79' lang='grc' dir='ltr'><strong><em>Î·</em></strong></span> <span class='ocrx_word' id='word_1_327' title='bbox 1002 4175 1190 4241; x_wconf 85' lang='lat' dir='ltr'><strong>adjecit</strong></span> <span class='ocrx_word' id='word_1_328' title='bbox 1208 4174 1612 4244; x_wconf 68' lang='lat' dir='ltr'><strong>(JoanJlJtl);</strong></span> <span class='ocrx_word' id='word_1_329' title='bbox 1633 4174 1843 4238; x_wconf 90' lang='lat' dir='ltr'><strong>deinde,</strong></span> <span class='ocrx_word' id='word_1_330' title='bbox 1867 4175 2071 4229; x_wconf 82' lang='lat' dir='ltr'><strong>neltinc</strong></span> 
     </span>
    </p>
   </div>
   <div class='ocr_carea' id='block_1_43' title="bbox 505 4264 2071 4331">
    <p class='ocr_par' dir='ltr' id='par_1_43' title="bbox 505 4264 2071 4331">
     <span class='ocr_line' id='line_1_43' title="bbox 505 4264 2071 4331; baseline 0.002 -14"><span class='ocrx_word' id='word_1_331' title='bbox 505 4266 656 4318; x_wconf 78' lang='lat' dir='ltr'><strong>Patre</strong></span> <span class='ocrx_word' id='word_1_332' title='bbox 676 4278 773 4317; x_wconf 88' lang='lat' dir='ltr'><strong>suo</strong></span> <span class='ocrx_word' id='word_1_333' title='bbox 793 4264 915 4317; x_wconf 68' lang='lat' dir='ltr'><strong>mini</strong></span> <span class='ocrx_word' id='word_1_334' title='bbox 938 4280 966 4317; x_wconf 94' lang='lat' dir='ltr'><strong>r</strong></span> <span class='ocrx_word' id='word_1_335' title='bbox 985 4264 1351 4318; x_wconf 83' lang='lat' dir='ltr'><strong>ostenderetur</strong></span> <span class='ocrx_word' id='word_1_336' title='bbox 1370 4307 1383 4327; x_wconf 90' lang='lat'><strong>,</strong></span> <span class='ocrx_word' id='word_1_337' title='bbox 1409 4275 1461 4318; x_wconf 88' lang='lat' dir='ltr'><strong>et</strong></span> <span class='ocrx_word' id='word_1_338' title='bbox 1481 4273 1538 4316; x_wconf 88' lang='lat' dir='ltr'><strong>ut</strong></span> <span class='ocrx_word' id='word_1_339' title='bbox 1559 4265 1694 4316; x_wconf 76' lang='lat' dir='ltr'><strong>hanc</strong></span> <span class='ocrx_word' id='word_1_340' title='bbox 1715 4265 2071 4331; x_wconf 81' lang='lat' dir='ltr'><strong>suspicionem</strong></span> 
     </span>
    </p>
   </div>
   <div class='ocr_carea' id='block_1_44' title="bbox 502 4352 2072 4422">
    <p class='ocr_par' dir='ltr' id='par_1_44' title="bbox 502 4352 2072 4422">
     <span class='ocr_line' id='line_1_44' title="bbox 502 4352 2072 4422; baseline -0.001 -15"><span class='ocrx_word' id='word_1_341' title='bbox 502 4355 846 4419; x_wconf 87' lang='lat' dir='ltr'><strong>emendaret,</strong></span> <span class='ocrx_word' id='word_1_342' title='bbox 883 4354 1154 4422; x_wconf 83' lang='lat' dir='ltr'><strong>subjunxit</strong></span> <span class='ocrx_word' id='word_1_343' title='bbox 1183 4371 1196 4406; x_wconf 90' lang='lat'><strong>:</strong></span> <span class='ocrx_word' id='word_1_344' title='bbox 1229 4352 1350 4407; x_wconf 69' lang='lat' dir='ltr'><strong>&quot;an:</strong></span> <span class='ocrx_word' id='word_1_345' title='bbox 1375 4355 1482 4404; x_wconf 69' lang='lat' dir='ltr'><strong>dixi</strong></span> <span class='ocrx_word' id='word_1_346' title='bbox 1515 4363 1713 4421; x_wconf 64' lang='lat' dir='ltr'><strong>propter</strong></span> <span class='ocrx_word' id='word_1_347' title='bbox 1737 4353 1932 4406; x_wconf 81' lang='lat' dir='ltr'><strong>turbam</strong></span> <span class='ocrx_word' id='word_1_348' title='bbox 1969 4356 2072 4407; x_wconf 84' lang='lat' dir='ltr'><strong>cir-</strong></span> 
     </span>
    </p>
   </div>
   <div class='ocr_carea' id='block_1_45' title="bbox 504 4443 2068 4513">
    <p class='ocr_par' dir='ltr' id='par_1_45' title="bbox 504 4443 2068 4513">
     <span class='ocr_line' id='line_1_45' title="bbox 504 4443 2068 4513; baseline 0.002 -18"><span class='ocrx_word' id='word_1_349' title='bbox 504 4453 825 4497; x_wconf 82' lang='lat' dir='ltr'><strong>cnmstantem</strong></span> <span class='ocrx_word' id='word_1_350' title='bbox 846 4486 859 4509; x_wconf 92' lang='lat'><strong>,</strong></span> <span class='ocrx_word' id='word_1_351' title='bbox 885 4453 937 4496; x_wconf 89' lang='lat' dir='ltr'><strong>ut</strong></span> <span class='ocrx_word' id='word_1_352' title='bbox 958 4445 1160 4496; x_wconf 61' lang='lat' dir='ltr'><strong>credunt</strong></span> <span class='ocrx_word' id='word_1_353' title='bbox 1184 4443 1298 4512; x_wconf 82' lang='lat' dir='ltr'><strong>quia</strong></span> <span class='ocrx_word' id='word_1_354' title='bbox 1329 4452 1381 4494; x_wconf 85' lang='lat' dir='ltr'><strong>tu</strong></span> <span class='ocrx_word' id='word_1_355' title='bbox 1401 4459 1476 4494; x_wconf 72' lang='lat' dir='ltr'><strong>me</strong></span> <span class='ocrx_word' id='word_1_356' title='bbox 1503 4443 1675 4494; x_wconf 73' lang='lat' dir='ltr'><strong>misisti</strong></span> <span class='ocrx_word' id='word_1_357' title='bbox 1707 4443 1862 4513; x_wconf 74' lang='lat' dir='ltr'><strong>(Ibid.</strong></span> <span class='ocrx_word' id='word_1_358' title='bbox 1891 4459 1935 4496; x_wconf 84' lang='grc' dir='ltr'><strong>Ï….</strong></span> <span class='ocrx_word' id='word_1_359' title='bbox 1956 4445 2068 4513; x_wconf 68' lang='grc' dir='ltr'><strong>Î·).</strong></span> 
     </span>
    </p>
   </div>
   <div class='ocr_carea' id='block_1_46' title="bbox 503 4533 2073 4602">
    <p class='ocr_par' dir='ltr' id='par_1_46' title="bbox 503 4533 2073 4602">
     <span class='ocr_line' id='line_1_46' title="bbox 503 4533 2073 4602; baseline -0.001 -14"><span class='ocrx_word' id='word_1_360' title='bbox 503 4533 686 4602; x_wconf 82' lang='lat' dir='ltr'><strong>Neque</strong></span> <span class='ocrx_word' id='word_1_361' title='bbox 715 4534 886 4585; x_wconf 82' lang='lat' dir='ltr'><strong>omnia</strong></span> <span class='ocrx_word' id='word_1_362' title='bbox 912 4537 1057 4602; x_wconf 84' lang='lat' dir='ltr'><strong>quasi</strong></span> <span class='ocrx_word' id='word_1_363' title='bbox 1086 4550 1178 4588; x_wconf 80' lang='lat' dir='ltr'><strong>sua</strong></span> <span class='ocrx_word' id='word_1_364' title='bbox 1203 4534 1514 4587; x_wconf 74' lang='lat' dir='ltr'><strong>auctoritate</strong></span> <span class='ocrx_word' id='word_1_365' title='bbox 1541 4533 1679 4598; x_wconf 79' lang='lat' dir='ltr'><strong>facit,</strong></span> <span class='ocrx_word' id='word_1_366' title='bbox 1706 4545 1758 4586; x_wconf 92' lang='lat' dir='ltr'><strong>ut</strong></span> <span class='ocrx_word' id='word_1_367' title='bbox 1785 4535 2073 4587; x_wconf 76' lang='lat' dir='ltr'><strong>infirmitati</strong></span> 
     </span>
    </p>
   </div>
   <div class='ocr_carea' id='block_1_47' title="bbox 505 4623 2074 4694">
    <p class='ocr_par' dir='ltr' id='par_1_47' title="bbox 505 4623 2074 4694">
     <span class='ocr_line' id='line_1_47' title="bbox 505 4623 2074 4694; baseline -0.001 -16"><span class='ocrx_word' id='word_1_368' title='bbox 505 4640 687 4678; x_wconf 87' lang='lat' dir='ltr'><strong>eorum</strong></span> <span class='ocrx_word' id='word_1_369' title='bbox 719 4639 776 4677; x_wconf 87' lang='lat' dir='ltr'><strong>se</strong></span> <span class='ocrx_word' id='word_1_370' title='bbox 815 4634 1160 4692; x_wconf 77' lang='lat' dir='ltr'><strong>attemperct;</strong></span> <span class='ocrx_word' id='word_1_371' title='bbox 1195 4640 1363 4691; x_wconf 74' lang='lat' dir='ltr'><strong>neque</strong></span> <span class='ocrx_word' id='word_1_372' title='bbox 1392 4624 1545 4675; x_wconf 86' lang='lat' dir='ltr'><strong>etiam</strong></span> <span class='ocrx_word' id='word_1_373' title='bbox 1578 4623 1751 4680; x_wconf 73' lang='lat' dir='ltr'><strong>omnia</strong></span> <span class='ocrx_word' id='word_1_374' title='bbox 1787 4625 2074 4694; x_wconf 76' lang='lat' dir='ltr'><strong>pitemissis</strong></span> 
     </span>
    </p>
   </div>
   <div class='ocr_carea' id='block_1_48' title="bbox 508 4713 2076 4784">
    <p class='ocr_par' dir='ltr' id='par_1_48' title="bbox 508 4713 2076 4784">
     <span class='ocr_line' id='line_1_48' title="bbox 508 4713 2076 4784; baseline 0.001 -20"><span class='ocrx_word' id='word_1_375' title='bbox 508 4713 747 4780; x_wconf 76' lang='lat' dir='ltr'><strong>precibus</strong></span> <span class='ocrx_word' id='word_1_376' title='bbox 767 4714 906 4776; x_wconf 75' lang='lat' dir='ltr'><strong>facit,</strong></span> <span class='ocrx_word' id='word_1_377' title='bbox 928 4729 992 4766; x_wconf 82' lang='lat' dir='ltr'><strong>ne</strong></span> <span class='ocrx_word' id='word_1_378' title='bbox 1018 4714 1240 4781; x_wconf 84' lang='lat' dir='ltr'><strong>posteris</strong></span> <span class='ocrx_word' id='word_1_379' title='bbox 1261 4715 1575 4784; x_wconf 75' lang='lat' dir='ltr'><strong>relinqueret</strong></span> <span class='ocrx_word' id='word_1_380' title='bbox 1597 4713 1909 4781; x_wconf 76' lang='lat' dir='ltr'><strong>suspicionis</strong></span> <span class='ocrx_word' id='word_1_381' title='bbox 1930 4729 2076 4783; x_wconf 77' lang='lat' dir='ltr'><strong>argu-</strong></span> 
     </span>
    </p>
   </div>
   <div class='ocr_carea' id='block_1_49' title="bbox 508 4801 2071 4870">
    <p class='ocr_par' dir='ltr' id='par_1_49' title="bbox 508 4801 2071 4870">
     <span class='ocr_line' id='line_1_49' title="bbox 508 4801 2071 4870; baseline -0.001 -14"><span class='ocrx_word' id='word_1_382' title='bbox 508 4811 738 4856; x_wconf 79' lang='lat' dir='ltr'><strong>mentum</strong></span> <span class='ocrx_word' id='word_1_383' title='bbox 760 4844 772 4862; x_wconf 88' lang='lat'><strong>,</strong></span> <span class='ocrx_word' id='word_1_384' title='bbox 806 4803 950 4869; x_wconf 85' lang='lat' dir='ltr'><strong>quasi</strong></span> <span class='ocrx_word' id='word_1_385' title='bbox 984 4801 1183 4856; x_wconf 75' lang='lat' dir='ltr'><strong>scilicet</strong></span> <span class='ocrx_word' id='word_1_386' title='bbox 1212 4804 1448 4856; x_wconf 86' lang='lat' dir='ltr'><strong>infirmos</strong></span> <span class='ocrx_word' id='word_1_387' title='bbox 1475 4810 1526 4857; x_wconf 88' lang='lat' dir='ltr'><strong>et</strong></span> <span class='ocrx_word' id='word_1_388' title='bbox 1558 4802 1818 4870; x_wconf 78' lang='lat' dir='ltr'><strong>impotens</strong></span> <span class='ocrx_word' id='word_1_389' title='bbox 1844 4803 1948 4866; x_wconf 89' lang='lat' dir='ltr'><strong>sit,</strong></span> <span class='ocrx_word' id='word_1_390' title='bbox 1975 4801 2071 4860; x_wconf 85' lang='lat' dir='ltr'><strong>sed</strong></span> 
     </span>
    </p>
   </div>
   <div class='ocr_carea' id='block_1_50' title="bbox 510 4893 2074 4949">
    <p class='ocr_par' dir='ltr' id='par_1_50' title="bbox 510 4893 2074 4949">
     <span class='ocr_line' id='line_1_50' title="bbox 510 4893 2074 4949; baseline -0.001 -2"><span class='ocrx_word' id='word_1_391' title='bbox 510 4895 620 4948; x_wconf 77' lang='lat' dir='ltr'><strong>hzec</strong></span> <span class='ocrx_word' id='word_1_392' title='bbox 641 4895 741 4949; x_wconf 84' lang='lat' dir='ltr'><strong>illis</strong></span> <span class='ocrx_word' id='word_1_393' title='bbox 764 4903 814 4948; x_wconf 88' lang='lat' dir='ltr'><strong>et</strong></span> <span class='ocrx_word' id='word_1_394' title='bbox 834 4895 916 4946; x_wconf 88' lang='lat' dir='ltr'><strong>illa</strong></span> <span class='ocrx_word' id='word_1_395' title='bbox 941 4895 1020 4949; x_wconf 75' lang='lat' dir='ltr'><strong>his</strong></span> <span class='ocrx_word' id='word_1_396' title='bbox 1037 4895 1311 4948; x_wconf 81' lang='lat' dir='ltr'><strong>admiscet.</strong></span> <span class='ocrx_word' id='word_1_397' title='bbox 1341 4894 1467 4946; x_wconf 86' lang='lat' dir='ltr'><strong>Illud</strong></span> <span class='ocrx_word' id='word_1_398' title='bbox 1487 4905 1662 4947; x_wconf 81' lang='lat' dir='ltr'><strong>autem</strong></span> <span class='ocrx_word' id='word_1_399' title='bbox 1681 4907 1782 4946; x_wconf 88' lang='lat' dir='ltr'><strong>non</strong></span> <span class='ocrx_word' id='word_1_400' title='bbox 1808 4893 1923 4944; x_wconf 86' lang='lat' dir='ltr'><strong>sine</strong></span> <span class='ocrx_word' id='word_1_401' title='bbox 1942 4902 2074 4946; x_wconf 83' lang='lat' dir='ltr'><strong>temâ€”</strong></span> 
     </span>
    </p>
   </div>
   <div class='ocr_carea' id='block_1_51' title="bbox 510 4969 2076 5056">
    <p class='ocr_par' dir='ltr' id='par_1_51' title="bbox 510 4969 2076 5056">
     <span class='ocr_line' id='line_1_51' title="bbox 510 4969 2076 5056; baseline 0 -18"><span class='ocrx_word' id='word_1_402' title='bbox 510 4995 815 5056; x_wconf 81' lang='lat' dir='ltr'><strong>peramento</strong></span> <span class='ocrx_word' id='word_1_403' title='bbox 841 4986 988 5050; x_wconf 83' lang='lat' dir='ltr'><strong>facit,</strong></span> <span class='ocrx_word' id='word_1_404' title='bbox 1009 4989 1100 5041; x_wconf 86' lang='lat' dir='ltr'><strong>sed</strong></span> <span class='ocrx_word' id='word_1_405' title='bbox 1123 5003 1241 5039; x_wconf 86' lang='lat' dir='ltr'><strong>cum</strong></span> <span class='ocrx_word' id='word_1_406' title='bbox 1265 4986 1468 5040; x_wconf 84' lang='lat' dir='ltr'><strong>decenti</strong></span> <span class='ocrx_word' id='word_1_407' title='bbox 1493 4987 1588 5038; x_wconf 77' lang='lat' dir='ltr'><strong>sibi</strong></span> <span class='ocrx_word' id='word_1_408' title='bbox 1612 4985 1910 5053; x_wconf 87' lang='lat' dir='ltr'><strong>prudentia.</strong></span> <span class='ocrx_word' id='word_1_409' title='bbox 1944 4969 2076 5039; x_wconf 78' lang='lat' dir='ltr'><strong>Nam</strong></span> 
     </span>
    </p>
   </div>
   <div class='ocr_carea' id='block_1_52' title="bbox 508 5077 2080 5147">
    <p class='ocr_par' dir='ltr' id='par_1_52' title="bbox 508 5077 2080 5147">
     <span class='ocr_line' id='line_1_52' title="bbox 508 5077 2080 5147; baseline 0 -15"><span class='ocrx_word' id='word_1_410' title='bbox 508 5089 562 5132; x_wconf 91' lang='lat' dir='ltr'><strong>et</strong></span> <span class='ocrx_word' id='word_1_411' title='bbox 585 5077 781 5144; x_wconf 81' lang='lat' dir='ltr'><strong>majora</strong></span> <span class='ocrx_word' id='word_1_412' title='bbox 809 5080 927 5132; x_wconf 77' lang='lat' dir='ltr'><strong>facit</strong></span> <span class='ocrx_word' id='word_1_413' title='bbox 953 5081 1100 5147; x_wconf 88' lang='lat' dir='ltr'><strong>quasi</strong></span> <span class='ocrx_word' id='word_1_414' title='bbox 1125 5089 1431 5147; x_wconf 88' lang='lat' dir='ltr'><strong>potestatem</strong></span> <span class='ocrx_word' id='word_1_415' title='bbox 1463 5078 1681 5142; x_wconf 83' lang='lat' dir='ltr'><strong>habens,</strong></span> <span class='ocrx_word' id='word_1_416' title='bbox 1705 5087 1758 5132; x_wconf 90' lang='lat' dir='ltr'><strong>et</strong></span> <span class='ocrx_word' id='word_1_417' title='bbox 1779 5078 1830 5132; x_wconf 86' lang='lat' dir='ltr'><strong>in</strong></span> <span class='ocrx_word' id='word_1_418' title='bbox 1860 5080 2080 5133; x_wconf 86' lang='lat' dir='ltr'><strong>minori-</strong></span> 
     </span>
    </p>
   </div>
   <div class='ocr_carea' id='block_1_53' title="bbox 511 5169 2079 5238">
    <p class='ocr_par' dir='ltr' id='par_1_53' title="bbox 511 5169 2079 5238">
     <span class='ocr_line' id='line_1_53' title="bbox 511 5169 2079 5238; baseline 0.001 -16"><span class='ocrx_word' id='word_1_419' title='bbox 511 5170 605 5223; x_wconf 85' lang='lat' dir='ltr'><strong>bus</strong></span> <span class='ocrx_word' id='word_1_420' title='bbox 631 5170 690 5220; x_wconf 86' lang='lat' dir='ltr'><strong>ad</strong></span> <span class='ocrx_word' id='word_1_421' title='bbox 711 5170 898 5222; x_wconf 64' lang='lat' dir='ltr'><strong>cretum</strong></span> <span class='ocrx_word' id='word_1_422' title='bbox 920 5171 1148 5238; x_wconf 82' lang='lat' dir='ltr'><strong>respicit.</strong></span> <span class='ocrx_word' id='word_1_423' title='bbox 1169 5169 1435 5237; x_wconf 85' lang='lat' dir='ltr'><strong>Siquidem</strong></span> <span class='ocrx_word' id='word_1_424' title='bbox 1464 5184 1581 5222; x_wconf 88' lang='lat' dir='ltr'><strong>cmn</strong></span> <span class='ocrx_word' id='word_1_425' title='bbox 1607 5180 1815 5237; x_wconf 78' lang='lat' dir='ltr'><strong>peccata</strong></span> <span class='ocrx_word' id='word_1_426' title='bbox 1843 5170 2079 5236; x_wconf 89' lang='lat' dir='ltr'><strong>dimittit,</strong></span> 
     </span>
    </p>
   </div>
   <div class='ocr_carea' id='block_1_54' title="bbox 509 5256 2081 5328">
    <p class='ocr_par' dir='ltr' id='par_1_54' title="bbox 509 5256 2081 5328">
     <span class='ocr_line' id='line_1_54' title="bbox 509 5256 2081 5328; baseline 0.001 -17"><span class='ocrx_word' id='word_1_427' title='bbox 509 5273 627 5311; x_wconf 83' lang='lat' dir='ltr'><strong>Clltll</strong></span> <span class='ocrx_word' id='word_1_428' title='bbox 659 5256 861 5312; x_wconf 68' lang='lat' dir='ltr'><strong>secreta</strong></span> <span class='ocrx_word' id='word_1_429' title='bbox 897 5260 1131 5324; x_wconf 78' lang='lat' dir='ltr'><strong>revelat,</strong></span> <span class='ocrx_word' id='word_1_430' title='bbox 1160 5269 1210 5313; x_wconf 90' lang='lat' dir='ltr'><strong>et</strong></span> <span class='ocrx_word' id='word_1_431' title='bbox 1242 5259 1536 5326; x_wconf 64' lang='lat' dir='ltr'><strong>paradisum</strong></span> <span class='ocrx_word' id='word_1_432' title='bbox 1577 5260 1778 5328; x_wconf 86' lang='lat' dir='ltr'><strong>aperit,</strong></span> <span class='ocrx_word' id='word_1_433' title='bbox 1811 5273 1932 5312; x_wconf 91' lang='lat' dir='ltr'><strong>cum</strong></span> <span class='ocrx_word' id='word_1_434' title='bbox 1973 5259 2081 5313; x_wconf 65' lang='lat' dir='ltr'><strong>dte-</strong></span> 
     </span>
    </p>
   </div>
   <div class='ocr_carea' id='block_1_55' title="bbox 510 5334 2122 5416">
    <p class='ocr_par' dir='ltr' id='par_1_55' title="bbox 510 5334 2122 5416">
     <span class='ocr_line' id='line_1_55' title="bbox 510 5334 2122 5416; baseline 0.003 -16"><span class='ocrx_word' id='word_1_435' title='bbox 510 5363 694 5401; x_wconf 84' lang='lat' dir='ltr'><strong>nionas</strong></span> <span class='ocrx_word' id='word_1_436' title='bbox 743 5349 917 5416; x_wconf 88' lang='lat' dir='ltr'><strong>pellit,</strong></span> <span class='ocrx_word' id='word_1_437' title='bbox 959 5364 1075 5401; x_wconf 90' lang='lat' dir='ltr'><strong>cum</strong></span> <span class='ocrx_word' id='word_1_438' title='bbox 1120 5350 1361 5416; x_wconf 70' lang='lat' dir='ltr'><strong>leprosos</strong></span> <span class='ocrx_word' id='word_1_439' title='bbox 1407 5349 1658 5416; x_wconf 83' lang='lat' dir='ltr'><strong>mundat,</strong></span> <span class='ocrx_word' id='word_1_440' title='bbox 1698 5366 1818 5405; x_wconf 88' lang='lat' dir='ltr'><strong>cum</strong></span> <span class='ocrx_word' id='word_1_441' title='bbox 1858 5361 2079 5405; x_wconf 87' lang='lat' dir='ltr'><strong>mortem</strong></span> <span class='ocrx_word' id='word_1_442' title='bbox 2115 5334 2122 5340; x_wconf 48' lang='grc'><strong>â€</strong></span> 
     </span>
    </p>
   </div>
   <div class='ocr_carea' id='block_1_56' title="bbox 513 5438 2078 5511">
    <p class='ocr_par' dir='ltr' id='par_1_56' title="bbox 513 5438 2078 5511">
     <span class='ocr_line' id='line_1_56' title="bbox 513 5438 2078 5511; baseline 0.004 -21"><span class='ocrx_word' id='word_1_443' title='bbox 513 5438 683 5493; x_wconf 75' lang='lat' dir='ltr'><strong>frenat</strong></span> <span class='ocrx_word' id='word_1_444' title='bbox 705 5481 716 5500; x_wconf 90' lang='lat'><strong>,</strong></span> <span class='ocrx_word' id='word_1_445' title='bbox 737 5455 855 5492; x_wconf 88' lang='lat' dir='ltr'><strong>cum</strong></span> <span class='ocrx_word' id='word_1_446' title='bbox 879 5449 1112 5493; x_wconf 87' lang='lat' dir='ltr'><strong>mortuos</strong></span> <span class='ocrx_word' id='word_1_447' title='bbox 1135 5444 1351 5494; x_wconf 83' lang='lat' dir='ltr'><strong>suscitat</strong></span> <span class='ocrx_word' id='word_1_448' title='bbox 1376 5442 1678 5497; x_wconf 87' lang='lat' dir='ltr'><strong>innumeros</strong></span> <span class='ocrx_word' id='word_1_449' title='bbox 1700 5485 1712 5506; x_wconf 94' lang='lat'><strong>,</strong></span> <span class='ocrx_word' id='word_1_450' title='bbox 1735 5443 1883 5511; x_wconf 91' lang='lat' dir='ltr'><strong>jussu</strong></span> <span class='ocrx_word' id='word_1_451' title='bbox 1905 5445 2078 5497; x_wconf 88' lang='lat' dir='ltr'><strong>omnia</strong></span> 
     </span>
    </p>
   </div>
   <div class='ocr_carea' id='block_1_57' title="bbox 513 5530 2078 5601">
    <p class='ocr_par' dir='ltr' id='par_1_57' title="bbox 513 5530 2078 5601">
     <span class='ocr_line' id='line_1_57' title="bbox 513 5530 2078 5601; baseline 0.004 -21"><span class='ocrx_word' id='word_1_452' title='bbox 513 5530 669 5592; x_wconf 76' lang='lat' dir='ltr'><strong>facit;</strong></span> <span class='ocrx_word' id='word_1_453' title='bbox 701 5547 818 5583; x_wconf 86' lang='lat' dir='ltr'><strong>cum</strong></span> <span class='ocrx_word' id='word_1_454' title='bbox 848 5542 1017 5583; x_wconf 84' lang='lat' dir='ltr'><strong>autem</strong></span> <span class='ocrx_word' id='word_1_455' title='bbox 1042 5572 1055 5593; x_wconf 91' lang='lat'><strong>,</strong></span> <span class='ocrx_word' id='word_1_456' title='bbox 1087 5532 1225 5601; x_wconf 88' lang='lat' dir='ltr'><strong>quod</strong></span> <span class='ocrx_word' id='word_1_457' title='bbox 1261 5533 1422 5585; x_wconf 87' lang='lat' dir='ltr'><strong>multo</strong></span> <span class='ocrx_word' id='word_1_458' title='bbox 1448 5535 1619 5586; x_wconf 84' lang='lat' dir='ltr'><strong>minus</strong></span> <span class='ocrx_word' id='word_1_459' title='bbox 1645 5543 1758 5587; x_wconf 82' lang='lat' dir='ltr'><strong>erat</strong></span> <span class='ocrx_word' id='word_1_460' title='bbox 1781 5574 1796 5597; x_wconf 93' lang='lat'><strong>,</strong></span> <span class='ocrx_word' id='word_1_461' title='bbox 1829 5548 1989 5601; x_wconf 85' lang='lat' dir='ltr'><strong>panes</strong></span> <span class='ocrx_word' id='word_1_462' title='bbox 2017 5549 2078 5587; x_wconf 85' lang='lat' dir='ltr'><strong>cx</strong></span> 
     </span>
    </p>
   </div>
   <div class='ocr_carea' id='block_1_58' title="bbox 516 5622 2082 5692">
    <p class='ocr_par' dir='ltr' id='par_1_58' title="bbox 516 5622 2082 5692">
     <span class='ocr_line' id='line_1_58' title="bbox 516 5622 2082 5692; baseline 0.004 -21"><span class='ocrx_word' id='word_1_463' title='bbox 516 5624 696 5690; x_wconf 76' lang='lat' dir='ltr'><strong>paucis</strong></span> <span class='ocrx_word' id='word_1_464' title='bbox 723 5622 913 5676; x_wconf 86' lang='lat' dir='ltr'><strong>multos</strong></span> <span class='ocrx_word' id='word_1_465' title='bbox 943 5623 1086 5686; x_wconf 86' lang='lat' dir='ltr'><strong>fecit,</strong></span> <span class='ocrx_word' id='word_1_466' title='bbox 1121 5635 1243 5678; x_wconf 92' lang='lat' dir='ltr'><strong>tunc</strong></span> <span class='ocrx_word' id='word_1_467' title='bbox 1274 5625 1322 5677; x_wconf 91' lang='lat' dir='ltr'><strong>in</strong></span> <span class='ocrx_word' id='word_1_468' title='bbox 1351 5624 1534 5677; x_wconf 68' lang='lat' dir='ltr'><strong>ert-lum</strong></span> <span class='ocrx_word' id='word_1_469' title='bbox 1563 5626 1815 5692; x_wconf 88' lang='lat' dir='ltr'><strong>respexit,</strong></span> <span class='ocrx_word' id='word_1_470' title='bbox 1850 5640 1940 5692; x_wconf 90' lang='lat' dir='ltr'><strong>per</strong></span> <span class='ocrx_word' id='word_1_471' title='bbox 1969 5642 2082 5678; x_wconf 88' lang='lat' dir='ltr'><strong>om-</strong></span> 
     </span>
    </p>
   </div>
   <div class='ocr_carea' id='block_1_59' title="bbox 517 5711 2081 5778">
    <p class='ocr_par' dir='ltr' id='par_1_59' title="bbox 517 5711 2081 5778">
     <span class='ocr_line' id='line_1_59' title="bbox 517 5711 2081 5778; baseline 0.004 -15"><span class='ocrx_word' id='word_1_472' title='bbox 517 5711 914 5778; x_wconf 13' lang='lat' dir='ltr'><strong>niahostendens</strong></span> <span class='ocrx_word' id='word_1_473' title='bbox 941 5728 1000 5767; x_wconf 90' lang='lat' dir='ltr'><strong>se</strong></span> <span class='ocrx_word' id='word_1_474' title='bbox 1028 5729 1131 5767; x_wconf 91' lang='lat' dir='ltr'><strong>non</strong></span> <span class='ocrx_word' id='word_1_475' title='bbox 1164 5730 1226 5767; x_wconf 79' lang='lat' dir='ltr'><strong>ex</strong></span> <span class='ocrx_word' id='word_1_476' title='bbox 1267 5713 1568 5768; x_wconf 80' lang='lat' dir='ltr'><strong>inï¬rmitate</strong></span> <span class='ocrx_word' id='word_1_477' title='bbox 1595 5713 1697 5768; x_wconf 87' lang='lat' dir='ltr'><strong>hoc</strong></span> <span class='ocrx_word' id='word_1_478' title='bbox 1727 5715 1916 5768; x_wconf 88' lang='lat' dir='ltr'><strong>facere.</strong></span> <span class='ocrx_word' id='word_1_479' title='bbox 1951 5714 2081 5769; x_wconf 84' lang='lat' dir='ltr'><strong>Nam</strong></span> 
     </span>
    </p>
   </div>
   <div class='ocr_carea' id='block_1_60' title="bbox 528 5803 2084 5878">
    <p class='ocr_par' dir='ltr' id='par_1_60' title="bbox 528 5803 2084 5878">
     <span class='ocr_line' id='line_1_60' title="bbox 528 5803 2084 5878; baseline 0.005 -26"><span class='ocrx_word' id='word_1_480' title='bbox 528 5803 620 5878; x_wconf 81' lang='lat' dir='ltr'><strong>qui</strong></span> <span class='ocrx_word' id='word_1_481' title='bbox 641 5809 836 5876; x_wconf 73' lang='lat' dir='ltr'><strong>majora</strong></span> <span class='ocrx_word' id='word_1_482' title='bbox 866 5815 1064 5868; x_wconf 74' lang='lat' dir='ltr'><strong>poterat</strong></span> <span class='ocrx_word' id='word_1_483' title='bbox 1085 5820 1201 5857; x_wconf 89' lang='lat' dir='ltr'><strong>cum</strong></span> <span class='ocrx_word' id='word_1_484' title='bbox 1229 5814 1488 5874; x_wconf 77' lang='lat' dir='ltr'><strong>potestate</strong></span> <span class='ocrx_word' id='word_1_485' title='bbox 1516 5805 1709 5872; x_wconf 85' lang='lat' dir='ltr'><strong>facere,</strong></span> <span class='ocrx_word' id='word_1_486' title='bbox 1738 5805 2002 5874; x_wconf 89' lang='lat' dir='ltr'><strong>quomodo</strong></span> <span class='ocrx_word' id='word_1_487' title='bbox 2032 5806 2084 5860; x_wconf 90' lang='lat' dir='ltr'><strong>in</strong></span> 
     </span>
    </p>
   </div>
   <div class='ocr_carea' id='block_1_61' title="bbox 1148 427 2951 508">
    <p class='ocr_par' dir='ltr' id='par_1_61' title="bbox 1148 427 2951 508">
     <span class='ocr_line' id='line_1_61' title="bbox 1148 427 2951 508; baseline -0.016 0"><span class='ocrx_word' id='word_1_488' title='bbox 1148 452 1205 508; x_wconf 89' lang='lat' dir='ltr'><strong>S.</strong></span> <span class='ocrx_word' id='word_1_489' title='bbox 1245 448 1522 508; x_wconf 73' lang='lat' dir='ltr'><strong>JOANNIS</strong></span> <span class='ocrx_word' id='word_1_490' title='bbox 1555 436 2024 502; x_wconf 66' lang='grc' dir='ltr'><strong>ÎµÎ¹Î¹Î¹Î¹á¿–Î´Î¿ÎµÏ„Î¿Î´Î¹Î¹</strong></span> <span class='ocrx_word' id='word_1_491' title='bbox 2061 432 2379 492; x_wconf 72' lang='lat' dir='ltr'><strong>ARCHIEP.</strong></span> <span class='ocrx_word' id='word_1_492' title='bbox 2419 427 2951 486; x_wconf 64' lang='lat' dir='ltr'><strong>CONSTANTINCDP.</strong></span> 
     </span>
    </p>
   </div>
   <div class='ocr_carea' id='block_1_62' title="bbox 3587 423 3689 479">
    <p class='ocr_par' dir='ltr' id='par_1_62' title="bbox 3587 423 3689 479">
     <span class='ocr_line' id='line_1_62' title="bbox 3587 423 3689 479; baseline 0.02 -2"><span class='ocrx_word' id='word_1_493' title='bbox 3587 423 3689 479; x_wconf 68' lang='grc' dir='ltr'><strong>2Î¹Î¿</strong></span> 
     </span>
    </p>
   </div>
   <div class='ocr_carea' id='block_1_63' title="bbox 2116 533 3691 611">
    <p class='ocr_par' dir='ltr' id='par_1_63' title="bbox 2116 533 3691 611">
     <span class='ocr_line' id='line_1_63' title="bbox 2116 533 3691 611; baseline -0.006 -14"><span class='ocrx_word' id='word_1_494' title='bbox 2116 542 2408 598; x_wconf 83' lang='lat' dir='ltr'><strong>minoribus</strong></span> <span class='ocrx_word' id='word_1_495' title='bbox 2434 553 2591 611; x_wconf 85' lang='lat' dir='ltr'><strong>prece</strong></span> <span class='ocrx_word' id='word_1_496' title='bbox 2610 553 2746 608; x_wconf 91' lang='lat' dir='ltr'><strong>opus</strong></span> <span class='ocrx_word' id='word_1_497' title='bbox 2771 537 3078 593; x_wconf 80' lang='lat' dir='ltr'><strong>habuisset?</strong></span> <span class='ocrx_word' id='word_1_498' title='bbox 3103 535 3232 602; x_wconf 86' lang='lat' dir='ltr'><strong>Sed,</strong></span> <span class='ocrx_word' id='word_1_499' title='bbox 3258 533 3398 604; x_wconf 91' lang='lat' dir='ltr'><strong>quod</strong></span> <span class='ocrx_word' id='word_1_500' title='bbox 3419 533 3532 603; x_wconf 85' lang='lat' dir='ltr'><strong>jam</strong></span> <span class='ocrx_word' id='word_1_501' title='bbox 3558 533 3691 599; x_wconf 79' lang='lat' dir='ltr'><strong>disi,</strong></span> 
     </span>
    </p>
   </div>
   <div class='ocr_carea' id='block_1_64' title="bbox 2116 626 3695 701">
    <p class='ocr_par' dir='ltr' id='par_1_64' title="bbox 2116 626 3695 701">
     <span class='ocr_line' id='line_1_64' title="bbox 2116 626 3695 701; baseline -0.007 -11"><span class='ocrx_word' id='word_1_502' title='bbox 2116 643 2176 690; x_wconf 87' lang='lat' dir='ltr'><strong>ut</strong></span> <span class='ocrx_word' id='word_1_503' title='bbox 2211 634 2420 691; x_wconf 86' lang='lat' dir='ltr'><strong>illorum</strong></span> <span class='ocrx_word' id='word_1_504' title='bbox 2461 630 2839 701; x_wconf 89' lang='lat' dir='ltr'><strong>impudentiam</strong></span> <span class='ocrx_word' id='word_1_505' title='bbox 2865 638 3110 684; x_wconf 84' lang='lat' dir='ltr'><strong>coerceat</strong></span> <span class='ocrx_word' id='word_1_506' title='bbox 3138 627 3239 683; x_wconf 88' lang='lat' dir='ltr'><strong>hoc</strong></span> <span class='ocrx_word' id='word_1_507' title='bbox 3267 626 3409 682; x_wconf 82' lang='lat' dir='ltr'><strong>facit.</strong></span> <span class='ocrx_word' id='word_1_508' title='bbox 3457 626 3695 695; x_wconf 89' lang='lat' dir='ltr'><strong>ldipsmn</strong></span> 
     </span>
    </p>
   </div>
   <div class='ocr_carea' id='block_1_65' title="bbox 2115 718 3692 800">
    <p class='ocr_par' dir='ltr' id='par_1_65' title="bbox 2115 718 3692 800">
     <span class='ocr_line' id='line_1_65' title="bbox 2115 718 3692 800; baseline -0.007 -19"><span class='ocrx_word' id='word_1_509' title='bbox 2115 727 2418 800; x_wconf 69' lang='lat' dir='ltr'><strong>existimato</strong></span> <span class='ocrx_word' id='word_1_510' title='bbox 2442 765 2458 790; x_wconf 87' lang='lat'><strong>,</strong></span> <span class='ocrx_word' id='word_1_511' title='bbox 2488 739 2609 781; x_wconf 88' lang='lat' dir='ltr'><strong>cum</strong></span> <span class='ocrx_word' id='word_1_512' title='bbox 2643 721 2796 778; x_wconf 84' lang='lat' dir='ltr'><strong>vides</strong></span> <span class='ocrx_word' id='word_1_513' title='bbox 2821 730 2945 776; x_wconf 87' lang='lat' dir='ltr'><strong>eum</strong></span> <span class='ocrx_word' id='word_1_514' title='bbox 2985 720 3203 776; x_wconf 88' lang='lat' dir='ltr'><strong>humilia</strong></span> <span class='ocrx_word' id='word_1_515' title='bbox 3235 719 3397 775; x_wconf 89' lang='lat' dir='ltr'><strong>verba</strong></span> <span class='ocrx_word' id='word_1_516' title='bbox 3426 718 3692 789; x_wconf 78' lang='lat' dir='ltr'><strong>proferre.</strong></span> 
     </span>
    </p>
   </div>
   <div class='ocr_carea' id='block_1_66' title="bbox 2117 811 3701 884">
    <p class='ocr_par' dir='ltr' id='par_1_66' title="bbox 2117 811 3701 884">
     <span class='ocr_line' id='line_1_66' title="bbox 2117 811 3701 884; baseline -0.008 -10"><span class='ocrx_word' id='word_1_517' title='bbox 2117 817 2250 875; x_wconf 86' lang='lat' dir='ltr'><strong>Nam</strong></span> <span class='ocrx_word' id='word_1_518' title='bbox 2277 827 2334 873; x_wconf 90' lang='lat' dir='ltr'><strong>et</strong></span> <span class='ocrx_word' id='word_1_519' title='bbox 2360 818 2642 872; x_wconf 90' lang='lat' dir='ltr'><strong>verborum</strong></span> <span class='ocrx_word' id='word_1_520' title='bbox 2679 824 2991 884; x_wconf 80' lang='lat' dir='ltr'><strong>eLoperum</strong></span> <span class='ocrx_word' id='word_1_521' title='bbox 3023 811 3327 882; x_wconf 88' lang='lat' dir='ltr'><strong>bujusmodi</strong></span> <span class='ocrx_word' id='word_1_522' title='bbox 3367 811 3548 866; x_wconf 61' lang='lat' dir='ltr'><strong>multae</strong></span> <span class='ocrx_word' id='word_1_523' title='bbox 3577 819 3701 864; x_wconf 89' lang='lat' dir='ltr'><strong>sunt</strong></span> 
     </span>
    </p>
   </div>
   <div class='ocr_carea' id='block_1_67' title="bbox 2120 902 3698 977">
    <p class='ocr_par' dir='ltr' id='par_1_67' title="bbox 2120 902 3698 977">
     <span class='ocr_line' id='line_1_67' title="bbox 2120 902 3698 977; baseline -0.008 -12"><span class='ocrx_word' id='word_1_524' title='bbox 2120 924 2327 975; x_wconf 62' lang='lat' dir='ltr'><strong>causae;</strong></span> <span class='ocrx_word' id='word_1_525' title='bbox 2351 908 2576 977; x_wconf 81' lang='lat' dir='ltr'><strong>exempli</strong></span> <span class='ocrx_word' id='word_1_526' title='bbox 2598 907 2790 977; x_wconf 74' lang='lat' dir='ltr'><strong>gratia,</strong></span> <span class='ocrx_word' id='word_1_527' title='bbox 2817 920 2884 960; x_wconf 86' lang='lat' dir='ltr'><strong>ne</strong></span> <span class='ocrx_word' id='word_1_528' title='bbox 2905 921 2935 958; x_wconf 86' lang='lat' dir='ltr'><strong>a</strong></span> <span class='ocrx_word' id='word_1_529' title='bbox 2957 904 3069 959; x_wconf 90' lang='lat' dir='ltr'><strong>Deo</strong></span> <span class='ocrx_word' id='word_1_530' title='bbox 3097 912 3313 974; x_wconf 88' lang='lat' dir='ltr'><strong>putetur</strong></span> <span class='ocrx_word' id='word_1_531' title='bbox 3331 917 3452 959; x_wconf 83' lang='lat' dir='ltr'><strong>esse</strong></span> <span class='ocrx_word' id='word_1_532' title='bbox 3471 902 3698 965; x_wconf 88' lang='lat' dir='ltr'><strong>alienus,</strong></span> 
     </span>
    </p>
   </div>
   <div class='ocr_carea' id='block_1_68' title="bbox 2122 989 3703 1072">
    <p class='ocr_par' dir='ltr' id='par_1_68' title="bbox 2122 989 3703 1072">
     <span class='ocr_line' id='line_1_68' title="bbox 2122 989 3703 1072; baseline -0.007 -18"><span class='ocrx_word' id='word_1_533' title='bbox 2122 1001 2264 1072; x_wconf 90' lang='lat' dir='ltr'><strong>quod</strong></span> <span class='ocrx_word' id='word_1_534' title='bbox 2290 1015 2477 1055; x_wconf 90' lang='lat' dir='ltr'><strong>omnes</strong></span> <span class='ocrx_word' id='word_1_535' title='bbox 2504 999 2714 1055; x_wconf 84' lang='lat' dir='ltr'><strong>erudiat</strong></span> <span class='ocrx_word' id='word_1_536' title='bbox 2739 1007 2794 1053; x_wconf 90' lang='lat' dir='ltr'><strong>et</strong></span> <span class='ocrx_word' id='word_1_537' title='bbox 2822 1006 2974 1051; x_wconf 83' lang='lat' dir='ltr'><strong>sanet</strong></span> <span class='ocrx_word' id='word_1_538' title='bbox 2998 1035 3013 1060; x_wconf 84' lang='lat'><strong>,</strong></span> <span class='ocrx_word' id='word_1_539' title='bbox 3049 993 3193 1065; x_wconf 84' lang='lat' dir='ltr'><strong>quod</strong></span> <span class='ocrx_word' id='word_1_540' title='bbox 3223 993 3574 1050; x_wconf 85' lang='lat' dir='ltr'><strong>humilitatem</strong></span> <span class='ocrx_word' id='word_1_541' title='bbox 3603 989 3703 1044; x_wconf 86' lang='lat' dir='ltr'><strong>do-</strong></span> 
     </span>
    </p>
   </div>
   <div class='ocr_carea' id='block_1_69' title="bbox 2123 1080 3696 1162">
    <p class='ocr_par' dir='ltr' id='par_1_69' title="bbox 2123 1080 3696 1162">
     <span class='ocr_line' id='line_1_69' title="bbox 2123 1080 3696 1162; baseline -0.008 -14"><span class='ocrx_word' id='word_1_542' title='bbox 2123 1103 2238 1148; x_wconf 89' lang='lat' dir='ltr'><strong>ceat</strong></span> <span class='ocrx_word' id='word_1_543' title='bbox 2260 1133 2275 1157; x_wconf 89' lang='lat'><strong>,</strong></span> <span class='ocrx_word' id='word_1_544' title='bbox 2302 1091 2441 1162; x_wconf 90' lang='lat' dir='ltr'><strong>quod</strong></span> <span class='ocrx_word' id='word_1_545' title='bbox 2465 1105 2625 1146; x_wconf 81' lang='lat' dir='ltr'><strong>carne</strong></span> <span class='ocrx_word' id='word_1_546' title='bbox 2651 1087 3014 1145; x_wconf 86' lang='lat' dir='ltr'><strong>circumdetur</strong></span> <span class='ocrx_word' id='word_1_547' title='bbox 3034 1127 3049 1154; x_wconf 94' lang='lat'><strong>,</strong></span> <span class='ocrx_word' id='word_1_548' title='bbox 3077 1085 3217 1156; x_wconf 91' lang='lat' dir='ltr'><strong>quod</strong></span> <span class='ocrx_word' id='word_1_549' title='bbox 3246 1101 3357 1140; x_wconf 81' lang='lat' dir='ltr'><strong>non</strong></span> <span class='ocrx_word' id='word_1_550' title='bbox 3379 1084 3584 1154; x_wconf 88' lang='lat' dir='ltr'><strong>possint</strong></span> <span class='ocrx_word' id='word_1_551' title='bbox 3605 1080 3696 1138; x_wconf 77' lang='lat' dir='ltr'><strong>Ju-</strong></span> 
     </span>
    </p>
   </div>
   <div class='ocr_carea' id='block_1_70' title="bbox 2124 1173 3705 1247">
    <p class='ocr_par' dir='ltr' id='par_1_70' title="bbox 2124 1173 3705 1247">
     <span class='ocr_line' id='line_1_70' title="bbox 2124 1173 3705 1247; baseline -0.007 -9"><span class='ocrx_word' id='word_1_552' title='bbox 2124 1182 2225 1238; x_wconf 66' lang='lat' dir='ltr'><strong>daei</strong></span> <span class='ocrx_word' id='word_1_553' title='bbox 2267 1182 2444 1238; x_wconf 87' lang='lat' dir='ltr'><strong>omnia</strong></span> <span class='ocrx_word' id='word_1_554' title='bbox 2483 1179 2764 1236; x_wconf 83' lang='lat' dir='ltr'><strong>confertim</strong></span> <span class='ocrx_word' id='word_1_555' title='bbox 2807 1177 3029 1243; x_wconf 90' lang='lat' dir='ltr'><strong>audire,</strong></span> <span class='ocrx_word' id='word_1_556' title='bbox 3071 1175 3212 1247; x_wconf 76' lang='lat' dir='ltr'><strong>quod</strong></span> <span class='ocrx_word' id='word_1_557' title='bbox 3253 1175 3444 1230; x_wconf 88' lang='lat' dir='ltr'><strong>doceat</strong></span> <span class='ocrx_word' id='word_1_558' title='bbox 3482 1189 3549 1229; x_wconf 85' lang='lat' dir='ltr'><strong>ne</strong></span> <span class='ocrx_word' id='word_1_559' title='bbox 3584 1173 3705 1245; x_wconf 85' lang='lat' dir='ltr'><strong>quis</strong></span> 
     </span>
    </p>
   </div>
   <div class='ocr_carea' id='block_1_71' title="bbox 2126 1265 3714 1344">
    <p class='ocr_par' dir='ltr' id='par_1_71' title="bbox 2126 1265 3714 1344">
     <span class='ocr_line' id='line_1_71' title="bbox 2126 1265 3714 1344; baseline -0.007 -15"><span class='ocrx_word' id='word_1_560' title='bbox 2126 1289 2373 1343; x_wconf 75' lang='lat' dir='ltr'><strong>magnum</strong></span> <span class='ocrx_word' id='word_1_561' title='bbox 2401 1273 2524 1344; x_wconf 89' lang='lat' dir='ltr'><strong>quid</strong></span> <span class='ocrx_word' id='word_1_562' title='bbox 2551 1273 2621 1328; x_wconf 86' lang='lat' dir='ltr'><strong>de</strong></span> <span class='ocrx_word' id='word_1_563' title='bbox 2645 1271 2822 1342; x_wconf 86' lang='lat' dir='ltr'><strong>seipso</strong></span> <span class='ocrx_word' id='word_1_564' title='bbox 2851 1269 3114 1338; x_wconf 86' lang='lat' dir='ltr'><strong>loquatur.</strong></span> <span class='ocrx_word' id='word_1_565' title='bbox 3133 1267 3359 1337; x_wconf 89' lang='lat' dir='ltr'><strong>Ideoque</strong></span> <span class='ocrx_word' id='word_1_566' title='bbox 3375 1281 3517 1336; x_wconf 70' lang='lat' dir='ltr'><strong>saepe</strong></span> <span class='ocrx_word' id='word_1_567' title='bbox 3541 1265 3714 1320; x_wconf 83' lang='lat' dir='ltr'><strong>multa.</strong></span> 
     </span>
    </p>
   </div>
   <div class='ocr_carea' id='block_1_72' title="bbox 2128 1354 3706 1431">
    <p class='ocr_par' dir='ltr' id='par_1_72' title="bbox 2128 1354 3706 1431">
     <span class='ocr_line' id='line_1_72' title="bbox 2128 1354 3706 1431; baseline -0.008 -12"><span class='ocrx_word' id='word_1_568' title='bbox 2128 1363 2344 1419; x_wconf 87' lang='lat' dir='ltr'><strong>humilia</strong></span> <span class='ocrx_word' id='word_1_569' title='bbox 2357 1363 2427 1418; x_wconf 91' lang='lat' dir='ltr'><strong>de</strong></span> <span class='ocrx_word' id='word_1_570' title='bbox 2445 1363 2623 1431; x_wconf 84' lang='lat' dir='ltr'><strong>seipse</strong></span> <span class='ocrx_word' id='word_1_571' title='bbox 2641 1359 3037 1428; x_wconf 83' lang='lat' dir='ltr'><strong>dicens,magna</strong></span> <span class='ocrx_word' id='word_1_572' title='bbox 3057 1358 3174 1412; x_wconf 89' lang='lat' dir='ltr'><strong>aliis</strong></span> <span class='ocrx_word' id='word_1_573' title='bbox 3195 1356 3444 1426; x_wconf 84' lang='lat' dir='ltr'><strong>relinquit</strong></span> <span class='ocrx_word' id='word_1_574' title='bbox 3458 1354 3706 1411; x_wconf 78' lang='lat' dir='ltr'><strong>dicenda.</strong></span> 
     </span>
    </p>
   </div>
   <div class='ocr_carea' id='block_1_73' title="bbox 2197 1446 3712 1527">
    <p class='ocr_par' dir='ltr' id='par_1_73' title="bbox 2197 1446 3712 1527">
     <span class='ocr_line' id='line_1_73' title="bbox 2197 1446 3712 1527; baseline -0.005 -20"><span class='ocrx_word' id='word_1_575' title='bbox 2197 1454 2252 1508; x_wconf 73' lang='lat'><strong>2.</strong></span> <span class='ocrx_word' id='word_1_576' title='bbox 2332 1454 2463 1509; x_wconf 79' lang='lat' dir='ltr'><strong>Nam</strong></span> <span class='ocrx_word' id='word_1_577' title='bbox 2517 1455 2632 1523; x_wconf 87' lang='lat' dir='ltr'><strong>ipse</strong></span> <span class='ocrx_word' id='word_1_578' title='bbox 2672 1467 2794 1527; x_wconf 76' lang='lat' dir='ltr'><strong>cum</strong></span> <span class='ocrx_word' id='word_1_579' title='bbox 2845 1449 3045 1506; x_wconf 65' lang='lat' dir='ltr'><strong>ludatis</strong></span> <span class='ocrx_word' id='word_1_580' title='bbox 3094 1449 3404 1518; x_wconf 87' lang='lat' dir='ltr'><strong>loqueretur</strong></span> <span class='ocrx_word' id='word_1_581' title='bbox 3450 1446 3712 1502; x_wconf 76' lang='lat' dir='ltr'><strong>dicebat;</strong></span> 
     </span>
    </p>
   </div>
   <div class='ocr_carea' id='block_1_74' title="bbox 2131 1539 3712 1618">
    <p class='ocr_par' dir='ltr' id='par_1_74' title="bbox 2131 1539 3712 1618">
     <span class='ocr_line' id='line_1_74' title="bbox 2131 1539 3712 1618; baseline -0.007 -17"><span class='ocrx_word' id='word_1_582' title='bbox 2131 1549 2408 1618; x_wconf 73' lang='lat' dir='ltr'><strong>Antequam</strong></span> <span class='ocrx_word' id='word_1_583' title='bbox 2448 1545 2704 1601; x_wconf 77' lang='lat' dir='ltr'><strong>Abraham</strong></span> <span class='ocrx_word' id='word_1_584' title='bbox 2747 1545 2906 1613; x_wconf 76' lang='lat' dir='ltr'><strong>ï¬eret,</strong></span> <span class='ocrx_word' id='word_1_585' title='bbox 2952 1559 3042 1613; x_wconf 77' lang='lat' dir='ltr'><strong>ego</strong></span> <span class='ocrx_word' id='word_1_586' title='bbox 3078 1558 3193 1596; x_wconf 82' lang='lat' dir='ltr'><strong>sum</strong></span> <span class='ocrx_word' id='word_1_587' title='bbox 3220 1542 3241 1613; x_wconf 86' lang='lat'>(</span> <span class='ocrx_word' id='word_1_588' title='bbox 3259 1541 3416 1595; x_wconf 70' lang='lat' dir='ltr'><strong>Ioan.</strong></span> <span class='ocrx_word' id='word_1_589' title='bbox 3449 1540 3504 1595; x_wconf 85' lang='lat'><strong>8.</strong></span> <span class='ocrx_word' id='word_1_590' title='bbox 3550 1540 3622 1596; x_wconf 81' lang='lat'><strong>58</strong></span> <span class='ocrx_word' id='word_1_591' title='bbox 3643 1539 3662 1610; x_wconf 93' lang='lat'><strong>)</strong></span> <span class='ocrx_word' id='word_1_592' title='bbox 3685 1556 3712 1604; x_wconf 91' lang='lat'><strong>;.</strong></span> 
     </span>
    </p>
   </div>
   <div class='ocr_carea' id='block_1_75' title="bbox 2133 1631 3725 1710">
    <p class='ocr_par' dir='ltr' id='par_1_75' title="bbox 2133 1631 3725 1710">
     <span class='ocr_line' id='line_1_75' title="bbox 2133 1631 3725 1710; baseline -0.006 -16"><span class='ocrx_word' id='word_1_593' title='bbox 2133 1640 2426 1710; x_wconf 88' lang='lat' dir='ltr'><strong>discipulus</strong></span> <span class='ocrx_word' id='word_1_594' title='bbox 2445 1649 2619 1693; x_wconf 81' lang='lat' dir='ltr'><strong>autent</strong></span> <span class='ocrx_word' id='word_1_595' title='bbox 2652 1637 2769 1707; x_wconf 88' lang='lat' dir='ltr'><strong>ejus</strong></span> <span class='ocrx_word' id='word_1_596' title='bbox 2795 1649 2902 1691; x_wconf 90' lang='lat' dir='ltr'><strong>non</strong></span> <span class='ocrx_word' id='word_1_597' title='bbox 2928 1634 3021 1700; x_wconf 86' lang='lat' dir='ltr'><strong>ita,</strong></span> <span class='ocrx_word' id='word_1_598' title='bbox 3051 1634 3167 1700; x_wconf 86' lang='lat' dir='ltr'><strong>sed,</strong></span> <span class='ocrx_word' id='word_1_599' title='bbox 3199 1633 3267 1687; x_wconf 83' lang='lat' dir='ltr'><strong>In</strong></span> <span class='ocrx_word' id='word_1_600' title='bbox 3311 1631 3562 1703; x_wconf 79' lang='lat' dir='ltr'><strong>principio</strong></span> <span class='ocrx_word' id='word_1_601' title='bbox 3607 1640 3725 1696; x_wconf 68' lang='lat' dir='ltr'><strong>erat</strong></span> 
     </span>
    </p>
   </div>
   <div class='ocr_carea' id='block_1_76' title="bbox 2141 1711 3729 1796">
    <p class='ocr_par' dir='ltr' id='par_1_76' title="bbox 2141 1711 3729 1796">
     <span class='ocr_line' id='line_1_76' title="bbox 2141 1711 3729 1796; baseline -0.008 -10"><span class='ocrx_word' id='word_1_602' title='bbox 2141 1730 2377 1796; x_wconf 80' lang='lat' dir='ltr'><strong>Verbum,</strong></span> <span class='ocrx_word' id='word_1_603' title='bbox 2401 1739 2445 1784; x_wconf 86' lang='lat' dir='ltr'><strong>et</strong></span> <span class='ocrx_word' id='word_1_604' title='bbox 2481 1728 2694 1784; x_wconf 73' lang='lat' dir='ltr'><strong>Verbum</strong></span> <span class='ocrx_word' id='word_1_605' title='bbox 2718 1738 2825 1781; x_wconf 77' lang='lat' dir='ltr'><strong>erat</strong></span> <span class='ocrx_word' id='word_1_606' title='bbox 2850 1727 2987 1795; x_wconf 79' lang='lat' dir='ltr'><strong>apud</strong></span> <span class='ocrx_word' id='word_1_607' title='bbox 3016 1724 3202 1790; x_wconf 77' lang='lat' dir='ltr'><strong>Deum,</strong></span> <span class='ocrx_word' id='word_1_608' title='bbox 3225 1733 3269 1778; x_wconf 80' lang='lat' dir='ltr'><strong>et</strong></span> <span class='ocrx_word' id='word_1_609' title='bbox 3300 1722 3438 1776; x_wconf 83' lang='lat' dir='ltr'><strong>Deus</strong></span> <span class='ocrx_word' id='word_1_610' title='bbox 3460 1732 3566 1776; x_wconf 83' lang='lat' dir='ltr'><strong>erat</strong></span> <span class='ocrx_word' id='word_1_611' title='bbox 3599 1711 3729 1775; x_wconf 69' lang='lat' dir='ltr'><strong>Var.-</strong></span> 
     </span>
    </p>
   </div>
   <div class='ocr_carea' id='block_1_77' title="bbox 2139 1814 3726 1891">
    <p class='ocr_par' dir='ltr' id='par_1_77' title="bbox 2139 1814 3726 1891">
     <span class='ocr_line' id='line_1_77' title="bbox 2139 1814 3726 1891; baseline -0.006 -15"><span class='ocrx_word' id='word_1_612' title='bbox 2139 1822 2256 1876; x_wconf 87' lang='lat' dir='ltr'><strong>bum</strong></span> <span class='ocrx_word' id='word_1_613' title='bbox 2283 1819 2479 1891; x_wconf 87' lang='lat' dir='ltr'><strong>(Joan.</strong></span> <span class='ocrx_word' id='word_1_614' title='bbox 2524 1819 2578 1874; x_wconf 79' lang='grc'><strong>1.</strong></span> <span class='ocrx_word' id='word_1_615' title='bbox 2625 1820 2650 1872; x_wconf 81' lang='lat' dir='ltr'><strong>l</strong></span> <span class='ocrx_word' id='word_1_616' title='bbox 2679 1817 2721 1889; x_wconf 89' lang='lat'><strong>).</strong></span> <span class='ocrx_word' id='word_1_617' title='bbox 2749 1817 3006 1879; x_wconf 85' lang='lat' dir='ltr'><strong>Rursum,</strong></span> <span class='ocrx_word' id='word_1_618' title='bbox 3048 1815 3189 1886; x_wconf 89' lang='lat' dir='ltr'><strong>quod</strong></span> <span class='ocrx_word' id='word_1_619' title='bbox 3233 1814 3453 1880; x_wconf 56' lang='lat' dir='ltr'><strong>mlum,</strong></span> <span class='ocrx_word' id='word_1_620' title='bbox 3498 1823 3726 1874; x_wconf 74' lang='lat' dir='ltr'><strong>terram,</strong></span> 
     </span>
    </p>
   </div>
   <div class='ocr_carea' id='block_1_78' title="bbox 2136 1901 3726 1977">
    <p class='ocr_par' dir='ltr' id='par_1_78' title="bbox 2136 1901 3726 1977">
     <span class='ocr_line' id='line_1_78' title="bbox 2136 1901 3726 1977; baseline -0.008 -12"><span class='ocrx_word' id='word_1_621' title='bbox 2136 1925 2284 1966; x_wconf 88' lang='lat' dir='ltr'><strong>mare</strong></span> <span class='ocrx_word' id='word_1_622' title='bbox 2335 1909 2446 1977; x_wconf 86' lang='lat' dir='ltr'><strong>ipse</strong></span> <span class='ocrx_word' id='word_1_623' title='bbox 2492 1908 2711 1975; x_wconf 82' lang='lat' dir='ltr'><strong>fecerit,</strong></span> <span class='ocrx_word' id='word_1_624' title='bbox 2749 1922 2848 1963; x_wconf 88' lang='lat' dir='ltr'><strong>nec</strong></span> <span class='ocrx_word' id='word_1_625' title='bbox 2898 1920 3004 1961; x_wconf 89' lang='lat' dir='ltr'><strong>non</strong></span> <span class='ocrx_word' id='word_1_626' title='bbox 3063 1903 3289 1970; x_wconf 84' lang='lat' dir='ltr'><strong>visibilia</strong></span> <span class='ocrx_word' id='word_1_627' title='bbox 3337 1910 3393 1958; x_wconf 90' lang='lat' dir='ltr'><strong>et</strong></span> <span class='ocrx_word' id='word_1_628' title='bbox 3437 1901 3726 1956; x_wconf 80' lang='lat' dir='ltr'><strong>invisibilia</strong></span> 
     </span>
    </p>
   </div>
   <div class='ocr_carea' id='block_1_79' title="bbox 2136 1992 3729 2068">
    <p class='ocr_par' dir='ltr' id='par_1_79' title="bbox 2136 1992 3729 2068">
     <span class='ocr_line' id='line_1_79' title="bbox 2136 1992 3729 2068; baseline -0.006 -13"><span class='ocrx_word' id='word_1_629' title='bbox 2136 2000 2337 2066; x_wconf 85' lang='lat' dir='ltr'><strong>omnia,</strong></span> <span class='ocrx_word' id='word_1_630' title='bbox 2368 1999 2482 2068; x_wconf 91' lang='lat' dir='ltr'><strong>ipse</strong></span> <span class='ocrx_word' id='word_1_631' title='bbox 2529 2011 2820 2066; x_wconf 86' lang='lat' dir='ltr'><strong>numquam</strong></span> <span class='ocrx_word' id='word_1_632' title='bbox 2873 1997 3018 2052; x_wconf 84' lang='lat' dir='ltr'><strong>clare</strong></span> <span class='ocrx_word' id='word_1_633' title='bbox 3063 1993 3232 2059; x_wconf 80' lang='lat' dir='ltr'><strong>dixit;</strong></span> <span class='ocrx_word' id='word_1_634' title='bbox 3261 1992 3552 2064; x_wconf 84' lang='lat' dir='ltr'><strong>discipulus</strong></span> <span class='ocrx_word' id='word_1_635' title='bbox 3594 2005 3729 2047; x_wconf 82' lang='lat' dir='ltr'><strong>vero</strong></span> 
     </span>
    </p>
   </div>
   <div class='ocr_carea' id='block_1_80' title="bbox 2139 2084 3731 2160">
    <p class='ocr_par' dir='ltr' id='par_1_80' title="bbox 2139 2084 3731 2160">
     <span class='ocr_line' id='line_1_80' title="bbox 2139 2084 3731 2160; baseline -0.006 -14"><span class='ocrx_word' id='word_1_636' title='bbox 2139 2106 2258 2146; x_wconf 91' lang='lat' dir='ltr'><strong>cum</strong></span> <span class='ocrx_word' id='word_1_637' title='bbox 2285 2090 2529 2145; x_wconf 89' lang='lat' dir='ltr'><strong>libertate</strong></span> <span class='ocrx_word' id='word_1_638' title='bbox 2551 2103 2736 2160; x_wconf 76' lang='lat' dir='ltr'><strong>magna</strong></span> <span class='ocrx_word' id='word_1_639' title='bbox 2767 2088 2901 2144; x_wconf 87' lang='lat' dir='ltr'><strong>nihil</strong></span> <span class='ocrx_word' id='word_1_640' title='bbox 2923 2087 3261 2158; x_wconf 87' lang='lat' dir='ltr'><strong>supprimens</strong></span> <span class='ocrx_word' id='word_1_641' title='bbox 3279 2128 3296 2154; x_wconf 84' lang='lat'><strong>,</strong></span> <span class='ocrx_word' id='word_1_642' title='bbox 3327 2086 3493 2142; x_wconf 86' lang='lat' dir='ltr'><strong>semel</strong></span> <span class='ocrx_word' id='word_1_643' title='bbox 3515 2125 3531 2148; x_wconf 90' lang='lat'><strong>,</strong></span> <span class='ocrx_word' id='word_1_644' title='bbox 3559 2084 3643 2138; x_wconf 89' lang='lat' dir='ltr'><strong>bis</strong></span> <span class='ocrx_word' id='word_1_645' title='bbox 3671 2091 3731 2138; x_wconf 87' lang='lat' dir='ltr'><strong>et:</strong></span> 
     </span>
    </p>
   </div>
   <div class='ocr_carea' id='block_1_81' title="bbox 2141 2178 3730 2253">
    <p class='ocr_par' dir='ltr' id='par_1_81' title="bbox 2141 2178 3730 2253">
     <span class='ocr_line' id='line_1_81' title="bbox 2141 2178 3730 2253; baseline -0.005 -16"><span class='ocrx_word' id='word_1_646' title='bbox 2141 2183 2337 2253; x_wconf 78' lang='lat' dir='ltr'><strong>plurics</strong></span> <span class='ocrx_word' id='word_1_647' title='bbox 2364 2181 2414 2237; x_wconf 91' lang='lat' dir='ltr'><strong>id</strong></span> <span class='ocrx_word' id='word_1_648' title='bbox 2439 2183 2514 2235; x_wconf 87' lang='lat' dir='ltr'><strong>ait</strong></span> <span class='ocrx_word' id='word_1_649' title='bbox 2537 2181 2745 2235; x_wconf 85' lang='lat' dir='ltr'><strong>:Omnia</strong></span> <span class='ocrx_word' id='word_1_650' title='bbox 2763 2198 2854 2250; x_wconf 81' lang='lat' dir='ltr'><strong>per</strong></span> <span class='ocrx_word' id='word_1_651' title='bbox 2876 2181 3042 2252; x_wconf 82' lang='lat' dir='ltr'><strong>ipsum</strong></span> <span class='ocrx_word' id='word_1_652' title='bbox 3073 2185 3209 2251; x_wconf 77' lang='lat' dir='ltr'><strong>facta</strong></span> <span class='ocrx_word' id='word_1_653' title='bbox 3230 2189 3367 2246; x_wconf 83' lang='lat' dir='ltr'><strong>sunt,</strong></span> <span class='ocrx_word' id='word_1_654' title='bbox 3402 2188 3447 2232; x_wconf 80' lang='lat' dir='ltr'><strong>et</strong></span> <span class='ocrx_word' id='word_1_655' title='bbox 3467 2178 3574 2232; x_wconf 81' lang='lat' dir='ltr'><strong>sine</strong></span> <span class='ocrx_word' id='word_1_656' title='bbox 3615 2178 3730 2246; x_wconf 87' lang='lat' dir='ltr'><strong>ipso</strong></span> 
     </span>
    </p>
   </div>
   <div class='ocr_carea' id='block_1_82' title="bbox 2142 2270 3748 2346">
    <p class='ocr_par' dir='ltr' id='par_1_82' title="bbox 2142 2270 3748 2346">
     <span class='ocr_line' id='line_1_82' title="bbox 2142 2270 3748 2346; baseline -0.005 -18"><span class='ocrx_word' id='word_1_657' title='bbox 2142 2279 2330 2346; x_wconf 80' lang='lat' dir='ltr'><strong>factum</strong></span> <span class='ocrx_word' id='word_1_658' title='bbox 2376 2284 2450 2328; x_wconf 83' lang='lat' dir='ltr'><strong>est</strong></span> <span class='ocrx_word' id='word_1_659' title='bbox 2496 2275 2624 2328; x_wconf 81' lang='lat' dir='ltr'><strong>nihil</strong></span> <span class='ocrx_word' id='word_1_660' title='bbox 2651 2275 2670 2345; x_wconf 91' lang='lat'>(</span> <span class='ocrx_word' id='word_1_661' title='bbox 2695 2273 2829 2328; x_wconf 83' lang='lat' dir='ltr'><strong>Ibid.</strong></span> <span class='ocrx_word' id='word_1_662' title='bbox 2870 2290 2921 2328; x_wconf 80' lang='grc' dir='ltr'><strong>Ï….</strong></span> <span class='ocrx_word' id='word_1_663' title='bbox 2968 2274 3064 2342; x_wconf 75' lang='grc'><strong>5)Í¾</strong></span> <span class='ocrx_word' id='word_1_664' title='bbox 3096 2281 3171 2338; x_wconf 88' lang='lat' dir='ltr'><strong>et,</strong></span> <span class='ocrx_word' id='word_1_665' title='bbox 3202 2270 3270 2326; x_wconf 83' lang='lat' dir='ltr'><strong>In</strong></span> <span class='ocrx_word' id='word_1_666' title='bbox 3289 2270 3478 2326; x_wconf 82' lang='lat' dir='ltr'><strong>mundo</strong></span> <span class='ocrx_word' id='word_1_667' title='bbox 3507 2279 3615 2322; x_wconf 81' lang='lat' dir='ltr'><strong>erat</strong></span> <span class='ocrx_word' id='word_1_668' title='bbox 3638 2310 3653 2334; x_wconf 92' lang='lat'><strong>,</strong></span> <span class='ocrx_word' id='word_1_669' title='bbox 3683 2279 3748 2322; x_wconf 69' lang='grc' dir='ltr'><strong>Î±â€™</strong></span> 
     </span>
    </p>
   </div>
   <div class='ocr_carea' id='block_1_83' title="bbox 2142 2358 3732 2435">
    <p class='ocr_par' dir='ltr' id='par_1_83' title="bbox 2142 2358 3732 2435">
     <span class='ocr_line' id='line_1_83' title="bbox 2142 2358 3732 2435; baseline -0.003 -19"><span class='ocrx_word' id='word_1_670' title='bbox 2142 2363 2361 2416; x_wconf 84' lang='lat' dir='ltr'><strong>mundus</strong></span> <span class='ocrx_word' id='word_1_671' title='bbox 2400 2380 2489 2433; x_wconf 79' lang='lat' dir='ltr'><strong>per</strong></span> <span class='ocrx_word' id='word_1_672' title='bbox 2534 2363 2700 2432; x_wconf 81' lang='lat' dir='ltr'><strong>ipsum</strong></span> <span class='ocrx_word' id='word_1_673' title='bbox 2744 2367 2908 2435; x_wconf 77' lang='lat' dir='ltr'><strong>factus</strong></span> <span class='ocrx_word' id='word_1_674' title='bbox 2950 2369 3021 2418; x_wconf 83' lang='lat' dir='ltr'><strong>est</strong></span> <span class='ocrx_word' id='word_1_675' title='bbox 3051 2361 3221 2433; x_wconf 86' lang='lat' dir='ltr'><strong>(Ibid.</strong></span> <span class='ocrx_word' id='word_1_676' title='bbox 3272 2379 3320 2415; x_wconf 76' lang='grc' dir='ltr'><strong>Ï….</strong></span> <span class='ocrx_word' id='word_1_677' title='bbox 3372 2359 3492 2430; x_wconf 77' lang='grc'><strong>10).</strong></span> <span class='ocrx_word' id='word_1_678' title='bbox 3526 2358 3732 2429; x_wconf 83' lang='lat' dir='ltr'><strong>Ecquid</strong></span> 
     </span>
    </p>
   </div>
   <div class='ocr_carea' id='block_1_84' title="bbox 2144 2450 3736 2523">
    <p class='ocr_par' dir='ltr' id='par_1_84' title="bbox 2144 2450 3736 2523">
     <span class='ocr_line' id='line_1_84' title="bbox 2144 2450 3736 2523; baseline -0.005 -15"><span class='ocrx_word' id='word_1_679' title='bbox 2144 2453 2355 2508; x_wconf 89' lang='lat' dir='ltr'><strong>miraris</strong></span> <span class='ocrx_word' id='word_1_680' title='bbox 2377 2493 2394 2520; x_wconf 97' lang='lat'><strong>,</strong></span> <span class='ocrx_word' id='word_1_681' title='bbox 2423 2452 2471 2507; x_wconf 89' lang='lat' dir='ltr'><strong>si</strong></span> <span class='ocrx_word' id='word_1_682' title='bbox 2510 2453 2596 2506; x_wconf 89' lang='lat' dir='ltr'><strong>alii</strong></span> <span class='ocrx_word' id='word_1_683' title='bbox 2627 2452 2829 2523; x_wconf 85' lang='lat' dir='ltr'><strong>majora</strong></span> <span class='ocrx_word' id='word_1_684' title='bbox 2866 2453 2934 2507; x_wconf 89' lang='lat' dir='ltr'><strong>de</strong></span> <span class='ocrx_word' id='word_1_685' title='bbox 2980 2453 3070 2507; x_wconf 91' lang='lat' dir='ltr'><strong>illo</strong></span> <span class='ocrx_word' id='word_1_686' title='bbox 3107 2452 3375 2515; x_wconf 81' lang='lat' dir='ltr'><strong>dixerunt,</strong></span> <span class='ocrx_word' id='word_1_687' title='bbox 3405 2465 3563 2519; x_wconf 88' lang='lat' dir='ltr'><strong>quam</strong></span> <span class='ocrx_word' id='word_1_688' title='bbox 3595 2450 3736 2519; x_wconf 76' lang='lat' dir='ltr'><strong>ipse,</strong></span> 
     </span>
    </p>
   </div>
   <div class='ocr_carea' id='block_1_85' title="bbox 2146 2541 3736 2614">
    <p class='ocr_par' dir='ltr' id='par_1_85' title="bbox 2146 2541 3736 2614">
     <span class='ocr_line' id='line_1_85' title="bbox 2146 2541 3736 2614; baseline -0.003 -16"><span class='ocrx_word' id='word_1_689' title='bbox 2146 2544 2360 2614; x_wconf 87' lang='lat' dir='ltr'><strong>quando</strong></span> <span class='ocrx_word' id='word_1_690' title='bbox 2398 2544 2562 2598; x_wconf 86' lang='lat' dir='ltr'><strong>multa</strong></span> <span class='ocrx_word' id='word_1_691' title='bbox 2611 2560 2704 2614; x_wconf 72' lang='lat' dir='ltr'><strong>per</strong></span> <span class='ocrx_word' id='word_1_692' title='bbox 2732 2561 2891 2614; x_wconf 80' lang='lat' dir='ltr'><strong>Opera</strong></span> <span class='ocrx_word' id='word_1_693' title='bbox 2939 2545 3216 2609; x_wconf 77' lang='lat' dir='ltr'><strong>exhibens,</strong></span> <span class='ocrx_word' id='word_1_694' title='bbox 3250 2558 3342 2612; x_wconf 91' lang='lat' dir='ltr'><strong>per</strong></span> <span class='ocrx_word' id='word_1_695' title='bbox 3387 2545 3549 2596; x_wconf 87' lang='lat' dir='ltr'><strong>verba</strong></span> <span class='ocrx_word' id='word_1_696' title='bbox 3591 2541 3736 2594; x_wconf 83' lang='lat' dir='ltr'><strong>claro</strong></span> 
     </span>
    </p>
   </div>
   <div class='ocr_carea' id='block_1_86' title="bbox 2151 2634 3738 2712">
    <p class='ocr_par' dir='ltr' id='par_1_86' title="bbox 2151 2634 3738 2712">
     <span class='ocr_line' id='line_1_86' title="bbox 2151 2634 3738 2712; baseline 0.001 -24"><span class='ocrx_word' id='word_1_697' title='bbox 2151 2653 2253 2712; x_wconf 77' lang='lat' dir='ltr'><strong>non</strong></span> <span class='ocrx_word' id='word_1_698' title='bbox 2281 2635 2520 2690; x_wconf 86' lang='lat' dir='ltr'><strong>dicebat?</strong></span> <span class='ocrx_word' id='word_1_699' title='bbox 2539 2634 2690 2702; x_wconf 85' lang='lat' dir='ltr'><strong>Quod</strong></span> <span class='ocrx_word' id='word_1_700' title='bbox 2717 2638 2858 2690; x_wconf 89' lang='lat' dir='ltr'><strong>enim</strong></span> <span class='ocrx_word' id='word_1_701' title='bbox 2888 2636 3157 2692; x_wconf 86' lang='lat' dir='ltr'><strong>hominem</strong></span> <span class='ocrx_word' id='word_1_702' title='bbox 3184 2639 3296 2706; x_wconf 84' lang='lat' dir='ltr'><strong>ipse</strong></span> <span class='ocrx_word' id='word_1_703' title='bbox 3320 2635 3526 2697; x_wconf 86' lang='lat' dir='ltr'><strong>fecerit,</strong></span> <span class='ocrx_word' id='word_1_704' title='bbox 3554 2643 3738 2689; x_wconf 66' lang='lat' dir='ltr'><strong>osten-</strong></span> 
     </span>
    </p>
   </div>
   <div class='ocr_carea' id='block_1_87' title="bbox 2148 2725 3736 2796">
    <p class='ocr_par' dir='ltr' id='par_1_87' title="bbox 2148 2725 3736 2796">
     <span class='ocr_line' id='line_1_87' title="bbox 2148 2725 3736 2796; baseline -0.002 -15"><span class='ocrx_word' id='word_1_705' title='bbox 2148 2726 2228 2781; x_wconf 79' lang='lat' dir='ltr'><strong>dii.</strong></span> <span class='ocrx_word' id='word_1_706' title='bbox 2273 2727 2415 2782; x_wconf 89' lang='lat' dir='ltr'><strong>clare</strong></span> <span class='ocrx_word' id='word_1_707' title='bbox 2457 2741 2554 2796; x_wconf 92' lang='lat' dir='ltr'><strong>per</strong></span> <span class='ocrx_word' id='word_1_708' title='bbox 2605 2742 2843 2791; x_wconf 64' lang='lat' dir='ltr'><strong>caecum;</strong></span> <span class='ocrx_word' id='word_1_709' title='bbox 2893 2743 3014 2781; x_wconf 84' lang='lat' dir='ltr'><strong>eum</strong></span> <span class='ocrx_word' id='word_1_710' title='bbox 3041 2736 3217 2782; x_wconf 90' lang='lat' dir='ltr'><strong>autem</strong></span> <span class='ocrx_word' id='word_1_711' title='bbox 3247 2728 3314 2782; x_wconf 90' lang='lat' dir='ltr'><strong>de</strong></span> <span class='ocrx_word' id='word_1_712' title='bbox 3341 2725 3657 2780; x_wconf 83' lang='lat' dir='ltr'><strong>formatione</strong></span> <span class='ocrx_word' id='word_1_713' title='bbox 3682 2725 3736 2778; x_wconf 92' lang='lat' dir='ltr'><strong>in</strong></span> 
     </span>
    </p>
   </div>
   <div class='ocr_carea' id='block_1_88' title="bbox 2153 2815 3738 2888">
    <p class='ocr_par' dir='ltr' id='par_1_88' title="bbox 2153 2815 3738 2888">
     <span class='ocr_line' id='line_1_88' title="bbox 2153 2815 3738 2888; baseline 0.003 -18"><span class='ocrx_word' id='word_1_714' title='bbox 2153 2817 2413 2886; x_wconf 83' lang='lat' dir='ltr'><strong>principio</strong></span> <span class='ocrx_word' id='word_1_715' title='bbox 2443 2817 2577 2872; x_wconf 88' lang='lat' dir='ltr'><strong>facta</strong></span> <span class='ocrx_word' id='word_1_716' title='bbox 2606 2833 2783 2872; x_wconf 90' lang='lat' dir='ltr'><strong>sermo</strong></span> <span class='ocrx_word' id='word_1_717' title='bbox 2814 2819 2912 2886; x_wconf 89' lang='lat' dir='ltr'><strong>ipsi</strong></span> <span class='ocrx_word' id='word_1_718' title='bbox 2938 2827 3083 2886; x_wconf 86' lang='lat' dir='ltr'><strong>erat,</strong></span> <span class='ocrx_word' id='word_1_719' title='bbox 3115 2833 3222 2873; x_wconf 92' lang='lat' dir='ltr'><strong>non</strong></span> <span class='ocrx_word' id='word_1_720' title='bbox 3249 2817 3416 2883; x_wconf 81' lang='lat' dir='ltr'><strong>dixit,</strong></span> <span class='ocrx_word' id='word_1_721' title='bbox 3441 2815 3558 2888; x_wconf 71' lang='lat' dir='ltr'><strong>Ego</strong></span> <span class='ocrx_word' id='word_1_722' title='bbox 3597 2815 3632 2870; x_wconf 69' lang='lat' dir='ltr'><strong>f.</strong></span> <span class='ocrx_word' id='word_1_723' title='bbox 3651 2817 3738 2874; x_wconf 87' lang='lat' dir='ltr'><strong>ci:</strong></span> 
     </span>
    </p>
   </div>
   <div class='ocr_carea' id='block_1_89' title="bbox 2153 2907 3742 2981">
    <p class='ocr_par' dir='ltr' id='par_1_89' title="bbox 2153 2907 3742 2981">
     <span class='ocr_line' id='line_1_89' title="bbox 2153 2907 3742 2981; baseline -0.001 -18"><span class='ocrx_word' id='word_1_724' title='bbox 2153 2912 2244 2964; x_wconf 85' lang='lat' dir='ltr'><strong>sed</strong></span> <span class='ocrx_word' id='word_1_725' title='bbox 2271 2953 2285 2976; x_wconf 90' lang='lat'><strong>,</strong></span> <span class='ocrx_word' id='word_1_726' title='bbox 2313 2911 2412 2978; x_wconf 84' lang='lat' dir='ltr'><strong>Qui</strong></span> <span class='ocrx_word' id='word_1_727' title='bbox 2441 2911 2557 2980; x_wconf 80' lang='lat' dir='ltr'><strong>fecit</strong></span> <span class='ocrx_word' id='word_1_728' title='bbox 2577 2951 2594 2977; x_wconf 92' lang='lat'><strong>,</strong></span> <span class='ocrx_word' id='word_1_729' title='bbox 2623 2911 2902 2965; x_wconf 81' lang='lat' dir='ltr'><strong>masculum</strong></span> <span class='ocrx_word' id='word_1_730' title='bbox 2928 2921 2974 2964; x_wconf 81' lang='lat' dir='ltr'><strong>et</strong></span> <span class='ocrx_word' id='word_1_731' title='bbox 3001 2912 3237 2981; x_wconf 77' lang='lat' dir='ltr'><strong>feminam</strong></span> <span class='ocrx_word' id='word_1_732' title='bbox 3259 2910 3375 2981; x_wconf 83' lang='lat' dir='ltr'><strong>fecit</strong></span> <span class='ocrx_word' id='word_1_733' title='bbox 3398 2926 3482 2964; x_wconf 75' lang='lat' dir='ltr'><strong>eos</strong></span> <span class='ocrx_word' id='word_1_734' title='bbox 3503 2912 3521 2979; x_wconf 94' lang='lat'><strong>(</strong></span> <span class='ocrx_word' id='word_1_735' title='bbox 3546 2907 3742 2963; x_wconf 73' lang='lat' dir='ltr'><strong>Matth.</strong></span> 
     </span>
    </p>
   </div>
   <div class='ocr_carea' id='block_1_90' title="bbox 2157 3000 3740 3073">
    <p class='ocr_par' dir='ltr' id='par_1_90' title="bbox 2157 3000 3740 3073">
     <span class='ocr_line' id='line_1_90' title="bbox 2157 3000 3740 3073; baseline 0.001 -18"><span class='ocrx_word' id='word_1_736' title='bbox 2157 3003 2244 3055; x_wconf 80' lang='grc'><strong>19.</strong></span> <span class='ocrx_word' id='word_1_737' title='bbox 2279 3003 2331 3055; x_wconf 71' lang='grc'><strong>4.</strong></span> <span class='ocrx_word' id='word_1_738' title='bbox 2381 3000 2508 3056; x_wconf 78' lang='lat' dir='ltr'><strong>Gen.</strong></span> <span class='ocrx_word' id='word_1_739' title='bbox 2543 3003 2589 3056; x_wconf 85' lang='lat' dir='ltr'><strong>l.</strong></span> <span class='ocrx_word' id='word_1_740' title='bbox 2611 3001 2741 3073; x_wconf 74' lang='lat'><strong>27).</strong></span> <span class='ocrx_word' id='word_1_741' title='bbox 2776 3003 2843 3056; x_wconf 84' lang='lat' dir='ltr'><strong>Et</strong></span> <span class='ocrx_word' id='word_1_742' title='bbox 2869 3004 3008 3072; x_wconf 90' lang='lat' dir='ltr'><strong>quod</strong></span> <span class='ocrx_word' id='word_1_743' title='bbox 3031 3002 3282 3058; x_wconf 86' lang='lat' dir='ltr'><strong>mundum</strong></span> <span class='ocrx_word' id='word_1_744' title='bbox 3303 3002 3740 3064; x_wconf 69' lang='lat' dir='ltr'><strong>ereaveriLetca</strong></span> 
     </span>
    </p>
   </div>
   <div class='ocr_carea' id='block_1_91' title="bbox 2156 3095 3743 3174">
    <p class='ocr_par' dir='ltr' id='par_1_91' title="bbox 2156 3095 3743 3174">
     <span class='ocr_line' id='line_1_91' title="bbox 2156 3095 3743 3174; baseline 0.002 -29"><span class='ocrx_word' id='word_1_745' title='bbox 2156 3110 2275 3164; x_wconf 62' lang='lat' dir='ltr'><strong>qua;</strong></span> <span class='ocrx_word' id='word_1_746' title='bbox 2300 3095 2352 3148; x_wconf 90' lang='lat' dir='ltr'><strong>in</strong></span> <span class='ocrx_word' id='word_1_747' title='bbox 2380 3098 2496 3164; x_wconf 91' lang='lat' dir='ltr'><strong>ipso</strong></span> <span class='ocrx_word' id='word_1_748' title='bbox 2519 3105 2663 3160; x_wconf 90' lang='lat' dir='ltr'><strong>sunt,</strong></span> <span class='ocrx_word' id='word_1_749' title='bbox 2699 3109 2793 3164; x_wconf 86' lang='lat' dir='ltr'><strong>per</strong></span> <span class='ocrx_word' id='word_1_750' title='bbox 2831 3095 3023 3160; x_wconf 86' lang='lat' dir='ltr'><strong>pisces,</strong></span> <span class='ocrx_word' id='word_1_751' title='bbox 3043 3111 3148 3174; x_wconf 77' lang='lat' dir='ltr'><strong>per</strong></span> <span class='ocrx_word' id='word_1_752' title='bbox 3185 3095 3387 3160; x_wconf 83' lang='lat' dir='ltr'><strong>vinum,</strong></span> <span class='ocrx_word' id='word_1_753' title='bbox 3415 3109 3511 3164; x_wconf 86' lang='lat' dir='ltr'><strong>per</strong></span> <span class='ocrx_word' id='word_1_754' title='bbox 3552 3108 3743 3167; x_wconf 77' lang='lat' dir='ltr'><strong>panes,</strong></span> 
     </span>
    </p>
   </div>
   <div class='ocr_carea' id='block_1_92' title="bbox 2146 3186 3744 3278">
    <p class='ocr_par' dir='ltr' id='par_1_92' title="bbox 2146 3186 3744 3278">
     <span class='ocr_line' id='line_1_92' title="bbox 2146 3186 3744 3278; baseline 0.006 -42"><span class='ocrx_word' id='word_1_755' title='bbox 2146 3200 2264 3278; x_wconf 37' lang='grc' dir='ltr'><strong>Ï‡ÏÎµÎ¹-</strong></span> <span class='ocrx_word' id='word_1_756' title='bbox 2292 3186 2730 3256; x_wconf 86' lang='lat' dir='ltr'><strong>tranquillitatem</strong></span> <span class='ocrx_word' id='word_1_757' title='bbox 2781 3186 2836 3240; x_wconf 91' lang='lat' dir='ltr'><strong>in</strong></span> <span class='ocrx_word' id='word_1_758' title='bbox 2888 3187 3054 3250; x_wconf 85' lang='lat' dir='ltr'><strong>mari,</strong></span> <span class='ocrx_word' id='word_1_759' title='bbox 3095 3203 3191 3257; x_wconf 90' lang='lat' dir='ltr'><strong>per</strong></span> <span class='ocrx_word' id='word_1_760' title='bbox 3224 3189 3407 3246; x_wconf 77' lang='lat' dir='ltr'><strong>radios</strong></span> <span class='ocrx_word' id='word_1_761' title='bbox 3427 3189 3564 3245; x_wconf 85' lang='lat' dir='ltr'><strong>solis</strong></span> <span class='ocrx_word' id='word_1_762' title='bbox 3600 3206 3744 3259; x_wconf 83' lang='lat' dir='ltr'><strong>quos</strong></span> 
     </span>
    </p>
   </div>
   <div class='ocr_carea' id='block_1_93' title="bbox 2171 3280 3730 3350">
    <p class='ocr_par' dir='ltr' id='par_1_93' title="bbox 2171 3280 3730 3350">
     <span class='ocr_line' id='line_1_93' title="bbox 2171 3280 3730 3350; baseline 0.005 -20"><span class='ocrx_word' id='word_1_763' title='bbox 2171 3281 2363 3332; x_wconf 82' lang='lat' dir='ltr'><strong>avertit</strong></span> <span class='ocrx_word' id='word_1_764' title='bbox 2397 3280 2449 3332; x_wconf 92' lang='lat' dir='ltr'><strong>in</strong></span> <span class='ocrx_word' id='word_1_765' title='bbox 2489 3295 2648 3334; x_wconf 89' lang='lat' dir='ltr'><strong>cruce</strong></span> <span class='ocrx_word' id='word_1_766' title='bbox 2674 3281 2714 3346; x_wconf 81' lang='grc'><strong>Â¹,</strong></span> <span class='ocrx_word' id='word_1_767' title='bbox 2766 3295 2968 3350; x_wconf 88' lang='lat' dir='ltr'><strong>perque</strong></span> <span class='ocrx_word' id='word_1_768' title='bbox 3002 3281 3236 3349; x_wconf 88' lang='lat' dir='ltr'><strong>plurima</strong></span> <span class='ocrx_word' id='word_1_769' title='bbox 3251 3282 3356 3336; x_wconf 81' lang='lat' dir='ltr'><strong>alia</strong></span> <span class='ocrx_word' id='word_1_770' title='bbox 3375 3284 3730 3348; x_wconf 83' lang='lat' dir='ltr'><strong>monstravit;</strong></span> 
     </span>
    </p>
   </div>
   <div class='ocr_carea' id='block_1_94' title="bbox 2170 3371 3737 3443">
    <p class='ocr_par' dir='ltr' id='par_1_94' title="bbox 2170 3371 3737 3443">
     <span class='ocr_line' id='line_1_94' title="bbox 2170 3371 3737 3443; baseline 0.006 -23"><span class='ocrx_word' id='word_1_771' title='bbox 2170 3371 2346 3424; x_wconf 78' lang='lat' dir='ltr'><strong>verbis</strong></span> <span class='ocrx_word' id='word_1_772' title='bbox 2375 3382 2550 3425; x_wconf 89' lang='lat' dir='ltr'><strong>tamen</strong></span> <span class='ocrx_word' id='word_1_773' title='bbox 2569 3388 2863 3442; x_wconf 80' lang='lat' dir='ltr'><strong>numquam</strong></span> <span class='ocrx_word' id='word_1_774' title='bbox 2885 3373 3032 3426; x_wconf 89' lang='lat' dir='ltr'><strong>clare</strong></span> <span class='ocrx_word' id='word_1_775' title='bbox 3053 3373 3220 3428; x_wconf 80' lang='lat' dir='ltr'><strong>dixit:</strong></span> <span class='ocrx_word' id='word_1_776' title='bbox 3271 3374 3368 3429; x_wconf 81' lang='lat' dir='ltr'><strong>sed</strong></span> <span class='ocrx_word' id='word_1_777' title='bbox 3395 3375 3649 3443; x_wconf 88' lang='lat' dir='ltr'><strong>discipuli</strong></span> <span class='ocrx_word' id='word_1_778' title='bbox 3684 3376 3737 3430; x_wconf 87' lang='lat' dir='ltr'><strong>id</strong></span> 
     </span>
    </p>
   </div>
   <div class='ocr_carea' id='block_1_95' title="bbox 2171 3451 3740 3536">
    <p class='ocr_par' dir='ltr' id='par_1_95' title="bbox 2171 3451 3740 3536">
     <span class='ocr_line' id='line_1_95' title="bbox 2171 3451 3740 3536; baseline 0.005 -22"><span class='ocrx_word' id='word_1_779' title='bbox 2171 3475 2311 3529; x_wconf 62' lang='lat' dir='ltr'><strong>saepe</strong></span> <span class='ocrx_word' id='word_1_780' title='bbox 2347 3460 2826 3528; x_wconf 81' lang='lat' dir='ltr'><strong>dieunt,Joannes,</strong></span> <span class='ocrx_word' id='word_1_781' title='bbox 2847 3462 3068 3528; x_wconf 87' lang='lat' dir='ltr'><strong>Paulus,</strong></span> <span class='ocrx_word' id='word_1_782' title='bbox 3095 3461 3309 3518; x_wconf 89' lang='lat' dir='ltr'><strong>Petrus.</strong></span> <span class='ocrx_word' id='word_1_783' title='bbox 3323 3463 3457 3520; x_wconf 85' lang='lat' dir='ltr'><strong>Nam</strong></span> <span class='ocrx_word' id='word_1_784' title='bbox 3476 3466 3524 3520; x_wconf 86' lang='lat' dir='ltr'><strong>si</strong></span> <span class='ocrx_word' id='word_1_785' title='bbox 3542 3451 3630 3521; x_wconf 83' lang='lat' dir='ltr'><strong>isti</strong></span> <span class='ocrx_word' id='word_1_786' title='bbox 3647 3467 3740 3536; x_wconf 87' lang='lat' dir='ltr'><strong>qui</strong></span> 
     </span>
    </p>
   </div>
   <div class='ocr_carea' id='block_1_96' title="bbox 2170 3538 3740 3621">
    <p class='ocr_par' dir='ltr' id='par_1_96' title="bbox 2170 3538 3740 3621">
     <span class='ocr_line' id='line_1_96' title="bbox 2170 3538 3740 3621; baseline 0.006 -18"><span class='ocrx_word' id='word_1_787' title='bbox 2170 3560 2325 3604; x_wconf 87' lang='lat' dir='ltr'><strong>nocte</strong></span> <span class='ocrx_word' id='word_1_788' title='bbox 2341 3551 2534 3620; x_wconf 90' lang='lat' dir='ltr'><strong>dieque</strong></span> <span class='ocrx_word' id='word_1_789' title='bbox 2547 3552 2719 3620; x_wconf 89' lang='lat' dir='ltr'><strong>ipsum</strong></span> <span class='ocrx_word' id='word_1_790' title='bbox 2745 3553 3052 3621; x_wconf 89' lang='lat' dir='ltr'><strong>loquentem</strong></span> <span class='ocrx_word' id='word_1_791' title='bbox 3070 3538 3383 3619; x_wconf 66' lang='lat' dir='ltr'><strong>audiebant,</strong></span> <span class='ocrx_word' id='word_1_792' title='bbox 3415 3563 3467 3610; x_wconf 92' lang='lat' dir='ltr'><strong>et</strong></span> <span class='ocrx_word' id='word_1_793' title='bbox 3482 3558 3740 3612; x_wconf 81' lang='lat' dir='ltr'><strong>miracula</strong></span> 
     </span>
    </p>
   </div>
   <div class='ocr_carea' id='block_1_97' title="bbox 2169 3643 3744 3712">
    <p class='ocr_par' dir='ltr' id='par_1_97' title="bbox 2169 3643 3744 3712">
     <span class='ocr_line' id='line_1_97' title="bbox 2169 3643 3744 3712; baseline 0.004 -17"><span class='ocrx_word' id='word_1_794' title='bbox 2169 3650 2468 3708; x_wconf 84' lang='lat' dir='ltr'><strong>patrantem</strong></span> <span class='ocrx_word' id='word_1_795' title='bbox 2485 3643 2759 3708; x_wconf 81' lang='lat' dir='ltr'><strong>videbant,</strong></span> <span class='ocrx_word' id='word_1_796' title='bbox 2774 3646 2974 3712; x_wconf 88' lang='lat' dir='ltr'><strong>quibus</strong></span> <span class='ocrx_word' id='word_1_797' title='bbox 2986 3648 3212 3701; x_wconf 89' lang='lat' dir='ltr'><strong>scorsim</strong></span> <span class='ocrx_word' id='word_1_798' title='bbox 3227 3649 3395 3701; x_wconf 87' lang='lat' dir='ltr'><strong>multa</strong></span> <span class='ocrx_word' id='word_1_799' title='bbox 3410 3649 3670 3710; x_wconf 79' lang='lat' dir='ltr'><strong>solvebat,</strong></span> <span class='ocrx_word' id='word_1_800' title='bbox 3689 3658 3744 3702; x_wconf 87' lang='lat' dir='ltr'><strong>et</strong></span> 
     </span>
    </p>
   </div>
   <div class='ocr_carea' id='block_1_98' title="bbox 2171 3723 3749 3793">
    <p class='ocr_par' dir='ltr' id='par_1_98' title="bbox 2171 3723 3749 3793">
     <span class='ocr_line' id='line_1_98' title="bbox 2171 3723 3749 3793; baseline 0.001 -17"><span class='ocrx_word' id='word_1_801' title='bbox 2171 3734 2365 3777; x_wconf 80' lang='lat' dir='ltr'><strong>tantam</strong></span> <span class='ocrx_word' id='word_1_802' title='bbox 2410 3723 2631 3778; x_wconf 85' lang='lat' dir='ltr'><strong>dederat</strong></span> <span class='ocrx_word' id='word_1_803' title='bbox 2672 3736 3017 3793; x_wconf 85' lang='lat' dir='ltr'><strong>potestatem,</strong></span> <span class='ocrx_word' id='word_1_804' title='bbox 3057 3733 3114 3778; x_wconf 86' lang='lat' dir='ltr'><strong>ut</strong></span> <span class='ocrx_word' id='word_1_805' title='bbox 3153 3737 3208 3780; x_wconf 90' lang='lat' dir='ltr'><strong>et</strong></span> <span class='ocrx_word' id='word_1_806' title='bbox 3249 3729 3488 3779; x_wconf 88' lang='lat' dir='ltr'><strong>mortuos</strong></span> <span class='ocrx_word' id='word_1_807' title='bbox 3529 3728 3749 3780; x_wconf 82' lang='lat' dir='ltr'><strong>suscita-</strong></span> 
     </span>
    </p>
   </div>
   <div class='ocr_carea' id='block_1_99' title="bbox 2173 3811 3753 3886">
    <p class='ocr_par' dir='ltr' id='par_1_99' title="bbox 2173 3811 3753 3886">
     <span class='ocr_line' id='line_1_99' title="bbox 2173 3811 3753 3886; baseline 0.004 -22"><span class='ocrx_word' id='word_1_808' title='bbox 2173 3821 2313 3878; x_wconf 88' lang='lat' dir='ltr'><strong>rent,</strong></span> <span class='ocrx_word' id='word_1_809' title='bbox 2362 3821 2521 3881; x_wconf 89' lang='lat' dir='ltr'><strong>atque</strong></span> <span class='ocrx_word' id='word_1_810' title='bbox 2573 3813 2644 3866; x_wconf 86' lang='lat' dir='ltr'><strong>ita</strong></span> <span class='ocrx_word' id='word_1_811' title='bbox 2690 3811 2954 3881; x_wconf 82' lang='lat' dir='ltr'><strong>perfectos</strong></span> <span class='ocrx_word' id='word_1_812' title='bbox 2997 3815 3324 3882; x_wconf 88' lang='lat' dir='ltr'><strong>reddiderat,</strong></span> <span class='ocrx_word' id='word_1_813' title='bbox 3365 3824 3425 3870; x_wconf 92' lang='lat' dir='ltr'><strong>ut</strong></span> <span class='ocrx_word' id='word_1_814' title='bbox 3451 3817 3629 3870; x_wconf 86' lang='lat' dir='ltr'><strong>omnia</strong></span> <span class='ocrx_word' id='word_1_815' title='bbox 3656 3830 3753 3886; x_wconf 91' lang='lat' dir='ltr'><strong>pro</strong></span> 
     </span>
    </p>
   </div>
   <div class='ocr_carea' id='block_1_100' title="bbox 2176 3893 3750 3976">
    <p class='ocr_par' dir='ltr' id='par_1_100' title="bbox 2176 3893 3750 3976">
     <span class='ocr_line' id='line_1_100' title="bbox 2176 3893 3750 3976; baseline 0.006 -22"><span class='ocrx_word' id='word_1_816' title='bbox 2176 3901 2290 3970; x_wconf 88' lang='lat' dir='ltr'><strong>ipso</strong></span> <span class='ocrx_word' id='word_1_817' title='bbox 2319 3903 2712 3972; x_wconf 88' lang='lat' dir='ltr'><strong>relinquerent:</strong></span> <span class='ocrx_word' id='word_1_818' title='bbox 2743 3915 2861 3972; x_wconf 89' lang='lat' dir='ltr'><strong>post</strong></span> <span class='ocrx_word' id='word_1_819' title='bbox 2907 3912 3107 3959; x_wconf 84' lang='lat' dir='ltr'><strong>tantam</strong></span> <span class='ocrx_word' id='word_1_820' title='bbox 3155 3893 3485 3961; x_wconf 33' lang='lat' dir='ltr'><strong>virtutem-et</strong></span> <span class='ocrx_word' id='word_1_821' title='bbox 3513 3907 3750 3976; x_wconf 83' lang='lat' dir='ltr'><strong>philoso-</strong></span> 
     </span>
    </p>
   </div>
   <div class='ocr_carea' id='block_1_101' title="bbox 2175 3993 3756 4069">
    <p class='ocr_par' dir='ltr' id='par_1_101' title="bbox 2175 3993 3756 4069">
     <span class='ocr_line' id='line_1_101' title="bbox 2175 3993 3756 4069; baseline 0.006 -24"><span class='ocrx_word' id='word_1_822' title='bbox 2175 3993 2374 4063; x_wconf 82' lang='lat' dir='ltr'><strong>phiam,</strong></span> <span class='ocrx_word' id='word_1_823' title='bbox 2405 4012 2505 4047; x_wconf 89' lang='lat' dir='ltr'><strong>non</strong></span> <span class='ocrx_word' id='word_1_824' title='bbox 2531 4005 2818 4064; x_wconf 91' lang='lat' dir='ltr'><strong>potuerunt</strong></span> <span class='ocrx_word' id='word_1_825' title='bbox 2843 3999 3018 4050; x_wconf 89' lang='lat' dir='ltr'><strong>omnia</strong></span> <span class='ocrx_word' id='word_1_826' title='bbox 3049 4007 3283 4066; x_wconf 87' lang='lat' dir='ltr'><strong>portare,</strong></span> <span class='ocrx_word' id='word_1_827' title='bbox 3313 4011 3596 4068; x_wconf 79' lang='lat' dir='ltr'><strong>antequam</strong></span> <span class='ocrx_word' id='word_1_828' title='bbox 3637 3999 3756 4069; x_wconf 82' lang='lat' dir='ltr'><strong>Spi-</strong></span> 
     </span>
    </p>
   </div>
   <div class='ocr_carea' id='block_1_102' title="bbox 2175 4086 3755 4160">
    <p class='ocr_par' dir='ltr' id='par_1_102' title="bbox 2175 4086 3755 4160">
     <span class='ocr_line' id='line_1_102' title="bbox 2175 4086 3755 4160; baseline 0.004 -21"><span class='ocrx_word' id='word_1_829' title='bbox 2175 4086 2332 4139; x_wconf 83' lang='lat' dir='ltr'><strong>rittun</strong></span> <span class='ocrx_word' id='word_1_830' title='bbox 2363 4099 2601 4141; x_wconf 88' lang='lat' dir='ltr'><strong>sanctum</strong></span> <span class='ocrx_word' id='word_1_831' title='bbox 2641 4088 3269 4158; x_wconf 79' lang='lat' dir='ltr'><strong>acciperentzquomodo</strong></span> <span class='ocrx_word' id='word_1_832' title='bbox 3309 4092 3533 4160; x_wconf 86' lang='lat' dir='ltr'><strong>populus</strong></span> <span class='ocrx_word' id='word_1_833' title='bbox 3573 4091 3755 4145; x_wconf 81' lang='lat' dir='ltr'><strong>Judai-</strong></span> 
     </span>
    </p>
   </div>
   <div class='ocr_carea' id='block_1_103' title="bbox 2176 4163 3753 4249">
    <p class='ocr_par' dir='ltr' id='par_1_103' title="bbox 2176 4163 3753 4249">
     <span class='ocr_line' id='line_1_103' title="bbox 2176 4163 3753 4249; baseline 0.004 -20"><span class='ocrx_word' id='word_1_834' title='bbox 2176 4163 2306 4239; x_wconf 83' lang='lat' dir='ltr'><strong>cus,</strong></span> <span class='ocrx_word' id='word_1_835' title='bbox 2347 4176 2703 4245; x_wconf 78' lang='lat' dir='ltr'><strong>intelligentia:</strong></span> <span class='ocrx_word' id='word_1_836' title='bbox 2756 4193 2979 4246; x_wconf 77' lang='lat' dir='ltr'><strong>expers,</strong></span> <span class='ocrx_word' id='word_1_837' title='bbox 3029 4180 3118 4249; x_wconf 91' lang='lat' dir='ltr'><strong>qui</strong></span> <span class='ocrx_word' id='word_1_838' title='bbox 3147 4180 3214 4234; x_wconf 91' lang='lat' dir='ltr'><strong>ad</strong></span> <span class='ocrx_word' id='word_1_839' title='bbox 3263 4189 3461 4235; x_wconf 84' lang='lat' dir='ltr'><strong>tantam</strong></span> <span class='ocrx_word' id='word_1_840' title='bbox 3506 4181 3753 4237; x_wconf 85' lang='lat' dir='ltr'><strong>virtutem</strong></span> 
     </span>
    </p>
   </div>
   <div class='ocr_carea' id='block_1_104' title="bbox 2179 4267 3758 4339">
    <p class='ocr_par' dir='ltr' id='par_1_104' title="bbox 2179 4267 3758 4339">
     <span class='ocr_line' id='line_1_104' title="bbox 2179 4267 3758 4339; baseline 0.006 -23"><span class='ocrx_word' id='word_1_841' title='bbox 2179 4280 2282 4318; x_wconf 91' lang='lat' dir='ltr'><strong>non</strong></span> <span class='ocrx_word' id='word_1_842' title='bbox 2339 4276 2672 4333; x_wconf 79' lang='lat' dir='ltr'><strong>pervenerat,</strong></span> <span class='ocrx_word' id='word_1_843' title='bbox 2702 4267 2788 4333; x_wconf 77' lang='lat' dir='ltr'><strong>qui</strong></span> <span class='ocrx_word' id='word_1_844' title='bbox 2843 4268 3050 4322; x_wconf 86' lang='lat' dir='ltr'><strong>nonnisi</strong></span> <span class='ocrx_word' id='word_1_845' title='bbox 3105 4268 3322 4324; x_wconf 86' lang='lat' dir='ltr'><strong>fortuito</strong></span> <span class='ocrx_word' id='word_1_846' title='bbox 3372 4286 3499 4325; x_wconf 87' lang='lat' dir='ltr'><strong>casn</strong></span> <span class='ocrx_word' id='word_1_847' title='bbox 3539 4273 3654 4339; x_wconf 89' lang='lat' dir='ltr'><strong>ejus</strong></span> <span class='ocrx_word' id='word_1_848' title='bbox 3704 4281 3758 4327; x_wconf 88' lang='lat' dir='ltr'><strong>et</strong></span> 
     </span>
    </p>
   </div>
   <div class='ocr_carea' id='block_1_105' title="bbox 2181 4354 3758 4426">
    <p class='ocr_par' dir='ltr' id='par_1_105' title="bbox 2181 4354 3758 4426">
     <span class='ocr_line' id='line_1_105' title="bbox 2181 4354 3758 4426; baseline 0.007 -21"><span class='ocrx_word' id='word_1_849' title='bbox 2181 4354 2341 4422; x_wconf 79' lang='lat' dir='ltr'><strong>gestis</strong></span> <span class='ocrx_word' id='word_1_850' title='bbox 2369 4365 2422 4408; x_wconf 88' lang='lat' dir='ltr'><strong>et</strong></span> <span class='ocrx_word' id='word_1_851' title='bbox 2453 4354 2606 4408; x_wconf 84' lang='lat' dir='ltr'><strong>dictis</strong></span> <span class='ocrx_word' id='word_1_852' title='bbox 2635 4355 2838 4419; x_wconf 87' lang='lat' dir='ltr'><strong>aderat,</strong></span> <span class='ocrx_word' id='word_1_853' title='bbox 2871 4358 3040 4426; x_wconf 88' lang='lat' dir='ltr'><strong>ipsum</strong></span> <span class='ocrx_word' id='word_1_854' title='bbox 3071 4359 3303 4415; x_wconf 87' lang='lat' dir='ltr'><strong>alienum</strong></span> <span class='ocrx_word' id='word_1_855' title='bbox 3334 4377 3363 4414; x_wconf 89' lang='lat' dir='ltr'><strong>a</strong></span> <span class='ocrx_word' id='word_1_856' title='bbox 3398 4363 3502 4415; x_wconf 87' lang='lat' dir='ltr'><strong>Deo</strong></span> <span class='ocrx_word' id='word_1_857' title='bbox 3544 4361 3758 4416; x_wconf 84' lang='lat' dir='ltr'><strong>univerâ€”</strong></span> 
     </span>
    </p>
   </div>
   <div class='ocr_carea' id='block_1_106' title="bbox 2181 4445 3758 4512">
    <p class='ocr_par' dir='ltr' id='par_1_106' title="bbox 2181 4445 3758 4512">
     <span class='ocr_line' id='line_1_106' title="bbox 2181 4445 3758 4512; baseline 0.005 -17"><span class='ocrx_word' id='word_1_858' title='bbox 2181 4458 2359 4498; x_wconf 89' lang='lat' dir='ltr'><strong>sorum</strong></span> <span class='ocrx_word' id='word_1_859' title='bbox 2389 4459 2506 4498; x_wconf 88' lang='lat' dir='ltr'><strong>esse</strong></span> <span class='ocrx_word' id='word_1_860' title='bbox 2535 4459 2638 4498; x_wconf 90' lang='lat' dir='ltr'><strong>non</strong></span> <span class='ocrx_word' id='word_1_861' title='bbox 2665 4445 2976 4502; x_wconf 88' lang='lat' dir='ltr'><strong>credidisset</strong></span> <span class='ocrx_word' id='word_1_862' title='bbox 3001 4490 3016 4512; x_wconf 93' lang='lat'><strong>,</strong></span> <span class='ocrx_word' id='word_1_863' title='bbox 3051 4449 3152 4502; x_wconf 90' lang='lat' dir='ltr'><strong>uisi</strong></span> <span class='ocrx_word' id='word_1_864' title='bbox 3181 4462 3323 4505; x_wconf 84' lang='lat' dir='ltr'><strong>tanta</strong></span> <span class='ocrx_word' id='word_1_865' title='bbox 3352 4451 3676 4505; x_wconf 86' lang='lat' dir='ltr'><strong>demissione</strong></span> <span class='ocrx_word' id='word_1_866' title='bbox 3706 4463 3758 4506; x_wconf 92' lang='lat' dir='ltr'><strong>et</strong></span> 
     </span>
    </p>
   </div>
   <div class='ocr_carea' id='block_1_107' title="bbox 2183 4532 3756 4610">
    <p class='ocr_par' dir='ltr' id='par_1_107' title="bbox 2183 4532 3756 4610">
     <span class='ocr_line' id='line_1_107' title="bbox 2183 4532 3756 4610; baseline 0.006 -25"><span class='ocrx_word' id='word_1_867' title='bbox 2183 4532 2502 4602; x_wconf 80' lang='lat' dir='ltr'><strong>indulgentia</strong></span> <span class='ocrx_word' id='word_1_868' title='bbox 2535 4551 2628 4600; x_wconf 90' lang='lat' dir='ltr'><strong>per</strong></span> <span class='ocrx_word' id='word_1_869' title='bbox 2653 4537 2828 4590; x_wconf 70' lang='lat' dir='ltr'><strong>omnia</strong></span> <span class='ocrx_word' id='word_1_870' title='bbox 2860 4552 2986 4592; x_wconf 85' lang='lat' dir='ltr'><strong>usus</strong></span> <span class='ocrx_word' id='word_1_871' title='bbox 3013 4540 3190 4593; x_wconf 83' lang='lat' dir='ltr'><strong>esset?</strong></span> <span class='ocrx_word' id='word_1_872' title='bbox 3216 4541 3338 4594; x_wconf 86' lang='lat' dir='ltr'><strong>Ideo</strong></span> <span class='ocrx_word' id='word_1_873' title='bbox 3362 4557 3608 4610; x_wconf 84' lang='lat' dir='ltr'><strong>namque,</strong></span> <span class='ocrx_word' id='word_1_874' title='bbox 3641 4556 3756 4595; x_wconf 81' lang='lat' dir='ltr'><strong>tum</strong></span> 
     </span>
    </p>
   </div>
   <div class='ocr_carea' id='block_1_108' title="bbox 2181 4626 3755 4700">
    <p class='ocr_par' dir='ltr' id='par_1_108' title="bbox 2181 4626 3755 4700">
     <span class='ocr_line' id='line_1_108' title="bbox 2181 4626 3755 4700; baseline 0.003 -22"><span class='ocrx_word' id='word_1_875' title='bbox 2181 4626 2456 4680; x_wconf 76' lang='lat' dir='ltr'><strong>Sabbntum</strong></span> <span class='ocrx_word' id='word_1_876' title='bbox 2483 4627 2736 4690; x_wconf 84' lang='lat' dir='ltr'><strong>solvet-et,</strong></span> <span class='ocrx_word' id='word_1_877' title='bbox 2771 4645 2871 4681; x_wconf 90' lang='lat' dir='ltr'><strong>non</strong></span> <span class='ocrx_word' id='word_1_878' title='bbox 2900 4639 3053 4683; x_wconf 87' lang='lat' dir='ltr'><strong>antea</strong></span> <span class='ocrx_word' id='word_1_879' title='bbox 3086 4631 3254 4699; x_wconf 77' lang='lat' dir='ltr'><strong>legem</strong></span> <span class='ocrx_word' id='word_1_880' title='bbox 3285 4631 3584 4700; x_wconf 84' lang='lat' dir='ltr'><strong>bujusmndi</strong></span> <span class='ocrx_word' id='word_1_881' title='bbox 3611 4648 3755 4686; x_wconf 81' lang='lat' dir='ltr'><strong>suam</strong></span> 
     </span>
    </p>
   </div>
   <div class='ocr_carea' id='block_1_109' title="bbox 2185 4717 3756 4791">
    <p class='ocr_par' dir='ltr' id='par_1_109' title="bbox 2185 4717 3756 4791">
     <span class='ocr_line' id='line_1_109' title="bbox 2185 4717 3756 4791; baseline 0.004 -22"><span class='ocrx_word' id='word_1_882' title='bbox 2185 4717 2496 4781; x_wconf 79' lang='lat' dir='ltr'><strong>induxerat;</strong></span> <span class='ocrx_word' id='word_1_883' title='bbox 2527 4719 2620 4772; x_wconf 86' lang='lat' dir='ltr'><strong>sed</strong></span> <span class='ocrx_word' id='word_1_884' title='bbox 2653 4719 2826 4771; x_wconf 72' lang='lat' dir='ltr'><strong>varias</strong></span> <span class='ocrx_word' id='word_1_885' title='bbox 2854 4729 2905 4772; x_wconf 91' lang='lat' dir='ltr'><strong>et</strong></span> <span class='ocrx_word' id='word_1_886' title='bbox 2947 4722 3138 4774; x_wconf 89' lang='lat' dir='ltr'><strong>multas</strong></span> <span class='ocrx_word' id='word_1_887' title='bbox 3169 4723 3315 4790; x_wconf 85' lang='lat' dir='ltr'><strong>prius</strong></span> <span class='ocrx_word' id='word_1_888' title='bbox 3363 4722 3516 4775; x_wconf 80' lang='lat' dir='ltr'><strong>aï¬‚&#39;ert</strong></span> <span class='ocrx_word' id='word_1_889' title='bbox 3568 4739 3756 4791; x_wconf 73' lang='lat' dir='ltr'><strong>purga-</strong></span> 
     </span>
    </p>
   </div>
   <div class='ocr_carea' id='block_1_110' title="bbox 2185 4811 3754 4879">
    <p class='ocr_par' dir='ltr' id='par_1_110' title="bbox 2185 4811 3754 4879">
     <span class='ocr_line' id='line_1_110' title="bbox 2185 4811 3754 4879; baseline 0.002 -15"><span class='ocrx_word' id='word_1_890' title='bbox 2185 4813 2376 4864; x_wconf 89' lang='lat' dir='ltr'><strong>tiones.</strong></span> <span class='ocrx_word' id='word_1_891' title='bbox 2433 4811 2584 4878; x_wconf 87' lang='lat' dir='ltr'><strong>Quod</strong></span> <span class='ocrx_word' id='word_1_892' title='bbox 2627 4812 2671 4864; x_wconf 90' lang='lat' dir='ltr'><strong>si</strong></span> <span class='ocrx_word' id='word_1_893' title='bbox 2703 4812 3007 4867; x_wconf 87' lang='lat' dir='ltr'><strong>mandatum</strong></span> <span class='ocrx_word' id='word_1_894' title='bbox 3059 4829 3218 4867; x_wconf 88' lang='lat' dir='ltr'><strong>unum</strong></span> <span class='ocrx_word' id='word_1_895' title='bbox 3272 4816 3562 4879; x_wconf 86' lang='lat' dir='ltr'><strong>soluturus,</strong></span> <span class='ocrx_word' id='word_1_896' title='bbox 3620 4826 3754 4867; x_wconf 86' lang='lat' dir='ltr'><strong>tanta</strong></span> 
     </span>
    </p>
   </div>
   <div class='ocr_carea' id='block_1_111' title="bbox 2186 4902 3754 4975">
    <p class='ocr_par' dir='ltr' id='par_1_111' title="bbox 2186 4902 3754 4975">
     <span class='ocr_line' id='line_1_111' title="bbox 2186 4902 3754 4975; baseline 0.004 -21"><span class='ocrx_word' id='word_1_897' title='bbox 2186 4902 2349 4955; x_wconf 89' lang='lat' dir='ltr'><strong>utitur</strong></span> <span class='ocrx_word' id='word_1_898' title='bbox 2398 4902 2680 4956; x_wconf 85' lang='lat' dir='ltr'><strong>verborum</strong></span> <span class='ocrx_word' id='word_1_899' title='bbox 2732 4904 2997 4970; x_wconf 75' lang='lat' dir='ltr'><strong>cautione,</strong></span> <span class='ocrx_word' id='word_1_900' title='bbox 3027 4920 3097 4959; x_wconf 90' lang='lat' dir='ltr'><strong>ne</strong></span> <span class='ocrx_word' id='word_1_901' title='bbox 3149 4905 3416 4960; x_wconf 87' lang='lat' dir='ltr'><strong>auditores</strong></span> <span class='ocrx_word' id='word_1_902' title='bbox 3466 4907 3754 4975; x_wconf 78' lang='lat' dir='ltr'><strong>percellat:</strong></span> 
     </span>
    </p>
   </div>
   <div class='ocr_carea' id='block_1_112' title="bbox 2187 5001 3760 5072">
    <p class='ocr_par' dir='ltr' id='par_1_112' title="bbox 2187 5001 3760 5072">
     <span class='ocr_line' id='line_1_112' title="bbox 2187 5001 3760 5072; baseline 0.001 -18"><span class='ocrx_word' id='word_1_903' title='bbox 2187 5001 2353 5054; x_wconf 86' lang='lat' dir='ltr'><strong>multo</strong></span> <span class='ocrx_word' id='word_1_904' title='bbox 2401 5002 2570 5069; x_wconf 82' lang='lat' dir='ltr'><strong>magis</strong></span> <span class='ocrx_word' id='word_1_905' title='bbox 2620 5015 2740 5054; x_wconf 90' lang='lat' dir='ltr'><strong>cum</strong></span> <span class='ocrx_word' id='word_1_906' title='bbox 2799 5001 2898 5070; x_wconf 79' lang='lat' dir='ltr'><strong>legi</strong></span> <span class='ocrx_word' id='word_1_907' title='bbox 2963 5001 3182 5072; x_wconf 73' lang='lat' dir='ltr'><strong>integra:</strong></span> <span class='ocrx_word' id='word_1_908' title='bbox 3235 5004 3490 5072; x_wconf 80' lang='lat' dir='ltr'><strong>integram</strong></span> <span class='ocrx_word' id='word_1_909' title='bbox 3547 5003 3760 5056; x_wconf 77' lang='lat' dir='ltr'><strong>amb-ret</strong></span> 
     </span>
    </p>
   </div>
   <div class='ocr_carea' id='block_1_113' title="bbox 2188 5090 3758 5161">
    <p class='ocr_par' dir='ltr' id='par_1_113' title="bbox 2188 5090 3758 5161">
     <span class='ocr_line' id='line_1_113' title="bbox 2188 5090 3758 5161; baseline 0.001 -18"><span class='ocrx_word' id='word_1_910' title='bbox 2188 5092 2374 5159; x_wconf 66' lang='lat' dir='ltr'><strong>legem,</strong></span> <span class='ocrx_word' id='word_1_911' title='bbox 2413 5090 2637 5157; x_wconf 85' lang='lat' dir='ltr'><strong>plurimo</strong></span> <span class='ocrx_word' id='word_1_912' title='bbox 2669 5091 2855 5159; x_wconf 82' lang='lat' dir='ltr'><strong>egebat</strong></span> <span class='ocrx_word' id='word_1_913' title='bbox 2883 5102 3135 5161; x_wconf 85' lang='lat' dir='ltr'><strong>apparatu</strong></span> <span class='ocrx_word' id='word_1_914' title='bbox 3167 5102 3321 5160; x_wconf 84' lang='lat' dir='ltr'><strong>atque</strong></span> <span class='ocrx_word' id='word_1_915' title='bbox 3342 5107 3489 5154; x_wconf 88' lang='lat' dir='ltr'><strong>cura,</strong></span> <span class='ocrx_word' id='word_1_916' title='bbox 3522 5108 3586 5146; x_wconf 89' lang='lat' dir='ltr'><strong>ne</strong></span> <span class='ocrx_word' id='word_1_917' title='bbox 3611 5091 3758 5145; x_wconf 60' lang='lat' dir='ltr'><strong>audi-</strong></span> 
     </span>
    </p>
   </div>
   <div class='ocr_carea' id='block_1_114' title="bbox 2188 5181 2631 5235">
    <p class='ocr_par' dir='ltr' id='par_1_114' title="bbox 2188 5181 2631 5235">
     <span class='ocr_line' id='line_1_114' title="bbox 2188 5181 2631 5235; baseline -0.002 -1"><span class='ocrx_word' id='word_1_918' title='bbox 2188 5191 2328 5235; x_wconf 81' lang='lat' dir='ltr'><strong>tores</strong></span> <span class='ocrx_word' id='word_1_919' title='bbox 2379 5181 2631 5234; x_wconf 82' lang='lat' dir='ltr'><strong>turbaret.</strong></span> 
     </span>
    </p>
   </div>
   <div class='ocr_carea' id='block_1_115' title="bbox 2263 5270 3750 5342">
    <p class='ocr_par' dir='ltr' id='par_1_115' title="bbox 2263 5270 3750 5342">
     <span class='ocr_line' id='line_1_115' title="bbox 2263 5270 3750 5342; baseline -0.001 -17"><span class='ocrx_word' id='word_1_920' title='bbox 2263 5271 2363 5326; x_wconf 87' lang='lat' dir='ltr'><strong>Cur</strong></span> <span class='ocrx_word' id='word_1_921' title='bbox 2402 5272 2629 5324; x_wconf 77' lang='lat' dir='ltr'><strong>Christus</strong></span> <span class='ocrx_word' id='word_1_922' title='bbox 2669 5272 2938 5342; x_wconf 80' lang='lat' dir='ltr'><strong>aliquando</strong></span> <span class='ocrx_word' id='word_1_923' title='bbox 2984 5289 3084 5326; x_wconf 81' lang='lat' dir='ltr'><strong>non</strong></span> <span class='ocrx_word' id='word_1_924' title='bbox 3122 5288 3176 5325; x_wconf 83' lang='lat' dir='ltr'><strong>se</strong></span> <span class='ocrx_word' id='word_1_925' title='bbox 3211 5273 3346 5325; x_wconf 83' lang='lat' dir='ltr'><strong>clare</strong></span> <span class='ocrx_word' id='word_1_926' title='bbox 3393 5270 3554 5326; x_wconf 84' lang='lat' dir='ltr'><strong>Deum</strong></span> <span class='ocrx_word' id='word_1_927' title='bbox 3601 5272 3750 5324; x_wconf 84' lang='lat' dir='ltr'><strong>dicat.</strong></span> 
     </span>
    </p>
   </div>
   <div class='ocr_carea' id='block_1_116' title="bbox 2256 5377 3758 5447">
    <p class='ocr_par' dir='ltr' id='par_1_116' title="bbox 2256 5377 3758 5447">
     <span class='ocr_line' id='line_1_116' title="bbox 2256 5377 3758 5447; baseline -0.001 -21"><span class='ocrx_word' id='word_1_928' title='bbox 2256 5383 2270 5412; x_wconf 85' lang='grc'>Â¹</span> <span class='ocrx_word' id='word_1_929' title='bbox 2289 5377 2926 5447; x_wconf 47' lang='lat' dir='ltr'><strong>MontefalconinsinGrajco</strong></span> <span class='ocrx_word' id='word_1_930' title='bbox 2947 5378 3146 5447; x_wconf 71' lang='lat' dir='ltr'><strong>legebat</strong></span> <span class='ocrx_word' id='word_1_931' title='bbox 3160 5380 3274 5447; x_wconf 47' lang='lat' dir='ltr'><strong>ista</strong></span> <span class='ocrx_word' id='word_1_932' title='bbox 3290 5377 3758 5447; x_wconf 35' lang='lat' dir='ltr'><strong>taquamquam-</strong></span> 
     </span>
    </p>
   </div>
   <div class='ocr_carea' id='block_1_117' title="bbox 2194 5437 3760 5508">
    <p class='ocr_par' dir='ltr' id='par_1_117' title="bbox 2194 5437 3760 5508">
     <span class='ocr_line' id='line_1_117' title="bbox 2194 5437 3760 5508; baseline -0.001 -18"><span class='ocrx_word' id='word_1_933' title='bbox 2194 5437 2468 5508; x_wconf 45' lang='lat' dir='ltr'><strong>creatasÂ»</strong></span> <span class='ocrx_word' id='word_1_934' title='bbox 2479 5443 2551 5508; x_wconf 48' lang='grc' dir='ltr'><strong>á¼°á¿·</strong></span> <span class='ocrx_word' id='word_1_935' title='bbox 2565 5442 2755 5508; x_wconf 57' lang='grc' dir='ltr'><strong>ÎµÎ¾Î±Ïá½½Ï,</strong></span> <span class='ocrx_word' id='word_1_936' title='bbox 2771 5437 3039 5508; x_wconf 43' lang='grc' dir='ltr'><strong>Î¾á¿–á¿ƒÎ¹á½¶Î¹ÏÏÎ±Ï…á¿–á¾³</strong></span> <span class='ocrx_word' id='word_1_937' title='bbox 3053 5437 3352 5508; x_wconf 83' lang='lat' dir='ltr'><strong>reddiderat,</strong></span> <span class='ocrx_word' id='word_1_938' title='bbox 3366 5453 3452 5500; x_wconf 83' lang='lat' dir='ltr'><strong>per</strong></span> <span class='ocrx_word' id='word_1_939' title='bbox 3469 5438 3636 5489; x_wconf 79' lang='lat' dir='ltr'><strong>radios</strong></span> <span class='ocrx_word' id='word_1_940' title='bbox 3645 5452 3760 5501; x_wconf 75' lang='lat' dir='ltr'><strong>quos</strong></span> 
     </span>
    </p>
   </div>
   <div class='ocr_carea' id='block_1_118' title="bbox 2192 5498 3759 5566">
    <p class='ocr_par' dir='ltr' id='par_1_118' title="bbox 2192 5498 3759 5566">
     <span class='ocr_line' id='line_1_118' title="bbox 2192 5498 3759 5566; baseline -0.002 -15"><span class='ocrx_word' id='word_1_941' title='bbox 2192 5498 2354 5566; x_wconf 73' lang='lat' dir='ltr'><strong>emisit</strong></span> <span class='ocrx_word' id='word_1_942' title='bbox 2398 5500 2450 5566; x_wconf 73' lang='lat' dir='ltr'><strong>in</strong></span> <span class='ocrx_word' id='word_1_943' title='bbox 2478 5498 2857 5566; x_wconf 53' lang='lat' dir='ltr'><strong>Titaborejtltc,</strong></span> <span class='ocrx_word' id='word_1_944' title='bbox 2883 5498 3345 5566; x_wconf 69' lang='lat' dir='ltr'><strong>iuqitit,accurutins</strong></span> <span class='ocrx_word' id='word_1_945' title='bbox 3366 5498 3635 5566; x_wconf 68' lang='lat' dir='ltr'><strong>perpensa,</strong></span> <span class='ocrx_word' id='word_1_946' title='bbox 3658 5498 3759 5548; x_wconf 82' lang='lat' dir='ltr'><strong>lec-</strong></span> 
     </span>
    </p>
   </div>
   <div class='ocr_carea' id='block_1_119' title="bbox 2197 5558 3758 5624">
    <p class='ocr_par' dir='ltr' id='par_1_119' title="bbox 2197 5558 3758 5624">
     <span class='ocr_line' id='line_1_119' title="bbox 2197 5558 3758 5624; baseline -0.001 -13"><span class='ocrx_word' id='word_1_947' title='bbox 2197 5562 2380 5611; x_wconf 87' lang='lat' dir='ltr'><strong>tionem</strong></span> <span class='ocrx_word' id='word_1_948' title='bbox 2402 5564 2551 5614; x_wconf 84' lang='lat' dir='ltr'><strong>illam.</strong></span> <span class='ocrx_word' id='word_1_949' title='bbox 2565 5574 2664 5624; x_wconf 83' lang='lat' dir='ltr'><strong>per_</strong></span> <span class='ocrx_word' id='word_1_950' title='bbox 2677 5559 2849 5624; x_wconf 72' lang='lat' dir='ltr'><strong>radios</strong></span> <span class='ocrx_word' id='word_1_951' title='bbox 2863 5558 2980 5624; x_wconf 70' lang='lat' dir='ltr'><strong>quos</strong></span> <span class='ocrx_word' id='word_1_952' title='bbox 3001 5558 3158 5624; x_wconf 83' lang='lat' dir='ltr'><strong>emisit</strong></span> <span class='ocrx_word' id='word_1_953' title='bbox 3181 5561 3228 5608; x_wconf 78' lang='lat' dir='ltr'><strong>in</strong></span> <span class='ocrx_word' id='word_1_954' title='bbox 3250 5558 3409 5616; x_wconf 72' lang='lat' dir='ltr'><strong>cruce,</strong></span> <span class='ocrx_word' id='word_1_955' title='bbox 3423 5558 3620 5624; x_wconf 77' lang='lat' dir='ltr'><strong>omnino</strong></span> <span class='ocrx_word' id='word_1_956' title='bbox 3632 5569 3758 5610; x_wconf 78' lang='lat' dir='ltr'><strong>stare</strong></span> 
     </span>
    </p>
   </div>
   <div class='ocr_carea' id='block_1_120' title="bbox 2191 5621 3760 5684">
    <p class='ocr_par' dir='ltr' id='par_1_120' title="bbox 2191 5621 3760 5684">
     <span class='ocr_line' id='line_1_120' title="bbox 2191 5621 3760 5684; baseline -0.001 -14"><span class='ocrx_word' id='word_1_957' title='bbox 2191 5637 2287 5670; x_wconf 89' lang='lat' dir='ltr'><strong>non</strong></span> <span class='ocrx_word' id='word_1_958' title='bbox 2311 5635 2455 5684; x_wconf 81' lang='lat' dir='ltr'><strong>posse</strong></span> <span class='ocrx_word' id='word_1_959' title='bbox 2477 5621 2811 5670; x_wconf 76' lang='lat' dir='ltr'><strong>animadverti.</strong></span> <span class='ocrx_word' id='word_1_960' title='bbox 2829 5621 2966 5680; x_wconf 85' lang='lat' dir='ltr'><strong>Quod</strong></span> <span class='ocrx_word' id='word_1_961' title='bbox 2981 5621 3112 5669; x_wconf 83' lang='lat' dir='ltr'><strong>enim</strong></span> <span class='ocrx_word' id='word_1_962' title='bbox 3135 5623 3181 5668; x_wconf 91' lang='lat' dir='ltr'><strong>in</strong></span> <span class='ocrx_word' id='word_1_963' title='bbox 3203 5635 3347 5684; x_wconf 87' lang='lat' dir='ltr'><strong>cruce</strong></span> <span class='ocrx_word' id='word_1_964' title='bbox 3367 5621 3637 5684; x_wconf 77' lang='lat' dir='ltr'><strong>refulserit,</strong></span> <span class='ocrx_word' id='word_1_965' title='bbox 3653 5624 3760 5684; x_wconf 77' lang='lat' dir='ltr'><strong>nul-</strong></span> 
     </span>
    </p>
   </div>
   <div class='ocr_carea' id='block_1_121' title="bbox 2193 5681 3760 5749">
    <p class='ocr_par' dir='ltr' id='par_1_121' title="bbox 2193 5681 3760 5749">
     <span class='ocr_line' id='line_1_121' title="bbox 2193 5681 3760 5749; baseline -0.001 -17"><span class='ocrx_word' id='word_1_966' title='bbox 2193 5686 2271 5749; x_wconf 89' lang='lat' dir='ltr'><strong>lus</strong></span> <span class='ocrx_word' id='word_1_967' title='bbox 2304 5681 2712 5749; x_wconf 70' lang='lat' dir='ltr'><strong>evangelistarum</strong></span> <span class='ocrx_word' id='word_1_968' title='bbox 2737 5684 2901 5749; x_wconf 41' lang='lat' dir='ltr'><strong>_d_is_it..</strong></span> <span class='ocrx_word' id='word_1_969' title='bbox 2926 5684 3236 5749; x_wconf 72' lang='lat' dir='ltr'><strong>Quapropter</strong></span> <span class='ocrx_word' id='word_1_970' title='bbox 3265 5681 3760 5749; x_wconf 59' lang='lat' dir='ltr'><strong>lectionemJitTlah</strong></span> 
     </span>
    </p>
   </div>
   <div class='ocr_carea' id='block_1_122' title="bbox 2193 5741 3756 5809">
    <p class='ocr_par' dir='ltr' id='par_1_122' title="bbox 2193 5741 3756 5809">
     <span class='ocr_line' id='line_1_122' title="bbox 2193 5741 3756 5809; baseline -0.002 -17"><span class='ocrx_word' id='word_1_971' title='bbox 2193 5748 2323 5809; x_wconf 69' lang='lat' dir='ltr'><strong>bore.</strong></span> <span class='ocrx_word' id='word_1_972' title='bbox 2336 5741 2688 5809; x_wconf 77' lang='lat' dir='ltr'><strong>amplectimur.</strong></span> <span class='ocrx_word' id='word_1_973' title='bbox 2704 5762 2719 5784; x_wconf 79' lang='grc' dir='ltr'>Î¹</span> <span class='ocrx_word' id='word_1_974' title='bbox 2737 5741 2932 5809; x_wconf 79' lang='lat' dir='ltr'><strong>Videsis</strong></span> <span class='ocrx_word' id='word_1_975' title='bbox 2956 5741 3065 5808; x_wconf 61' lang='lat' dir='ltr'><strong>qua:</strong></span> <span class='ocrx_word' id='word_1_976' title='bbox 3087 5741 3286 5809; x_wconf 66' lang='lat' dir='ltr'><strong>idhnnc</strong></span> <span class='ocrx_word' id='word_1_977' title='bbox 3309 5743 3467 5809; x_wconf 61' lang='lat' dir='ltr'><strong>locum</strong></span> <span class='ocrx_word' id='word_1_978' title='bbox 3483 5741 3756 5809; x_wconf 56' lang='lat' dir='ltr'><strong>simulcljtt</strong></span> 
     </span>
    </p>
   </div>
   <div class='ocr_carea' id='block_1_123' title="bbox 2196 5801 3754 5855">
    <p class='ocr_par' dir='ltr' id='par_1_123' title="bbox 2196 5801 3754 5855">
     <span class='ocr_line' id='line_1_123' title="bbox 2196 5801 3754 5855; baseline -0.003 -1"><span class='ocrx_word' id='word_1_979' title='bbox 2196 5801 2554 5855; x_wconf 63' lang='lat' dir='ltr'><strong>lloutelâ€™alconii</strong></span> <span class='ocrx_word' id='word_1_980' title='bbox 2574 5803 2937 5855; x_wconf 81' lang='lat' dir='ltr'><strong>annotationem</strong></span> <span class='ocrx_word' id='word_1_981' title='bbox 2960 5801 3302 5853; x_wconf 75' lang='lat' dir='ltr'><strong>animadvertit</strong></span> <span class='ocrx_word' id='word_1_982' title='bbox 3314 5804 3476 5853; x_wconf 74' lang='lat' dir='ltr'><strong>Fridei</strong></span> <span class='ocrx_word' id='word_1_983' title='bbox 3491 5802 3593 5854; x_wconf 82' lang='lat' dir='ltr'><strong>icus</strong></span> <span class='ocrx_word' id='word_1_984' title='bbox 3605 5801 3754 5852; x_wconf 75' lang='lat' dir='ltr'><strong>Ficld.</strong></span> 
     </span>
    </p>
   </div>
  </div>
