4114 6448
369 408 476 466 911

373 523 574 578 Contra
605 518 937 574 Haniclut'os.
969 543 1043 556 —
1068 511 1270 568 Idcirco
1298 524 1404 566 non
1441 508 1636 577 ubique
1662 505 1729 560 de
1767 503 1960 557 divini-

377 625 496 674 tate
535 627 630 668 sua
661 611 805 666 clare
844 607 1080 677 loquitur
1105 612 1160 660 et
1184 603 1360 659 docet.
1399 600 1458 656 Si
1478 599 1622 656 enim
1646 638 1662 663 ,
1687 597 1828 667 quod
1860 594 1964 664 legi

371 705 651 777 quidpiam
681 701 956 770 adjiceret,
991 698 1110 753 illos
1141 705 1342 751 tantum
1371 693 1622 756 turbavit,
1652 689 1821 744 multo
1849 701 1963 740 ma-

374 799 463 869 gis
500 796 767 852 turbasset
792 793 836 847 si
867 807 927 848 se
953 791 1119 846 Deum
1143 802 1265 842 esse
1298 783 1695 845 declaravisset.
1733 781 1961 849 Ideoque

371 890 547 944 multa
598 901 690 941 sua
730 884 1008 940 divinitate
1059 882 1215 950 longe
1264 877 1515 934 inferiora
1563 872 1818 945 loquitur.
1858 870 1958 926 Hic

369 995 508 1036 vero
526 979 594 1035 de
611 978 883 1033 additione
909 977 1013 1046 legi
1038 972 1275 1028 facienda
1289 981 1295 987 '
1310 969 1470 1026 verba
1498 967 1731 1022 facturus
1749 1005 1765 1030 ,
1793 961 1958 1018 multa

368 1071 735 1139 praecautione
760 1070 946 1124 utitur.
992 1067 1176 1136 Neque
1200 1065 1345 1120 enim
1371 1061 1538 1118 semel
1582 1066 1787 1114 tantum
1826 1054 1960 1112 dixit

366 1181 436 1220 se
462 1166 633 1234 legem
671 1178 774 1218 non
805 1162 1034 1221 solvere,
1077 1157 1173 1212 sed
1201 1156 1254 1211 id
1293 1153 1527 1210 secundo
1552 1151 1800 1220 repetiit,
1839 1161 1957 1203 ma-

360 1257 566 1327 jusque
613 1254 752 1308 aliud
811 1267 996 1308 rursus
1043 1249 1260 1319 adjecit.
1312 1247 1441 1301 Cum
1492 1245 1718 1298 dixisset
1771 1241 1954 1305 enim,

366 1344 551 1401 Nolite
599 1357 796 1414 putare,
839 1342 1076 1413 quoniam
1118 1339 1228 1393 aeui
1267 1339 1456 1392 solvere
1498 1336 1677 1405 legem,
1723 1330 1952 1399 adjecit,

366 1437 496 1493 Non
527 1440 639 1492 aeni
665 1438 876 1502 solvere,
898 1435 985 1490 sed
1014 1434 1311 1497 adimplere.
1343 1429 1473 1484 Illud
1503 1442 1630 1482 vero
1659 1441 1762 1480 non
1795 1423 1954 1478 modo

362 1531 676 1586 Judazorum
723 1525 1107 1596 impudentiam
1151 1529 1392 1585 coercet,
1426 1519 1519 1573 sed
1546 1518 1704 1573 etiam
1744 1514 1952 1570 lucreti-

361 1637 556 1677 eorum
601 1635 691 1674 ora
740 1617 969 1678 consuit,
1023 1616 1110 1684 qui
1152 1622 1388 1668 veterem
1434 1611 1604 1680 legem
1632 1623 1698 1664 ex
1738 1605 1953 1662 diabolo

360 1726 491 1768 esse
537 1711 740 1765 dicunt.
774 1707 905 1762 Nam
951 1706 994 1760 si
1038 1706 1153 1775 ejus
1207 1702 1543 1774 tyrannidem
1580 1699 1952 1753 destructurus

357 1802 608 1860 Christus
631 1801 866 1865 advenit,
895 1813 1000 1869 quo
1021 1805 1174 1868 pacto
1196 1811 1315 1851 eam
1334 1809 1438 1849 non
1462 1791 1620 1846 modo
1641 1806 1745 1845 non
1769 1789 1949 1852 solvit,

360 1896 466 1951 sed
492 1896 651 1950 etiam
683 1892 912 1962 implet?
938 1891 1054 1946 Non
1081 1891 1224 1944 enim
1266 1895 1471 1943 tantum
1507 1884 1661 1951 dixit,
1693 1883 1808 1936 Non
1836 1881 1947 1936 sol-

357 2001 434 2042 vo
459 2002 474 2050 ;
505 1985 643 2055 quod
676 1983 806 2038 satis
829 1993 972 2037 certe
1001 1981 1219 2045 fuisset;
1249 1979 1344 2034 sed
1371 1989 1425 2033 et
1463 1976 1678 2044 adjecit,
1705 1974 1946 2043 lmpieo;

355 2078 505 2149 quod
536 2094 641 2132 nou
683 2076 844 2131 modo
873 2090 978 2129 non
1007 2071 1302 2128 adversarii
1340 2071 1472 2139 legis
1499 2076 1634 2130 erat,
1663 2067 1757 2122 sed
1783 2066 1944 2121 etiam

353 2167 681 2223 defensoris.
726 2163 794 2219 Et
838 2162 1108 2234 quomodo
1155 2175 1261 2216 non
1306 2159 1492 2224 solvit,
1542 2158 1782 2228 inquies,
1815 2170 1947 2226 queo

353 2257 522 2316 modo
566 2257 807 2324 implevit
835 2262 927 2308 aut
955 2255 1149 2324 legem,
1201 2260 1294 2306 aut
1339 2247 1673 2320 prophetas?
1703 2245 1944 2316 Prophe-

353 2358 440 2403 tas
466 2347 678 2417 quidem
701 2389 714 2410 ,
744 2345 887 2415 quod
918 2346 1096 2398 omnia
1141 2357 1259 2413 quae
1286 2342 1353 2396 de
1382 2341 1498 2410 ipso
1518 2338 1658 2394 dicta
1686 2347 1842 2392 erant
1877 2337 1945 2391 ab

348 2439 454 2504 eis,
499 2438 747 2507 operibus
787 2435 1222 2498 conﬁrmaverit;
1262 2445 1583 2502 quapropter
1618 2428 1940 2497 evangelista

349 2529 421 2583 ad
445 2529 652 2597 singula
679 2527 887 2581 dicebat
918 2544 932 2579 :
969 2525 1036 2580 Ut
1056 2523 1352 2594 impleretur
1373 2522 1510 2592 quod
1538 2521 1726 2574 dictum
1753 2528 1825 2574 est
1854 2534 1943 2588 per

348 2621 695 2689 prophetam;
738 2626 938 2671 etcum
968 2625 1128 2670 natus
1155 2623 1256 2679 est,
1294 2622 1495 2666 etcum
1525 2609 1672 2680 pueri
1717 2608 1937 2663 mirabi-

348 2712 515 2767 bilem
545 2709 799 2780 hymnum
829 2709 897 2762 de
927 2709 1043 2778 ipso
1089 2705 1352 2761 canebant
1373 2745 1387 2769 ,
1421 2713 1475 2759 ct
1518 2703 1732 2772 quando
1774 2701 1938 2754 asina:

348 2803 638 2866 insidebat,
683 2815 893 2856 necnon
922 2786 1085 2854 etiam
1108 2797 1159 2852 in
1194 2797 1432 2866 pluribus
1474 2793 1596 2847 aliis
1630 2792 1734 2846 hoc
1758 2792 1935 2860 ipsum

349 2893 632 2961 implevit;
661 2905 778 2959 qua:
805 2887 982 2943 omnia
1023 2901 1129 2941 non
1162 2885 1427 2954 implenda
1468 2897 1717 2952 umquam
1758 2889 1932 2945 erant,

345 2984 448 3037 nisi
490 2981 808 3035 advenisset.
845 2978 1044 3048 Legem
1089 2985 1268 3030 autem
1301 2991 1403 3029 non
1433 2989 1538 3028 uno
1579 2982 1805 3035 tantum,
1839 2971 1933 3024 sed

340 3072 581 3129 secundo
611 3072 768 3126 etiam
798 3085 858 3126 ac
886 3070 1043 3124 tertio
1070 3066 1230 3122 modo
1258 3066 1514 3135 implevit.
1546 3064 1666 3120 Uno
1690 3063 1928 3134 quidem,

338 3164 484 3234 quod
513 3179 576 3218 ex
609 3162 868 3232 legalibus
906 3160 1037 3214 nihil
1077 3156 1556 3229 transgrederetur.
1601 3153 1753 3220 Quod
1786 3152 1928 3207 enim

339 3268 505 3311 totam
535 3257 703 3325 legem
733 3253 1062 3323 impleverit,
1094 3250 1216 3304 audi
1248 3247 1544 3316 quiddicat
1577 3245 1766 3300 Joanni
1794 3263 1806 3298 :
1840 3243 1930 3299 Sic

336 3349 473 3402 enim
499 3363 590 3400 nos
613 3347 749 3399 decet
765 3345 975 3412 implere
1003 3358 1198 3395 omnem
1209 3341 1465 3409 justitiam
1493 3337 1703 3409 (Matth.
1724 3337 1778 3390 3.
1813 3337 1924 3404 15).

335 3436 624 3493 Etludzcis
660 3433 870 3490 dicebat
903 3451 917 3487 :
952 3432 1078 3498 Quis
1107 3448 1168 3487 ea:
1213 3430 1351 3484 vobis
1387 3438 1563 3500 arguet
1610 3443 1690 3480 me
1715 3428 1778 3480 de
1804 3441 1923 3496 pec-

334 3539 446 3583 cato
472 3527 652 3599 (Joan.
681 3527 734 3582 8.
764 3525 855 3596 46)
882 3526 1001 3580 ἳΑο
1027 3524 1302 3593 discipulis
1323 3537 1532 3576 rursum
1567 3541 1580 3576 :
1617 3519 1762 3574 Venit
1784 3519 1924 3589 prin-

335 3637 455 3689 ceps
484 3620 660 3673 mundi
687 3619 862 3687 hujus,
891 3626 936 3672 et
963 3618 1014 3671 in
1037 3633 1114 3669 me
1150 3631 1252 3669 non
1282 3614 1428 3668 habet
1455 3613 1729 3682 quidquam
1753 3610 1917 3682 (Ibid.

336 3712 423 3768 14.
453 3711 568 3774 ‘50).
593 3709 860 3779 Propheta
897 3723 1110 3778 quoque
1141 3722 1303 3776 supra
1335 3705 1500 3768 dixit,
1530 3704 1701 3774 ipsum
1733 3717 1920 3772 pecca-

335 3812 445 3856 tum
468 3816 574 3856 non
619 3799 814 3854 habere
857 3800 875 3869 (
901 3797 1031 3853 Isai.
1059 3799 1146 3852 55.
1179 3798 1212 3852 9
1243 3798 1281 3868 ).
1315 3796 1428 3852 Hoc
1468 3797 1645 3864 itaque
1675 3809 1781 3848 uno
1807 3793 1918 3863 pri-

242 3903 248 3908 '
333 3905 528 3962 tuoque
563 3892 722 3945 modo
764 3890 932 3959 legem
967 3889 1226 3957 implevit.
1249 3887 1496 3942 Secundo
1530 3895 1705 3939 autem
1739 3883 1920 3953 imple-

336 3983 408 4038 vit
443 3982 625 4045 modo,
671 3981 810 4052 quod
853 3982 903 4034 id
956 3991 1172 4050 propter
1225 3996 1320 4033 nos
1359 3977 1562 4032 fecerit.
1603 3977 1734 4029 Nam
1774 3974 1914 4044 quod

334 4076 527 4131 mirum
554 4082 655 4138 est,
683 4089 787 4127 non
812 4073 972 4126 modo
997 4074 1109 4140 ipse
1138 4073 1394 4140 implevit,
1426 4069 1520 4124 sed
1549 4067 1679 4121 illud
1704 4082 1915 4136 quoque

334 4165 556 4235 largitus
585 4172 752 4235 estut
788 4181 884 4219 nos
917 4164 1278 4232 impleremus.
1308 4161 1458 4229 Quod
1488 4160 1689 4214 Paulus
1711 4158 1788 4212 sic
1814 4158 1914 4211 de-

331 4231 495 4311 clarat
530 4274 541 4304 :
593 4231 844 4322 Quoniam
875 4231 1134 4324 ﬁuisilegis
1161 4252 1390 4308 Christus
1413 4253 1478 4305 ad
1495 4252 1753 4321 justitiam
1776 4251 1914 4303 omni

331 4348 548 4403 credenti
580 4356 596 4418 (
626 4345 776 4399 Rom.
807 4347 891 4401 l0.
925 4344 1017 4416 4).
1050 4345 1116 4399 Et
1149 4353 1419 4413 peccatum
1453 4344 1600 4398 illum
1627 4342 1912 4397 damnasse

331 4437 458 4492 dicit
480 4439 531 4492 in
556 4453 719 4493 carne
749 4454 761 4490 :
797 4435 862 4492 Ut
881 4437 1184 4507 justiﬁcatio
1205 4437 1328 4502 legis
1347 4434 1637 4500 impleretur
1665 4435 1715 4486 in
1747 4432 1909 4495 nobis,

332 4529 416 4597 qui
467 4545 566 4582 non
613 4528 888 4583 secundum
924 4542 1124 4579 carnem
1169 4526 1486 4578 ambulamus
1515 4526 1533 4594 (
1563 4523 1677 4578 Ibid
1729 4525 1782 4578 8.
1811 4523 1906 4595 ι).

333 4618 400 4674 Et
427 4633 634 4673 rursum
668 4637 680 4672 :
715 4617 897 4688 Legem
926 4633 1044 4688 ergo
1070 4616 1374 4670 destruimus
1398 4632 1488 4684 per
1515 4615 1665 4683 [idem
1689 4615 1715 4669 Ρ
1747 4615 1908 4671 Absit.

331 4709 436 4765 Sed
478 4710 638 4779 legem
680 4711 946 4763 statuimus
995 4707 1174 4779 (Ibid.
1205 4708 1259 4761 ὅ.
1300 4707 1361 4760 3i
1395 4708 1434 4777 ).
1481 4708 1613 4773 Quia
1653 4704 1795 4762 enim
1823 4706 1907 4761 lex

330 4800 575 4856 studebat
603 4799 872 4856 hominem
901 4801 1080 4856 facere
1105 4800 1332 4869 justum,
1369 4798 1462 4853 sed
1493 4799 1861 4854 inﬂrmabatur
1889 4816 1904 4865 ;

333 4891 548 4946 veniens
570 4889 704 4960 ipse,
720 4898 775 4944 et
803 4891 1018 4946 modum
1039 4891 1260 4960 justitiae
1291 4889 1570 4953 inducens,
1600 4906 1790 4958 nempe
1814 4906 1909 4959 per

335 4981 516 5045 ﬁdem,
543 4981 674 5048 legis
703 4981 1030 5036 voluntatem
1059 4982 1283 5049 statuit;
1312 4993 1365 5038 et
1390 4982 1530 5052 quod
1558 4983 1642 5036 illa
1675 4997 1779 5036 non
1808 4998 1906 5050 po-

337 5083 508 5130 tuerat
535 5089 631 5143 per
654 5074 853 5140 literas,
887 5074 936 5128 id
958 5075 1070 5144 ipse
1092 5091 1187 5144 per
1205 5075 1364 5131 ﬁdem
1388 5074 1627 5146 perfecit.
1650 5075 1902 5145 Pi-Opter-

333 5179 390 5221 ea
413 5166 580 5236 inquit
612 5184 626 5219 :
651 5165 772 5220 Non
798 5167 908 5221 veni
934 5169 1123 5222 solvere
1145 5168 1324 5237 legem.

397 5255 450 5310 3.
492 5254 681 5311 Christi
701 5269 950 5326 praecepta
973 5267 1090 5312 sunt
1119 5259 1533 5329 complementum
1559 5257 1683 5329 legis
1708 5259 1901 5311 veteris.

330 5375 395 5390 -—
416 5346 471 5402 Si
501 5349 617 5418 quis
645 5363 772 5403 vero
797 5349 1079 5420 diligenter
1096 5351 1357 5419 exploret,
1379 5350 1540 5404 alium
1567 5364 1777 5420 quoque
1801 5359 1903 5403 ter-

330 5440 455 5494 tium
477 5440 692 5495 modum
719 5441 971 5506 inveniet,
992 5459 1099 5514 quo
1119 5443 1169 5498 id
1188 5443 1382 5500 factum
1404 5452 1504 5499 est.
1524 5444 1690 5512 Quem
1716 5443 1861 5497 illum
1880 5443 1904 5495 τ

328 5529 430 5583 Per
477 5531 741 5603 praecepta
790 5550 908 5604 qua:
958 5535 1179 5589 (laturus
1215 5543 1347 5589 erat.
1380 5535 1562 5604 Neque
1599 5537 1744 5589 enim
1786 5544 1902 5589 erat

329 5619 598 5691 abt'ogatio
641 5625 899 5693 priorum,
938 5627 1036 5683 sed
1079 5628 1320 5682 extensio
1357 5638 1410 5682 et
1451 5628 1900 5696 complementum

325 5722 472 5768 erant
521 5730 582 5771 ea
625 5730 745 5785 qua:
770 5716 1102 5773 dicebantur.
1148 5716 1280 5772 Nam
1314 5733 1417 5772 non
1448 5717 1726 5773 occidendi
1766 5733 1903 5787 prm-

331 5815 540 5874 t-eptum
567 5823 671 5861 non
692 5807 976 5879 abrogatur
995 5824 1028 5866 tt
1054 5819 1322 5881 praecepto
1339 5824 1441 5866 non
1471 5809 1731 5867 irascendi
1757 5825 1771 5877 ;
1803 5808 1899 5864 sed

1516 394 1581 450 lN
1620 386 2023 448 MATTIIIEUM
2064 386 2292 445 HOMIL.
2337 391 2478 449 XVI.

3566 397 3674 456 212

2072 505 2524 574 complementum
2553 520 2637 565 est
2661 509 2727 566 ad
2754 511 3011 582 majorem
3043 515 3343 569 cautionem
3373 531 3389 570 :
3433 522 3488 570 et
3519 515 3663 571 idem

2067 593 2279 650 dicatur
2299 595 2368 652 de
2394 600 2604 656 caneris
2635 602 2911 658 omnibus.
2941 603 3171 675 ideoque
3204 619 3326 660 cum
3356 604 3548 660 horum
3577 620 3664 660 se-

2066 685 2212 741 mina
2249 688 2365 743 sine
2391 689 2569 760 aliqua
2596 693 2900 763 suspicione
2931 696 3077 763 prius
3102 696 3406 765 sparsisset,
3446 695 3664 766 quando

2065 777 2260 834 clarius
2303 797 2369 835 ex
2416 785 2819 854 comparatione
2857 797 3097 842 veterum
3139 796 3195 843 et
3220 804 3482 843 novorum
3516 788 3663 859 lega-

2065 869 2194 926 lium
2225 884 2286 928 ut
2312 872 2602 931 adversans
2633 876 2734 948 legi
2767 877 2821 933 in
2842 879 3202 949 suspicionem
3225 880 3498 935 vocandus
3519 887 3656 945 crat,

2064 966 2262 1034 praevia
2303 966 2392 1021 illa
2429 970 2676 1026 cautione
2704 985 2832 1026 usus
2858 981 2958 1027 est.
3005 972 3217 1028 Etenim
3263 972 3373 1042 jam
3405 972 3492 1028 illa
3522 972 3659 1026 :l'ni-

2061 1058 2290 1126 gmatice
2337 1057 2554 1126 fundata
2585 1073 2739 1116 erant
2769 1079 2866 1133 per
2899 1079 2960 1120 ea
2992 1079 3112 1136 quin
3153 1065 3293 1120 dicta
3324 1063 3552 1120 fuerant.
3588 1062 3658 1117 ll-

2063 1145 2153 1201 lud
2193 1147 2360 1211 enim,
2394 1149 2536 1205 Beati
2577 1169 2821 1223 pauperes
2861 1155 3070 1224 spiritu,
3103 1155 3334 1226 idipsum
3365 1164 3446 1210 est
3489 1154 3656 1225 quod.

2064 1236 2150 1292 Ne
2197 1240 2481 1295 irascimini
2509 1258 2528 1297 :
2551 1255 2606 1299 et
2654 1245 2806 1310 illud,
2853 1243 3002 1300 Beati
3038 1248 3227 1302 mundo
3265 1248 3446 1313 corde,
3479 1246 3657 1301 simile

2062 1329 2185 1385 huic
2214 1341 2482 1403 pracepto
2507 1345 2611 1400 est,
2662 1353 2765 1390 non
2795 1338 3187 1408 respiciendum
3228 1343 3348 1395 esse
3374 1340 3653 1398 mulierem

2059 1423 2125 1477 ad
2152 1427 2641 1495 concupiscendum
2684 1445 2802 1484 eam
2833 1441 2927 1488 :et
2967 1431 3119 1497 illud,
3150 1449 3254 1486 non
3283 1433 3656 1487 thesaurizan-

2059 1515 2183 1568 dum
2227 1531 2348 1572 esse
2375 1517 2656 1574 thesauros
2684 1522 2733 1574 in
2765 1531 2929 1586 terra,
2960 1521 3084 1577 huic
3109 1523 3304 1577 acciuit
3333 1540 3346 1577 :
3378 1522 3522 1578 Beati
3553 1524 3654 1577 mi-

2060 1607 2343 1661 sericordes
2369 1624 2391 1673 ;
2416 1620 2471 1664 et
2517 1611 2666 1672 illud,
2699 1613 2900 1681 lugere,
2929 1614 3432 1682 perscquutionibus
3469 1622 3522 1668 et
3559 1629 3656 1683 op.

2060 1695 2289 1763 probriis
2319 1697 2523 1766 impeti,
2554 1701 2658 1755 tale
2694 1709 2795 1764 est,
2833 1703 2989 1772 quale
3022 1704 3222 1759 intrare
3252 1719 3348 1772 per
3369 1715 3649 1773 angustam

2058 1796 2303 1854 portam;
2350 1799 2407 1842 et
2446 1788 2575 1843 illud
2609 1833 2620 1852 ,
2655 1793 2866 1846 esurire
2909 1800 2965 1846 et
3008 1793 3159 1847 sitire
3183 1792 3480 1862 justitiam,
3521 1793 3651 1847 nihil

2055 1878 2198 1933 aliud
2238 1890 2320 1934 est
2348 1895 2507 1950 quam
2550 1882 2600 1936 id
2626 1924 2638 1944 ,
2688 1884 2828 1953 quod
2875 1894 3060 1952 postea
3106 1885 3233 1940 dicit
3268 1903 3282 1939 ε
3314 1885 3653 1954 Quacumque

2053 1970 2205 2023 vultis
2231 1980 2287 2024 ut
2312 1973 2501 2041 faciant
2526 1973 2663 2027 vobis
2683 1974 2928 2038 homines,
2952 1986 3000 2030 et
3021 1992 3106 2029 vos
3134 1977 3284 2044 facile
3310 1976 3413 2029 illis
3435 1975 3645 2047 (Matth.

2053 2058 2105 2113 7.
2139 2060 2248 2129 l2).
2279 2061 2488 2116 Etcum
2511 2063 2790 2133 paciﬁcum
2817 2068 3140 2136 appellasset
3162 2068 3397 2134 beatum,
3418 2068 3645 2136 idipsum

2052 2164 2219 2220 prope
2248 2152 2414 2216 dixit,
2462 2153 2603 2222 quod
2639 2170 2761 2207 cum
2802 2156 2964 2224 jussit
3005 2157 3304 2224 relinquere
3340 2157 3561 2223 donum,
3595 2169 3650 2212 ct

2051 2241 2306 2297 festinare
2351 2243 2418 2296 ad
2457 2245 2716 2298 nllensum
2763 2245 2979 2310 fratrem
3011 2247 3110 2301 sibi
3152 2247 3604 2303 reconciliandam
3629 2291 3643 2310 ,

2049 2341 2104 2388 et
2133 2333 2445 2394 benevolum
2487 2335 2609 2388 esse
2646 2336 2980 2392 adversario.
3013 2336 3118 2392 Sed
3149 2338 3218 2391 ibi
3251 2338 3468 2408 quidem
3500 2355 3644 2409 pra:-

2048 2423 2151 2476 mia
2201 2433 2348 2478 recte
2388 2426 2723 2494 operantium
2777 2428 2955 2495 posuit
2988 2445 3002 2481 z
3036 2427 3122 2482 hic
3166 2443 3296 2483 vero
3342 2445 3449 2484 non
3498 2441 3645 2485 recte

2047 2515 2383 2582 operantium
2415 2516 2695 2586 supplicia.
2719 2518 3059 2588 Quapropter
3076 2520 3143 2573 ibi
3168 2521 3381 2590 quidem
3406 2521 3640 2587 dicebat,

2047 2604 2202 2658 mites
2234 2614 2431 2659 terram
2456 2621 2799 2676 possessuros
2829 2603 2986 2674 esse;
3019 2611 3104 2664 hic
3128 2627 3254 2665 vero
3279 2612 3373 2676 ait,
3397 2627 3521 2666 eum
3549 2611 3640 2682 qui

2044 2697 2262 2752 fratrem
2290 2715 2444 2752 suum
2473 2699 2682 2754 fatuum
2724 2701 3014 2767 vocaverit,
3043 2719 3192 2758 reum
3236 2706 3348 2759 fore
3377 2706 3640 2774 geheume

2044 2786 2197 2857 ignis.
2232 2789 2342 2843 Illic
2363 2792 2489 2845 item
2516 2792 2650 2844 dixit
2677 2793 2905 2845 amandos
2936 2794 3100 2849 corde
3131 2794 3298 2849 Deum
3337 2811 3459 2851 esse
3487 2797 3634 2850 visu~

2041 2894 2132 2934 ros
2157 2896 2171 2943 ;
2207 2880 2296 2934 hic
2323 2897 2450 2935 vero
2479 2898 2625 2946 cum,
2654 2883 2742 2953 qui
2787 2883 3066 2953 impudicis
3108 2887 3280 2939 oculis
3309 2887 3626 2956 respexerit,

2041 2985 2162 3024 esse
2187 2986 2312 3026 vere
2357 2975 2624 3027 tumebunt
2657 2992 2668 3038 ;
2700 2989 2763 3028 ac
2787 2990 2909 3029 cum
2942 2976 3049 3031 illic
3091 2977 3341 3045 paciﬁcos
3368 2976 3509 3032 lilios'
3537 2979 3632 3034 Dei

2038 3069 2300 3125 vocasset,
2331 3062 2417 3115 hic
2454 3064 2555 3116 alia
2590 3065 2795 3118 ratione
2842 3066 3080 3121 deterret
3123 3067 3306 3122 dicens
3335 3085 3349 3122 :
3383 3067 3466 3122 Ne
3502 3071 3633 3141 forte

2036 3150 2204 3202 tradat
2242 3161 2288 3204 te
2331 3153 2652 3208 adversarius
2674 3160 2866 3225 judici.
2899 3157 2989 3212 Sic
3018 3169 3071 3212 et
3100 3160 3343 3227 lugentes
3366 3169 3420 3215 et
3445 3175 3631 3230 perse-

2034 3241 2346 3307 quutionem
2387 3246 2646 3312 patientes
2694 3263 2813 3301 cum
2848 3243 3032 3304 beatos
3060 3252 3308 3319 superius
3337 3252 3626 3320 praedicas-

2031 3341 2148 3394 set,
2185 3335 2235 3386 in
2267 3338 2612 3406 sequentibus
2644 3339 2873 3406 idipsum
2914 3347 3169 3405 tractans,
3206 3342 3496 3409 perniciem
3543 3342 3625 3396 in-

2034 3425 2352 3480 terminatur
2400 3429 2466 3481 iis
2495 3431 2581 3498 qui
2636 3445 2743 3483 non
2793 3431 2981 3486 cadent
3030 3433 3148 3501 ipsa
3194 3433 3274 3486 via
3321 3432 3623 3487 incedunt:

2030 3532 2153 3571 nam
2193 3505 2281 3589 qui
2328 3535 2420 3587 per
2457 3524 2746 3590 spatiosum
2792 3525 2929 3577 viam
2960 3524 3257 3591 ambulant,
3292 3525 3482 3595 inquit,
3512 3524 3626 3580 illic

2026 3618 2272 3676 pereunt.
2307 3609 2410 3664 Sed
2436 3620 2489 3665 et
2520 3609 2668 3679 illud,
2707 3613 2827 3668 Non
2856 3616 3062 3683 potestis
3092 3613 3200 3669 Deo
3226 3616 3416 3669 servire
3441 3625 3487 3669 et
3511 3632 3624 3669 ma-

2025 3713 2189 3756 menw
2212 3703 2424 3775 (Matth.
2457 3707 2510 3769 6,
2536 3708 2651 3778 24),
2688 3708 2807 3762 huic
2831 3709 2974 3762 dicto
3002 3709 3180 3763 simile
3211 3709 3340 3763 mihi
3362 3708 3572 3764 videtur
3602 3728 3616 3764 :

2021 3793 2169 3848 Beati
2185 3797 2555 3863 misericordes,
2589 3810 2662 3861 et,
2696 3799 2795 3864 Qui
2831 3801 3062 3853 esuriant
3082 3800 3359 3870 justitiam.
3395 3799 3616 3868 Verum,

2023 3895 2080 3939 ut
2124 3889 2442 3955 prmmonni,
2496 3891 2620 3959 quia
2671 3890 2786 3945 hinc
2836 3891 3035 3946 clarius
3067 3893 3310 3946 dicturus
3359 3902 3463 3957 est,
3515 3907 3616 3947 nec

2021 3977 2218 4031 clarius
2259 3980 2419 4032 modo
2450 3979 2711 4044 dicturus,
2745 3981 2837 4034 sed
2870 3983 3033 4035 etiam
3066 3983 3216 4051 plura
3260 3982 3423 4036 dictis
3466 3983 3618 4052 adje-

2020 4079 2202 4122 cturus
2231 4068 2372 4140 (non
2414 4073 2555 4125 enim
2597 4072 2708 4140 jam
2740 4073 3145 4127 misericordem
3173 4084 3375 4127 tantum
3399 4077 3612 4144 ηυντ-ῆι,

2020 4163 2112 4216 sed
2141 4163 2299 4216 etiam
2334 4164 2508 4216 tunica
2557 4173 2607 4216 te
2651 4164 2770 4218 exui
2811 4165 3002 4232 jubet;
3052 4181 3150 4220 nec
3195 4168 3376 4221 mitem
3405 4167 3612 4222 solum-

2019 4252 2179 4305 modo
2201 4295 2213 4314 ,
2244 4252 2336 4307 sed
2372 4262 2423 4306 et
2458 4265 2511 4306 ut
2541 4254 2698 4307 aliam
2726 4255 2994 4308 maxillam
3021 4264 3303 4309 convertas
3335 4267 3614 4324 percutere

2017 4344 2284 4413 volenti),
2329 4347 2499 4410 illam,
2542 4361 2660 4415 qua:
2701 4347 2977 4401 videbatur
3021 4364 3162 4415 esse,
3206 4353 3608 4419 repugnantiam

2016 4443 2070 4488 et
2098 4439 2532 4492 contrarietatem
2555 4438 2702 4506 prius
2744 4439 2895 4492 tollit.
2930 4438 3180 4508 Ideoque,
3215 4450 3269 4492 ut
3296 4456 3454 4508 supra
3477 4441 3608 4507 dixi,

2017 4541 2120 4580 non
2143 4528 2307 4581 seruet
2341 4537 2542 4581 tantum
2576 4527 2678 4582 hoc
2709 4529 2944 4598 protulit,
2975 4530 3066 4583 sed
3101 4529 3198 4584 his.
3223 4530 3354 4584 Cum
3379 4531 3610 4585 dixisset

2014 4618 2178 4682 enim,
2212 4617 2385 4671 Nolite
2408 4607 2607 4687 putare,
2624 4619 2761 4689 quod
2787 4622 3000 4673 venerim
3027 4622 3218 4675 solvere
3244 4620 3424 4691 legem,
3453 4623 3608 4691 adje-

2014 4709 2086 4764 cit
2117 4727 2130 4761 :
2157 4707 2277 4762 Non
2297 4710 2407 4762 ueni
2434 4711 2643 4776 solvere,
2674 4713 2762 4764 sed
2783 4711 3082 4780 adimplere.
3109 4711 3336 4766 Rursum
3365 4717 3441 4768 ait
3471 4730 3483 4766 :
3517 4713 3604 4769 l8.

2016 4803 2173 4855 Amen
2206 4802 2393 4871 quippe
2417 4801 2530 4855 dico
2560 4802 2714 4867 vobis,
2741 4803 2902 4855 donec
2928 4812 3148 4856 transeat
3175 4805 3356 4858 celum
3378 4813 3422 4858 et
3449 4814 3605 4871 terra,

2012 4893 2116 4944 iota
2140 4908 2297 4945 unum
2336 4903 2426 4945 aut
2468 4909 2601 4945 unus
2644 4909 2777 4961 apes;
2808 4908 2908 4962 non
2939 4893 3211 4961 prccteribit
3236 4911 3268 4947 a
3295 4894 3421 4965 lege,
3446 4895 3606 4949 donec

2011 4983 2181 5035 omnia
2208 4983 2352 5048 ﬁant.
2377 4982 2526 5048 Quod
2553 4993 2729 5037 autem
2757 4984 2902 5049 dicit,
2923 4984 3225 5052 hujusmodi
3247 4994 3331 5040 est
3361 5002 3376 5038 :
3405 4984 3606 5054 Impos-

2009 5073 2166 5132 sibile
2196 5082 2277 5127 est
2323 5088 2426 5126 non
2465 5074 2735 5142 impletam
2776 5091 3028 5140 manere,
3061 5076 3156 5130 sed
3201 5077 3285 5132 vel
3323 5078 3603 5132 minimum

2010 5166 2255 5236 qUodque
2302 5166 2417 5234 ejus
2464 5167 2671 5234 impleri
2737 5176 2966 5236 oportet.
2997 5167 3149 5235 Quod
3194 5166 3309 5237 ipse
3351 5170 3473 5226 fecit
3512 5172 3602 5240 qui

2010 5267 2257 5311 accurate
2287 5258 2462 5310 omnia
2496 5257 2758 5328 implevit.
2788 5259 2883 5316 llic
2917 5269 3095 5313 autem
3129 5261 3284 5315 nobis
3304 5261 3606 5318 subindicat

2012 5349 2175 5404 totius
2219 5347 2398 5401 tmmdi
2447 5348 2670 5418 ﬁguram
2723 5351 3108 5404 immutandam
3144 5366 3285 5408 esse.
3331 5352 3442 5408 Nec
3487 5355 3604 5409 sine

2010 5456 2165 5494 causa
2198 5441 2247 5494 id
2281 5442 2476 5511 posuit,
2517 5443 2611 5496 sed
2645 5453 2698 5496 ut
2729 5446 2962 5513 erigeret
2989 5444 3318 5510 auditorem,
3350 5447 3603 5501 ostende-

2010 5542 2199 5601 retque
2227 5549 2285 5587 se
2319 5535 2440 5602 jure
2470 5535 2630 5588 aliam
2664 5535 2918 5592 inducere
2938 5538 3274 5606 disciplinam
3304 5556 3320 5591 :
3350 5538 3396 5592 si
3421 5537 3606 5594 omnia

2009 5641 2128 5695 qua:
2158 5626 2211 5680 in
2239 5627 2438 5680 mundo
2465 5636 2588 5681 sunt
2617 5629 2873 5683 mutanda
2901 5630 3025 5692 sint,
3050 5639 3100 5683 et
3128 5630 3172 5682 si
3201 5629 3474 5683 hominum
3502 5645 3596 5699 ge-

2010 5732 2108 5771 nus
2155 5717 2221 5770 ad
2273 5718 2428 5771 aliam
2474 5720 2698 5788 patriam
2744 5722 2814 5774 sit
2853 5720 3188 5785 vocandum,
3234 5721 3599 5776 sublimiorem

2011 5809 2296 5879 pra-parari
2327 5810 2509 5864 vitam.
2558 5811 2644 5867 l9.
2694 5811 3004 5881 Quicumque
3043 5826 3166 5883 ergo
3205 5812 3407 5866 solverit
3431 5826 3595 5866 unum
