4114 6474
599 329 705 385 243

595 444 661 498 de
686 442 937 496 mandatis
964 443 1069 496 istis
1096 441 1333 504 minimis,
1368 449 1415 494 et
1452 440 1672 492 docuerit
1695 438 1765 491 sic
1792 437 2032 501 homines,
2061 451 2158 487 tnt-

597 537 762 589 m‘mus
788 534 1042 588 vocabitur
1065 534 1116 586 in
1152 548 1304 602 regno
1330 532 1585 586 malorum.
1631 530 1912 598 Postquam
1939 528 2078 582 enim
2106 541 2164 581 se

593 643 620 681 a
651 628 783 680 mala
811 627 1110 694 suspicione
1148 625 1446 687 vindicavit,
1480 631 1532 677 et
1554 637 1735 676 eorum
1769 619 1856 690 qui
1891 619 2162 674 contradi-

591 733 714 774 cere
739 717 933 771 vellent
976 732 1067 771 ora
1099 716 1354 776 obstruit,
1397 723 1518 766 tunc
1555 713 1766 766 demum
1807 721 1859 765 et
1890 719 2081 769 terret.
2109 719 2162 764 et

594 808 766 862 minas
791 808 1021 876 graviter
1052 808 1272 859 intentat
1297 820 1455 879 super
1486 804 1658 858 futura
1681 804 1814 872 lege.
1842 802 1990 869 Quod
2019 803 2158 855 enim

594 901 644 953 id
689 917 790 954 non
828 901 893 954 de
921 899 1149 966 antiquis
1177 898 1377 964 legibus
1402 896 1627 959 dixerit,
1672 897 1764 951 sed
1800 897 1866 949 de
1902 895 2000 948 illis
2031 909 2161 963 quas

594 992 704 1058 ipse
730 991 926 1043 laturus
952 999 1084 1052 erat,
1107 990 1226 1042 audi
1254 989 1543 1057 sequentia.
1568 989 1656 1042 20.
1684 987 1809 1040 Dico
1831 988 1960 1039 enim
1987 986 2121 1039 vobis
2141 1001 2160 1040 :

594 1079 712 1134 Nisi
738 1079 1059 1132 abundaverit
1079 1080 1279 1148 justitia
1308 1086 1468 1132 vestra
1501 1080 1613 1148 plus
1637 1095 1784 1147 quam
1809 1077 2082 1129 scribarum
2115 1085 2161 1130 ct

597 1169 983 1231 PImristeorum,
1011 1188 1108 1223 non
1135 1170 1383 1223 intrabitis
1409 1173 1461 1222 in
1497 1186 1700 1239 regnum
1726 1170 1982 1222 actorum.
2010 1169 2162 1235 Quod

589 1262 633 1312 si
661 1261 800 1314 circa
829 1271 1057 1314 veterem
1089 1262 1254 1328 legem
1302 1263 1608 1322 minaretur,
1642 1275 1736 1313 cur
1765 1260 2006 1322 dixisset,
2042 1258 2161 1311 Nisi

591 1351 908 1404 abundaverit
929 1353 954 1404 7
985 1353 1019 1404 li
1044 1355 1182 1406 enim
1205 1353 1292 1420 qui
1318 1353 1500 1407 eadem
1535 1353 1642 1421 ipsa
1662 1393 1674 1415 ,
1704 1369 1820 1421 qum
1848 1352 1918 1405 illi
1945 1393 1958 1416 ,
1999 1352 2158 1406 facie-

590 1441 731 1502 bant,
759 1458 860 1494 non
891 1452 1129 1509 poterant
1158 1443 1448 1496 secundum
1473 1444 1691 1509 justitize
1718 1445 1971 1497 rationem
1995 1443 2156 1498 abun-

588 1531 734 1585 dare.
756 1532 854 1586 Sed
883 1533 1004 1600 quid
1035 1544 1142 1585 erat
1177 1533 1300 1585 illud
1326 1532 1462 1600 quod
1484 1532 1824 1586 abundabat?
1846 1534 1955 1587 Non
1980 1534 2152 1598 irasci,

588 1624 859 1675 mulierem
902 1641 1002 1674 non
1039 1624 1300 1690 impudice
1341 1626 1627 1691 respicere.

657 1715 709 1765 4.
751 1712 856 1766 Cur
903 1729 1028 1781 ergo
1064 1714 1306 1766 minimas
1349 1714 1462 1767 illas
1503 1714 1706 1768 vocavit
1760 1716 1921 1784 leges,
1949 1717 2155 1772 etiamsi

588 1809 745 1855 tanta:
793 1814 1001 1872 tamque
1031 1804 1282 1857 sublimes
1320 1803 1472 1856 sint?
1503 1805 1631 1870 Quia
1665 1806 1776 1872 ipse
1804 1807 1969 1874 legem
2002 1808 2156 1861 indu-

586 1902 767 1945 cturus
793 1902 924 1945 erat.
956 1893 1102 1947 Sicut
1124 1894 1263 1946 enim
1291 1908 1347 1946 se
1375 1894 1630 1957 humiliat,
1665 1904 1717 1949 et
1743 1896 1977 1951 modeste
2016 1913 2156 1965 smpe

586 1986 652 2040 de
679 1987 853 2055 seipse
884 1987 1112 2055 loquitur
1141 2005 1153 2039 :
1185 1988 1260 2040 sic
1287 1987 1444 2040 etiam
1468 1989 1605 2042 circa
1640 1989 1805 2057 legem
1835 2004 1982 2043 suam
2008 1993 2112 2060 agit
2136 2009 2149 2056 ;

585 2087 640 2129 ut
669 2092 762 2130 nos
789 2094 998 2146 quoque
1027 2079 1107 2131 hic
1135 2078 1323 2134 doceat
1352 2079 1400 2130 in
1429 2080 1674 2133 omnibus
1704 2081 1940 2134 modeste
1973 2097 2149 2150 agere.

587 2168 832 2236 Alioquin
865 2181 1037 2221 autem
1081 2170 1201 2237 quia
1243 2160 1599 2222 innovationis
1640 2171 1872 2238 suspicio
1911 2173 2149 2240 qtuedam

581 2251 702 2311 esse
739 2258 1045 2324 videbatur,
1093 2259 1405 2313 demissiOre
1435 2259 1642 2312 interim
1673 2260 1919 2328 loquendi
1962 2278 2152 2330 genere

584 2351 766 2402 utitur.
798 2347 929 2402 Cum
970 2365 1092 2403 vero
1119 2351 1268 2403 audis
1289 2351 1567 2405 minimum
1596 2351 1646 2403 in
1677 2367 1841 2420 regno
1879 2354 2149 2419 CtBiOl‘llm,

581 2454 650 2491 ne
670 2439 805 2491 aliud
829 2441 1110 2507 suspiceris
1132 2454 1286 2508 quam
1314 2441 1609 2508 gehennam
1635 2451 1793 2509 atque
1814 2444 2148 2510 supplicium.

581 2528 818 2597 Regnum
848 2531 986 2583 enim
1014 2532 1148 2584 solet
1177 2532 1464 2599 appellare,
1498 2547 1600 2584 non
1629 2533 2014 2588 usumiructum
2039 2551 2151 2590 mo-

578 2621 682 2683 do,
726 2622 814 2674 sed
856 2622 1011 2675 etiam
1057 2624 1456 2676 resurrectionis
1497 2633 1736 2692 tempus,
1777 2634 1829 2678 et
1866 2626 2147 2682 adventum

583 2711 730 2764 illum
775 2712 1083 2765 terribilem.
1137 2712 1266 2765 Nam
1316 2713 1582 2780 quomodo
1629 2715 1818 2768 rationi
1865 2728 2147 2771 consenta-

581 2820 735 2856 neum
781 2813 954 2867 esset,
996 2820 1115 2858 eum
1157 2808 1245 2872 qui
1274 2804 1491 2858 fratrem
1523 2806 1739 2858 stultum
1769 2819 1942 2873 vocat,
1976 2816 2028 2862 et
2061 2810 2149 2878 qui

579 2895 878 2948 mandatum
912 2913 1070 2949 unum
1095 2898 1274 2962 violat,
1306 2897 1354 2949 in
1377 2897 1673 2965 gehennam
1701 2899 1932 2954 incidere
1961 2918 1972 2962 ;
2004 2901 2147 2955 illum

579 3002 706 3041 vero
750 2990 836 3054 qui
881 2989 1054 3040 omnia
1097 2999 1358 3056 praecepta
1386 2989 1622 3050 solverit,
1656 3001 1708 3042 et
1749 2991 1880 3043 alios
1903 2993 1968 3044 ad
2009 2992 2146 3061 idip-

576 3093 692 3132 sum
722 3079 1002 3140 induxerit,
1038 3080 1086 3132 in
1119 3093 1281 3147 regno
1312 3079 1468 3132 locari
1497 3079 1518 3132 ?
1543 3079 1654 3132 Non
1686 3080 1841 3148 igitur
1869 3082 1967 3134 hoc
1997 3082 2144 3147 dicit,

578 3168 670 3223 sed
705 3169 849 3223 illum
870 3184 933 3223 eo
966 3180 1201 3238 tempore
1243 3170 1516 3223 minimum
1549 3170 1802 3236 futurum,
1835 3173 1886 3225 id
1916 3182 2016 3236 est,
2056 3174 2148 3228 ab-

575 3259 793 3330 iectum,
841 3261 1099 3313 ultimum.
1137 3261 1363 3314 Ultimus
1407 3271 1578 3315 autem
1609 3272 1730 3316 tunc
1761 3264 1811 3317 in
1855 3264 2146 3333 gehennam

579 3349 791 3402 incidet.
842 3349 1045 3402 Etenim
1093 3360 1270 3417 utpote
1304 3351 1440 3403 Deus
1469 3351 1751 3406 multorum
1776 3355 2145 3423 negligentiam

579 3437 929 3505 prmvidebat.
960 3448 1012 3490 et
1036 3439 1288 3507 quosdam
1321 3438 1523 3493 futuros
1547 3456 1664 3495 esse
1689 3444 1776 3512 qui
1816 3444 1900 3496 illa
1927 3460 2018 3513 per
2046 3445 2144 3516 by-

575 3529 823 3597 perbolen
870 3530 1039 3583 solum
1090 3531 1227 3584 dicta
1274 3547 1392 3585 esse
1439 3543 1716 3599 putarent,
1769 3545 1822 3587 et
1875 3535 1962 3604 qui
2005 3538 2142 3590 circa

577 3623 716 3691 leges
742 3622 1176 3676 raliocinarenlur
1199 3633 1248 3676 et
1267 3623 1505 3678 dicerent
1535 3643 1548 3678 :
1575 3625 1630 3679 Si
1653 3641 1778 3694 ergo
1804 3628 1920 3695 quis
1949 3629 2144 3683 fatuum

575 3714 861 3776 vocaverit,
889 3715 1102 3782 punitur
1126 3716 1148 3766 ?
1170 3715 1212 3766 si
1246 3716 1518 3770 mulierem
1561 3717 1873 3783 simpliciter
1895 3735 2143 3787 respexe-

576 3802 663 3865 rit,
694 3803 930 3857 mmchus
957 3803 1182 3857 cl‘licitur
1207 3805 1228 3858 ?
1273 3805 1393 3860 ideo
1420 3805 1559 3858 illam
1593 3807 1783 3861 tollens
1811 3810 2105 3863 socordiam
2126 3853 2139 3875 ,

574 3897 744 3950 minas
787 3898 1007 3949 intentat
1040 3898 1292 3950 maximas
1321 3896 1593 3965 utrisque,
1624 3906 1677 3951 et
1706 3899 2141 3968 transgredienti-

575 3985 694 4046 bus.
723 3997 776 4040 ct
801 3987 933 4039 alios
964 3988 1026 4039 ad
1060 3987 1157 4040 hoc
1189 3987 1576 4040 inducentibus.
1614 3989 1778 4041 Minas
1821 3990 1993 4059 itaque
2020 4005 2141 4045 cer-

572 4087 778 4140 nentes,
810 4093 980 4144 neque
1001 4078 1094 4144 ipsi
1121 4076 1586 4144 transgrediamur,
1612 4093 1778 4144 neque
1804 4079 1914 4131 hcce
1935 4095 2144 4134 servare

575 4168 810 4219 Ivolentes
855 4177 1177 4219 avertamus.
1235 4165 1334 4230 Qui
1377 4175 1542 4218 autem
1584 4168 1755 4234 fecerit
1793 4178 1840 4220 et
1887 4169 2140 4234 docuerit,

573 4259 760 4326 inquit,
815 4275 1023 4328 magnus
1070 4258 1338 4309 vocabitur.
1370 4255 1484 4308 Non
1534 4257 1672 4308 enim
1717 4258 1868 4312 nobis
1917 4269 2140 4325 tantum,

575 4348 667 4404 sed
705 4358 756 4402 et
805 4349 922 4400 aliis
967 4349 1119 4401 utiles
1164 4363 1282 4400 esse
1327 4346 1600 4401 debemus.
1649 4347 1830 4416 Neque
1864 4352 2003 4405 enim
2050 4367 2145 4420 par

573 4453 778 4493 merces
818 4450 895 4491 est
940 4439 985 4493 ei
1028 4441 1199 4507 quise
1229 4439 1290 4490 atl
1340 4448 1483 4492 recte
1527 4437 1817 4495 faciendum
1850 4448 2139 4511 comparat,

571 4537 627 4582 ct
669 4529 720 4582 ei
777 4529 862 4596 qui
926 4543 1104 4581 secum
1162 4528 1323 4580 alium
1370 4527 1434 4580 ad
1484 4527 1532 4580 id
1580 4527 1808 4584 adducit.
1862 4530 2140 4597 Quemad-

574 4619 788 4674 modum
821 4620 960 4674 euitn
997 4619 1188 4673 docere
1231 4628 1285 4673 et
1325 4635 1428 4672 non
1472 4619 1660 4681 facere,
1696 4621 2011 4676 condemnat
2037 4623 2143 4676 do-

572 4724 814 4775 centem,
865 4713 1027 4779 (nam
1073 4712 1143 4763 ait
1177 4729 1190 4765 :
1229 4711 1328 4777 Qui
1370 4713 1516 4764 doces
1546 4713 1702 4764 alium
1727 4751 1742 4776 ,
1784 4715 1991 4781 teipsum
2038 4733 2141 4770 non

570 4806 717 4858 doces
746 4804 763 4876 [
788 4804 930 4858 Rom.
970 4804 1022 4858 2.
1054 4805 1197 4875 21])
1231 4806 1252 4857 ?
1296 4805 1372 4858 sic
1421 4805 1609 4868 facere,
1656 4819 1754 4858 nec
1799 4806 1928 4859 alios
1975 4807 2037 4860 ad
2069 4807 2142 4861 l'a-

573 4895 818 4951 ciendum
850 4895 1098 4950 inducere
1119 4937 1132 4958 ,
1162 4895 1458 4950 mercedem
1487 4895 1693 4948 minuit.
1734 4895 1952 4964 Oportet
1988 4898 2141 4968 igitur

573 4989 624 5040 in
669 4996 892 5056 utroque
932 5001 1234 5056 supremum
1276 5002 1412 5049 esse,
1453 4995 1506 5040 et
1551 5001 1670 5040 cum
1717 4994 1767 5039 te
1805 4987 2030 5054 priorem
2075 4989 2137 5042 ad

571 5079 1000 5133 benefaciendum
1046 5077 1312 5132 induxeris
1337 5119 1350 5141 ,
1387 5077 1451 5130 ad
1491 5077 1713 5130 aliorum
1748 5093 1925 5131 curam
1966 5089 2136 5131 trans-

569 5169 799 5226 eundum
841 5178 938 5222 est.
983 5168 1180 5222 Idcirco
1206 5169 1342 5220 enim
1373 5168 1484 5235 ipse
1509 5183 1667 5237 opera
1699 5176 1821 5221 ante
1847 5167 2136 5222 doctrinam

571 5264 768 5332 posuit,
814 5262 1100 5326 ostendens
1145 5263 1221 5314 sic
1247 5261 1444 5330 optime
1491 5261 1731 5330 quemvis
1770 5275 1826 5316 se
1855 5261 1918 5315 ad
1951 5261 2138 5316 docen-

568 5354 694 5408 dum
721 5367 1055 5422 comparare,
1091 5367 1260 5421 neque
1289 5351 1394 5404 alio
1433 5353 1590 5405 modo
1620 5368 1882 5420 umquam.
1918 5354 2140 5406 Auditu-

569 5461 661 5500 rus
701 5457 840 5501 esset
871 5446 1010 5499 enim
1035 5487 1048 5510 ,
1080 5443 1293 5508 Medico,
1331 5460 1452 5496 cura
1480 5444 1690 5511 teipsum
1731 5444 1748 5511 (
1774 5442 1897 5496 Luc.
1925 5445 1980 5497 4.
2001 5445 2071 5496 25
2094 5443 2136 5511 ).

571 5540 668 5606 Qui
709 5541 847 5594 enim
889 5553 1004 5593 cum
1051 5539 1281 5606 seipsnm
1328 5537 1518 5590 docere
1555 5551 1658 5589 non
1704 5536 1959 5605 potuerit,
2007 5536 2139 5589 alios

580 5630 863 5683 emendare
890 5638 1131 5690 conatur,
1165 5643 1194 5681 a
1230 5627 1404 5680 multis
1433 5626 1734 5680 irridebitur
1766 5642 1781 5690 ;
1811 5625 1916 5679 imo
1946 5639 2010 5679 ne
2037 5624 2137 5679 do—

569 5737 690 5777 cere
737 5723 947 5792 quidem
998 5722 1082 5777 ille
1126 5721 1349 5792 poterit,
1395 5720 1520 5790 ipsis
1569 5717 1814 5788 operibus
1868 5717 2128 5771 contraria

1336 325 1389 381 S.
1431 323 1703 380 JOANNIS
1741 317 2204 379 CHRYSOSTOMI
2245 317 2561 375 ARCHIEP.
2601 321 3111 380 CONSTANTINOP

3752 323 3816 377 ἐξ
3827 331 3851 377 ῑ

2271 434 2693 493 testificantibus.
2739 436 2793 493 Si
2833 453 2959 493 vero
3006 439 3060 494 in
3102 447 3325 510 utroque
3369 438 3643 510 perfectus
3671 436 3850 496 fuerit.

2269 542 2489 597 magnus
2521 529 2794 584 vocabitur
2829 532 2878 583 in
2916 523 3079 600 regno
3104 529 3376 585 caelorum.
3419 529 3548 584 Dico
3595 531 3735 582 enim
3765 546 3853 582 ro-

2268 617 2362 683 bis,
2403 618 2518 673 Nisi
2545 620 2864 674 abundaverit
2894 622 3094 692 justitia
3129 630 3290 674 vestra
3319 623 3433 690 plus
3466 638 3618 690 quam
3659 618 3852 672 scribo-

2267 724 2379 760 rum
2404 719 2450 762 et
2473 709 2865 775 P/taristeorum,
2891 727 2990 763 non
3006 709 3254 763 inti-abitis
3275 711 3326 763 in
3347 727 3558 780 regnum
3584 711 3848 763 cartorum.

2269 797 2363 852 llic
2401 800 2685 866 justitiam.
2730 815 2941 853 omnem
2986 811 3136 854 vocat
3174 800 3460 876 virtutem;
3504 811 3560 854 ut
3590 801 3752 854 etiam
3790 800 3855 854 de

2266 891 2399 944 Jobo
2425 908 2642 946 narrans
2668 893 2875 946 dicebat
2905 911 2916 945 :
2953 893 3018 945 Et
3049 903 3152 946 erat
3183 893 3331 946 homo
3359 891 3847 960 irrepreltensibilis,

2267 981 2428 1047 iustus
2470 982 2608 1051 (Job
2652 983 2702 1034 1.
2736 983 2756 1034 1
2790 983 2828 1050 ).
2889 982 3190 1037 Secundum
3238 981 3375 1035 hanc
3410 982 3853 1050 justiticationem

2262 1073 2462 1140 justum
2509 1073 2652 1126 illum
2698 1073 2891 1127 Paulus
2943 1075 3199 1138 vocabat,
3233 1074 3317 1126 cui
3357 1073 3525 1141 legem
3556 1087 3664 1125 non
3703 1074 3852 1141 posi-

2269 1170 2372 1216 tam
2427 1178 2544 1216 essc
2591 1163 2798 1218 dicebat
2846 1181 2858 1216 :
2908 1164 3058 1218 Iusto
3104 1166 3235 1217 enim
3287 1165 3369 1217 lea:
3416 1180 3517 1216 non
3564 1165 3732 1227 posita
3783 1171 3853 1215 est

2267 1254 2284 1321 (
2317 1255 2363 1307 ι.
2392 1253 2526 1308 Tim.
2560 1256 2609 1307 Ι.
2642 1255 2739 1324 9),
2788 1256 2976 1325 inquit.
3023 1256 3281 1325 Smpeqne
3331 1255 3453 1309 alibi
3502 1255 3603 1308 hoc
3652 1270 3849 1308 nomen

2267 1361 2361 1412 pro
2381 1348 2613 1413 generali
2642 1348 2834 1401 virtute
2864 1349 3091 1416 positum
3121 1349 3355 1416 reperire
3374 1357 3454 1402 est
3478 1348 3578 1414 (a).
3611 1346 3689 1399 Tu
3722 1362 3849 1399 vero

2266 1437 2392 1488 mihi
2442 1437 2709 1505 perpende
2741 1443 2924 1506 gratia:
2963 1448 3303 1507 augmentum
3327 1481 3339 1501 ,
3371 1439 3584 1508 quando
3615 1438 3846 1504 discipu-

2265 1525 2344 1578 los
2391 1525 2561 1579 adhuc
2605 1526 2763 1581 rudes
2807 1527 2918 1580 vult
2964 1530 3159 1582 veteris
3211 1529 3340 1598 legis
3377 1529 3685 1582 doctoribus
3730 1542 3848 1582 esse

2265 1618 2532 1671 meliores.
2579 1617 2791 1671 Scribas
2838 1628 3011 1672 autem
3049 1630 3103 1674 et
3141 1620 3440 1674 Pharisaeos
3485 1620 3568 1674 hic
3601 1635 3707 1673 non
3743 1619 3847 1672 im-

2266 1709 2459 1776 probos
2505 1722 2906 1774 commemorat,
2944 1711 3036 1765 sed
3089 1712 3329 1779 probos;
3376 1712 3473 1766 nisi
3514 1714 3656 1766 enim
3691 1712 3843 1780 probi

2262 1810 2471 1864 essent,
2507 1816 2837 1869 nequaquam
2868 1817 2961 1854 eos
2994 1802 3194 1856 diceret
3220 1803 3417 1860 habere
3437 1802 3718 1870 justitiam,
3751 1816 3847 1855 ne-

2259 1905 2361 1958 que
2378 1890 2633 1958 justitiam
2662 1907 2762 1943 non
2787 1894 3127 1945 cxsistentem
3159 1908 3278 1946 cum
3301 1893 3592 1946 exsistente
3617 1907 3842 1960 compa-

2258 1990 2419 2034 raret.
2451 1980 2724 2048 Perpende
2764 1992 2939 2035 autem
2971 1982 3071 2035 hoc
3098 1984 3214 2036 loco
3253 1982 3517 2052 quomodo
3556 1997 3676 2036 esse
3701 1993 3847 2037 vete-

2257 2085 2370 2124 rem
2429 2071 2597 2138 legem
2655 2073 3012 2136 commendet,
3067 2074 3191 2124 dttm
3238 2088 3356 2126 eam
3401 2082 3675 2140 comparat
3721 2088 3843 2126 cum

2257 2176 2390 2214 nova
2423 2177 2437 2213 :
2483 2161 2622 2229 quod
2654 2177 2782 2215 sane
2811 2163 3044 2216 declarat
3084 2163 3226 2216 illam
3259 2163 3378 2239 huic
3413 2177 3532 2216 esse
3559 2173 3842 2231 cognatam

2257 2262 2308 2306 cl
2333 2252 2543 2306 afﬁnem
2577 2270 2588 2302 :
2624 2268 2742 2305 nam
2774 2255 2888 2321 plus
2914 2261 2966 2307 et
2996 2255 3171 2306 minus
3197 2255 3433 2320 ejusdem
3462 2255 3674 2322 generis
3695 2263 3842 2308 sunt.

2257 2341 2372 2395 Non
2401 2344 2559 2411 igitur
2598 2344 2760 2396 veteri
2801 2345 3080 2407 obtrectat,
3115 2343 3210 2398 sed
3260 2344 3401 2396 illam
3443 2344 3622 2412 augeri
3650 2345 3842 2396 vultet

2258 2435 2468 2488 extendi
2503 2453 2517 2486 :
2549 2449 2664 2502 qum
2700 2436 2743 2487 si
2791 2449 2817 2486 a
2863 2435 3001 2486 malo
3035 2435 3288 2502 prodiret,
3315 2449 3416 2485 non
3450 2435 3679 2501 amplius
3707 2435 3834 2503 quid

2259 2525 2307 2576 in
2341 2525 2423 2577 illa
2456 2533 2736 2589 quaereret,
2771 2541 2942 2594 neque
2988 2525 3129 2586 illam
3177 2525 3544 2593 perfectiorem
3575 2527 3843 2581 reddidis-

2255 2626 2354 2676 set,
2388 2615 2480 2668 sed
2529 2615 2864 2682 explosisset.
2914 2617 2979 2670 Et
3020 2617 3309 2686 quomodo,
3348 2617 3578 2686 inquies,
3629 2619 3672 2671 si
3722 2620 3842 2672 talis

2255 2715 2355 2769 est,
2402 2708 2452 2759 in
2506 2722 2723 2775 regnum
2749 2707 2858 2775 jam
2893 2724 2995 2760 non
3028 2709 3278 2762 inducit?
3309 2709 3420 2761 Non
3457 2709 3653 2763 inducit
3693 2720 3840 2764 certe

2255 2813 2347 2851 eos
2393 2800 2478 2868 qui
2527 2807 2645 2866 post
2674 2800 2869 2853 Christi
2914 2800 3205 2854 adventum
3254 2803 3411 2853 vitam
3451 2802 3836 2864 instituerunt,

2257 2900 2436 2958 utpote
2487 2892 2573 2959 qui
2629 2891 2882 2960 majorem
2934 2893 3244 2960 consequuti
3295 2894 3577 2955 virtutem,
3632 2895 3838 2960 majora

2252 2982 2448 3035 debent
2491 2982 2638 3036 adire
2689 2985 2976 3038 certamina
3019 3000 3033 3036 :
3075 3000 3197 3037 nam
3225 2985 3468 3039 alumnos
3490 2999 3616 3038 suos
3650 3001 3839 3039 omnes

2251 3087 2315 3126 eo
2360 3073 2662 3126 introducit.
2699 3073 2853 3125 Multi
2896 3077 3027 3126 enim
3073 3076 3267 3128 venient
3293 3078 3355 3128 ab
3402 3078 3594 3129 oriente
3631 3086 3676 3128 et
3705 3077 3833 3130 occi-

2251 3165 2417 3227 dente,
2452 3167 2637 3232 iuqttit,
2662 3174 2708 3219 et
2734 3166 3015 3218 recumbent
3055 3167 3109 3219 in
3138 3168 3252 3220 sinu
3279 3169 3496 3220 Abraltce
3523 3179 3567 3220 et
3593 3167 3764 3222 Isaaci
3788 3178 3836 3222 et

2249 3255 2428 3310 Jacobi
2453 3257 2664 3326 (Matth.
2684 3260 2734 3308 8.
2762 3257 2871 3325 Η).
2903 3258 3131 3312 Lazarus
3160 3271 3321 3320 certe,
3351 3261 3437 3328 qui
3471 3262 3676 3329 magnis
3706 3259 3834 3313 frui-

2253 3356 2337 3400 tur
2365 3348 2618 3417 prarmiis,
2652 3349 2702 3401 in
2734 3350 2848 3417 ejus
2879 3351 2996 3404 sinu
3039 3365 3258 3404 versans
3285 3363 3503 3419 apparet
3545 3352 3693 3420 (Luc.
3723 3353 3830 3421 16).

2249 3438 2317 3492 Ει
2361 3449 2621 3508 quotquot
2651 3441 2701 3492 in
2748 3441 2916 3496 veteri
2957 3443 3072 3513 lege
3119 3443 3402 3497 admodum
3448 3444 3729 3508 refulsere.
3783 3445 3831 3500 id

2250 3546 2344 3599 per
2386 3531 2528 3584 illam
2558 3534 2833 3602 assequuti
2881 3542 3021 3586 sunt.
3069 3533 3311 3587 Christus
3357 3549 3505 3597 vero,
3540 3537 3582 3588 si
3627 3536 3712 3590 lex
3744 3536 3830 3590 illa

2251 3623 2385 3675 mala
2433 3632 2487 3676 et
2529 3623 2703 3696 aliena
2744 3623 2926 3679 inisset
2951 3666 2965 3689 ,
3013 3640 3114 3678 non
3146 3625 3285 3678 illam
3318 3641 3531 3680 onmem
3561 3627 3829 3698 implevis-

2249 3723 2348 3768 set.
2396 3713 2524 3767 Nam
2571 3716 2614 3768 si
2646 3715 2694 3768 id
2741 3717 2911 3769 solum
2946 3716 3154 3772 fecisset
3185 3726 3241 3770 ut
3274 3717 3487 3772 Juda'os
3515 3720 3822 3783 attraheret,

2247 3823 2353 3861 non
2380 3817 2554 3861 autem
2594 3817 2650 3861 ut
2683 3808 2987 3863 ostenderet
3035 3824 3153 3863 eam
3182 3819 3459 3878 cognatam
3491 3825 3608 3864 esse
3637 3819 3688 3864 et
3713 3809 3826 3864 afﬁ—

2247 3917 2366 3955 nem
2393 3916 2545 3954 novte
2573 3902 2694 3969 legi,
2723 3915 2816 3955 cur
2842 3915 2944 3953 non
2975 3900 3134 3954 etiam
3162 3901 3438 3968 gentilium
3469 3902 3614 3970 leges
3643 3911 3692 3955 et
3722 3918 3824 3954 mo-

2249 4005 2334 4043 res
2363 3991 2706 4058 implevisset,
2743 4000 2797 4041 ut
2823 3989 3053 4058 gentiles
3083 3987 3467 4057 pertraheret?

2321 4081 2372 4133 5.
2411 4079 2652 4148 Undique
2693 4095 2818 4148 ergo
2849 4080 3025 4147 palam
3055 4089 3136 4132 est
3165 4094 3281 4132 eam
3311 4095 3341 4132 a
3371 4079 3584 4133 Christo
3611 4095 3712 4133 non
3739 4082 3817 4134 iu—

2248 4169 2388 4234 duci,
2430 4185 2530 4222 non
2558 4171 2698 4239 quod
2727 4171 2861 4223 mala
2890 4171 2980 4234 sit,
3013 4171 3103 4224 sed
3135 4170 3274 4240 quod
3305 4171 3562 4239 majorum
3592 4171 3660 4224 sit
3689 4188 3820 4240 pne-

2247 4275 2519 4334 ceptorum
2541 4274 2767 4332 tempus.
2789 4263 3007 4317 Etiamsi
3036 4278 3157 4317 vero
3184 4263 3545 4331 imperfectior
3569 4266 3640 4318 sit
3667 4281 3819 4332 quant

2251 4371 2404 4418 nova,
2433 4355 2482 4408 id
2510 4364 2651 4408 certe
2674 4370 2780 4407 non
2804 4353 2990 4422 probat
3015 4355 3180 4421 ipsam
3209 4369 3326 4408 esse
3348 4356 3537 4408 malam
3560 4374 3571 4406 :
3593 4357 3821 4424 alioquin

2248 4457 2418 4499 autem
2450 4461 2582 4499 nova
2607 4447 2654 4498 in
2682 4445 2920 4498 eamdem
2954 4444 3208 4497 incideret
3237 4444 3619 4497 conditionem.
3648 4445 3822 4512 Siqui-

2247 4537 2366 4592 dem
2395 4536 2544 4604 hujus
2574 4534 2814 4597 scientia,
2846 4535 2888 4587 si
2916 4551 3033 4588 cum
3064 4534 3252 4588 futurae
3284 4535 3402 4587 vita:
3427 4537 3647 4588 scientia
3674 4551 3822 4589 com-

2248 4638 2481 4696 paretur.
2513 4628 2704 4695 exigua
2734 4627 2793 4679 et'
2815 4625 3119 4693 imperfecta
3147 4633 3249 4688 est,
3281 4635 3440 4693 atque
3470 4626 3552 4678 illa
3576 4627 3822 4681 veniente

2247 4727 2548 4776 evacuatur.
2578 4719 2706 4773 Nam
2733 4718 2861 4771 Cum
2889 4717 3106 4782 venerit,
3150 4716 3351 4786 inquit,
3383 4717 3518 4782 quod
3549 4718 3820 4785 perfectum

2245 4821 2337 4874 est,
2362 4822 2477 4864 tunc
2501 4812 2818 4864 evacuabitur
2837 4807 2970 4877 quod
3000 4823 3061 4861 ex
3088 4816 3228 4877 parte
3248 4816 3319 4860 est
3345 4807 3416 4875 (ι.
3437 4806 3553 4860 Cor.
3581 4808 3666 4860 15.
3693 4809 3779 4871 10;
3802 4824 3814 4860 :

2245 4904 2382 4974 quod
2417 4919 2508 4972 per
2533 4904 2734 4957 Novam
2764 4899 2926 4954 Vetus
2955 4913 3203 4969 perpessa
3233 4907 3331 4951 est.
3366 4897 3468 4951 Nec
3496 4907 3671 4952 tamen
3701 4913 3822 4966 pro-

2245 5008 2426 5066 pterea
2458 4995 2595 5047 illam
2624 4990 3043 5052 criminabimur,
3076 4989 3200 5042 licet
3233 4989 3318 5041 illa
3350 4997 3540 5047 cesset.
3572 5001 3693 5042 cum
3724 5001 3820 5041 nos

2245 5102 2408 5156 regno
2433 5096 2694 5155 pottemur
2719 5102 2730 5135 :
2758 5082 3063 5135 Tunc-enim
3091 5080 3406 5133 evacuabitur
3429 5079 3564 5148 quod
3593 5094 3654 5132 et
3678 5091 3819 5148 parte

2245 5190 2336 5246 cst,
2363 5180 2562 5248 inquit:
2582 5177 2722 5231 illam
2749 5184 2921 5228 tamen
2947 5187 3187 5242 magnam
3214 5172 3458 5226 dicimus.
3481 5169 3614 5225 Cum
3642 5169 3818 5240 itaque

2247 5274 2577 5346 majora-sint
2605 5272 2840 5342 pnemia,
2873 5271 3203 5339 ampliorque
3228 5266 3456 5338 Spiritus
3483 5267 3668 5333 virtus,
3696 5265 3816 5336 jure

2307 5531 2376 5599 la)
2401 5540 2503 5588 Jam
2535 5538 2650 5588 olim
2665 5539 2724 5600 ab
2757 5535 3000 5600 antiquis,
3016 5535 3227 5600 justitia,
3272 5535 3322 5585 in
3352 5549 3541 5600 genere
3579 5531 3812 5600 proomni

2244 5597 2424 5650 virtute
2451 5601 2612 5650 habita
2637 5599 2749 5649 fuit'
2774 5597 2845 5648 sic
2863 5597 3190 5659 Empedocles
3231 5597 3725 5660 apud'Aristotelcm:

2373 5662 2449 5727 Ἑν
2466 5662 2526 5727 ,δὲ
2548 5661 2816 5727 ᾷιξίαιοσύνῃ
2843 5661 3107 5727 σςδλλήϐδην
3133 5659 3246 5727 πᾶᾳ’
3264 5659 3413 5727 Egerit
3447 5661 3563 5708 ’στιν

2378 5725 2436 5770 In
2448 5720 2639 5785 justitia
2666 5722 2817 5772 omnis
2837 5721 2991 5772 virtus
3009 5720 3446 5782 comprehenditur,
