4114 6462
309 431 416 485 εις

309 547 516 614 majora
546 541 894 612 requiruntur
953 536 1100 593 doua
1159 537 1195 592 ί.
1255 535 1374 591 Non
1431 535 1542 607 jam
1595 543 1731 588 terra
1764 532 1900 585 lacte

310 648 366 692 et
405 638 562 693 melle
596 650 817 690 manans
855 632 1216 703 promittitur,
1261 645 1365 681 non
1413 636 1666 681 senectus
1697 624 1899 686 vivida,

312 743 420 782 non
467 726 752 782 multitudo
783 724 1044 789 liliorum,
1084 736 1189 775 non
1239 720 1560 772 frumentum
1603 725 1656 770 et
1688 717 1899 777 vinum,

313 833 420 872 non
451 832 639 888 greges
666 824 719 869 et
747 822 985 868 armenta
1009 829 1024 875 ;
1062 811 1154 865 sed
1183 809 1370 863 cmlum
1405 817 1458 861 et
1483 806 1713 860 caelestia
1742 806 1900 867 bona,

309 911 529 978 adoptio
553 919 604 962 et
633 907 937 960 fraternitas
962 919 1082 958 cum
1108 901 1413 971 Unigenito,
1444 899 1753 954 hereditatis
1776 913 1904 952 con-

310 1001 567 1059 sortium,
612 997 791 1066 gloria:
821 1006 873 1049 et
904 994 1050 1064 regni
1096 993 1356 1053 societas,
1402 991 1787 1058 innumeraque
1817 989 1900 1042 illa

313 1092 555 1162 prorniia.
587 1089 735 1156 Quod
778 1098 954 1140 autem
999 1085 1187 1154 majori
1235 1083 1430 1136 auxilio
1466 1083 1737 1145 fruamur,
1781 1079 1900 1132 andi

311 1181 534 1237 Paulum
563 1182 825 1235 dicentem
850 1197 862 1232 :
888 1177 1034 1228 Nihil
1072 1193 1190 1246 ergo
1231 1175 1337 1242 iam
1372 1172 1712 1226 damnationis
1740 1180 1814 1225 cst
1843 1171 1904 1222 iis

309 1276 398 1342 qui
422 1282 538 1326 sunt
564 1274 612 1324 in
633 1269 832 1326 Christo
856 1268 998 1330 Jesu,
1034 1269 1118 1336 qui
1146 1284 1244 1319 non
1273 1265 1548 1318 secundum
1574 1280 1774 1316 cornum
1796 1279 1902 1313 am-

311 1365 508 1428 bulant,
542 1365 627 1416 sed
653 1362 926 1415 secundum
962 1361 1212 1427 spiritum.
1246 1357 1355 1410 Lex
1388 1357 1518 1409 enim
1548 1355 1755 1423 spiritus
1789 1354 1905 1406 vita:

214 1494 218 1495 ν
308 1455 539 1509 liberat-it
582 1447 731 1506 mea
775 1452 881 1522 lege
922 1452 1112 1519 peccati
1151 1461 1197 1503 et
1244 1451 1419 1501 mortis
1449 1447 1620 1514 (Rom.
1655 1447 1708 1499 8.
1745 1447 1792 1498 l.
1822 1445 1898 1513 2).

306 1545 678 1599 Comniinatus
725 1545 901 1612 itaque
933 1540 1416 1609 transgressoribus
1441 1579 1453 1600 ,
1486 1547 1540 1592 et
1567 1552 1755 1604 magna
1783 1537 1898 1604 pol-

308 1638 487 1692 lit-itus
509 1637 723 1706 prmmia
745 1646 889 1689 recte
911 1635 1210 1703 agentibus,
1229 1642 1284 1684 ut
1306 1631 1537 1685 ostendit
1560 1631 1676 1697 plus
1698 1644 1725 1681 a
1751 1629 1902 1682 nobis

305 1729 430 1796 jure
475 1729 651 1797 exigi,
702 1743 858 1796 quam
901 1741 1179 1779 mensuras
1229 1725 1464 1793 priores,
1512 1722 1726 1777 demum
1758 1721 1902 1790 leges

307 1830 548 1876 statuere
579 1820 784 1887 incipit,
818 1833 921 1871 non
951 1817 1292 1885 simpliciter,
1325 1815 1418 1869 sed
1448 1813 1582 1867 facta
1612 1829 1732 1866 cum
1760 1813 1900 1866 antio

305 1913 428 1982 quis
461 1910 712 1979 legalibus
745 1909 1175 1976 comparatione;
1227 1908 1340 1960 lucc
1368 1905 1476 1959 duo
1501 1904 1688 1957 volens
1713 1913 1899 1957 osten-

306 2004 461 2065 dere,
491 2018 549 2057 se
573 2001 822 2056 videlicet
849 2015 952 2053 non
982 2000 1159 2068 priora
1193 2001 1588 2067 impugnantem
1613 2038 1626 2058 ,
1659 1995 1751 2049 Sed
1780 2010 1900 2050 cum

304 2095 415 2149 illis
443 2093 728 2148 admodum
760 2100 1143 2145 consonantem
1167 2132 1180 2153 ,
1225 2091 1320 2143 has
1357 2101 1591 2142 statuere
1637 2089 1811 2157 leges,
1841 2102 1903 2140 ac

304 2187 428 2256 jure
473 2196 876 2255 opportuneque
930 2185 1040 2237 lure
1091 2199 1225 2236 nova
1275 2184 1544 2237 veteribus
1589 2181 1896 2250 adjungct'c.

306 2279 461 2346 Quod
494 2290 549 2331 ut
573 2278 769 2331 clarius
797 2276 1006 2334 evadat,
1039 2277 1148 2344 ipsa
1182 2274 1502 2342 Iegislatoris
1531 2272 1688 2325 verba
1717 2271 1902 2325 audia-

306 2386 453 2423 mus.
493 2368 632 2436 Quid
662 2368 822 2437 igitur
845 2369 917 2420 ait
948 2367 1070 2420 ille?
1097 2366 1186 2418 2i.
1222 2365 1443 2418 Audistis
1471 2366 1590 2432 quia
1618 2365 1806 2416 dictum
1831 2374 1902 2416 est

307 2462 547 2529 antiquis,
582 2458 701 2512 Non
732 2460 925 2511 occides
952 2456 1144 2526 (Exod.
1176 2457 1266 2510 20.
1299 2457 1410 2525 15).
1442 2456 1598 2524 Atqui
1628 2457 1670 2508 is
1699 2456 1785 2531 qui
1814 2455 1898 2507 illa

306 2552 476 2612 dedit,
512 2552 624 2620 ipse
644 2561 755 2615 est;
790 2552 881 2604 sed
911 2551 1120 2603 interim
1141 2549 1567 2616 impersonaliter
1590 2548 1702 2600 lucc
1730 2547 1897 2615 ponit.

307 2643 366 2696 Si
399 2642 537 2696 enim
577 2641 799 2695 dixisset
823 2683 837 2702 ,
886 2640 1124 2694 Audistis
1152 2655 1235 2692 me
1264 2640 1463 2693 dixisse
1491 2638 1724 2706 antiquis
1745 2680 1758 2703 ,
1794 2653 1900 2692 non

308 2744 562 2801 acceptus
591 2733 774 2786 luisset
807 2732 891 2786 hic
937 2747 1115 2785 sermo
1137 2771 1150 2791 ,
1204 2745 1302 2784 nec
1333 2730 1675 2784 audientibus
1701 2729 1900 2799 proba-

309 2835 425 2887 tus;
459 2825 500 2878 si
532 2839 660 2877 vero
691 2823 951 2876 dixisset:
980 2823 1215 2876 Audistis
1257 2822 1377 2891 quia
1426 2821 1625 2874 dictum
1655 2829 1736 2872 est
1763 2821 1900 2872 anti-

306 2916 428 2985 quis
454 2931 481 2967 a
510 2915 665 2969 Patre
692 2929 810 2968 meo
830 2954 844 2978 ,
885 2913 1184 2980 deiudcque
1218 2913 1510 2974 intulisset,
1560 2911 1672 2979 Ego
1721 2921 1900 2963 autem

305 3007 454 3071 dico,
504 3006 672 3074 major
713 3006 1010 3074 arrogantia
1042 3007 1148 3058 visa
1192 3004 1393 3056 fuisset.
1434 3003 1772 3070 Quapropter
1803 3004 1902 3055 hoc

308 3098 628 3165 simpliciter
656 3098 830 3165 posuit
860 3097 924 3148 ad
957 3097 1056 3148 hoc
1083 3112 1244 3148 unum
1274 3108 1543 3163 spectans,
1576 3104 1632 3147 ut
1653 3095 1900 3147 ostende-

307 3198 391 3241 ret
419 3202 477 3241 se
504 3191 611 3255 jam
641 3196 940 3255 opportuno
975 3196 1212 3253 tempore
1240 3187 1342 3239 hoc
1367 3186 1567 3239 dicere.
1596 3185 1729 3238 Cum
1756 3186 1898 3237 enim

306 3281 416 3340 ait,
469 3279 599 3344 Quia
641 3278 831 3330 dictum
863 3288 932 3330 est
964 3279 1216 3346 antiquis,
1267 3277 1488 3328 inultum
1535 3277 1902 3329 intercessisse

309 3371 570 3440 temporis
598 3371 922 3432 declaravit,
954 3387 1015 3424 ex
1047 3386 1152 3437 quo
1181 3369 1283 3421 hoc
1317 3378 1639 3435 pra-ceptum
1672 3383 1894 3435 accepe-

307 3473 452 3516 rant.
487 3462 598 3516 Hoc
626 3478 752 3516 vero
797 3462 948 3520 fecit,
996 3470 1054 3515 ut
1096 3461 1393 3522 auditorem
1431 3459 1799 3528 pudefaceret,
1833 3460 1899 3512 ad

312 3555 623 3610 sublimiora
657 3557 741 3610 illa
774 3557 920 3611 adire
949 3566 1213 3625 praecepta
1246 3565 1619 3618 cunctantem;
1660 3557 1731 3605 uti
1765 3553 1900 3606 solet

308 3648 563 3716 magister
588 3663 754 3716 puero
781 3649 960 3702 dicere
984 3647 1267 3716 negligenti
1298 3665 1310 3698 :
1336 3647 1414 3698 An
1447 3647 1619 3698 neseis
1644 3653 1898 3713 quantum

311 3739 570 3806 temporis
619 3739 669 3791 in
716 3738 1038 3807 syllabarum
1083 3737 1429 3791 meditatione
1470 3735 1902 3804 consumpseris?

310 3829 427 3882 Iloc
467 3837 520 3881 et
558 3831 670 3897 ipse
698 3830 1039 3898 antiquorum
1071 3829 1287 3884 nomine
1317 3827 1685 3890 subindicans,
1717 3837 1903 3880 evocat

309 3919 434 3972 illos
459 3920 522 3973 ad
546 3929 809 3989 pra-cepta
840 3920 1081 3984 meliora,
1105 3935 1166 3973 ac
1190 3922 1231 3973 si
1255 3921 1458 3973 diceret.
1483 3939 1496 3974 ;
1521 3925 1563 3973 Α
1591 3919 1720 3972 satis
1743 3919 1902 3987 longo

310 4021 553 4077 tempore
597 4009 710 4063 lucc
746 4010 1072 4064 meditatnini
1101 4029 1113 4063 :
1139 4020 1350 4080 oportet
1387 4011 1600 4066 demum
1632 4009 1696 4063 ad
1733 4010 1901 4062 subli—

309 4100 478 4153 miora
503 4115 743 4169 pergere.
774 4101 918 4156 Bene
943 4111 1120 4156 autem
1146 4105 1317 4170 agitur
1338 4103 1478 4172 quod
1515 4113 1902 4171 praeceptorum

307 4193 445 4245 ordo
472 4207 576 4247 non
607 4191 984 4256 eonfundatur,
1011 4193 1104 4246 sed
1135 4209 1164 4246 a
1195 4195 1371 4264 priore
1401 4194 1706 4262 incipiatur,
1741 4211 1768 4246 a
1797 4208 1902 4263 quo

309 4285 397 4338 lex
428 4284 621 4353 incepit
646 4301 660 4336 :
683 4285 878 4336 etenim
911 4283 1036 4337 illud
1072 4285 1241 4352 ipsum
1273 4284 1614 4339 concordiam
1646 4284 1898 4338 ostendit.

309 4373 403 4429 92.
431 4373 545 4443 Ego
573 4383 740 4426 autem
775 4373 888 4426 dico
915 4375 1079 4435 vobis,
1112 4377 1348 4438 quoniam
1378 4376 1461 4444 qui
1490 4375 1724 4428 irascitur
1754 4377 1902 4444 fratri

310 4481 402 4520 suo
430 4475 630 4519 temere
651 4506 666 4528 ,
708 4481 822 4518 reus
853 4467 944 4518 erit
963 4465 1177 4533 judiiia.
1227 4466 1402 4518 tulisti
1436 4464 1725 4534 perfectam
1756 4476 1900 4532 pote-

311 4568 506 4612 statem
523 4558 546 4610 ?
566 4557 741 4610 vidisti
769 4557 986 4610 modum
1009 4559 1299 4626 legislatori
1323 4568 1714 4627 competentem
1732 4557 1752 4609 ?
1773 4559 1902 4624 Quis

310 4651 455 4706 enim
502 4648 880 4719 prophetarum
921 4648 1000 4702 sic
1046 4663 1292 4717 umquam
1337 4650 1588 4719 loquutus
1631 4649 1757 4704 est?
1785 4652 1903 4718 quis

310 4741 617 4812 iustorum?
659 4741 778 4809 quis
825 4739 1287 4810 patriarcharum?
1328 4739 1514 4794 Nullus
1560 4753 1724 4805 sane;
1768 4742 1895 4804 sed,

319 4831 444 4887 Ηωσ
474 4832 595 4884 dicit
621 4829 886 4884 Dominus.
919 4830 1116 4885 Verum
1147 4846 1250 4886 non
1279 4832 1350 4886 ita
1382 4831 1564 4887 Filius.
1593 4833 1675 4888 llli
1703 4834 1902 4902 quippe

317 4921 531 4977 Domini
559 4921 717 4974 verba
742 4921 1108 4989 pronuntiant,
1140 4920 1226 4975 hic
1252 4921 1442 4975 Patris.
1471 4923 1600 4977 Cum
1628 4932 1806 4976 autem
1839 4938 1900 4978 ea

313 5029 433 5084 qua:
461 5013 652 5084 Patris,
679 5027 740 5065 ea
764 5029 882 5080 qua:
905 5013 1048 5067 illius
1068 5022 1190 5066 sunt
1216 5013 1353 5068 dico.
1377 5013 1494 5068 Mea
1517 5017 1680 5080 enim,
1711 5017 1901 5084 inquit,

314 5119 405 5159 tua
427 5114 565 5169 sunt,
599 5114 644 5158 et
673 5115 759 5158 tua
779 5121 890 5158 mea
914 5115 1030 5158 sunt
1060 5103 1240 5176 (Joan.
1269 5107 1354 5160 l7.
1387 5107 1496 5172 l0).
1525 5107 1602 5160 llli
1629 5109 1904 5163 conservis

317 5200 486 5268 legem
519 5197 793 5260 ferebant,
827 5195 910 5250 hic
939 5199 1110 5251 servis
1149 5198 1278 5251 suis.
1324 5198 1716 5267 lnterrogemus
1747 5201 1904 5270 igitur

319 5306 412 5344 eos
440 5288 529 5358 qui
555 5272 789 5342 veterem
821 5287 988 5355 legem
1017 5288 1328 5356 explodunt.
1361 5287 1478 5342 Non
1507 5287 1663 5344 irasci
1707 5300 1761 5345 et
1798 5307 1902 5345 non

320 5381 562 5436 occidere
591 5380 926 5434 contrariane
951 5387 1096 5441 sunt,
1123 5393 1299 5432 annon
1328 5380 1502 5450 potius
1532 5381 1630 5435 hoc
1659 5382 1800 5435 illius
1827 5394 1907 5436 est

322 5473 581 5543 perfectio
625 5481 678 5525 et
723 5470 1216 5538 complementum?
1262 5470 1440 5524 Palam
1490 5481 1570 5526 est
1619 5451 1719 5525 hoc
1763 5472 1906 5527 illius

323 5578 445 5618 esse
465 5563 940 5632 complementum,
963 5561 1188 5632 ideoque
1209 5561 1403 5631 majus.
1426 5562 1558 5617 Nam
1582 5564 1670 5634 qui
1696 5564 1748 5618 in
1772 5564 1904 5617 iram

393 5718 411 5750 ί
437 5716 590 5784 Juxta
614 5716 784 5764 Morel.
807 5717 1466 5784 legendumesset,majora
1488 5719 1799 5784 requiruntur
1813 5733 1916 5784 cer-

331 5777 529 5826 tamina.
560 5777 590 5842 _li
602 5785 776 5842 traque
807 5777 954 5828 lectio
973 5779 1212 5839 quadrare
1241 5777 1412 5842 posset
1437 5794 1448 5838 ;
1492 5777 1665 5828 verum
1705 5781 1916 5835 Savilia-

334 5853 442 5889 nam
492 5839 639 5889 nobis
670 5843 1059 5904 amplectendam
1093 5855 1205 5892 esse
1242 5839 1432 5890 'series
1457 5841 1559 5908 ipsa
1574 5842 1910 5896 Sttadel.EDIT.

1441 420 1502 474 IN
1542 416 1947 476 MATTll/EUM
1991 415 2217 470 IlliMlL.
2263 415 2398 470 XVI.

3501 416 3607 471 ἳιεῖ

2020 545 2123 584 non
2146 531 2465 592 concitatur,
2491 529 2660 581 nmlto
2685 528 2850 597 magis
2875 543 2903 580 a
2931 527 3076 581 caede
3096 525 3381 581 abstinebit
3408 545 3418 580 :
3443 538 3494 582 et
3517 531 3605 596 qui

2009 621 2141 674 iram
2191 619 2404 684 frenat,
2456 621 2626 675 multo
2674 621 2842 688 magis
2889 633 3078 672 manus
3125 619 3398 673 retinebit.
3429 619 3604 673 Radix

2008 714 2150 766 enim
2179 712 2372 774 credis,
2403 712 2503 765 ira.
2534 712 2634 778 Qui
2665 726 2794 780 ergo
2824 711 3062 765 radicem
3095 712 3361 766 exscindit
3387 753 3402 776 ,
3439 713 3606 768 multo

2007 803 2177 873 magis
2203 818 2380 858 ramos
2405 802 2609 857 auferet
2637 820 2648 854 :
2675 805 2784 855 imo
2810 817 2938 856 vero
2966 817 3138 870 neque
3167 803 3312 856 nasci
3345 803 3507 858 sinet.

2079 894 2132 948 6.
2161 893 2268 947 Lex
2286 903 2424 947 vetus
2446 895 2679 962 ﬁrmatur
2700 893 2997 963 Evangelia.
3026 892 3234 947 Creator
3263 897 3438 947 mundi
3458 894 3605 949 Chri-

2005 994 2082 1038 sto
2107 985 2158 1038 in
2191 983 2399 1038 Patrem
2423 985 2727 1039 vindicatur.
2757 983 2824 1038 In
2851 985 2958 1056 lege
2983 987 3132 1038 veteri
3163 1002 3264 1040 non
3289 997 3360 1038 est
3386 987 3607 1040 crudeli-

2007 1085 2102 1128 tas.
2135 1073 2241 1128 Lex
2259 1092 2371 1144 qua:
2393 1077 2578 1128 scelera
2601 1076 2784 1143 plectat
2805 1077 3085 1129 necessaria
3106 1086 3198 1130 est.
3222 1107 3291 1116 —-
3306 1077 3420 1130 Non
3447 1079 3608 1148 igitur

2007 1164 2071 1217 ad
2099 1164 2231 1233 legis
2259 1165 2680 1233 abrogationem,
2712 1165 2804 1220 sed
2833 1166 2899 1220 ad
2924 1167 3180 1235 majorem
3205 1167 3608 1238 facilioremque

2007 1259 2120 1324 ejus
2146 1256 2440 1310 custodiam
2461 1295 2476 1322 ,
2509 1257 2604 1310 has
2633 1256 2891 1312 all'erebat
2919 1258 3083 1327 leges.
3113 1258 3248 1325 Quid
3280 1262 3421 1314 enim
3453 1263 3607 1316 vole-

2007 1347 2097 1402 bat
2125 1347 2209 1403 lex
2235 1363 2354 1402 cum
2389 1347 2502 1402 lucc
2533 1350 2882 1418 prteciperet?
2929 1352 3123 1404 Annon
3153 1360 3208 1404 ut
3239 1366 3399 1406 nemo
3429 1354 3612 1424 proxi-

2007 1454 2152 1492 mum
2200 1454 2356 1493 suum
2411 1440 2727 1496 occideret?
2795 1442 2958 1510 lgitur
3005 1444 3428 1513 iinpngnatorem
3476 1445 3609 1515 legis

2007 1528 2291 1584 homicidia
2318 1542 2628 1598 oportuerat
2655 1533 2918 1601 imperare
2949 1551 2961 1586 :
2994 1549 3114 1587 nam
3144 1535 3394 1591 occidere
3419 1545 3473 1589 et
3500 1551 3605 1590 non

2005 1619 2252 1674 occidere
2298 1623 2563 1675 contraria
2612 1633 2767 1686 sunt;
2821 1628 2862 1679 si
2912 1640 3038 1678 vero
3082 1642 3150 1681 ne
3195 1627 3349 1681 irasci
3389 1629 3606 1696 quidem

2006 1714 2314 1780 permittat,
2352 1712 2484 1767 illud
2531 1715 2817 1783 perfectius
2846 1718 3028 1770 statuit
3073 1719 3213 1786 quod
3255 1719 3338 1772 lex
3372 1719 3604 1774 volebat.

2005 1806 2118 1860 Neu
2144 1807 2285 1861 enim
2308 1808 2530 1877 perinde
2556 1809 2843 1863 abstinebit
2863 1825 2892 1863 a
2916 1810 3081 1872 ccede,
3109 1811 3198 1879 qui
3225 1825 3330 1864 non
3359 1811 3608 1867 occidere

2006 1897 2325 1963 meditatur,
2359 1910 2518 1968 atque
2561 1901 2650 1954 ille
2689 1902 2779 1969 qui
2821 1903 2952 1954 iram
2998 1901 3246 1964 sustulit,
3282 1902 3366 1956 hic
3408 1903 3607 1972 quippe

2007 1989 2216 2060 longius
2243 1991 2392 2044 abest
2420 2008 2447 2042 a
2478 1993 2565 2046 tali
2596 1994 2848 2047 facinore.
2882 1993 2949 2048 Ut
2975 2003 3148 2047 autem
3178 1995 3293 2047 illos
3316 1995 3420 2048 alio
3445 1996 3607 2048 modo

2005 2088 2370 2151 confutemus,
2406 2103 2466 2141 ea
2497 2105 2617 2158 quae
2655 2090 2838 2143 dicunt
2877 2091 3210 2157 proferamus
3249 2091 3299 2143 in
3346 2091 3600 2144 medium.

2005 2183 2260 2249 Quamam
2291 2183 2477 2238 dicunt
2505 2185 2699 2254 igitur?
2728 2185 2892 2237 Deum
2921 2184 3009 2252 qui
3043 2183 3297 2237 mundum
3330 2183 3450 2237 fecit
3470 2225 3484 2246 ,
3515 2185 3606 2252 qui

2007 2273 2174 2327 solem
2201 2275 2331 2328 oriri
2364 2273 2488 2328 facit
2515 2287 2676 2340 super
2705 2273 2917 2341 iniquos
2945 2282 2997 2326 et
3023 2272 3214 2335 bonos,
3244 2274 3331 2340 qui
3362 2273 3493 2342 pluit
3519 2286 3609 2326 su-

2007 2379 2101 2431 per
2139 2366 2312 2432 justus
2343 2377 2392 2418 et
2437 2366 2662 2431 injustos
2690 2369 2710 2436 (
2736 2365 2920 2417 Matth.
2951 2365 3003 2418 5.
3036 2366 3145 2434 45)
3174 2407 3188 2426 ,
3230 2379 3350 2419 esse
3383 2364 3602 2417 malum.

2005 2457 2104 2521 Qui
2135 2471 2262 2510 vero
2288 2456 2676 2510 moderatiores
2700 2457 2838 2523 apud
2867 2457 2982 2510 illos
3009 2466 3133 2510 sunt
3162 2457 3261 2512 hoc
3290 2459 3604 2528 repudiarit;

2007 2548 2132 2600 dum
2163 2557 2341 2602 autem
2373 2548 2555 2601 dicunt
2587 2546 2732 2600 illum
2765 2562 2884 2600 esse
2916 2548 3118 2616 justum
3147 2592 3162 2613 ,
3197 2549 3392 2604 bonum
3426 2561 3604 2606 tamen

2007 2653 2128 2692 esse
2160 2648 2370 2707 negant.
2425 2638 2598 2690 Alium
2639 2651 2768 2692 vero
2798 2638 3081 2706 quemdam
3108 2681 3120 2700 ,
3156 2642 3242 2708 qui
3273 2656 3399 2696 vere
3430 2643 3608 2697 nullus

2009 2738 2110 2792 est,
2137 2738 2187 2782 et
2215 2732 2303 2798 qui
2327 2729 2457 2782 nihil
2480 2729 2700 2794 creavit,
2725 2728 2938 2782 Christo
2958 2722 3087 2782 dant
3109 2729 3342 2784 Patrem.
3368 2730 3436 2784 Et
3457 2731 3604 2785 illum

2006 2820 2222 2890 quidem
2252 2835 2356 2875 non
2389 2821 2586 2874 bonum
2627 2820 2676 2872 in
2707 2820 2864 2874 rebus
2895 2819 2960 2874 ad
2990 2835 3048 2874 se
3079 2822 3465 2888 pertinentibus
3495 2838 3609 2875 nia-

2007 2925 2137 2964 nere
2164 2952 2176 2975 ,
2223 2921 2275 2964 et
2321 2926 2412 2963 sna
2459 2925 2779 2964 conseri-are
2824 2911 3007 2963 dicunt
3039 2928 3051 2962 :
3081 2911 3278 2965 bonum
3327 2922 3506 2966 autem
3552 2914 3606 2968 in

2005 3004 2175 3057 aliena
2209 3002 2446 3065 irruere',
2479 3019 2771 3074 eorumque
2795 3045 2809 3067 ,
2839 3018 3066 3071 quorum
3108 3005 3221 3072 ipse
3257 3007 3469 3060 creator
3497 3024 3607 3062 non

2006 3103 2120 3155 est,
2155 3105 2378 3162 repente
2408 3095 2545 3147 velle
2584 3104 2913 3147 servatorem
2945 3109 3087 3148 esse.
3137 3095 3378 3149 Vidistin‘
3408 3098 3605 3153 diaboli

2008 3183 2182 3249 filios,
2232 3183 2500 3253 quomodo
2546 3199 2611 3238 ex
2658 3184 2822 3253 patris
2868 3183 2949 3237 sui
2996 3184 3229 3239 fontibus
3279 3187 3607 3256 loquantur,

2005 3276 2218 3342 quando
2244 3277 2568 3328 creationem
2592 3291 2622 3327 a
2657 3275 2765 3327 Deo
2792 3278 3050 3338 alienant,
3083 3291 3203 3329 cum
3236 3287 3410 3332 tamen
3437 3279 3605 3334 Joan-

2007 3381 2102 3418 nes
2129 3367 2323 3419 elamct
2352 3385 2363 3414 :
2397 3364 2462 3417 In
2495 3367 2701 3434 propria
2743 3368 2908 3428 venit,
2955 3373 3008 3416 et.
3039 3358 3268 3421 Mundus
3311 3387 3402 3437 per
3437 3373 3609 3442 ipsum

2008 3462 2173 3526 factus
2202 3467 2274 3509 est
2301 3460 2318 3522 (
2341 3456 2496 3510 Joan.
2536 3458 2586 3510 l.
2620 3457 2676 3509 ll
2707 3455 2772 3521 )?
2804 3455 3006 3510 Deinde
3033 3457 3204 3527 legem
3237 3463 3608 3520 examinantes

2007 3559 2242 3602 veterem
2268 3588 2280 3611 ,
2309 3563 2409 3618 qua
2435 3549 2656 3616 jubetur
2680 3547 2893 3600 oculum
2925 3561 3019 3616 pro
3046 3550 3200 3602 oculo
3226 3591 3238 3613 ,
3267 3551 3482 3606 dentem
3512 3570 3608 3621 pro

2006 3640 2166 3696 dente
2197 3639 2370 3703 evelli,
2404 3642 2582 3694 statim
2618 3645 2918 3708 irrumpunt
2943 3651 2996 3693 et
3024 3641 3205 3695 dicunt
3237 3659 3250 3694 :
3285 3642 3351 3696 Et
3379 3659 3603 3714 quomo-

2005 3733 2074 3788 do
2101 3737 2268 3803 possit
2297 3735 2341 3787 is
2372 3735 2461 3804 qui
2488 3735 2603 3788 haec
2629 3734 2776 3795 dicit,
2807 3750 2927 3789 esse
2957 3735 3164 3790 bonus?
3191 3735 3326 3804 Quid
3357 3738 3513 3808 igitur
3538 3740 3606 3794 ad

1991 3823 2123 3879 haec
2146 3825 2424 3878 dicamus?
2455 3825 2602 3879 Hanc
2641 3827 2930 3879 maximam
2961 3843 3080 3879 esse
3113 3828 3450 3898 benignitatis
3477 3844 3604 3898 spe-

2005 3919 2164 3971 ciem.
2195 3917 2306 3970 Non
2338 3917 2479 3971 enim
2505 3927 2560 3969 ut
2587 3931 2683 3970 nos
2706 3919 2939 3970 vicissim
2963 3919 3146 3973 oculos
3170 3934 3439 3983 eruamus,
3468 3920 3606 3977 hanc

2006 4009 2183 4077 posuit
2230 4010 2433 4078 legem;
2476 4010 2568 4062 sed
2602 4018 2658 4062 ut
2686 4020 2831 4062 metu
2875 4010 3017 4076 paris
3059 4009 3359 4078 inﬂigenda-
3391 4027 3603 4080 pcenze,

2005 4101 2368 4152 abstineamus
2409 4109 2461 4150 et
2502 4099 2593 4151 tali
2634 4113 2756 4167 erga
2791 4100 2924 4152 alios
2956 4100 3208 4155 facinore.
3244 4101 3604 4167 Quemadmo-

2005 4192 2132 4244 dum
2168 4193 2328 4245 etiam
2371 4190 2615 4243 Ninivitis
2647 4190 2914 4244 excidium
2941 4193 3295 4247 comminatus
3333 4205 3416 4249 est
3439 4236 3453 4258 ,
3495 4211 3602 4251 non

2007 4294 2063 4336 ut
2095 4284 2212 4337 illos
2245 4281 2490 4352 perderet
2516 4283 2660 4350 (nam
2687 4283 2730 4335 si
2761 4282 2811 4335 id
2842 4282 3116 4344 voluisset.
3149 4293 3326 4340 tacere
3351 4296 3603 4356 oportue-

2006 4377 2129 4443 rat);
2153 4374 2244 4428 sed
2271 4383 2327 4426 ut
2347 4384 2489 4428 metu
2511 4373 2758 4427 meliores
2780 4372 2948 4428 factos
2973 4375 3180 4442 videns,
3203 4378 3331 4430 iram
3355 4379 3600 4435 sedaret:

2007 4467 2082 4519 sic
2107 4466 2268 4519 etiam
2299 4465 2394 4525 iis,
2425 4464 2513 4532 qui
2543 4470 2753 4518 temere
2775 4463 2825 4517 in
2854 4463 3080 4519 aliorum
3108 4466 3292 4521 oculos
3322 4468 3558 4524 involant
3583 4511 3601 4539 ,

2005 4558 2321 4627 supplicium
2351 4554 2604 4620 adduxit;
2635 4565 2693 4608 ut
2715 4555 2758 4608 si
2787 4569 2848 4610 ex
2874 4554 3015 4610 bono
3036 4558 3312 4626 proposito
3337 4561 3611 4616 noluerint

2005 4663 2035 4700 a
2068 4646 2157 4699 tali
2188 4646 2506 4699 crudelitate
2536 4644 2838 4711 abstinere,
2867 4656 3012 4700 metu
3047 4657 3222 4702 tamen
3254 4662 3608 4706 coerceantur

2007 4755 2074 4793 ne
2105 4738 2288 4792 oculos
2329 4737 2558 4805 proximi
2601 4737 2818 4792 laedant.
2863 4739 2917 4794 Si
2959 4755 3116 4808 porro
3157 4741 3285 4796 illud
3313 4744 3604 4801 crudelitas

2007 4834 2113 4897 sit,
2143 4832 2360 4888 crudele
2386 4832 2512 4886 item
2540 4831 2636 4886 erit
2661 4876 2673 4896 ,
2710 4832 3028 4888 homicidam
3059 4835 3314 4893 cohibere
3335 4878 3348 4902 ,
3383 4848 3436 4891 et
3466 4855 3606 4896 nun-

2005 4928 2164 4981 chum
2194 4939 2397 4981 arcere.
2429 4928 2496 4979 At
2526 4927 2809 4979 stultorum
2841 4927 2955 4982 bzec
2983 4928 3146 4982 verba
3174 4940 3318 4993 sunt,
3348 4942 3402 4985 et
3428 4940 3608 4988 extre-

2007 5032 2096 5070 mo
2118 5016 2299 5072 furore
2321 5027 2622 5084 captorum.
2653 5017 2764 5084 Ego
2783 5018 2926 5072 enim
2953 5028 3156 5073 tantum
3177 5020 3332 5077 abest
3351 5034 3408 5076 ut
3431 5022 3604 5080 dicam

2007 5107 2122 5163 haec
2143 5121 2263 5162 esse
2284 5106 2678 5168 crudelitatem,
2699 5116 2757 5159 ut
2786 5108 2868 5161 his
2895 5111 3159 5164 contraria
3182 5112 3477 5166 secundum
3506 5114 3577 5170 bu
3593 5149 3605 5156 -

2009 5212 2226 5252 manum
2268 5195 2604 5250 ratiocinium
2645 5196 2909 5251 aftirmem
2949 5198 3126 5268 iniqua
3158 5215 3300 5256 t-sse.
3348 5201 3428 5256 Tu
3460 5205 3605 5258 enim

2008 5289 2141 5342 dicis
2184 5287 2304 5342 ideo
2334 5286 2603 5341 crudelem
2634 5302 2752 5341 esse
2775 5329 2791 5354 ,
2821 5289 2963 5357 quod
2999 5289 3224 5355 jusserit
3253 5293 3464 5347 oculum
3509 5311 3608 5365 pro

2009 5382 2166 5435 oculo
2194 5395 2417 5440 eruere;
2451 5393 2551 5449 ego
2577 5391 2755 5434 autem
2784 5379 2903 5434 dico
2925 5423 2940 5447 ,
2971 5383 3016 5436 si
3049 5399 3154 5436 non
3187 5383 3289 5437 hoc
3313 5384 3566 5453 jussisset
3591 5431 3604 5450 ,

2011 5486 2137 5529 tunc
2160 5473 2428 5528 videretur
2461 5473 2641 5527 multis
2670 5473 2712 5527 is
2740 5487 2880 5540 esse,
2915 5491 3072 5543 quem
3104 5486 3160 5529 tu
3191 5479 3290 5530 ais.
3322 5477 3606 5546 Suppona-

2010 5581 2129 5617 mus
2153 5563 2295 5617 enim
2320 5573 2482 5616 totam
2507 5564 2674 5632 legem
2694 5563 3002 5633 abrogatam
3028 5565 3210 5628 fuisse,
3234 5568 3609 5639 neminemque

2014 5657 2201 5708 timere
2229 5654 2546 5724 supplicium
2573 5656 2625 5708 in
2654 5655 2737 5708 illa
2769 5655 3023 5710 indictum
3055 5675 3067 5711 :
3098 5657 3190 5711 sed
3221 5658 3381 5714 licere
3406 5659 3607 5714 facino-

2011 5745 2149 5797 rosis
2170 5746 2414 5799 omnibus
2436 5760 2555 5798 cum
2585 5745 2827 5798 libertate
2849 5748 3085 5799 moribus
3107 5749 3179 5800 uti
3207 5749 3350 5813 suis;
3385 5754 3608 5806 nmchis

2019 5852 2231 5908 nempe,
2264 5838 2562 5904 liouiicidis,
2594 5837 2818 5903 furibus,
2849 5838 3097 5909 periuris,
3129 5841 3406 5909 parricidis
3439 5863 3451 5895 :
3478 5859 3605 5898 non-
