4114 6508
582 405 688 463 ἰδ’]

584 540 654 578 ne
680 521 856 577 omnia
885 531 976 573 sus
1000 516 1173 587 deque
1192 521 1546 579 verterentur,
1569 525 1624 568 et
1650 513 1940 567 innumeris
1968 511 2158 565 facino-

583 613 732 667 ribus
760 620 919 680 atque
947 607 1181 661 caedibus
1209 603 1388 670 urbes,
1420 604 1550 666 fora,
1580 603 1792 665 domus,
1819 616 1986 665 mare,
2018 610 2156 654 terra

580 711 636 758 et
676 710 820 755 tctus
863 699 1006 752 orbis
1044 695 1418 765 replerentur?
1462 694 1569 747 lloc
1611 691 1808 746 nemini
1839 704 1943 744 non
1975 700 2156 742 notum

579 803 681 848 est.
728 791 783 845 Si
810 790 950 845 enim
979 787 1243 843 stantibus
1269 787 1472 856 legibus
1493 791 1547 838 et
1571 783 1756 837 timore
1778 790 1938 851 atque
1959 779 2117 834 minis
2137 819 2154 844 ,

581 883 666 938 vix
712 880 954 950 maligna:
999 878 1298 944 voluntates
1339 884 1656 930 coercentur
1691 890 1702 925 :
1741 872 1787 927 si
1828 871 1944 926 haec
1983 870 2154 924 ablata

576 973 765 1028 fuisset
802 971 1011 1034 cautio,
1039 968 1162 1038 quid
1199 965 1481 1038 impediret
1510 979 1577 1019 ne
1606 964 1800 1019 malitia
1847 962 2152 1018 dominare-

575 1065 701 1119 tur?
723 1071 914 1132 quanta
937 1075 1040 1114 non
1061 1059 1222 1128 pestis
1242 1058 1295 1113 in
1316 1056 1598 1112 humanam
1615 1057 1773 1110 vitam
1789 1052 2152 1124 grassantur?

575 1154 756 1224 Neque
775 1153 917 1206 enim
944 1151 994 1206 id
1021 1149 1190 1206 solum
1215 1150 1431 1204 crudele
1456 1160 1628 1210 esset,
1657 1147 1702 1202 si
1727 1147 2006 1200 lacinorosi
2033 1159 2150 1215 quas

572 1246 769 1299 vellent
807 1256 967 1311 agere
1007 1242 1473 1311 permitterentur;
1521 1238 1616 1293 sed
1652 1246 1708 1293 et
1743 1237 1883 1292 aliud
1920 1237 2014 1293 illo
2041 1252 2148 1292 non

572 1335 749 1387 minus
777 1332 1132 1401 perniciosum
1161 1331 1322 1397 l'oret,
1345 1331 1388 1387 si
1413 1330 1502 1400 qui
1529 1329 1661 1384 nihil
1689 1330 1931 1393 laesisset,
1958 1337 2013 1384 et
2032 1328 2148 1383 sine

569 1439 730 1478 causa
761 1423 901 1477 male
930 1436 1116 1491 passus
1140 1432 1321 1487 esset,
1353 1424 1468 1476 sine
1490 1421 1688 1475 auxilio
1713 1429 1952 1475 maneret
1974 1429 2028 1475 et
2053 1435 2146 1475 ne-

568 1516 874 1586 gligeretnr.
924 1513 1016 1567 Dic
1051 1513 1195 1567 enim
1235 1512 1362 1566 mihi
1387 1552 1404 1576 ,
1445 1512 1490 1566 si
1528 1513 1647 1581 quis
1685 1512 1972 1566 sceleratos
2004 1512 2146 1566 viros

570 1605 801 1675 undique
827 1605 1081 1673 colligens
1108 1613 1162 1660 et
1187 1603 1374 1674 gladiis
1408 1604 1652 1659 muniens
1672 1645 1688 1668 ,
1715 1605 1928 1673 juberet
1957 1604 2141 1659 urbem

569 1704 736 1751 totam
758 1696 1037 1750 circumire
1057 1703 1112 1748 et
1140 1693 1326 1749 obvios
1345 1708 1583 1764 quosque
1620 1694 1904 1758 trucidare,
1926 1709 1995 1749 an
2018 1694 2143 1764 quid

568 1797 750 1859 posset
773 1788 1054 1842 immanius
1071 1786 1397 1855 excogitari?
1415 1785 1611 1840 Contra
1634 1799 1761 1840 vero
1783 1787 1827 1839 si
1849 1787 1968 1855 quis
1985 1786 2138 1851 alius,

565 1891 800 1935 armatos
841 1880 961 1936 illos
1003 1880 1228 1934 vinculis
1263 1880 1578 1933 constrictos
1620 1879 1671 1933 in
1711 1893 1979 1935 carcerem
2020 1894 2141 1934 cum

563 1971 898 2026 vehementia
921 1971 1179 2035 traderet,
1205 1971 1322 2026 illos
1342 1981 1516 2026 autem
1537 1972 1624 2040 qui
1647 1986 1770 2026 mox
1791 1970 2140 2026 interﬁciendi

563 2072 750 2128 erant,
795 2076 862 2116 ex
907 2061 1207 2131 iniquorum
1256 2061 1500 2115 manibus
1543 2061 1846 2130 abriperet,
1879 2076 2004 2115 num
2049 2061 2142 2114 illo

562 2152 850 2209 humanius
876 2152 1144 2221 quidpiam
1170 2151 1272 2206 dici
1298 2152 1500 2220 possit?
1539 2151 1662 2206 Hac
1691 2153 1848 2222 igitur
1872 2151 1938 2206 ad
1969 2152 2138 2221 legem

562 2241 791 2296 transfer
826 2243 1088 2310 exempla.
1129 2240 1260 2295 Nam
1295 2242 1382 2310 qui
1416 2241 1566 2308 jubet
1603 2242 1812 2294 oculum
1853 2255 1949 2309 pro
1983 2240 2138 2296 oculo

560 2345 749 2387 eruere
768 2371 782 2396 ,
809 2343 910 2384 ceu
949 2329 1215 2384 vinculum
1243 2329 1508 2398 quoddam
1537 2331 1748 2384 ﬁrmum
1775 2329 1828 2384 in
1868 2327 2136 2384 facinoro-

559 2437 740 2478 sorum
767 2422 972 2476 animos
986 2422 1228 2491 coniecit,
1243 2422 1408 2490 eique
1418 2421 1607 2474 similis
1632 2430 1732 2486 est,
1747 2421 2032 2491 quigladiis
2051 2436 2138 2475 ar-

559 2520 732 2566 matos
759 2511 876 2565 illos
889 2511 1124 2566 coercuit
1146 2511 1262 2579 :qui
1274 2523 1402 2563 vero
1419 2509 1544 2562 nulli
1572 2509 1841 2564 addiceret
1854 2510 2131 2579 supplicio,

559 2603 659 2657 hac
687 2603 895 2658 licentia
925 2617 1058 2671 pene
1080 2601 1225 2655 illum
1256 2611 1506 2665 armaret,
1541 2601 1793 2670 illumque
1819 2601 2132 2667 imitaretur,

552 2693 644 2764 qui
675 2700 904 2745 armatos
931 2690 1114 2758 gladiis
1136 2689 1278 2743 viros
1321 2703 1415 2758 per
1456 2697 1616 2743 totam
1649 2689 1829 2743 urbem
1879 2689 2131 2742 mitteret.

627 2781 679 2833 7.
719 2780 846 2846 Ipsa
872 2779 1091 2848 antiquae
1128 2779 1250 2847 legis
1279 2787 1528 2846 precepta
1566 2775 1778 2847 benigna
1815 2787 1952 2832 sunt.
1988 2777 2132 2833 Unus

556 2872 784 2939 idemque
809 2881 881 2923 est
909 2871 1166 2935 utriusque
1190 2867 1493 2922 Testamenti
1520 2869 1795 2938 legislator.
1834 2900 1904 2910 —
1944 2869 2131 2925 Viden‘

553 2960 824 3032 quomodo
840 2977 942 3014 non
963 2959 1296 3024 crudelitate,
1317 2960 1409 3014 sed
1429 2959 1751 3029 benignitate
1770 2976 1956 3028 magna
1974 2961 2128 3030 plena

553 3056 663 3108 sint
689 3053 990 3123 prmeepta?
1031 3053 1086 3106 Si
1115 3068 1240 3106 vero
1269 3062 1545 3123 propterea
1575 3052 1926 3122 legislatorem
1957 3054 2128 3109 mole-

552 3154 693 3198 stum
724 3158 1113 3210 onerosumque
1139 3157 1313 3205 vocas,
1344 3144 1472 3211 quid
1501 3143 1805 3205 molestius,
1833 3159 2014 3213 quaeso
2032 3185 2045 3208 ,
2074 3153 2128 3199 et

552 3237 678 3306 quid
705 3235 982 3290 onerosius
1006 3234 1107 3297 sit,
1140 3247 1242 3286 non
1267 3234 1530 3296 occidere,
1559 3248 1624 3288 an
1647 3249 1754 3289 non
1781 3235 1973 3289 irasci?
1998 3235 2127 3301 Quis

552 3327 808 3390 severior,
839 3325 929 3393 qui
957 3323 1225 3379 homicidii
1257 3338 1441 3393 poenas
1465 3325 1679 3394 repetit,
1707 3339 1773 3378 an
1797 3325 1886 3394 qui
1912 3326 2126 3380 iracun-

553 3417 692 3471 diae?
719 3416 807 3486 qui
833 3414 1098 3469 mmchum
1126 3423 1244 3483 post
1267 3423 1534 3482 peractam
1557 3419 1705 3480 rem,’
1722 3415 1980 3484 supplicio
2003 3416 2126 3470 sub.

551 3506 665 3576 jicit
687 3545 703 3569 ,
731 3520 797 3558 an
829 3504 918 3573 qui
959 3503 1124 3572 ipsius
1149 3503 1593 3571 concupiscentia
1613 3503 1763 3572 jubet
1789 3504 1918 3560 dare
1942 3519 2127 3575 poenas

552 3605 608 3649 et
648 3608 832 3665 pmnas
872 3593 1237 3647 immortales?
1283 3591 1507 3659 Videte,
1554 3593 1606 3647 in
1648 3596 1970 3650 contrarium
2021 3596 2126 3652 illis

551 3685 867 3740 conversum
894 3698 1011 3739 esse
1039 3698 1358 3738 sermonem.
1401 3683 1534 3740 Nam
1566 3686 1761 3740 veteris
1789 3686 1922 3756 legis
1947 3687 2087 3743 Dens
2107 3730 2123 3754 ,

550 3790 707 3843 quem
739 3774 836 3843 ipsi
863 3773 1046 3828 dicunt
1069 3773 1340 3827 crudelem
1370 3788 1518 3838 esse,
1548 3783 1859 3829 mansuetus
1887 3778 2124 3831 invenie-

549 3875 673 3928 tur;
720 3880 870 3918 nime
908 3875 1081 3918 autem
1115 3863 1244 3933 legis
1270 3865 1440 3929 Deus,
1471 3880 1629 3934 quem
1655 3880 1773 3920 esse
1799 3868 1993 3921 bonum
2027 3870 2124 3938 ipsi

549 3957 820 4018 fatentur,
870 3953 1125 4007 molestus
1172 3963 1224 4006 et
1273 3968 1533 4008 onerosus
1572 3955 1860 4009 secundum
1910 3957 2122 4012 illorum

549 4044 844 4099 stultitiam.
899 4042 1006 4095 Nos
1049 4043 1243 4111 quippe
1289 4058 1450 4096 unum
1497 4045 1847 4115 eumdemque
1897 4046 2122 4102 dicimus

550 4135 823 4200 utriusque
852 4131 1174 4186 Testamenti
1204 4131 1559 4200 legislatorcm
1580 4175 1595 4196 ,
1624 4134 1711 4203 qui
1741 4137 1917 4188 omnia
1949 4147 2004 4189 ut
2031 4139 2123 4191 de-

541 4223 704 4278 cebat
727 4221 1083 4290 dispensavit,
1113 4230 1166 4275 et
1194 4231 1493 4289 temporum
1519 4221 1812 4276 discrimini
1848 4227 2125 4294 utriusque

547 4314 682 4382 legis
726 4310 1077 4366 dill‘erentiam
1121 4311 1339 4378 aptavit.
1391 4309 1549 4378 Igitur
1587 4325 1684 4364 nec
1729 4312 1812 4364 illa
1859 4325 2124 4384 praecepta

549 4403 805 4469 crudelia,
832 4416 1002 4471 neque
1030 4403 1142 4455 haec
1165 4415 1390 4454 onerosa
1417 4404 1495 4455 vei
1518 4403 1761 4468 molesta,
1788 4405 1879 4459 sed
1902 4415 2123 4476 utraque

550 4497 618 4550 ab
659 4511 759 4548 una
803 4493 1091 4562 eademque
1129 4491 1454 4561 providentia
1499 4494 1924 4561 proﬁciscuntur.
1973 4500 2122 4566 Quod

548 4584 692 4638 enim
750 4583 864 4650 ipse
915 4591 1150 4636 veterem
1199 4598 1413 4653 quoque
1464 4585 1631 4654 legem
1682 4585 1930 4652 dederit,
1989 4590 2114 4644 audi

550 4675 867 4746 prephetam
903 4673 1196 4736 dicentem,
1240 4673 1348 4728 imo
1382 4676 1688 4743 (dicendum
1720 4682 1844 4748 est)
1876 4690 1930 4734 et
1965 4680 2112 4735 illum

549 4776 604 4822 et
634 4766 952 4835 prophetam
995 4783 1007 4818 :
1056 4763 1347 4832 .Disponam
1390 4768 1529 4820 vobis
1578 4779 1976 4833 testamentum,
2013 4789 2114 4826 non

547 4859 832 4914 secundum
885 4866 1252 4911 testamentum
1305 4860 1439 4928 quod
1488 4860 1725 4928 disposui
1764 4864 1999 4931 patribus
2035 4883 2115 4920 ve-

549 4946 667 4997 stris
697 4942 715 5012 (
735 4943 843 4995 Jer.
871 4943 957 4996 5i.
983 4943 1069 4997 51.
1099 4943 1167 4997 32
1189 4943 1231 5014 ).
1271 4943 1420 5011 Quod
1457 4947 1501 4998 si
1546 4948 1646 5000 hoc
1686 4963 1789 5001 non
1831 4952 2046 5022 recipiat
2079 4955 2123 5009 is

549 5035 637 5105 qui
676 5035 1080 5088 blatiichaaorum
1119 5034 1304 5089 morbo
1330 5034 1534 5089 laborat
1559 5037 1668 5104 (ο),
1697 5038 1873 5094 audiat
1899 5043 2119 5098 Paulum

550 5126 653 5181 hoc
681 5127 849 5195 ipsum
876 5139 1060 5179 rursus
1083 5125 1345 5180 dicentem
1372 5147 1384 5181 :
1410 5127 1661 5180 Abraham
1687 5131 1817 5183 enim
1838 5133 1961 5188 duos
1987 5137 2121 5203 ﬁlios

549 5218 720 5272 habuit
743 5235 760 5280 ;
787 5232 942 5270 unum
966 5218 1029 5270 de
1047 5217 1253 5281 ancilla,
1276 5227 1320 5269 et
1345 5234 1496 5269 unum
1518 5219 1580 5271 de
1603 5219 1779 5275 libera.
1808 5221 1933 5277 Htec
1953 5237 2120 5280 autem

548 5319 666 5362 sum
688 5309 789 5359 duo
813 5315 1102 5359 testamenta
1124 5305 1319 5373 (Galat.
1347 5308 1397 5359 4.
1418 5306 1505 5361 22.
1528 5310 1638 5378 24).
1665 5311 2119 5377 Quemadmodum

549 5411 677 5465 ergo
703 5394 810 5449 illic
835 5395 1055 5450 diversae
1079 5406 1197 5448 sunt
1227 5395 1474 5452 mulieres
1491 5439 1506 5462 ,
1541 5415 1672 5453 unus
1698 5411 1873 5456 autem
1901 5405 1980 5458 vir
2007 5424 2018 5458 :
2044 5408 2119 5461 sic

549 5496 602 5540 et
640 5485 740 5538 hoc
781 5485 897 5538 loco
934 5484 1038 5538 duo
1065 5485 1400 5540 Tcsuamenta
1425 5528 1439 5551 ,
1471 5505 1604 5543 unus
1633 5491 1918 5560 legislator.
1972 5496 2035 5550 Et
2065 5506 2120 5550 ut

549 5577 743 5639 discas,
775 5590 929 5630 unam
953 5576 1298 5645 eamdemque
1325 5576 1487 5633 fuisse
1512 5582 1786 5652 utrobique
1815 5599 2120 5643 mansuetu-

611 5712 685 5783 (ρ)
722 5710 959 5783 atauichaei
986 5712 1063 5783 Vde
1108 5711 1286 5783 quibus
1323 5724 1439 5783 mort
1475 5709 1685 5776 loquitur
1736 5715 2116 5782 Cbrysostomus,

551 5771 706 5826 Vetus
723 5780 1080 5824 Testamentum
1114 5771 1208 5823 non
1230 5771 1560 5823 admittebant.

759 6498 1277 6508 ___4___f

1320 401 1374 458 8.
1414 398 1688 459 JOANNIS
1722 394 2190 455 CHRYSOSTOMI
2229 393 2542 452 ABCHIEP.
2581 391 3110 450 CONSTANTINOP.

2268 507 2447 563 dinem
2478 526 2490 562 :
2521 509 2625 565 illic
2653 508 2864 579 quidem
2889 507 3042 572 dixit,
3073 506 3292 562 Oculum
3315 525 3406 580 pro
3431 511 3620 574 oculo;
3646 511 3732 568 hic
3759 531 3852 566 au-

2266 609 2369 652 tem
2401 620 2412 654 :
2439 599 2499 655 Si
2527 601 2638 668 quis
2663 609 2710 652 te
2734 598 3030 668 percusserit
3049 599 3103 652 in
3129 600 3390 654 maxillam
3413 601 3696 667 dexteram,
3723 614 3850 658 certe

2261 690 2337 742 illi
2366 703 2415 742 et
2437 691 2667 744 alterum.
2707 689 3165 758 Quemadmodum
3193 693 3334 746 enim
3367 693 3475 748 illic
3503 694 3695 748 timore
3723 711 3850 766 sup-

2261 779 2403 848 plicii
2435 780 2714 834 laedentem
2741 780 2968 844 retinet;
3001 779 3088 834 hic
3111 796 3324 851 quoque
3348 785 3538 839 eodem
3567 783 3749 840 modo.
3783 787 3850 840 Et

2259 870 2545 939 quomodo,
2569 870 2797 939 inquies,
2816 885 2938 924 cum
2952 869 3141 939 jubeat
3161 870 3306 925 illum
3322 881 3376 927 et
3395 874 3550 927 aliam
3569 873 3846 942 praebere?

2257 962 2394 1027 Quid
2437 962 2536 1016 hoc
2566 960 2825 1016 tandem?
2865 961 2982 1016 Non
3015 963 3158 1017 enim
3197 972 3254 1017 ut
3289 975 3488 1019 metum
3527 967 3700 1021 solvat
3743 966 3846 1022 hoc

2255 1057 2530 1125 praecipit,
2560 1055 2654 1112 sed
2676 1055 2829 1125 jubet
2867 1056 3093 1126 praeberi
3130 1056 3231 1126 ipsi
3270 1057 3487 1112 modum
3523 1073 3583 1112 se
3623 1074 3846 1128 prorsus

2255 1147 2512 1212 satiandi;
2545 1161 2718 1216 neque
2743 1146 2877 1200 dixit
2902 1146 3048 1200 illum
3073 1147 3290 1215 impune
3313 1146 3447 1212 fore,
3477 1163 3662 1202 verum
3693 1157 3747 1202 tu
3775 1165 3843 1213 ne

2254 1239 2480 1307 punias;
2507 1238 2661 1292 simul
2687 1252 3056 1307 percussorem
3079 1239 3122 1291 si
3147 1239 3399 1306 persistat
3419 1241 3586 1309 magis
3608 1249 3842 1307 terrens,

2252 1338 2307 1383 et
2337 1343 2646 1397 percussum
2674 1328 2976 1383 consolans.
3020 1327 3219 1383 Verum
3263 1331 3378 1383 haec
3399 1368 3416 1394 ,
3456 1338 3514 1382 ut
3549 1330 3591 1384 si
3622 1330 3743 1398 quis
3785 1330 3841 1384 in

2253 1429 2560 1475 transcursu
2595 1419 2666 1475 de
2706 1419 2953 1474 omnibus
2989 1419 3268 1488 praeceptis
3309 1420 3587 1488 loquatur,
3617 1437 3646 1473 a
3684 1420 3840 1476 nobis

2249 1510 2390 1565 dicta
2430 1521 2608 1564 sunto.
2658 1509 2773 1565 Jam
2801 1510 2866 1564 ad
2900 1511 3228 1578 propositum
3259 1511 3437 1566 redire
3462 1525 3682 1566 necesse
3710 1520 3795 1566 est
3818 1552 3836 1578 ,

2249 1615 2457 1655 necnon
2488 1601 2682 1656 seriem
2716 1600 2862 1668 prius
2890 1600 3149 1654 dictorum
3181 1610 3446 1670 repetere.
3477 1602 3578 1667 Qui
3601 1603 3840 1656 irascitur

2247 1691 2396 1762 fratri
2421 1707 2512 1745 suo
2541 1699 2742 1745 temere
2762 1731 2776 1752 ,
2813 1706 2926 1743 reus
2950 1689 3042 1742 erit
3060 1690 3260 1759 judicio
3279 1732 3295 1756 ,
3324 1690 3514 1759 inquit.
3542 1690 3660 1745 Non
3690 1693 3835 1746 enim

2246 1799 2468 1854 prorsus
2503 1798 2616 1838 rem
2658 1782 2871 1836 sustulit
2897 1801 2908 1834 :
2940 1782 3116 1851 primo
3140 1823 3153 1844 ,
3179 1781 3300 1850 quia
3333 1797 3438 1836 non
3469 1791 3644 1850 potest
3674 1781 3837 1837 homo

2246 1875 2410 1936 animi
2451 1872 2728 1929 allectibus
2769 1886 2987 1941 prorsus
3030 1871 3282 1936 liberari;
3315 1873 3409 1926 sed
3441 1874 3562 1928 illos
3598 1875 3837 1928 retinere

2245 1964 2460 2034 quidem
2491 1977 2771 2032 possumus
2789 2002 2805 2026 ,
2832 1962 3034 2031 absque
3059 1962 3162 2015 illis
3188 1963 3408 2016 omnino
3431 1977 3550 2018 esse
3576 1978 3679 2017 non
3707 1979 3832 2034 pos-

2244 2069 2460 2118 sumus;
2492 2054 2686 2109 deinde
2710 2095 2724 2119 ,
2760 2055 2883 2124 quia
2925 2053 3013 2108 ille
3049 2054 3211 2107 animi
3244 2065 3420 2108 motus
3449 2056 3594 2110 utilis
3621 2066 3744 2122 est,
3785 2057 3832 2111 si

2243 2145 2337 2200 illo
2376 2147 2610 2200 sciamus
2651 2157 2950 2216 opportune
2989 2149 3084 2201 uti.
3132 2147 3409 2216 Perpende
3451 2149 3593 2203 enim
3633 2160 3832 2218 quanta

2242 2238 2380 2292 bona
2402 2238 2640 2292 attulerit
2659 2237 2804 2292 Pauli
2829 2239 2904 2293 ira
2926 2249 3109 2292 contra
3131 2239 3458 2293 Corinthios.
3480 2239 3610 2293 Nam
3632 2250 3687 2294 et
3714 2240 3832 2294 illos

2240 2345 2271 2384 a
2299 2345 2486 2399 magna
2528 2339 2674 2400 peste
2703 2330 2978 2393 liberavit;
3024 2329 3328 2386 Galatarum
3355 2331 3480 2386 item
3506 2341 3720 2401 gentem
3752 2332 3832 2386 la-

2242 2435 2390 2488 psam
2437 2436 2532 2490 per
2560 2420 2698 2474 hanc
2727 2421 3092 2489 recuperavit,
3131 2421 3374 2490 aliosque
3414 2423 3628 2476 multos.
3674 2423 3828 2489 Quod

2240 2527 2368 2580 ergo
2403 2521 2612 2582 tempus
2659 2513 2751 2567 irte
2776 2522 3131 2582 opportunum
3173 2513 3298 2567 eSt?
3326 2512 3547 2581 Quando
3584 2530 3687 2569 non
3727 2531 3829 2571 nos

2242 2602 2385 2670 ipsos
2427 2604 2769 2667 ulciscimur,
2801 2603 2896 2657 sed
2933 2603 3066 2656 alios
3106 2605 3407 2672 petulantes
3447 2606 3784 2673 reprimimus
3807 2649 3823 2672 ,

2237 2690 2451 2745 desides
2478 2693 2856 2747 convertimus.
2883 2691 3034 2758 Quod
3065 2702 3272 2762 tempus
3295 2709 3400 2747 non
3425 2699 3826 2764 opportunum?

2236 2781 2460 2848 Quando
2487 2799 2588 2839 nos
2613 2784 2760 2852 ipsos
2789 2783 3103 2840 ulciscentes
3134 2783 3185 2839 id
3217 2785 3458 2840 facimus.
3491 2787 3642 2852 Quod
3680 2789 3821 2844 Pau-

2237 2873 2320 2926 lus
2359 2875 2614 2928 cohibeus
2643 2874 2854 2928 dicebat
2887 2892 2901 2928 :
2936 2873 3058 2928 Non
3101 2877 3425 2944 vosmetipsos
3467 2878 3818 2942 vindicantes,

2236 2963 2440 3028 dilecti,
2472 2963 2560 3017 sed
2589 2963 2705 3017 date
2726 2965 2891 3017 locum
2919 2965 3010 3018 irae
3034 2964 3212 3033 (Rom.
3246 2965 3335 3020 12.
3364 2965 3476 3037 19).
3503 2967 3727 3034 Quando
3754 2968 3822 3023 de

2237 3054 2475 3124 pecuniis
2517 3055 2804 3124 litigamus.
2849 3055 2982 3110 Nam
3021 3065 3074 3111 ct
3113 3057 3216 3110 hoc
3253 3057 3335 3112 his
3361 3058 3537 3113 verbis
3563 3059 3818 3114 sustulit:

2236 3139 2406 3212 Quare
2432 3161 2532 3198 non
2560 3147 2721 3216 magis
2749 3145 2988 3215 injuriam
3017 3148 3285 3215 accipitis?
3325 3165 3480 3217 quare
3519 3165 3619 3204 non
3659 3153 3820 3221 magis

2229 3237 2462 3305 fraudant
2487 3237 2717 3305 patimini
2745 3238 2763 3306 (
2789 3237 2841 3290 l.
2869 3237 2985 3291 Cor.
3021 3239 3074 3293 6.
3115 3239 3148 3292 7
3171 3239 3232 3305 )?
3258 3238 3406 3294 Sicut
3427 3240 3568 3295 enim
3599 3242 3715 3296 hac
3741 3242 3817 3296 ira

2231 3341 2624 3396 supervacanea
2650 3338 2767 3394 est,
2799 3328 2877 3382 sic
2904 3327 2993 3382 illa
3023 3331 3321 3384 necessaria
3346 3341 3400 3384 et
3424 3331 3586 3386 utilis.
3623 3331 3815 3387 Verum

2232 3419 2383 3472 multi
2409 3435 2440 3471 e
2477 3421 2746 3474 contrario
2784 3421 3013 3487 faciunt,
3051 3421 3254 3476 efferati
3281 3463 3295 3485 ,
3321 3437 3441 3476 cum
3481 3422 3671 3492 injuria
3694 3422 3814 3478 alli-

2231 3509 2482 3571 ciuntur,
2527 3509 2744 3564 resoluti
2788 3521 2840 3565 et
2881 3510 3067 3565 molles
3091 3551 3107 3574 ,
3144 3526 3264 3564 cum
3313 3511 3495 3566 lmsum
3535 3513 3697 3568 alium
3732 3514 3812 3567 vi-

2231 3592 2360 3652 dent
2400 3615 2412 3651 :
2442 3614 2562 3668 quae
2590 3598 2747 3652 ambo
2775 3599 3040 3653 contraria
3069 3611 3191 3654 sunt
3228 3601 3546 3671 evangelicis
3586 3602 3810 3672 legibus.

2230 3686 2345 3740 Non
2372 3702 2501 3758 ergo
2526 3689 2681 3743 irasci
2714 3689 2949 3758 iniquum
2978 3700 3060 3744 est
3085 3731 3100 3754 ,
3131 3689 3224 3745 sed
3253 3692 3608 3761 inopportune
3632 3693 3810 3748 irasci.

2233 3777 2357 3831 Ideo
2384 3779 2636 3848 propheta
2664 3780 2872 3834 dicebat
2903 3799 2915 3833 :
2946 3780 3236 3834 lrascimini
3253 3822 3268 3845 ,
3308 3792 3356 3835 et
3395 3782 3548 3836 nolite
3584 3800 3810 3853 peccare.

2235 3867 2334 3932 Qui
2363 3879 2529 3921 autem
2562 3869 2744 3922 dixerit
2782 3871 2931 3938 fratri
2968 3886 3093 3935 suo,
3123 3887 3244 3923 raca
3267 3911 3281 3933 ,
3323 3888 3436 3926 reus
3472 3873 3566 3925 erit
3602 3873 3813 3927 concilio

2230 3966 2249 4034 (
2277 3962 2420 4019 Psal.
2451 3964 2505 4016 4.
2537 3961 2632 4030 5).
2681 3959 2976 4014 Concilium
3007 3959 3130 4026 hic,
3169 3961 3424 4029 judicium
3467 3961 3812 4017 Hebraeorum

2229 4063 2403 4111 vocat.
2447 4051 2599 4121 Quod
2642 4051 2762 4106 ideo
2793 4065 2933 4104 nunc
2963 4052 3174 4120 posuit,
3217 4066 3283 4106 ne
3324 4053 3520 4123 ubique
3543 4053 3813 4109 videretur

2229 4160 2368 4199 nova
2415 4153 2469 4197 et
2505 4141 2779 4212 peregrina
2815 4142 3013 4197 dicere.
3059 4142 3190 4196 Illud
3229 4151 3406 4199 autem
3432 4186 3448 4210 ,
3485 4143 3627 4199 Raca
3649 4187 3663 4208 ,
3704 4161 3811 4201 non

2229 4250 2434 4304 magnae
2460 4234 2796 4288 contumelia:
2822 4249 2923 4288 vox
2949 4243 3031 4289 est
3047 4275 3061 4298 ,
3085 4235 3180 4289 sed
3204 4236 3378 4304 potius
3401 4246 3738 4307 contemptus
3756 4249 3813 4295 et

2229 4323 2583 4393 negligentiae.
2607 4322 3067 4388 Quemadmodum
3086 4325 3227 4377 enim
3247 4339 3346 4379 nos
3363 4325 3572 4382 famulis
3590 4327 3812 4399 aliisque

2229 4415 2396 4469 intimi
2437 4413 2631 4483 gradus
2661 4414 2983 4482 imperantes
3021 4412 3248 4468 dicimus
3278 4433 3291 4468 :
3323 4415 3468 4470 Vade
3516 4426 3570 4471 tu
3591 4459 3606 4480 ,
3638 4418 3725 4474 dic
3756 4428 3810 4473 tu

2228 4505 2305 4560 illi
2338 4525 2350 4559 :
2378 4507 2454 4560 sic
2493 4505 2580 4574 qui
2611 4504 2864 4574 Syrorum
2906 4505 3079 4574 lingua
3122 4516 3372 4571 utuntur,
3403 4522 3537 4564 voce
3567 4507 3708 4564 Raca
3736 4511 3810 4566 uti

2227 4593 2420 4660 solent,
2448 4593 2527 4648 Tu
2553 4594 2933 4665 signiﬁcantes.
2961 4594 3066 4649 Sed
3093 4593 3355 4665 benignus
3380 4596 3518 4652 Deus
3543 4599 3628 4654 vel
3655 4602 3811 4655 mini-

2227 4700 2312 4739 ma
2341 4684 2559 4751 evellit,
2595 4684 2786 4751 jubens
2831 4697 2930 4739 nos
2972 4694 3285 4739 reverenter
3317 4696 3502 4742 mutuo
3526 4703 3687 4758 agere
3709 4731 3724 4756 ,
3756 4699 3810 4746 et

2230 4791 2347 4832 cum
2377 4776 2580 4831 honore
2610 4777 2837 4843 decenti,
2863 4786 2919 4830 ut
2945 4791 3041 4846 per
3062 4775 3175 4830 haec
3195 4777 3356 4831 etiam
3387 4779 3586 4848 majora
3615 4781 3808 4837 tollan-

2230 4877 2332 4922 tur.
2367 4868 2468 4932 Qui
2493 4877 2656 4919 autem
2681 4869 2898 4934 dixerit,
2933 4869 3072 4938 fatue
3091 4908 3104 4929 ,
3134 4883 3250 4920 reus
3276 4869 3368 4922 erit
3394 4870 3634 4939 gehennae
3653 4873 3806 4942 ignis.

2227 4957 2340 5012 Hoc
2369 4967 2689 5028 przeceptum
2717 4958 2900 5011 multis
2925 4972 3086 5027 grave
3107 4966 3161 5012 et
3185 4973 3468 5015 nnerosum
3494 4961 3665 5015 visum
3688 4948 3804 5016 est:

2227 5050 2271 5103 si
2313 5065 2407 5119 pro
2436 5065 2542 5103 uno
2569 5051 2792 5118 simplici
2821 5050 2988 5105 verbo
3026 5058 3231 5103 tantum
3270 5050 3563 5106 debeamus
3606 5053 3807 5122 suppli-

2227 5141 2368 5194 cium
2408 5141 2571 5194 luere.
2605 5140 2828 5207 Quidam
2856 5155 2981 5194 vero
3020 5141 3120 5193 hoc
3161 5141 3330 5209 ipsum
3363 5139 3700 5211 hyperbolice
3726 5141 3800 5195 di-

2233 5241 2373 5287 ctum
2399 5233 2719 5292 exiSIimant.
2770 5231 2871 5286 Sed
2899 5245 3090 5285 vereor
3115 5246 3181 5286 ne
3210 5231 3390 5285 verbis
3420 5233 3504 5286 hic
3532 5246 3630 5286 nos
3656 5231 3803 5287 deci-

2227 5323 2454 5392 pientes,
2484 5323 2654 5390 reipsa
2685 5334 2982 5376 extremum
3011 5321 3295 5376 subeamus
3321 5323 3658 5390 supplicium.

2300 5415 2354 5467 8.
2395 5412 2486 5465 Ira
2513 5428 2604 5466 cur
2630 5414 2964 5481 reprimenda.
2995 5413 3310 5467 Contumelia
3346 5415 3476 5467 nihil
3511 5414 3802 5468 intolerabi-

2231 5501 2344 5573 lius.
2370 5532 2433 5544 —-
2464 5501 2588 5564 Cur,
2631 5518 2834 5572 quaeso,
2883 5518 3170 5566 onerosum
3217 5505 3425 5558 videtur
3452 5518 3572 5559 esse
3596 5518 3800 5575 praece-

2229 5598 2413 5665 ptum?
2439 5599 2517 5649 An
2543 5597 2720 5650 nescis
2745 5597 2997 5666 pleraque
3025 5599 3284 5666 supplicia
3305 5609 3358 5653 et
3385 5607 3598 5668 peccata
3623 5615 3652 5653 a
3679 5615 3799 5654 ver-

2230 5687 2310 5740 bis
2340 5686 2542 5738 initium
2589 5686 2821 5741 ducere?
2865 5688 2966 5742 Per
2993 5689 3151 5742 verba
3193 5692 3335 5744 enim
3385 5691 3727 5761 blasphemia:
3744 5704 3801 5749 et
3887 5726 3890 5730 -

2229 5777 2504 5846 abnegatio
2523 5778 2645 5845 Dei;
2673 5797 2765 5848 per
2782 5781 2960 5839 verba.
2983 5782 3220 5838 convicia
3239 5792 3294 5837 et
3313 5783 3667 5851 contumelia,
3683 5804 3769 5858 per
3785 5818 3804 5829 -
