4114 6480
274 421 392 478 2:0

278 537 445 604 juris,
491 533 622 588 falsa
665 528 990 595 testimonia,
1021 527 1134 598 ipsa
1166 523 1472 580 homicidia.
1525 521 1600 575 Ne
1629 521 1788 587 igitur
1823 517 1874 571 id

282 623 558 685 attendas,
585 623 725 691 quod
755 635 918 675 unum
945 621 1014 672 sit
1035 619 1296 681 verbum;
1328 614 1422 670 sed
1451 629 1517 667 an
1537 612 1760 666 multum
1781 612 1876 663 ha-

283 717 412 768 beat
441 714 680 784 periculi,
705 713 807 767 hoc
832 713 1099 766 examina.
1123 712 1202 763 An
1227 709 1457 778 ignoras,
1483 703 1876 760 inimicitiarum

284 814 553 873 tempore,
577 819 697 858 curn
727 804 800 856 ira
825 801 1164 857 succenditur
1184 800 1395 853 animus
1419 807 1474 852 et
1498 796 1876 858 inflammatur,

291 910 404 947 rem
427 894 698 948 minimam
716 909 964 962 magnam
985 891 1174 955 videri,
1201 899 1255 944 et
1281 889 1546 942 modicum
1577 885 1877 940 convicium

284 986 576 1038 molestum
601 985 754 1039 esse?
778 984 1035 1054 Sameque
1066 982 1180 1035 hmc
1211 994 1368 1049 parva
1395 989 1450 1034 et
1475 977 1880 1032 homicidiorum

284 1089 448 1128 causa
479 1073 649 1139 fuere,
678 1083 731 1128 et
759 1075 1004 1142 civitates
1044 1073 1280 1142 integras
1307 1071 1702 1124 subverterunt.
1735 1066 1884 1121 Sicut

286 1167 433 1221 enim
466 1167 606 1221 inter
632 1167 833 1220 amicos
861 1163 1023 1219 etiam
1050 1181 1169 1232 quae
1197 1164 1419 1217 molesta
1442 1170 1588 1223 sunt,
1615 1159 1747 1213 levia
1777 1159 1878 1212 du-

286 1268 515 1310 cuntur:
539 1258 636 1320 sic,
667 1255 938 1310 inimicitia
959 1256 1200 1314 suborta.
1224 1255 1305 1308 vel
1331 1253 1545 1306 minima
1576 1249 1883 1304 intolerabi-

286 1346 360 1400 lia
391 1347 653 1401 videntur.
686 1345 909 1400 Etiamsi
937 1346 1252 1415 simpliciter
1280 1345 1421 1398 dicta
1453 1344 1578 1406 sint,
1605 1341 1748 1394 malo
1769 1340 1884 1394 ani-

285 1455 381 1493 mo
407 1440 610 1508 prolata
651 1439 1043 1492 existimantur.
1075 1439 1152 1490 Ac
1179 1434 1626 1505 quemadmodum
1659 1433 1710 1485 itt
1737 1432 1879 1500 igne,

287 1532 336 1583 si
369 1546 526 1599 parva
556 1529 786 1584 scintilla
834 1530 922 1593 sit,
975 1529 1185 1583 etiamsi
1234 1527 1511 1582 innumera
1565 1526 1702 1594 ligna
1734 1523 1884 1590 adja-

287 1631 468 1687 ceaut,
502 1636 607 1675 non
637 1620 792 1675 facile
820 1620 1248 1682 inflammantur;
1284 1619 1328 1673 si
1355 1632 1485 1672 vero
1511 1617 1619 1685 jam
1647 1617 1698 1669 in
1718 1615 1883 1668 altum

289 1711 506 1765 ﬂamma
532 1719 836 1780 consurgat,
865 1726 971 1765 non
1002 1710 1142 1778 ligna
1169 1709 1348 1771 modo,
1373 1707 1467 1762 sed
1492 1708 1650 1761 etiam
1683 1705 1887 1774 lapides

289 1802 559 1870 aliamque
584 1801 906 1856 incidentem
939 1801 1214 1878 materiam
1247 1799 1403 1854 facile
1429 1798 1680 1867 corripit;
1708 1807 1761 1852 et
1793 1811 1889 1866 per

290 1908 410 1961 qua!
442 1893 694 1964 restingui
720 1894 878 1957 solet,
911 1909 1004 1962 per
1028 1894 1140 1946 hrec
1162 1892 1446 1947 violentius
1473 1891 1622 1944 ardet
1651 1888 1887 1962 (quidam

290 1985 436 2038 enim
463 1985 650 2039 dicunt
678 2001 784 2038 non
818 1985 1016 2054 lignum
1048 1985 1226 2048 modo,
1255 1974 1500 2054 stuppam
1530 1983 1736 2051 aliaque
1756 1981 1890 2050 ignis

293 2075 570 2137 alimenta,
598 2076 694 2129 sed
721 2075 880 2129 etiam
911 2075 1200 2128 immissam
1224 2090 1412 2143 aquam
1437 2075 1604 2143 magis
1625 2075 1730 2126 vim
1754 2072 1891 2140 ignis

292 2166 583 2234 excitare):
609 2167 687 2220 sic
713 2176 766 2221 et
794 2165 848 2219 in
876 2166 951 2219 ira
998 2166 1222 2220 accidit:
1249 2163 1503 2234 quidquid
1539 2164 1760 2228 dixeris,
1781 2163 1891 2216 "ali-

297 2265 540 2324 mentum
571 2254 794 2324 maligni
823 2254 1052 2308 incendii
1077 2255 1256 2308 statim
1278 2252 1530 2308 efficitur.
1559 2252 1688 2320 Quae
1713 2251 1892 2305 omnia

295 2321 543 2398 Christus
573 2354 696 2397 ante
723 2345 1106 2412 comprimens,
1136 2360 1256 2398 eum
1283 2344 1372 2413 qui
1402 2354 1602 2398 temere
1625 2343 1889 2407 irascitur,

293 2432 496 2501 judicio
523 2432 896 2489 condemnavit
922 2434 1064 2501 (ideo
1095 2433 1248 2498 dixit,
1276 2433 1374 2499 Qui
1395 2434 1649 2499 irascitur,
1672 2449 1787 2486 reus
1801 2434 1895 2484 erit

288 2527 536 2595 judicio),
562 2527 830 2580 dicentem
857 2541 1006 2593 vero,
1034 2542 1180 2592 raca,
1213 2541 1364 2580 reum
1394 2540 1514 2581 esse
1542 2527 1616 2580 ait
1641 2525 1891 2580 concilio.

295 2615 406 2671 Sed
447 2615 560 2671 haec
589 2616 828 2671 nondum
859 2633 1048 2686 magna
1081 2626 1239 2670 sunt:
1274 2619 1325 2670 in
1357 2616 1458 2670 hoc
1501 2617 1642 2670 enim
1692 2615 1892 2670 saeculo

301 2707 612 2773 puniuntur.
635 2706 867 2775 Ideoque
895 2707 942 2761 ei
965 2708 1055 2776 qui
1087 2707 1288 2760 fatuum
1306 2707 1671 2776 appellaverit,
1697 2707 1896 2775 gehen-

298 2813 385 2851 na:
407 2796 581 2866 ignem
609 2798 835 2867 adjecit;
870 2813 1116 2866 nuncque
1159 2798 1388 2866 primum
1417 2797 1678 2866 gehentue
1708 2812 1895 2850 vocem

301 2888 542 2957 protulit.
576 2888 731 2942 Prius
758 2887 900 2942 enim
945 2889 1108 2942 multa
1141 2888 1206 2941 de
1251 2902 1417 2957 regno
1455 2887 1721 2955 loquutus,
1771 2895 1897 2941 tunc

301 2993 424 3032 eam
448 2979 794 3042 memoravit;
825 2979 1116 3034 ostendens
1149 2978 1278 3032 illud
1309 2979 1523 3046 quidem
1557 2979 1898 3048 benignitatis

301 3081 361 3122 et
389 3068 677 3124 voluntatis
706 3085 817 3124 sua:
845 3085 985 3135 esse,
1029 3070 1168 3124 hanc
1207 3085 1343 3124 vero
1373 3079 1571 3124 nostra:
1611 3070 1892 3126 socordiae.

302 3161 385 3213 Ac
410 3159 530 3214 vide
559 3160 830 3230 quomodo
884 3163 1135 3230 paulatim
1187 3162 1444 3230 procedat
1495 3164 1549 3215 in
1600 3164 1894 3232 suppliciis,

259 3267 261 3269 ί
303 3253 456 3321 quasi
490 3253 602 3308 fere
631 3268 751 3307 sese
777 3253 916 3321 apud
949 3263 998 3306 te
1031 3262 1301 3322 purgaret,
1333 3253 1647 3318 ostendens,
1688 3272 1747 3310 se
1776 3254 1897 3326 qui-

303 3344 428 3397 dem
474 3345 643 3398 nullas
670 3344 872 3398 similes
913 3346 1087 3399 minas
1113 3347 1378 3400 intentare
1407 3347 1563 3407 velle,
1597 3361 1693 3400 nos
1723 3357 1898 3402 autem

304 3435 460 3489 illum
482 3436 546 3488 ad
567 3436 698 3490 tales
713 3436 1142 3490 denuntiationes
1158 3430 1502 3506 compellere.
1523 3438 1902 3493 Animadverte

304 3527 471 3580 enim.
507 3525 645 3590 Dixi,
679 3541 746 3579 ne
792 3526 986 3580 frustra
1019 3528 1282 3589 irascaris,
1315 3543 1437 3580 nam
1469 3543 1596 3582 reus
1623 3529 1730 3583 eris
1753 3529 1899 3598 judi-

304 3615 425 3679 cio;
451 3615 676 3684 primum
703 3615 835 3670 illud
870 3617 1260 3685 contempsisti.
1292 3616 1426 3672 Vide
1468 3618 1595 3688 quid
1634 3621 1903 3688 pepererit

307 3707 422 3761 ira:
452 3707 516 3761 ad
543 3707 922 3762 contumeliam
955 3707 1290 3763 inferendam
1318 3718 1370 3763 te
1400 3710 1578 3763 statim
1620 3715 1898 3778 pertraxit.

305 3797 454 3853 Raca
484 3801 625 3853 enim
655 3800 856 3853 vocasti
888 3800 1106 3854 fratrem
1140 3809 1320 3866 tuum;
1356 3816 1542 3856 rursus
1567 3802 1728 3856 aliam
1772 3817 1902 3857 con-

308 3889 458 3942 stitui
489 3905 722 3958 pinnam,
753 3906 944 3959 nempe
973 3892 1206 3946 concilii.
1231 3891 1297 3962 Si
1317 3893 1416 3948 hac
1439 3898 1602 3947 etiam
1627 3895 1898 3964 despeCIa,

309 3979 379 4034 ad
395 3980 536 4034 aliud
559 3982 814 4048 procedas
829 3983 1063 4051 gravius.
1088 3999 1192 4037 non
1215 3983 1351 4037 ultra
1371 3993 1421 4038 te
1444 3983 1733 4039 moderatis
1756 3985 1903 4040 hisce

310 4072 486 4139 poenis
516 4072 762 4136 ulciscar,
791 4073 885 4128 sed
920 4075 1201 4129 immortali
1235 4075 1495 4144 gehenna:
1526 4076 1808 4144 supplicio,
1836 4092 1902 4132 ne

309 4161 528 4218 demum
554 4162 619 4216 ad
650 4165 854 4219 caedem
880 4167 1038 4219 etiam
1063 4167 1331 4236 prosilias.
1359 4166 1502 4222 Nihil
1527 4180 1606 4223 est
1631 4168 1794 4229 enim,
1817 4170 1906 4222 Ani-

310 4251 387 4307 hil
412 4263 494 4308 est
524 4256 706 4324 utique
733 4258 1053 4312 contumelia
1071 4259 1477 4324 intolerabilius,
1507 4276 1603 4314 nec
1628 4261 1769 4330 quod
1791 4275 1905 4314 ma-

309 4346 392 4414 gis
408 4346 574 4413 possit
599 4346 888 4402 humanum
907 4349 1157 4404 mordere
1183 4350 1439 4404 animum.
1459 4351 1610 4416 Quod
1637 4352 1680 4404 si
1701 4349 1903 4405 dictum

310 4435 442 4489 illud
471 4437 914 4491 contumeliosius
943 4449 997 4491 et
1028 4441 1204 4493 acrius
1247 4439 1426 4505 fuerit,
1472 4449 1580 4493 ttun
1622 4440 1813 4510 duplex
1847 4440 1906 4495 fit

313 4525 642 4579 incendium.
677 4526 752 4580 Ne
777 4527 935 4595 igitur
959 4528 1072 4582 leve
1099 4528 1372 4582 existimes
1402 4545 1522 4583 esse
1548 4530 1782 4597 aliquem
1807 4545 1902 4581 vo-

311 4630 436 4670 care
467 4615 688 4671 fatuum.
729 4617 952 4686 Quando
978 4620 1120 4673 enim
1164 4621 1276 4686 illo,
1308 4637 1414 4690 quo
1440 4636 1470 4675 a
1502 4622 1669 4675 brutis
1698 4622 1904 4677 (Μετί-

310 4723 452 4769 mus,
480 4717 534 4762 et
559 4723 664 4777 quo
702 4711 934 4764 maxime
960 4709 1202 4765 homines
1233 4727 1440 4775 sumus,
1484 4723 1662 4767 mente
1699 4713 1904 4767 scilicet

313 4807 472 4868 atque
495 4799 773 4866 prudentia
793 4799 1009 4856 fratrem
1037 4803 1256 4872 spolias,
1279 4805 1423 4857 omni
1453 4805 1598 4859 illum
1624 4805 1902 4860 nobilitate

311 4888 557 4956 privasti.
585 4886 662 4943 Ne
687 4890 863 4960 itaque
886 4892 1065 4948 verbis
1084 4893 1260 4948 solum
1289 4895 1645 4962 attendamus,
1689 4896 1783 4949 sed
1813 4911 1902 4950 res

313 4979 458 5046 ipsas
497 4987 548 5032 et
577 4977 823 5034 allectum
860 4984 1281 5052 considerantes,
1325 4986 1619 5054 cogitemus
1649 4995 1900 5056 quantam

315 5068 418 5124 ltoc
445 5070 664 5125 verbum
697 5073 904 5142 plagam
938 5075 1147 5139 inferat,
1199 5085 1252 5131 et
1295 5077 1348 5131 in
1393 5087 1649 5148 quantum
1703 5077 1899 5132 malum

313 5164 611 5232 perveniat.
645 5165 768 5220 Ideo
787 5166 982 5221 Paulus
1013 5184 1117 5223 non
1151 5171 1386 5226 moechos
1419 5181 1621 5226 tantum
1661 5181 1717 5227 et
1759 5171 1899 5225 mol-

316 5253 414 5316 les,
447 5270 630 5308 verum
655 5257 818 5311 etiam
849 5259 1135 5313 maledicos
1163 5276 1193 5314 a
1221 5275 1388 5331 regno
1417 5263 1642 5317 exclusit
1671 5264 1744 5333 (l.
1775 5260 1893 5316 Cor.

315 5344 369 5399 6.
395 5345 483 5414 l0)
511 5364 526 5400 :
550 5356 604 5400 et
626 5347 747 5417 jure
775 5349 1011 5417 quidem.
1042 5349 1175 5404 Nam
1203 5354 1624 5407 contumeliosus
1663 5353 1898 5406 caritatis

313 5437 510 5492 bonum
558 5441 886 5509 pessumdat,
933 5457 995 5496 ac
1038 5446 1303 5498 sexcentis
1335 5447 1634 5513 proximum
1666 5445 1894 5498 involvit

317 5532 494 5594 malis,
543 5543 828 5601 perpetuas
861 5532 1002 5588 fovet
1047 5535 1371 5600 inimicitias,
1419 5535 1612 5590 Christi
1659 5535 1896 5589 membra
1937 5573 1948 5580 .

315 5620 591 5689 discerpit,
625 5636 807 5690 pacem
835 5622 976 5676 illam
1007 5623 1119 5678 Deo
1144 5625 1432 5693 optabilem
1459 5624 1694 5692 quotidie
1725 5626 1891 5693 pelltt,

316 5707 474 5765 latam
495 5711 708 5766 diabolo
739 5728 832 5781 per
857 5714 1211 5769 contumelias
1237 5729 1431 5782 parans
1451 5714 1612 5779 viam,
1644 5715 1898 5783 illumque

312 5801 553 5859 efficiens
580 5801 873 5859 fortiorem.
903 5802 1028 5860 Ideo
1053 5804 1297 5861 Christus
1324 5819 1518 5863 nervos
1545 5806 1686 5861 Illius
1713 5812 1900 5874 poten-

1387 409 1449 465 ΙΝ
1489 402 1895 462 MATTHEUM
1936 401 2167 458 llOMlL.
2211 404 2348 461 XVI.

3483 405 3590 458 350

1991 519 2078 573 tite
2104 517 2446 583 exscindens,
2479 517 2616 572 hanc
2660 516 2828 585 legem
2880 515 3105 570 induxit.
3159 515 3344 586 Magna
3393 517 3593 586 quipr

1987 619 2069 664 est
2099 611 2173 663 illi
2200 609 2436 664 caritatis
2462 623 2611 662 cura.
2649 609 2773 662 llmc
2808 609 3005 677 quippe
3040 616 3123 662 est
3149 611 3392 663 omnium
3420 619 3592 663 mater

1986 701 2275 763 bonorum,
2303 711 2450 755 certa
2482 699 2870 768 discipulorum
2896 709 3040 761 nota,
3067 714 3186 769 quae
3203 701 3381 754 omnia
3409 713 3590 754 nostra

1986 791 2244 844 continet.
2267 791 2397 845 Jure
2419 806 2548 858 ergo
2577 791 2786 844 radices
2826 799 2881 843 et
2927 790 3103 845 fontes
3149 792 3441 846 inimicitiae
3471 807 3592 860 qua:

1989 883 2130 936 illam
2163 881 2471 950 pessumdat
2497 897 2617 937 cum
2647 881 2983 935 vehementia
3012 883 3176 937 multa
3201 881 3452 937 Christus
3477 898 3590 935 am-

1987 982 2138 1041 putat
2164 981 2221 1026 et
2251 972 2406 1026 tollit.
2436 971 2514 1026 Ne
2543 973 2702 1042 igitur
2729 973 2842 1026 luec
2864 989 2960 1041 per
2978 973 3306 1043 hyperbolen
3328 974 3474 1029 dicta
3497 990 3594 1044 pu-

1991 1074 2090 1129 tes,
2123 1064 2217 1119 sed
2245 1065 2487 1135 cogitans
2512 1075 2710 1136 quanta
2739 1067 2877 1120 bona
2912 1083 3104 1135 parcre
3133 1068 3360 1137 possint,
3401 1069 3592 1122 harum

1987 1155 2455 1210 mansuetudinem
2496 1156 2672 1225 legum
2722 1155 2938 1212 mirare.
2969 1157 3114 1212 Nihil
3160 1159 3302 1212 enim
3345 1160 3414 1212 ita
3442 1173 3594 1214 curat

1989 1245 2153 1311 Deus,
2184 1255 2243 1299 ut
2273 1261 2371 1300 nos
2395 1249 2591 1300 mutuis
2613 1247 2838 1302 vinculis
2861 1249 3120 1318 colligari.
3147 1250 3271 1307 ldeo
3293 1262 3344 1305 et
3371 1267 3468 1322 per
3487 1253 3595 1306 sei-

1991 1353 2143 1406 psum
2183 1349 2237 1393 et
2280 1355 2378 1409 per
2407 1341 2697 1408 discipulos
2742 1330 2891 1407 sues,
2941 1352 3045 1396 tam
3091 1344 3142 1396 in
3170 1343 3320 1398 Novo
3347 1360 3508 1414 quam
3543 1347 3594 1399 in

1990 1427 2171 1482 Veteri
2204 1429 2571 1497 Testamento,
2626 1431 2795 1484 multo
2839 1432 2942 1486 hoc
2987 1443 3312 1504 praeceptum
3343 1452 3596 1492 sermone

1989 1521 2350 1588 commendat,
2397 1532 2451 1576 et
2491 1523 2784 1577 vehemens
2815 1524 3010 1579 vindex
3039 1537 3332 1581 esteorum
3361 1531 3450 1597 qui
3481 1530 3596 1582 iure

1991 1613 2311 1682 despiciunt.
2340 1615 2550 1670 Etenim
2585 1616 2717 1670 nihil
2751 1618 2820 1671 ita
2851 1620 3109 1672 malitiam
3138 1636 3354 1674 omnem
3389 1621 3594 1674 inducit

1993 1717 2045 1760 et
2064 1707 2269 1772 fundat,
2297 1710 2606 1763 utcaritatis
2629 1712 2876 1765 remotio.
2899 1711 3023 1766 ideo
3039 1712 3271 1777 dicebat,
3295 1714 3418 1767 Cum
3441 1713 3594 1767 abun-

1994 1798 2182 1850 dat'erit
2205 1799 2463 1869 iniquitas,
2513 1801 2800 1868 refrigescet
2827 1802 3015 1854 caritas
3063 1803 3335 1854 multorum
3376 1803 3592 1866 (Matth.

1993 1889 2083 1943 24.
2116 1890 2245 1959 12)(
2268 1893 2357 1946 Sic
2393 1892 2525 1946 Cain
2561 1893 2829 1948 fratricida
2877 1895 3046 1949 factus
3077 1905 3180 1959 est,
3212 1897 3290 1950 sic
3328 1898 3488 1962 Esau,
3520 1900 3597 1955 sic

1996 1981 2185 2036 fratres
2205 1982 2422 2053 Josephi
2440 2001 2454 2044 ;
2475 1986 2550 2038 sic
2569 1985 2843 2040 innumera
2867 1997 3051 2040 exorta
3075 1997 3201 2040 sunt
3228 1989 3390 2052 mala,
3413 1989 3595 2042 avulsa

1996 2076 2237 2128 caritate.
2265 2075 2387 2130 Ideo
2413 2077 2503 2130 ille
2532 2092 2616 2139 ea,
2644 2093 2760 2146 qua:
2785 2080 2953 2147 ipsam
2985 2080 3330 2148 pessumdare
3352 2093 3597 2152 possunt,

1996 2179 2118 2218 cum
2141 2180 2329 2235 magna
2357 2168 2699 2221 accuratione
2723 2178 2982 2222 removet.

2070 2257 2122 2312 9.
2163 2256 2290 2311 Cum
2328 2268 2520 2326 quanta
2556 2259 2778 2313 bonitate
2819 2261 3274 2316 reconciliationem
3307 2267 3598 2334 prteceperit

1999 2348 2246 2402 Christus.
2283 2348 2649 2403 Reconciliatio
2679 2367 2792 2402 cunt
2831 2352 2994 2419 fratre
3023 2369 3136 2405 rere
3163 2355 3472 2421 sacriﬁcium
3499 2365 3594 2408 est.

1999 2435 2246 2491 Nondum
2270 2438 2585 2492 initiaturam
2605 2441 2859 2507 sacriﬁcia
2886 2458 3019 2509 quia.
3043 2473 3111 2482 -—
3134 2443 3318 2513 Neque
3336 2447 3390 2500 in
3411 2461 3600 2514 supra-

1999 2527 2158 2582 dictis
2186 2529 2410 2598 gradum
2456 2531 2616 2594 sistit,
2663 2532 2757 2585 sed
2801 2532 2904 2587 alia
2954 2534 3105 2603 plura
3157 2536 3393 2599 adhibet,
3447 2539 3602 2606 queis

2000 2619 2232 2671 ostendit
2251 2630 2503 2688 quautam
2535 2621 2652 2688 ejus
2681 2620 2873 2676 habeat
2901 2624 3184 2678 rationem.
3208 2624 3340 2679 Nam
3365 2643 3484 2680 cum
3509 2644 3601 2698 per

1999 2709 2305 2771 concilium,
2337 2725 2436 2779 per
2461 2710 2716 2778 judicium
2744 2721 2797 2765 et
2829 2728 2926 2780 per
2949 2713 3250 2783 gehennam
3285 2717 3421 2786 ignis
3448 2733 3600 2771 coin-

2000 2799 2232 2851 mlnatus
2276 2809 2438 2864 esset,
2490 2801 2591 2854 alia
2634 2802 2831 2870 adjecit
2878 2806 3302 2871 praecedentibus
3341 2823 3601 2876 consona,

2001 2903 2228 2956 nempe:
2259 2887 2350 2942 25.
2382 2888 2443 2943 Si
2463 2888 2615 2954 o/Ters
2642 2907 2824 2946 munus
2854 2903 2998 2947 tuum
3023 2895 3091 2948 ad
3121 2896 3303 2962 altare,
3341 2899 3386 2952 et
3422 2899 3489 2952 ibi
3517 2916 3604 2953 re-
3637 2959 3645 2966 ,

2002 2979 2240 3032 cordatus
2264 2981 2420 3048 fueris
2439 2982 2559 3048 quia
2585 2981 2742 3046 frater
2779 2992 2895 3038 tuus
2938 2985 3086 3038 habet
3121 2987 3317 3056 aliquid
3341 2990 3604 3043 adversum

2003 3078 2067 3129 te,
2100 3069 2188 3122 ΞΜ.
2220 3069 2447 3138 relinque
2478 3087 2660 3125 munus
2687 3083 2828 3125 tuum
2851 3084 2968 3127 ante
2989 3077 3170 3140 altare,
3217 3091 3262 3132 et
3288 3081 3433 3144 wide,
3463 3082 3606 3148 prius

2003 3160 2330 3213 reconciliare
2354 3161 2506 3228 fratri
2529 3172 2629 3222 tuo,
2657 3179 2702 3215 et
2728 3175 2849 3217 tunc
2863 3168 3066 3219 veniens
3087 3168 3217 3233 o/fer
3239 3189 3420 3225 munus
3440 3183 3604 3226 timm.

2002 3251 2047 3306 0
2071 3251 2381 3314 b0nitatem,
2412 3271 2444 3302 o
2474 3253 2871 3319 benignitatem,
2905 3275 3023 3325 quae
3053 3274 3266 3316 omnem
3298 3278 3605 3321 sermonem

2004 3345 2251 3410 superat!
2288 3343 2554 3398 Honorem
2599 3359 2752 3398 suum
2799 3347 3027 3416 despicit
3070 3366 3168 3418 pro
3215 3356 3438 3410 caritate
3480 3373 3606 3427 erga

2005 3436 2306 3504 proximum
2326 3452 2339 3500 ;
2359 3437 2668 3501 ostendens,
2696 3453 2752 3493 se
2771 3440 2916 3508 prius
2932 3443 3313 3499 comminatum
3341 3461 3480 3511 esse,
3501 3465 3606 3504 non

2004 3540 2068 3578 ex
2087 3525 2360 3579 inimicitia
2387 3526 2636 3596 quadam,
2665 3530 2750 3584 vel
2776 3544 2839 3584 ex
2871 3531 3162 3594 cupiditate
3191 3519 3454 3590 inferendi
3483 3552 3609 3606 sup-

2006 3615 2170 3683 plicii,
2195 3615 2288 3686 sed
2320 3632 2386 3671 ex
2416 3632 2599 3671 amore
2631 3620 2880 3675 ferventi.
2910 3621 3046 3688 Quid
3071 3624 3212 3690 enim
3249 3626 3395 3680 hisce
3427 3629 3609 3685 verbis

2006 3707 2335 3759 mansuetius
2359 3707 2482 3775 fingi
2511 3711 2718 3778 possit?
2742 3708 3182 3781 lnu-rrumpatnr,
3214 3717 3403 3786 inquit,
3432 3719 3609 3774 cultus

2008 3813 2179 3863 meus,
2223 3808 2278 3852 ut
2316 3801 2511 3854 caritas
2559 3811 2644 3854 tua
2688 3813 2920 3858 maneat.
2967 3804 3100 3860 Nam
3130 3823 3256 3863 vere
3285 3810 3608 3866 sacrificium

2007 3899 2090 3942 est
2114 3889 2476 3944 reconciliatio
2501 3906 2622 3946 cum
2642 3891 2832 3948 fratre.
2861 3895 2985 3950 Ideo
3011 3912 3116 3951 non
3145 3898 3298 3965 dixit,
3321 3900 3608 3971 Postquam
3677 3913 3685 3926 ‘

2013 3981 2304 4043 obtuleris,
2343 3984 2446 4046 vel,
2475 3985 2782 4052 Antequam
2808 3985 3006 4040 offeras
3034 4003 3048 4050 ;
3093 3985 3186 4039 sed
3218 3987 3339 4055 ipso
3374 4000 3606 4038 munere

2015 4080 2307 4141 prasente,
2340 4073 2526 4141 etjam
2553 4074 2826 4128 sacrificio
2854 4076 3147 4145 incipiente
3178 4076 3509 4137 mittiteum,
3545 4085 3608 4130 ut

2012 4177 2070 4217 se
2086 4177 2208 4218 cum
2231 4163 2398 4218 fratre
2422 4166 2754 4229 reconciliet,
2771 4181 2872 4220 nec
2887 4167 3380 4236 propere‘confecto
3393 4167 3606 4222 sacrifi-

2013 4254 2120 4318 cio,
2150 4269 2250 4307 nec
2269 4265 2564 4323 antequam
2590 4271 2792 4310 munus
2815 4257 3082 4322 attulerit,
3105 4258 3200 4312 sed
3223 4259 3314 4312 illo
3333 4259 3386 4311 in
3419 4258 3603 4312 medio

2006 4343 2384 4412 jacentejubet
2404 4346 2530 4398 illuc
2549 4345 2971 4401 accurrere.Cur
2986 4363 3118 4417 ergo
3141 4349 3386 4417 sicjubet
3409 4348 3459 4400 id
3481 4363 3607 4417 age-

2009 4447 2087 4494 re,
2120 4441 2174 4484 et
2200 4445 2304 4499 qua
2336 4431 2403 4485 de
2431 4432 2632 4485 causa?
2670 4431 2795 4486 Haec
2827 4433 3008 4496 ambo,
3037 4445 3092 4488 ut
3120 4437 3249 4490 mihi
3281 4437 3495 4506 quidem
3528 4439 3610 4498 νίς

2008 4520 2184 4587 detur,
2215 4520 2582 4586 subindicans,
2626 4531 2680 4577 et
2719 4539 2915 4593 agens:
2941 4541 3102 4580 unum
3145 4527 3380 4597 quidem,
3413 4539 3471 4582 ut
3495 4529 3608 4598 jam

2009 4613 2142 4678 dixi,
2187 4624 2245 4668 ut
2269 4615 2518 4670 ostendat
2555 4629 2614 4669 se
2644 4617 2919 4672 caritatem
2951 4621 3127 4689 magni
3157 4619 3353 4685 facere,
3381 4632 3436 4676 et
3463 4622 3608 4676 illam

2009 4721 2127 4760 esse
2152 4717 2337 4774 putare
2357 4689 2647 4760 maximum
2677 4708 2915 4762 omnium
2938 4710 3278 4776 sacrificium,
3308 4727 3472 4782 seque
3492 4717 3610 4768 sine

2009 4799 2229 4852 caritate
2256 4799 2576 4853 sacrificium
2604 4816 2709 4854 non
2735 4801 3048 4869 admittere;
3079 4806 3374 4859 secundum
3403 4816 3606 4871 autem,

2011 4900 2069 4945 ut
2093 4891 2545 4946 reconciliationis
2576 4893 2936 4950 inevitabilem
2979 4898 3354 4952 necessitatem
3397 4898 3608 4955 afferat.

2006 4981 2142 5036 Nam
2173 4983 2263 5052 qui
2290 4983 2473 5051 jussus
2499 4994 2581 5038 est
2610 5000 2717 5039 non
2748 4986 2896 5054 prius
2924 4987 3138 5052 offerre,
3172 5006 3333 5059 quam
3365 4993 3612 5046 reconci-

2009 5073 2250 5140 liaretur,
2283 5074 2494 5152 etiamsi
2526 5091 2630 5130 non
2653 5092 2718 5132 ex
2740 5091 2923 5132 amore
2941 5080 3191 5148 proximi,
3218 5082 3412 5135 saltem
3441 5097 3508 5137 ne
3526 5097 3613 5136 sa~

2008 5164 2269 5219 crificium
2299 5165 2668 5234 imperfectum
2701 5177 2933 5234 maneat,
2984 5172 3292 5239 prOperabit
3329 5172 3397 5226 ad
3441 5172 3611 5229 offen-

2009 5272 2126 5311 sam
2158 5257 2398 5324 fratrem,
2435 5269 2492 5313 ut
2535 5260 2866 5314 inimicitiam
2915 5263 3106 5316 solvat.
3155 5263 3386 5334 Ideoque
3429 5267 3609 5321 omnia

2008 5353 2323 5420 emphaticis
2338 5355 2603 5422 expressit
2627 5355 2822 5421 verbis,
2846 5365 3055 5410 terrens
3074 5357 3221 5412 illum
3240 5359 3608 5427 excitatisque.

2009 5441 2141 5496 Cum
2164 5441 2387 5496 dixisset
2408 5445 2571 5508 enim,
2597 5443 2846 5514 Relinque
2865 5463 3048 5500 munus
3069 5456 3230 5509 tuum,
3257 5463 3361 5500 non
3390 5447 3461 5500 ibi
3484 5448 3609 5501 sub-

2009 5535 2163 5599 stitit,
2194 5534 2285 5588 sed
2314 5535 2607 5604 subjdnxit,
2633 5537 2760 5590 Ante
2787 5536 2970 5603 altare,
3002 5548 3055 5592 et
3086 5548 3367 5607 postquam
3396 5553 3460 5592 ex
3492 5539 3608 5592 loco

2011 5625 2062 5678 in
2089 5624 2368 5678 horrorem
2401 5626 2685 5694 quemdam
2715 5627 2964 5696 conjecit,
2994 5627 3060 5680 Et
3088 5629 3233 5681 vade.
3267 5629 3373 5682 Nec
3402 5638 3606 5682 tantum

2010 5713 2163 5774 dixit,
2205 5712 2365 5778 Vade,
2399 5714 2492 5768 sed
2522 5715 2784 5782 adjunxit,
2836 5717 2997 5786 prius,
3026 5727 3072 5769 et
3097 5726 3215 5771 tunc
3245 5717 3444 5770 veniens
3479 5717 3606 5782 offer

2013 5820 2195 5859 munus
2225 5814 2400 5872 tuum;
2442 5821 2539 5876 per
2579 5805 2696 5861 haec
2743 5809 2920 5864 omnia
2950 5807 3251 5876 declarans,
3284 5808 3419 5861 banc
3451 5824 3603 5862 meno
