4114 6470
576 353 674 410 ΞΜ

576 481 690 521 satu
713 478 816 518 non
838 461 1119 516 admittere
1136 472 1226 512 ros
1245 458 1333 526 qui
1356 455 1656 509 inimicitias
1677 461 1857 506 mutuo
1877 456 2144 504 exorant.

577 558 810 613 Audiant
831 553 1044 618 initiati,
1069 552 1296 620 quicum
1323 547 1607 602 inimicitiis
1627 543 1911 605 accedunt;
1934 540 2151 595 audiant

579 657 634 701 et
659 647 748 718 qui
777 644 1010 700 nondum
1036 650 1159 697 sunt
1185 641 1408 695 initiati:
1438 653 1556 691 nam
1584 635 1646 686 ad
1678 633 1776 686 hos
1799 646 2010 701 quoque
2037 645 2148 684 ser-

579 752 670 792 tno
695 732 1088 807 quodammodo
1116 733 1359 802 pertinet.
1389 728 1624 782 Olferunt
1655 727 1794 778 enim
1826 733 1878 778 et
1909 723 2007 793 ipsi
2047 722 2146 776 do-

577 843 702 881 num
732 837 787 881 et
823 826 1157 884 sacriﬁcium,
1191 820 1482 876 orationem
1509 817 1629 870 dico
1654 826 1707 868 et
1731 816 2143 885 eleemosynam.

573 913 726 983 Quod
765 915 906 968 enim
936 914 1046 965 haec
1072 908 1386 964 sacrificium
1416 907 1542 967 sint.
1572 905 1693 960 andi
1725 903 2030 973 prophetam
2061 901 2144 954 di-

574 1013 782 1059 centem
807 1020 818 1054 :
843 1001 1162 1068 Sacri/icium
1188 1000 1354 1052 laudis
1381 996 1728 1062 honori/icabit
1758 1009 1836 1047 me
1861 994 1876 1056 (
1891 993 2029 1045 Psal.
2052 991 2141 1045 49.

572 1096 693 1163 23).
721 1102 776 1149 et
804 1108 1031 1157 rursum,
1062 1091 1283 1145 Imntola
1305 1090 1414 1144 Deo
1443 1088 1745 1155 sacriﬁcium
1788 1085 1954 1138 laudis
1980 1083 2136 1153 (Ibid.

573 1203 621 1238 υ.
655 1185 720 1238 14
745 1195 788 1248 );
830 1194 880 1238 et
907 1226 920 1249 ,
960 1182 1183 1236 Elevatio
1213 1197 1448 1233 manuum
1477 1193 1699 1232 uacarunt
1727 1177 2029 1243 sacriﬁcium
2057 1191 2142 1228 tie-

569 1275 845 1342 spertimtm
875 1272 1040 1342 (Psal.
1067 1272 1186 1326 HO.
1209 1271 1290 1340 2).
1320 1271 1498 1339 Itaque
1525 1269 1566 1321 si
1595 1269 1888 1322 orationem
1911 1281 2029 1321 cum
2054 1265 2142 1322 tali

571 1364 762 1419 affectu
793 1365 1048 1433 proferas,
1080 1365 1270 1417 melius
1297 1371 1377 1415 est
1408 1361 1707 1429 relinquere
1739 1359 2056 1419 orationem,
2089 1364 2143 1409 et

571 1457 638 1512 ad
670 1467 721 1512 te
744 1472 863 1511 cum
897 1455 1058 1510 fratre
1082 1452 1531 1509 recnnciliandum
1561 1465 1868 1522 properare,
1913 1459 2142 1518 tuncque

567 1550 862 1600 orationem
881 1546 1092 1600 oﬂ‘erre.
1117 1545 1336 1613 Propter
1351 1544 1450 1596 hoc
1470 1542 1632 1609 enim,
1653 1542 1828 1596 omnia
1848 1540 1979 1596 facta
1998 1549 2140 1594 sunt:

568 1648 787 1706 propter
811 1637 912 1691 hoc
939 1637 1076 1690 Deus
1103 1636 1260 1688 homo
1306 1634 1470 1688 facms
1511 1643 1614 1696 est,
1657 1643 1712 1686 et
1738 1635 1914 1686 omnia
1944 1631 2031 1686 illa
2059 1642 2144 1685 est

569 1735 840 1795 operatus,
871 1736 922 1779 ut
953 1741 1049 1779 nos
1071 1735 1434 1794 congregaret.
1466 1725 1560 1776 llic
1581 1723 1737 1793 igitur
1763 1722 2043 1776 laedentem
2075 1720 2140 1775 ad

569 1818 752 1870 la'sum
776 1816 951 1881 misit;
980 1817 1030 1868 in
1059 1817 1297 1870 oratione
1328 1829 1454 1868 vero
1481 1815 1662 1867 larsum
1683 1812 1828 1867 ducit
1854 1812 1918 1866 ad
1947 1812 2143 1866 lzeden-

572 1917 699 1969 tem,
723 1915 776 1960 et
803 1906 1127 1961 reconciliat.
1149 1905 1256 1960 Illic
1270 1905 1410 1960 enim
1436 1906 1540 1958 ait:
1566 1904 1819 1958 Dimittitc
1841 1902 2142 1958 hominibus

567 1996 744 2051 debita
771 1995 975 2064 (Matth.
995 1995 1048 2049 6.
1078 1995 1303 2066 id);ltic
1319 2011 1444 2050 vero
1464 2013 1477 2048 :
1501 1995 1554 2049 Si
1573 1994 1730 2048 habet
1749 1994 1940 2062 aliquid
1957 2005 2138 2047 contra

571 2099 657 2147 te.
695 2087 828 2140 vade
867 2087 932 2140 ad
975 2102 1116 2140 eum.
1167 2085 1277 2139 lmo
1299 2099 1424 2140 vero
1461 2083 1546 2138 hic
1570 2083 1698 2137 mihi
1726 2083 1931 2138 videtur
1956 2085 2137 2136 laesum

571 2179 812 2233 mittere:
857 2186 1176 2246 quapmpter
1216 2191 1321 2231 non
1363 2175 1512 2236 dicit,
1561 2174 1862 2228 Reconcilia
1911 2175 2136 2241 Icipsmu

571 2267 716 2322 t'ratri
745 2276 856 2330 tuo,
889 2268 998 2332 sed,
1037 2267 1483 2321 Reconciliare:et
1527 2264 1734 2319 videtur
1777 2263 1991 2333 quidem
2040 2263 2140 2319 hoc

566 2360 634 2413 de
659 2359 883 2414 hedente
907 2359 1041 2422 dici;
1070 2359 1164 2412 sed
1196 2367 1363 2412 totunt
1393 2373 1461 2413 ex
1501 2371 1730 2424 persona
1769 2356 1878 2410 lmsi
1926 2356 2135 2409 dicitur.

566 2449 619 2503 Si
650 2450 789 2504 enim
819 2449 892 2503 illi
921 2450 1292 2503 reconciliatus
1313 2447 1494 2510 fueris,
1517 2447 1703 2516 inquit,
1734 2462 1825 2513 rer
1851 2454 1990 2497 tuam
2014 2460 2136 2513 erga

566 2554 688 2593 eum
717 2539 1013 2602 caritatem,
1046 2555 1131 2592 me
1157 2539 1316 2594 etiam
1358 2536 1575 2589 habebis
1602 2535 1907 2604 pmpitium,
1937 2545 1991 2588 et
2015 2550 2134 2588 cum

563 2631 728 2684 multa
755 2630 940 2684 fiducia
958 2631 1156 2698 poteris
1174 2627 1490 2684 sacrificium
1509 2627 1722 2681 oﬂ'erre.
1742 2627 1797 2682 Si
1817 2642 1943 2682 vero
1963 2625 2136 2682 adhuc

565 2719 871 2790 indignaris,
898 2720 1176 2774 considera
1209 2733 1294 2773 me
1333 2718 1564 2772 libenter
1603 2717 1871 2772 contemni
1903 2732 2020 2771 mea
2044 2716 2134 2783 ju-

563 2811 712 2873 bere,
742 2819 799 2862 ut
828 2824 921 2864 vos
947 2809 1099 2863 amici
1125 2808 1384 2862 evadatis.
1412 2807 1480 2862 Et
1500 2805 1614 2860 htec
1633 2806 1724 2860 tibi
1745 2807 1814 2860 sit
1835 2805 1884 2859 in
1910 2806 1983 2859 ira
2007 2821 2135 2860 con-

562 2897 771 2951 solatio.
802 2897 916 2952 Non
942 2899 1095 2961 dixit,
1122 2896 1252 2953 Cum
1279 2897 1508 2966 graviter
1533 2895 1768 2950 oﬂ‘ensus
1792 2910 1871 2958 es,
1905 2905 2012 2950 tum
2044 2911 2133 2951 re-

560 2990 876 3050 conciliare;
907 2991 1024 3053 sed,
1054 2989 1273 3044 Etiamsi
1301 2990 1417 3043 leve
1444 2988 1716 3057 quidpiam
1739 2997 1922 3042 contra
1952 2998 2003 3043 te
2039 2987 2133 3042 ha-

563 3081 755 3136 buerit.
788 3079 970 3148 Neque
997 3079 1208 3146 adjecit,
1255 3078 1378 3133 Sive
1420 3077 1584 3146 juste,
1630 3078 1743 3132 sive
1780 3076 2003 3146 injuste;
2036 3077 2131 3131 sed

558 3172 888 3241 simpliciter,
919 3171 972 3226 Si
1002 3170 1243 3226 habuerit
1268 3169 1466 3238 aliquid
1491 3168 1770 3224 adversum
1804 3179 1876 3222 te.
1909 3168 2129 3223 Etiamsi

558 3263 702 3319 enim
725 3263 884 3331 juste,
918 3277 1088 3330 neque
1114 3262 1190 3315 sic
1219 3261 1372 3315 decet
1394 3260 1720 3314 inimicitiam
1755 3259 1951 3312 diutius
1978 3257 2127 3312 fove—

560 3369 618 3408 re
637 3371 652 3406 :
675 3350 1102 3421 quandoquidem
1121 3358 1174 3405 et
1191 3349 1591 3418 Christusjuste
1611 3347 1763 3402 nobis
1782 3346 2126 3412 irascebatur,

557 3450 787 3496 attamen
817 3441 1048 3510 seipsutn
1080 3454 1176 3508 pro
1218 3439 1371 3494 nobis
1413 3438 1560 3494 dedit
1602 3436 1974 3502 occidendum,
2019 3452 2126 3492 non
2160 3455 2166 3463 δ

554 3534 818 3601 imputans
847 3531 999 3586 nobis
1029 3530 1114 3585 illa
1147 3539 1380 3600 peccata.

628 3623 713 3677 10.
753 3621 854 3677 Cur
883 3621 1077 3676 Paulus
1108 3631 1222 3676 ante
1250 3631 1463 3686 noctem,
1493 3632 1537 3676 et
1565 3620 1791 3675 Christus
1817 3629 1934 3673 ante
1960 3621 2127 3674 sacri-

558 3714 728 3778 ﬁcium
753 3714 1062 3767 reconciliari
1089 3714 1353 3783 jusserint.
1385 3712 1612 3766 Christus
1645 3721 1885 3778 quantum
1913 3713 1966 3765 in
1989 3712 2129 3779 peri-

553 3804 747 3858 mendis
774 3803 1044 3857 inimicitiis
1072 3803 1296 3857 studium
1333 3803 1633 3856 adhibuerit.
1682 3801 1748 3854 In
1785 3800 1900 3854 boni
1939 3819 2127 3871 opera-

554 3891 689 3944 tione
723 3907 824 3944 non
864 3892 1304 3944 cunctandum.—
1325 3891 1447 3944 Ideo
1476 3890 1668 3943 Paulus
1696 3889 1803 3943 alio
1831 3890 1989 3944 modo
2026 3904 2124 3944 nos

554 3981 620 4037 ad
663 3981 1143 4053 reconciliationem
1170 3993 1352 4048 agens,
1383 3979 1592 4033 dicebat
1623 3996 1636 4032 :
1681 3978 1777 4034 Sol
1804 3994 1904 4032 non
1929 3979 2124 4033 occidat

549 4087 700 4140 super
725 4071 1039 4126 iracundiam
1066 4079 1279 4124 uestram
1307 4067 1526 4136 (Ephes.
1548 4068 1600 4121 4.
1619 4067 1736 4134 26).
1761 4067 2123 4134 Quemadmo-

553 4162 678 4215 dum
702 4161 842 4214 enim
871 4161 956 4214 hic
982 4175 1012 4213 a
1038 4159 1300 4213 sacrificio
1326 4158 1587 4220 Christus,
1619 4159 1688 4211 ita
1727 4159 1838 4212 illic
1866 4159 2059 4215 Paulus
2093 4178 2123 4216 a

552 4253 640 4309 die
667 4252 733 4307 ad
777 4252 1004 4321 idipsum
1046 4250 1306 4305 hortatur.
1345 4249 1518 4304 Timet
1552 4250 1749 4319 quippe
1786 4260 2014 4318 noctem,
2057 4267 2125 4308 ne

554 4347 691 4398 forte
718 4343 887 4396 solum
934 4341 1211 4411 excipiens
1253 4340 1565 4404 sauciatam,
1609 4341 1779 4408 majus
1822 4340 1970 4395 ulcus
2003 4341 2123 4397 em-

550 4420 675 4487 ciat.
705 4432 760 4488 In
787 4433 875 4487 die
902 4447 1127 4502 namque
1154 4432 1305 4486 multi
1330 4441 1454 4485 sunt
1473 4430 1565 4500 qui
1590 4431 1826 4486 avellunt
1852 4441 1905 4486 et
1931 4433 2123 4489 distra-

553 4526 719 4589 hunt;
762 4524 816 4578 in
846 4533 1000 4578 nocte
1039 4537 1186 4588 vero,
1225 4537 1344 4576 cum
1388 4521 1533 4576 solus
1570 4522 1658 4587 sit,
1700 4531 1755 4576 et
1795 4522 1908 4578 hate
1944 4526 2124 4579 animo

550 4623 748 4676 verset,
777 4615 1132 4669 intumescunt
1156 4612 1366 4679 ﬂuctus,
1409 4621 1463 4666 et
1500 4612 1670 4680 major
1713 4593 1771 4665 fii
1813 4622 2111 4683 tempestas.

555 4703 677 4759 Ideo
702 4704 819 4758 haec
846 4703 1170 4773 preveniens
1191 4702 1404 4766 Paulus,
1427 4701 1823 4756 reconciliatum
1843 4703 1955 4757 vult
1979 4705 2119 4759 nocti

551 4795 779 4860 tradere,
822 4803 881 4848 ut
924 4793 1123 4848 nullam
1167 4809 1230 4849 ex
1274 4793 1450 4862 quiete
1477 4793 1646 4862 possit
1671 4792 1911 4849 diabolus
1937 4810 2117 4851 ansam

550 4885 788 4954 arripere
814 4885 880 4939 ad
911 4886 1001 4939 ira:
1022 4885 1287 4939 fornacem
1315 4884 1728 4950 accendendam,
1755 4895 1811 4938 et
1829 4885 2119 4941 vehemen-

548 4976 740 5029 tiorem
765 4975 1116 5030 efﬁciendam.
1145 4974 1234 5030 Sic
1257 4974 1415 5029 etiam
1442 4973 1684 5028 Christus
1723 4989 1826 5027 non
1867 4977 2120 5043 permittit

550 5065 632 5119 vel
660 5065 924 5119 tantillum
952 5065 1182 5128 dill'erre,
1229 5081 1296 5118 ne
1317 5063 1592 5133 completo
1629 5063 1906 5128 sacriﬁcio,
1949 5066 2116 5136 negli-

546 5154 756 5224 gentior
785 5154 871 5208 ille
900 5153 1053 5218 foret,
1089 5169 1261 5225 exque
1285 5154 1369 5208 die
1403 5155 1454 5208 in
1493 5152 1633 5207 diem
1663 5153 1916 5208 dill’erret.
1961 5155 2118 5210 Novit

546 5247 689 5301 enim
729 5246 868 5300 hunc
909 5245 1069 5300 animi
1117 5245 1357 5299 morbum
1403 5247 1562 5300 multa
1616 5260 1772 5315 egere
1807 5246 2112 5310 celeritate;

547 5347 705 5404 atque
740 5337 1032 5403 utsapiens
1063 5335 1296 5391 medicus
1327 5351 1433 5390 non
1463 5335 1622 5390 modo
1645 5351 1763 5405 quae
1791 5347 2117 5405 prmserveut

546 5443 574 5477 a
605 5425 804 5479 morbis
841 5425 1093 5480 adbibere
1134 5435 1376 5495 occupat,
1424 5425 1516 5480 sed
1555 5427 1715 5480 etiam
1755 5441 1873 5494 qua:
1916 5426 2112 5480 mederi

546 5518 748 5584 possint
786 5517 1015 5571 ostendit
1045 5536 1056 5569 :
1091 5517 1168 5571 sic
1195 5527 1247 5572 et
1280 5518 1368 5571 ille
1406 5518 1532 5587 agit.
1561 5517 1688 5571 Nam
1719 5532 1839 5572 cum
1871 5518 2114 5586 prohibet

547 5622 612 5661 ne
647 5608 764 5674 quis
790 5607 962 5661 fatuus
988 5609 1297 5677 appelletur,
1332 5609 1380 5662 id
1410 5607 1660 5679 prmium
1702 5607 1991 5663 remedium
2031 5618 2111 5664 est

549 5695 615 5747 ad
647 5697 967 5751 inimicitiam
997 5698 1290 5752 vitandam:
1329 5713 1444 5752 cum
1475 5712 1599 5752 vero
1639 5698 1875 5768 pracipit
1918 5714 2106 5754 recon-

1251 346 1307 398 S.
1348 341 1620 397 JOANNIS
1655 320 2120 395 CHRYSOSTOMI
2162 335 2474 391 ARCHIEP.
2515 338 3050 396 CONSTANTINOP.

3729 340 3852 398 θέει

2257 448 2602 514 ciliationem,
2627 450 2677 506 id
2706 451 2942 513 morbos.
2974 452 3062 524 qui
3090 462 3207 521 post
3235 453 3566 509 inimicitiam
3602 455 3842 510 suboriri

2253 543 2458 606 solent,
2517 543 2774 611 praecidit.
2843 545 2974 600 Vide
3032 556 3208 601 autem
3267 561 3426 617 quam
3487 545 3849 602 vehementer

2252 642 2530 703 utrumque
2567 644 2811 702 ponatur.
2842 634 2953 691 lllic
2979 637 3123 692 enim
3151 637 3448 706 gehennam
3475 637 3845 692 comminatus

2248 732 2363 788 est;
2406 724 2493 777 hic
2530 739 2657 778 vero
2694 725 2891 779 donum
2931 742 3036 780 non
3066 727 3256 798 recipit
3282 740 3407 783 ante
3433 728 3842 783 reconciliatio-

2249 829 2392 878 nem,
2420 814 2788 870 vehementem
2809 816 3133 870 iracundiam
3154 833 3276 873 esse
3297 828 3620 880 monstrans,
3649 833 3714 874 ac
3735 833 3844 888 per

2249 902 2362 957 hzec
2386 904 2564 958 omnia
2593 913 2648 958 et
2676 906 2906 961 radicem
2936 916 2991 962 et
3018 907 3243 962 fructum
3272 908 3528 963 avellens.
3560 909 3630 963 Et
3656 911 3840 979 primo

2246 993 2459 1062 quidem
2498 994 2571 1048 ait
2609 1011 2623 1046 :
2665 994 2742 1049 Ne
2771 996 3016 1052 irascaris
3060 1018 3072 1051 :
3118 1009 3304 1068 postea
3339 1013 3486 1064 vero,
3529 999 3608 1054 Ne
3643 1000 3845 1054 convi-

2245 1085 2422 1139 cieris.
2451 1084 2584 1140 Nam
2621 1085 2736 1140 haec
2765 1090 2923 1140 ambo
2953 1104 3073 1145 sese
3101 1100 3287 1145 mutuo
3311 1088 3492 1144 fovent
3513 1098 3571 1144 et
3594 1101 3796 1160 augent
3825 1109 3841 1146 :

2246 1177 2313 1230 ab
2353 1177 2624 1231 inimicitia
2665 1181 2984 1245 convicium,
3017 1198 3046 1235 a
3075 1184 3317 1238 convicio
3355 1184 3648 1238 inimicitia.
3683 1183 3844 1237 Ideo—

2245 1280 2348 1335 que
2389 1281 2530 1320 nunc
2561 1267 2744 1333 radici,
2795 1286 2935 1326 nunc
2979 1271 3174 1326 fructui
3219 1273 3515 1328 remedium
3551 1272 3836 1339 admovet,

2247 1364 2306 1408 ut
2335 1356 2589 1425 impediat
2616 1373 2683 1411 ne
2711 1359 2910 1412 malum
2937 1363 3140 1416 oriatur
3167 1382 3179 1416 :
3212 1366 3257 1417 si
3288 1379 3415 1418 vero
3451 1364 3843 1433 germinaverit

2244 1457 2298 1501 et
2327 1446 2552 1502 fructum
2581 1448 2716 1503 ferat
2744 1453 3056 1520 pessimum,
3090 1455 3240 1508 illum
3285 1455 3517 1522 undique
3540 1455 3838 1510 comburit.

2247 1536 2370 1591 Ideo
2399 1550 2676 1608 postquam
2719 1542 2853 1596 dixit
2893 1543 3170 1612 judicium,
3203 1547 3488 1601 concilium
3532 1557 3588 1601 et
3627 1549 3842 1617 gehen-

2246 1641 2390 1691 nam,
2430 1645 2492 1682 ac
2521 1631 2588 1685 de
2627 1645 2723 1685 suo
2750 1634 3010 1688 sacriﬁcio
3039 1636 3310 1702 disseruit,
3339 1637 3437 1690 alia
3482 1652 3693 1691 rursum
3736 1635 3841 1691 ad-

2246 1715 2324 1770 dit
2370 1718 2450 1772 ltis
2491 1721 2670 1775 verbis
2724 1743 2735 1776 :
2780 1721 2872 1776 95.
2916 1723 3042 1778 Esto
3072 1728 3385 1780 consentiens
3427 1728 3718 1781 aduersario
3744 1737 3838 1780 tuo

2245 1809 2365 1870 cito,
2396 1809 2515 1861 dum
2541 1826 2591 1862 es
2615 1827 2730 1863 cum
2757 1813 2847 1865 illo
2875 1815 2927 1866 in
2968 1815 3064 1866 ria.
3097 1815 3178 1870 Ne
3215 1818 3356 1871 enim
3397 1818 3605 1873 diceres
3633 1834 3648 1871 :
3687 1816 3834 1886 Quid

2245 1895 2403 1964 igitur
2441 1899 2484 1951 si
2534 1899 2778 1968 injuriam
2819 1905 3026 1972 patiar?
3063 1905 3188 1975 quid
3228 1907 3270 1961 si
3319 1907 3476 1960 bonis
3513 1907 3732 1975 spolier,
3773 1916 3834 1961 et

2243 1988 2307 2041 ad
2345 1987 2602 2056 judicium
2647 1992 2861 2047 trahar?
2893 1993 3028 2052 hanc
3061 2013 3274 2068 quoque
3303 2014 3487 2052 ansam
3517 2008 3572 2054 et
3599 2014 3835 2054 excusa-

2245 2079 2442 2134 tionem
2474 2083 2701 2136 removit
2733 2101 2746 2136 ε
2785 2084 2934 2152 jubet
2976 2087 3118 2141 enim
3163 2099 3213 2142 te
3243 2104 3312 2143 ne
3354 2090 3432 2143 sic
3474 2089 3687 2158 quidem
3719 2090 3833 2144 ini-

2243 2169 2468 2222 micitias
2493 2170 2776 2239 aliquando
2805 2174 3098 2244 suscipere.
3141 2175 3345 2232 Deinde
3385 2178 3507 2246 quia
3537 2176 3664 2232 illud
3704 2192 3830 2232 ma-

2241 2272 2401 2325 gnuvu
2427 2270 2544 2314 erat
2569 2272 2912 2332 praeceptum,
2957 2280 2988 2318 a
3026 2268 3378 2334 prtescntibus
3403 2267 3494 2322 dat
3517 2267 3828 2333 consilium,

2242 2362 2361 2416 qua:
2398 2362 2542 2405 certe
2581 2353 2769 2421 magis,
2806 2369 2964 2423 quam
3005 2355 3202 2422 futura,
3257 2359 3549 2413 crassiores
3587 2357 3830 2413 retinere

2242 2438 2434 2491 Solent.
2464 2440 2598 2506 Quid
2645 2442 2785 2496 enim
2825 2444 2978 2508 dicis,
3021 2445 3212 2516 inquit,
3256 2447 3425 2516 ipsum
3467 2449 3827 2516 potentiorem

2241 2539 2386 2593 esse,
2431 2539 2486 2582 et
2529 2530 2620 2582 tibi
2668 2533 2898 2586 nocere?
2940 2533 3106 2604 Magis
3132 2550 3260 2606 ergo
3306 2535 3400 2589 tibi
3440 2535 3675 2603 nocebit,
3717 2535 3827 2592 nisi

2239 2615 2410 2684 ipsum
2443 2619 2754 2688 placaveris,
2800 2633 2855 2677 et
2892 2624 2938 2679 si
2985 2634 3201 2680 coactus
3246 2626 3408 2682 fueris
3451 2627 3504 2681 iu
3547 2641 3825 2683 eamercm

2238 2707 2336 2762 ire.
2372 2709 2524 2765 Tunc
2562 2714 2703 2767 enim
2747 2715 2837 2769 illo
2877 2715 3066 2771 sedato
3095 2719 3338 2787 pecuniis
3362 2721 3594 2782 amissis.
3622 2735 3826 2790 corpus

2238 2797 2462 2854 liberum
2495 2801 2717 2858 habebis
2744 2822 2759 2858 :
2790 2816 2975 2862 contra
2997 2800 3130 2864 vero
3157 2809 3202 2864 si
3242 2809 3342 2864 sub
3373 2810 3569 2878 judicis
3595 2821 3822 2867 senten-

2238 2887 2308 2940 tia
2354 2891 2555 2957 positus
2598 2894 2692 2954 sis.
2725 2895 2950 2954 vinculis
2991 2900 3394 2969 constringeris,
3437 2913 3822 2972 estremasqne

2235 2979 2390 3034 dabis
2421 2997 2624 3049 pteuas.
2656 2984 2748 3039 Sin
2791 2995 2968 3042 autem
3010 2987 3244 3058 jttrgium
3274 2989 3402 3044 illud
3447 2990 3664 3061 fugeris,
3707 2991 3820 3047 duo

2234 3082 2526 3138 assequere
2554 3071 2693 3126 bona
2725 3093 2739 3128 :
2771 3083 2826 3128 et
2859 3077 3000 3144 quod
3033 3078 3164 3132 nihil
3202 3078 3466 3148 ingratum
3496 3081 3732 3149 patiaris,
3759 3091 3818 3137 et

2231 3161 2371 3228 quod
2402 3162 2597 3216 bonum
2623 3178 2760 3233 opus
2789 3173 2938 3219 tuum
2965 3166 3080 3230 tibi,
3109 3182 3213 3220 non
3242 3168 3383 3223 illius
3413 3168 3678 3225 violentia:
3717 3170 3818 3227 do-

2232 3248 2440 3306 beatur.
2480 3251 2633 3319 Quod
2663 3255 2707 3308 si
2747 3255 2904 3309 dictis
2941 3257 3312 3327 obtemperare
3356 3276 3461 3314 non
3506 3261 3661 3327 velis,
3701 3278 3813 3318 non

2233 3340 2307 3394 illi
2349 3350 2553 3398 tantum
2591 3344 2810 3399 nocebis
2833 3357 3090 3415 quantum
3128 3349 3224 3402 tibi
3251 3350 3371 3418 ipsi.
3423 3351 3697 3421 Perpende
3720 3367 3819 3407 au-

2233 3440 2338 3486 tem
2369 3432 2457 3488 hic
2491 3435 2761 3504 quomodo
2800 3436 2973 3506 ipsum
3017 3438 3259 3493 hortetur
3295 3456 3308 3494 :
3355 3451 3634 3512 postquam
3667 3442 3814 3498 enim

2230 3520 2385 3587 dixit,
2412 3522 2534 3578 Esto
2558 3526 2873 3580 consentiens
2900 3527 3188 3582 adversario
3214 3539 3320 3593 tuo,
3349 3530 3642 3600 subjunait,
3662 3531 3815 3598 Cito;

2231 3627 2330 3665 nec
2353 3614 2764 3670 contentushoc
2781 3615 3162 3683 additamento,
3188 3617 3332 3673 aliud
3350 3619 3640 3676 celeritatis
3663 3637 3812 3692 quas-

2231 3703 2354 3756 sivit
2375 3713 2714 3773 augmentum
2742 3704 2948 3770 dicens,
2978 3705 3112 3760 Dum
3149 3723 3200 3761 es
3237 3723 3352 3761 cum
3379 3707 3471 3762 illo
3499 3709 3552 3762 in
3579 3709 3696 3775 oio;
3724 3709 3812 3764 his

2233 3794 2513 3863 impellens
2538 3794 2711 3870 ipsum
2745 3804 2801 3850 et
2833 3811 3023 3866 magna
3058 3810 3179 3851 cum
3211 3795 3546 3853 vehementia
3589 3813 3805 3870 urgens.

2229 3883 2370 3938 Nihil
2394 3886 2535 3940 enim
2576 3887 2647 3939 ita
2684 3885 2848 3940 vitam
2877 3895 3114 3942 nostram
3150 3890 3360 3952 evertit,
3408 3896 3465 3942 ιιι
3504 3889 3551 3944 si
3587 3899 3808 3947 cuncto.

2228 3990 2348 4028 mur
2365 3983 2420 4029 et
2445 3975 2752 4030 diﬂ'eramus
2771 3977 2822 4029 iu
2847 3976 3106 4030 bonorum
3125 3979 3454 4047 operatione.
3479 3979 3635 4049 Stepe
3659 3996 3809 4036 natri-

2231 4078 2335 4133 que
2374 4064 2506 4119 illud
2537 4066 2588 4118 in
2630 4079 2791 4120 causa
2820 4065 2918 4120 fuit
2944 4074 3006 4120 ut
3026 4067 3095 4121 ab
3119 4067 3367 4122 omnibus
3392 4069 3758 4126 excideremus
3787 4088 3803 4125 :

2228 4153 2675 4222 quemadmodum
2700 4163 2755 4208 et
2778 4155 2972 4208 Paulus
2996 4157 3106 4210 ait:
3131 4156 3445 4227 Priusquam
3467 4160 3545 4212 sol
3575 4159 3804 4224 occidat,

2231 4245 2362 4298 iram
2390 4245 2536 4300 solve
2564 4245 2776 4316 (Ephes.
2805 4248 2858 4301 ι.
2882 4247 2973 4317 26)
3002 4265 3017 4313 ;
3042 4257 3098 4304 et
3120 4251 3366 4318 superius
3388 4251 3502 4321 ipse
3521 4251 3764 4307 Christus
3788 4271 3802 4308 :

2229 4336 2541 4405 Priusquam
2571 4337 2890 4393 oblationem
2920 4340 3181 4409 perﬁcias,
3211 4344 3579 4399 reconciliare.
3624 4345 3715 4401 Sic
3752 4356 3804 4402 et

2230 4425 2329 4482 hoc
2355 4427 2474 4482 loco
2510 4429 2660 4493 dicit,
2689 4430 2822 4494 Cito,
2856 4431 2979 4484 dum
3021 4449 3073 4487 es
3114 4450 3230 4487 cum
3269 4435 3360 4488 illo
3400 4437 3453 4488 in
3491 4438 3592 4500 uia,
3625 4440 3802 4508 prius-

2226 4533 2383 4588 quam
2412 4519 2476 4573 ad
2499 4520 2684 4589 judicii
2709 4521 2852 4578 fores
2875 4524 3120 4588 accedas,
3149 4525 3455 4594 priusquam
3481 4527 3546 4580 ad
3575 4531 3803 4586 tribunal

2227 4610 2454 4675 sistaris,
2485 4619 2540 4666 et
2571 4613 2668 4666 sub
2702 4612 2898 4682 judicis
2925 4613 3139 4669 demum
3167 4625 3434 4685 potestate
3467 4620 3668 4687 positus
3705 4621 3800 4678 sis.

2227 4702 2366 4754 Ante
2391 4701 2684 4771 ingressum
2724 4706 2866 4760 enim
2909 4720 3073 4773 penes
3109 4717 3160 4760 te
3201 4715 3327 4762 sunt
3368 4711 3583 4775 omnia;
3615 4727 3800 4768 verum

2228 4793 2278 4846 in
2313 4793 2394 4847 illa
2442 4794 2711 4864 ingressus
2739 4796 2943 4862 limina,
2989 4799 3332 4868 quantumvis
3361 4809 3414 4858 te
3449 4816 3650 4866 verses,
3695 4787 3806 4859 non

2225 4885 2427 4952 poteris
2465 4893 2552 4940 tua
2593 4886 2657 4941 ad
2701 4900 2891 4944 nutum
2929 4900 3074 4944 tuum
3111 4891 3418 4961 disponere,
3452 4895 3551 4950 sub
3580 4875 3800 4953 alterius

2225 4985 2486 5044 potestate
2521 4978 2784 5035 redactus.
2811 4981 2949 5049 Quid
2974 4995 3150 5040 autem
3183 4997 3267 5041 est
3301 5002 3422 5044 esse
3459 4991 3799 5045 consentien-

2226 5067 2370 5120 tem?
2396 5067 2490 5120 Vel
2517 5067 2566 5122 id
2601 5070 2886 5139 signiﬁcat,
2927 5073 3110 5128 Potius
3137 5076 3390 5132 damnum
3429 5080 3683 5148 patiaris;
3713 5083 3798 5137 vel

2223 5157 2370 5215 illud.
2399 5158 2659 5215 Judicimn
2686 5161 2840 5230 ferto,
2870 5180 2933 5221 ac
2958 5168 3000 5221 si
3026 5169 3167 5225 illius
3197 5185 3478 5238 personam
3501 5188 3706 5242 ageres,
3732 5190 3799 5231 ne

2222 5263 2285 5303 ex
2314 5263 2494 5304 amore
2534 5252 2607 5306 tui
2643 5253 2760 5320 jura
2803 5257 2972 5311 violes
3006 5280 3018 5313 :
3048 5260 3141 5315 sed
3181 5260 3249 5315 de
3271 5262 3468 5328 alieno,
3495 5278 3558 5317 ac
3579 5264 3624 5317 si
3651 5272 3794 5319 tuum

2221 5351 2383 5406 esset,
2426 5345 2638 5411 negetio
2663 5346 2987 5412 deliberans,
3011 5349 3082 5406 ita
3103 5353 3422 5408 sententiam
3451 5352 3609 5409 feras.
3642 5353 3793 5422 Quod

2221 5431 2264 5494 sj
2292 5432 2492 5500 grande
2520 5434 2644 5488 illud
2669 5445 2773 5502 est,
2803 5453 2872 5494 ne
2898 5440 3129 5497 mireris.
3157 5442 3283 5498 Ideo
3301 5444 3443 5499 enim
3464 5445 3587 5500 illas
3607 5460 3794 5500 omnes

2223 5522 2439 5589 protulit
2481 5522 2857 5591 beatitudines,
2911 5538 2970 5584 ut
3010 5532 3348 5602 complanato
3391 5549 3457 5590 ac
3494 5546 3792 5603 praeparato

2219 5612 2472 5667 auditoris
2514 5616 2727 5679 animo,
2770 5620 3032 5688 aptiorem
3084 5625 3228 5681 illum
3285 5625 3526 5684 ediceret
3571 5631 3638 5686 ad
3684 5631 3779 5685 has

2221 5717 2404 5756 omnes
2447 5704 2590 5775 leges
2624 5709 2976 5782 recipiendas.
