4114 6462
301 399 413 458 253

383 519 472 574 Η.
516 508 743 586 Quidam
772 531 933 588 porro
959 531 1056 588 per
1083 512 1445 570 adversarium
1481 513 1627 567 illum
1675 511 1900 580 intelligi

305 612 494 666 volunt
531 610 824 674 diabolum,
862 619 916 664 et
953 609 1036 663 hic
1064 605 1240 679 juberi
1271 614 1476 675 putant,
1504 620 1574 657 ne
1605 603 1728 670 quid
1759 603 1902 656 illius

306 715 532 771 prorsus
561 701 841 765 habeatur,
906 699 1066 769 idque
1096 711 1216 751 esse
1260 696 1308 750 ei
1348 695 1672 756 consentire,
1717 703 1902 760 utpote

303 806 427 844 cum
474 801 593 860 post
632 804 910 845 excessum
951 805 1016 844 ex
1057 788 1158 842 hac
1206 787 1312 840 vita
1354 802 1458 839 non
1502 785 1657 839 liceat
1700 784 1769 837 ab
1811 783 1900 836 illo

305 898 407 938 nos
447 883 722 952 expedire,
760 897 880 938 cum
922 897 1020 936 nos
1058 878 1365 935 inevitabile
1394 877 1708 946 supplicium
1750 875 1902 930 exci-

303 976 438 1042 piet.
481 975 604 1029 Mihi
636 991 763 1030 vero
798 976 866 1029 de
900 973 1173 1044 judicibus
1217 970 1372 1040 hujus
1399 969 1580 1024 smculi
1624 968 1705 1036 agi
1750 966 1898 1020 vide-

306 1077 414 1130 tur,
445 1081 507 1120 ac
531 1065 602 1122 de
630 1068 713 1120 via
745 1081 863 1136 qua:
888 1065 967 1119 ad
1002 1064 1265 1134 judicium
1295 1061 1443 1116 ducit
1484 1070 1532 1114 et
1564 1059 1632 1113 de
1655 1060 1892 1113 carcere.

305 1157 597 1227 POSIquam
640 1158 783 1213 enim
822 1172 853 1211 a
893 1140 1294 1210 sublimidribus
1335 1153 1578 1206 hortatus
1622 1159 1724 1213 est,
1772 1157 1827 1203 et
1866 1163 1894 1201 a

304 1252 518 1316 futuris,
558 1266 588 1304 a
634 1251 756 1305 vitae
805 1250 1083 1318 praesentis
1135 1255 1301 1302 terret
1345 1244 1593 1314 negotiis.
1643 1242 1700 1298 Id
1752 1240 1896 1311 quod

302 1341 468 1395 etiam
509 1340 706 1396 Paulus
737 1340 881 1406 facit,
908 1355 936 1393 a
965 1338 1158 1393 futuris
1200 1348 1255 1392 et
1292 1352 1322 1390 a
1367 1334 1714 1406 praesentibus
1739 1332 1896 1387 audi-

305 1443 474 1489 torem
525 1448 891 1488 commovens.
945 1432 1015 1489 Ut
1063 1447 1182 1486 cum
1230 1445 1259 1482 a
1307 1430 1542 1499 nequitia
1587 1428 1891 1491 abducens,

303 1525 600 1594 principem
627 1533 892 1579 armatum
938 1524 1080 1578 male
1103 1523 1347 1591 operanti
1377 1520 1613 1575 ostendit
1653 1519 1736 1572 his
1774 1533 1895 1572 ver-

301 1616 385 1670 bis
414 1632 430 1668 :
462 1615 612 1681 Quod
639 1616 684 1670 si
723 1615 1054 1685 malefeceris,
1086 1614 1204 1666 time
1237 1628 1256 1665 :
1284 1629 1384 1666 non
1425 1612 1558 1665 enim
1593 1610 1702 1663 sine
1740 1625 1894 1664 causa

301 1707 530 1778 gladium
554 1715 721 1777 portat
753 1723 772 1760 :
806 1705 904 1759 Dei
929 1706 1060 1760 enim
1087 1705 1314 1758 minister
1354 1712 1429 1757 est
1474 1703 1647 1772 (Rom.
1679 1704 1766 1758 15.
1809 1704 1889 1772 ι).

300 1796 604 1868 iterumque
627 1798 823 1867 jubens
858 1797 966 1852 Deo
991 1797 1266 1865 subjectos
1297 1809 1440 1857 esse,
1470 1809 1578 1848 non
1609 1794 1770 1849 modo
1799 1794 1892 1848 Dei

301 1891 570 1957 timorem,
614 1890 708 1946 sed
743 1891 903 1944 etiam
940 1889 1059 1958 ejus
1103 1888 1276 1941 minas
1315 1886 1470 1940 affert
1508 1896 1563 1940 et
1603 1885 1890 1953 providen-

300 1982 428 2037 tiam
464 2000 478 2037 :
510 1982 727 2037 Necesse
768 1992 842 2036 est
875 1997 980 2035 esse
1019 1981 1303 2051 subjectos,
1346 1995 1446 2032 non
1488 1979 1652 2032 solum
1687 1989 1892 2047 propter

297 2071 451 2138 iram,
477 2073 566 2126 sed
587 2083 634 2125 et
657 2081 864 2142 propter
887 2071 1244 2124 conscientiam
1274 2068 1435 2140 (Ibid.
1467 2085 1513 2122 υ.
1545 2070 1622 2138 5).
1652 2069 1785 2124 Nam
1811 2071 1892 2124 in-

296 2163 663 2232 sipicntiores,
695 2172 751 2216 ut
779 2163 884 2231 jam
917 2161 1047 2224 dixi,
1081 2161 1193 2214 lucc
1220 2175 1338 2229 qua:
1379 2169 1638 2228 apparent
1674 2169 1730 2213 et
1769 2174 1889 2229 qua)

295 2267 328 2307 e
357 2253 581 2323 vestigio
615 2265 929 2322 sequuntur,
956 2251 1123 2319 magis
1144 2250 1321 2304 solent
1341 2250 1650 2305 emendare.
1681 2250 1882 2317 Quam-

295 2346 486 2400 obrem
542 2345 786 2400 Christus
831 2359 935 2399 non
981 2344 1140 2398 modo
1192 2343 1496 2413 gehennam
1547 2344 1885 2410 memoravit,

293 2435 390 2488 sed
422 2436 583 2489 etiam
608 2435 794 2505 judicii
825 2435 1076 2502 tribunal,
1112 2435 1492 2490 abductionem
1521 2435 1589 2488 ad
1630 2443 1884 2499 mortem,

293 2541 568 2582 carcerem
595 2527 818 2596 ejusque
844 2527 1088 2581 miserias
1114 2541 1325 2590 omnes,
1358 2541 1453 2594 per
1483 2525 1596 2580 haec
1621 2517 1765 2594 ipsas
1791 2539 1888 2580 cae-

293 2617 442 2672 dium
489 2620 697 2672 radices
735 2618 1075 2672 exscindens.
1114 2618 1220 2685 Qui
1252 2619 1395 2671 enim
1430 2634 1601 2685 neque
1628 2618 1886 2672 conviciis

293 2707 587 2776 impetitur,
631 2725 730 2763 nec
759 2709 812 2762 iu
835 2709 922 2778 jus
953 2708 1201 2771 trahitur,
1252 2724 1424 2778 neque
1464 2710 1598 2762 iram
1631 2709 1883 2776 intendit,

293 2802 562 2871 quomodo
601 2801 809 2856 occidet
856 2802 1149 2872 umquam?
1190 2801 1372 2870 Itaque
1419 2801 1542 2856 hinc
1573 2802 1746 2870 palam
1779 2811 1882 2867 est,

291 2893 348 2946 in
373 2893 597 2961 proximi
621 2893 907 2947 commodo
934 2903 1177 2946 nostrum
1201 2906 1412 2962 quoque
1433 2893 1772 2947 commodum
1801 2909 1884 2948 re-

291 2983 476 3052 periri.
523 2981 653 3037 Nam
700 2983 792 3051 qui
843 2998 963 3037 cum
1015 2983 1325 3037 adversario
1373 2984 1660 3049 consentit,
1712 2985 1884 3038 multo

291 3076 464 3146 magis
509 3076 610 3130 sibi
659 3077 760 3145 ipsi
797 3077 902 3131 erit
954 3076 1128 3141 utilis,
1172 3076 1307 3130 liber
1345 3091 1375 3129 a
1421 3076 1808 3142 tribunalibus,
1850 3090 1881 3130 a

290 3168 596 3224 carceribus
618 3183 914 3239 eorumque
941 3168 1190 3223 miseriis.
1227 3167 1390 3221 Dictis
1416 3169 1577 3236 igitur
1602 3167 1881 3238 obtempe-

291 3273 495 3323 remus,
523 3273 622 3313 nec
647 3258 1056 3322 contendamus,
1086 3271 1186 3312 nec
1212 3259 1445 3312 rixemur
1470 3274 1483 3310 :
1505 3273 1625 3312 cum
1650 3257 1882 3312 maxime

293 3350 411 3406 haec
437 3362 723 3422 praecepta,
769 3352 932 3405 etiam
979 3360 1103 3405 ante
1147 3349 1364 3419 prannia
1412 3349 1521 3413 illa,
1551 3350 1882 3418 voluptatem

291 3453 348 3500 et
375 3445 656 3500 utilitatem
699 3446 751 3498 in
788 3459 847 3499 se
891 3439 1235 3498 contineant
1268 3443 1421 3510 Quod
1469 3444 1514 3497 si
1561 3443 1879 3512 quibusdam

291 3551 519 3592 onerosa
561 3552 680 3592 eSse
705 3546 760 3592 et
799 3536 1024 3590 multum
1057 3535 1294 3604 prmbere
1341 3534 1538 3588 laboris
1574 3534 1880 3602 videantur,

293 3630 467 3699 cogita
495 3638 546 3683 te
577 3638 793 3698 prepter
818 3627 1092 3682 Christum
1123 3626 1236 3680 hazc
1279 3641 1459 3696 agere,
1492 3633 1547 3679 et
1582 3625 1725 3694 quod
1768 3640 1882 3680 mo-

293 3721 490 3776 lestum
535 3729 636 3784 est,
669 3735 832 3774 suave
876 3718 1157 3772 videbitur.
1203 3718 1257 3772 Si
1309 3717 1452 3772 enim
1495 3716 1632 3770 hanc
1679 3717 1883 3786 cogita-

294 3814 496 3866 tionem
534 3825 751 3880 semper
781 3819 1097 3879 praesentem
1141 3806 1453 3871 habeamus,
1501 3807 1630 3860 nihil
1670 3807 1881 3861 molesti

294 3905 654 3974 experiemur,
701 3901 799 3958 sed
838 3903 1056 3956 multam
1091 3901 1325 3970 undique
1352 3916 1700 3970 assequemur
1727 3901 1881 3954 volu-

295 4006 517 4068 ptatem.
552 3995 725 4050 Labor
754 3994 896 4048 enim
937 4009 1042 4048 non
1074 3995 1212 4048 ultra
1253 3993 1404 4048 labor
1429 4007 1548 4048 esse
1592 3993 1881 4060 videbitur,

297 4086 392 4142 sed
419 4095 616 4157 quanto
655 4085 823 4155 magis
858 4083 1184 4151 intendetur,
1227 4094 1374 4139 tanto
1414 4083 1622 4139 dulcior
1646 4083 1886 4138 suavior-

298 4195 400 4250 quc
426 4177 548 4234 erit.

370 4271 583 4325 Corona:
602 4270 813 4324 celestis
839 4286 953 4337 spes
973 4286 1006 4321 α
1028 4270 1165 4322 mala
1185 4269 1546 4322 consuetudine
1569 4278 1763 4322 avocat.
1795 4267 1887 4323 Dei

298 4363 494 4419 auxilio
533 4372 578 4416 et
605 4380 760 4433 opera
788 4373 960 4416 nostra
997 4373 1068 4415 est
1097 4377 1242 4429 apus.
1262 4390 1333 4400 —
1353 4359 1577 4426 Quando
1608 4362 1763 4431 igitur
1806 4361 1888 4414 in-

300 4456 461 4510 stabit
486 4452 814 4508 consuetudo
842 4451 1102 4506 malorum
1133 4459 1184 4504 te
1206 4450 1533 4516 demulcens,
1561 4451 1774 4521 quando
1797 4467 1888 4521 pe-

302 4546 582 4601 cuniarum
627 4543 924 4612 cupiditas,
965 4556 1177 4612 oppone
1220 4541 1294 4594 illi
1337 4542 1673 4595 ratiocinium
1725 4541 1884 4610 illud,

300 4637 442 4708 quod
472 4636 550 4690 sic
578 4635 733 4690 habet
772 4651 784 4688 :
828 4647 925 4688 nos
955 4648 1200 4703 magnam
1231 4642 1543 4700 accepturos
1582 4633 1886 4687 mercedem

303 4741 444 4790 esse,
475 4727 518 4780 si
549 4723 895 4792 temporalem
925 4723 1250 4792 voluptatem
1276 4721 1668 4790 deSpiciamus;
1712 4731 1766 4777 et
1803 4721 1889 4778 dic

303 4817 495 4870 animas
521 4825 625 4868 tua:
655 4830 670 4865 :
702 4813 920 4867 Multum
947 4810 1196 4873 tristaris,
1227 4810 1368 4880 quod
1396 4821 1446 4865 te
1475 4811 1749 4881 voluptate
1777 4810 1887 4880 pri-

301 4922 464 4970 vem;
492 4915 547 4960 at
573 4906 776 4972 laetare,
804 4906 925 4975 quia
963 4904 1056 4958 tibi
1086 4904 1274 4957 caelum
1305 4903 1578 4972 provideo.
1618 4903 1732 4956 Non
1763 4918 1888 4971 pro-

305 5013 424 5074 pter
464 4999 756 5062 hominem,
787 4999 878 5052 sed
913 5006 1126 5066 pr0pter
1161 4995 1324 5050 Deum
1368 4997 1626 5064 operaris.
1669 4996 1888 5050 Paulum

306 5094 466 5163 igitur
490 5101 758 5160 exspecta,
783 5099 836 5144 et
860 5088 1062 5142 videbis
1081 5098 1335 5156 quantum
1360 5087 1560 5141 lucrum
1583 5103 1889 5156 assequare.

307 5187 595 5242 Persevera
629 5199 720 5252 per
749 5184 882 5236 hanc
911 5184 1091 5245 vitam,
1121 5193 1174 5236 et
1201 5181 1444 5236 fiduciam
1467 5181 1731 5236 obtinebis
1755 5183 1891 5237 inef—

307 5276 544 5332 fabilem.
576 5275 630 5329 Si
659 5273 849 5327 talibus
873 5273 1040 5342 ipsam
1067 5271 1421 5340 alloquamur,
1453 5281 1506 5325 et
1540 5272 1585 5325 si
1626 5288 1733 5325 non
1773 5283 1892 5325 tan-

310 5382 421 5424 tum
444 5367 656 5423 virtutis
683 5365 888 5436 pondus
916 5375 968 5420 et
993 5364 1314 5430 molestiam,
1344 5364 1437 5419 sed
1467 5365 1623 5417 etiam
1649 5379 1806 5434 quam
1827 5379 1892 5418 ex

309 5461 396 5516 illa
422 5460 798 5529 consequimur
836 5471 1089 5511 coronam
1126 5457 1180 5510 in
1218 5465 1396 5511 mente
1437 5455 1747 5514 habeamus.
1789 5457 1895 5510 cito

310 5551 456 5608 illam
490 5551 558 5604 ab
596 5549 742 5603 omni
783 5547 1014 5616 nequitia
1059 5547 1412 5600 retrahemus.
1445 5544 1578 5599 Nam
1622 5545 1668 5599 si
1711 5545 1895 5600 diabo-

311 5646 416 5709 lus,
468 5641 756 5696 ostendens
805 5647 1203 5707 temporaneam
1257 5638 1602 5706 voluptatem,
1655 5635 1894 5690 dolorem

313 5749 440 5790 vero
467 5741 803 5803 perpetuum,
837 5738 1011 5784 tamen
1039 5727 1294 5798 praevalet
1324 5737 1378 5783 et
1405 5728 1569 5782 vincit
1595 5744 1608 5780 :
1636 5741 1756 5782 cum
1787 5728 1900 5783 hzee

319 5827 372 5886 in
399 5824 728 5883 contrarium
770 5837 922 5878 versa
953 5821 1368 5892 respexerimus,
1407 5820 1644 5876 laborem
1683 5819 1896 5889 quidem

1472 398 1537 451 IN
1576 393 1983 451 MATTIL’EUM
2026 394 2253 452 llOMlL.
2300 399 2436 455 XVI.

3503 407 3610 462 25‘

2016 520 2438 580 temporaneum,
2470 514 2798 585 voluptatem
2819 529 2948 571 vero
2977 517 3366 588 utilitatemque
3388 518 3609 574 immor—

2014 605 2192 670 talem,
2224 619 2327 673 qua
2358 604 2565 661 ratione
2605 608 2850 662 excusari
2891 608 3205 676 poterimus,
3241 609 3300 688 gi
3333 620 3452 678 post
3491 620 3610 664 tan-

2011 705 2117 750 tam
2149 697 2594 765 consolationem,
2630 701 2878 755 virtutem
2909 717 3014 756 non
3059 700 3354 757 adeamus?
3399 704 3606 759 Sufficit

2010 788 2166 842 nobis
2211 805 2320 858 pm:
2361 791 2610 846 omnibus
2657 801 3031 862 argumentum
3071 803 3126 848 et
3169 809 3328 850 causa
3369 798 3603 864 suscepti

2008 881 2223 946 laboris,
2255 883 2298 936 si
2329 885 2547 937 omnino
2577 885 2816 952 persuasi
2847 885 3014 938 simus
3052 901 3148 938 nos
3186 895 3404 954 prOpler
3435 887 3602 941 Deum

2007 971 2123 1028 haec
2153 977 2330 1028 omnia
2359 977 2484 1044 pati.
2517 975 2648 1030 Nam
2677 977 2718 1029 si
2747 977 2864 1046 quis
2903 977 3283 1045 Imperatorem
3324 978 3426 1032 sibi
3455 979 3604 1032 debi-

2008 1075 2175 1119 torem
2205 1065 2418 1129 habeat,
2450 1082 2509 1122 se
2537 1084 2630 1136 per
2654 1078 2816 1121 totam
2846 1070 3008 1122 vitam
3037 1069 3355 1122 tutissimam
3395 1069 3601 1122 cautio-

2006 1171 2129 1209 nem
2161 1154 2357 1210 habere
2388 1166 2538 1225 putat
2580 1175 2592 1210 :
2636 1161 2807 1227 cogita
2846 1167 3076 1227 quantus
3118 1157 3188 1210 sit
3219 1158 3283 1222 is,
3316 1158 3404 1226 qui
3449 1157 3600 1211 beni-

2003 1263 2166 1316 gnum
2211 1264 2531 1319 semperque
2562 1251 2824 1304 viventem
2857 1250 3023 1304 Deum
3070 1258 3125 1304 et
3166 1250 3508 1304 minimarum
3546 1262 3600 1306 et

2001 1342 2164 1396 simul
2188 1358 2501 1413 magnorum
2533 1345 2668 1413 frugi
2698 1358 2920 1412 operum
2948 1343 3045 1397 sibi
3073 1342 3368 1396 debitorem
3399 1343 3600 1396 consli-

2003 1435 2122 1488 tuit.
2145 1433 2223 1488 Ne
2253 1435 2432 1504 itaque
2459 1435 2587 1488 mihi
2619 1435 2832 1488 labores
2861 1434 3084 1502 objicias
3107 1442 3162 1486 et
3189 1432 3413 1486 sudores
3444 1448 3458 1492 :
3506 1448 3601 1487 ne-

2001 1542 2108 1594 que
2135 1527 2276 1581 enim
2303 1528 2415 1581 sola
2445 1525 2739 1582 futurorum
2777 1539 2894 1594 spe,
2927 1529 3021 1580 sed
3051 1535 3106 1580 et
3139 1525 3243 1577 alio
3272 1523 3432 1579 modo
3466 1523 3599 1578 faci-

2001 1615 2106 1670 lem
2134 1631 2254 1672 esse
2279 1617 2530 1670 virtutem
2561 1617 2768 1670 curavit
2808 1615 2972 1679 Deus,
3009 1614 3165 1668 nobis
3201 1614 3399 1682 ubique
3440 1614 3596 1667 auxi-

2001 1708 2129 1760 lium
2180 1708 2640 1776 patrociniumque
2685 1721 2843 1760 suum
2891 1705 3215 1777 praestando.
3259 1705 3312 1758 Si
3366 1704 3597 1758 volueris

1999 1800 2262 1853 modicam
2288 1799 2544 1854 adhibere
2567 1797 2917 1867 diligentiam,
2941 1808 3134 1851 caetera
3159 1796 3337 1850 omnia
3366 1810 3596 1863 sequen-

1999 1902 2104 1946 tur.
2138 1892 2429 1960 Propterea
2459 1893 2604 1947 enim
2635 1902 2684 1946 te
2713 1892 2825 1945 vult
2862 1906 3052 1960 parum
3093 1899 3345 1959 prrestare
3373 1888 3591 1954 laboris,

1999 1993 2057 2037 ut
2103 1993 2157 2038 et
2201 1984 2422 2038 victoria
2468 1995 2555 2038 tua
2601 1983 2690 2037 sit.
2743 1984 2820 2038 Ac
2857 1980 3306 2052 quemadmodum
3351 1997 3442 2035 rex
3486 1981 3594 2036 vult

1997 2074 2160 2128 lilium
2191 2090 2346 2130 suum
2375 2075 2429 2129 in
2459 2076 2573 2130 acie
2602 2085 2766 2138 stare,
2796 2075 2971 2143 jacnla
3013 2073 3244 2136 vibrare,
3295 2082 3348 2128 et
3377 2075 3592 2141 conspi-

1995 2180 2158 2219 cuum
2186 2181 2326 2232 esse,
2360 2176 2416 2220 ut
2447 2165 2547 2234 ipsi
2580 2176 2838 2233 tropaeum
2861 2164 3090 2218 adscribi
3115 2165 3300 2233 possit,
3328 2163 3450 2218 licet
3478 2166 3592 2232 ipse

1996 2265 2165 2311 totum
2192 2256 2386 2311 bellant
2408 2257 2656 2312 conficiat
2684 2273 2698 2316 ;
2732 2256 2810 2308 sic
2842 2256 2982 2310 Deus
3008 2255 3058 2308 iu
3091 2254 3234 2308 bello
3263 2264 3447 2308 contra
3476 2255 3589 2308 dia-

1994 2348 2174 2404 bolum
2211 2349 2355 2404 facit.
2387 2350 2560 2404 Unum
2596 2350 2793 2418 quippe
2833 2358 3036 2401 tantmn
3077 2363 3107 2401 a
3151 2357 3202 2401 te
3244 2348 3487 2417 requirit,
3531 2358 3589 2401 ut

1993 2450 2180 2495 contra
2225 2441 2373 2494 illum
2415 2455 2541 2495 vere
2585 2441 2918 2494 inimicitiam
2962 2437 3253 2502 exhibeas;
3303 2448 3352 2492 et
3395 2420 3440 2492 si
3486 2437 3588 2493 hoc

1993 2531 2094 2600 ipsi
2121 2531 2408 2597 concedas,
2438 2533 2552 2600 ipse
2583 2540 2750 2584 totum
2793 2530 2990 2584 bellum
3029 2527 3299 2583 conficiet.
3334 2528 3445 2582 Etsi
3484 2529 3583 2593 ira,

1986 2625 2072 2677 vel
2109 2623 2336 2677 avaritia
2371 2633 2423 2678 te
2445 2633 2588 2687 urat,
2618 2623 2702 2677 vel
2723 2622 3038 2692 quicunque
3083 2623 3224 2675 alius
3255 2623 3579 2691 tyrannicus

1987 2715 2186 2768 anima:
2220 2715 2481 2778 morbus,
2526 2715 2708 2768 statim
2750 2713 2939 2778 adest;
2985 2711 3029 2764 si
3080 2713 3260 2765 videat
3308 2722 3358 2766 te
3394 2711 3576 2764 solum

1991 2814 2183 2860 contra
2203 2805 2415 2858 hostem
2437 2805 2750 2873 expeditum
2775 2811 2830 2857 et
2846 2811 3120 2872 paratum,
3160 2810 3217 2858 et
3267 2801 3445 2856 facilia
3461 2815 3579 2853 om-

2000 2899 2092 2951 nia
2135 2898 2336 2961 reddit,
2383 2908 2542 2966 teque
2569 2897 2790 2950 ﬂanima
2827 2896 3164 2965 superiorem
3184 2895 3489 2956 constituit,
3524 2901 3584 2947 ut

1986 3000 2191 3051 pueros
2221 2988 2344 3042 illos
2377 2989 2431 3042 in
2464 2987 2686 3042 fornace
2710 2985 3072 3054 Babylonica:
3106 2999 3230 3037 nam
3257 2995 3312 3038 et
3333 2984 3410 3038 illi
3446 2983 3585 3037 nihil

1988 3074 2130 3129 aliud
2179 3075 2408 3129 attulere
2447 3091 2604 3144 quam
2645 3075 2996 3128 voluntatem.
3043 3071 3115 3127 Ut
3158 3074 3334 3140 igitur,
3355 3081 3409 3125 et
3451 3089 3583 3137 nos,

1988 3180 2204 3220 omnem
2237 3165 2436 3218 illicita:
2472 3165 2759 3233 voluptatis
2802 3164 3074 3217 fornacem
3118 3162 3204 3216 hic
3230 3163 3580 3223 declinantes,

1986 3256 2283 3326 gehennam
2315 3257 2424 3311 illic
2462 3256 2798 3326 eliugiamus,
2831 3254 2946 3308 haec
2973 3254 3214 3323 quotidie
3240 3262 3292 3308 et
3319 3255 3585 3308 delibere-

1987 3363 2130 3412 mus,
2157 3357 2211 3402 et
2239 3361 2509 3410 curemus,
2539 3356 2593 3400 et
2620 3359 2860 3415 agamus,
2891 3353 3000 3398 tum
3027 3360 3093 3398 ex
3123 3347 3208 3412 pio
3236 3345 3360 3397 boni
3391 3344 3584 3413 agendi

1988 3443 2284 3514 proposito,
2330 3451 2439 3495 tum
2472 3440 2837 3508 frequentibus
2861 3438 3193 3492 orationibus
3223 3437 3314 3490 Dei
3345 3437 3579 3490 benevo-

1989 3537 2206 3591 lentiam
2237 3535 2393 3589 nobis
2431 3533 2786 3587 attrahentes.
2811 3529 2901 3585 Sic
2927 3532 3069 3584 enim
3095 3544 3158 3584 ea
3190 3545 3308 3599 qua:
3335 3544 3476 3583 nunc
3504 3532 3586 3583 in-

1989 3627 2283 3683 tolerabilia
2312 3625 2582 3688 videntur,
2611 3623 2810 3686 facilia,
2843 3621 2980 3676 levia
3019 3620 3374 3688 amabiliaque
3403 3630 3579 3676 erunt.

1987 3719 2252 3788 Quamdiu
2290 3719 2430 3773 enim
2461 3717 2514 3771 in
2545 3717 2724 3786 pravis
2758 3713 3035 3769 affectibus
3073 3727 3374 3779 versamur,
3407 3715 3583 3767 virtu-

1989 3823 2095 3869 tem
2118 3825 2384 3880 asperam,
2402 3807 2698 3870 diflicilem,
2723 3806 3157 3871 inaccessamque
3177 3817 3296 3858 esse
3314 3813 3583 3872 putamus.

1987 3906 2385 3976 nequitiamque
2412 3898 2824 3956 desiderabilem
2852 3905 2906 3952 et
2935 3895 3331 3960 dulcissimam;
3374 3894 3419 3948 si
3457 3908 3586 3948 vero

1989 3995 2262 4066 paululum
2304 4009 2335 4045 a
2374 3991 2517 4044 vitiis
2554 3988 2915 4049 discedamus,
2961 3995 3085 4039 tunc
3127 3985 3212 4038 illa
3243 3983 3578 4037 abominabi-

1989 4091 2055 4145 lis
2081 4099 2137 4145 et
2162 4086 2418 4142 deformis
2447 4083 2730 4141 videbitur.
2763 4080 2879 4134 hrec
2906 4093 3034 4134 vero
3064 4078 3237 4133 facilis
3277 4084 3331 4132 et
3373 4075 3581 4130 amabi-

1991 4182 2077 4238 lis.
2120 4181 2245 4235 Haec
2289 4193 2450 4249 porro
2490 4175 2698 4229 discere
2749 4172 2901 4226 facile
2946 4184 3235 4240 poswmus
3277 4183 3345 4222 ex
3390 4166 3453 4222 iis
3493 4166 3584 4235 qui

1991 4285 2139 4330 recto
2173 4275 2295 4325 vita:
2326 4270 2569 4324 instituto
2605 4266 2936 4320 claruerunt.
2969 4261 3102 4315 Audi
3134 4259 3404 4329 quomodo
3447 4256 3587 4311 Pau-

1993 4369 2074 4422 lus
2103 4365 2224 4419 vitia
2254 4364 2411 4418 etiam
2439 4367 2560 4432 post
2583 4356 2990 4413 conversionem
3019 4352 3210 4422 pudori
3237 4366 3357 4406 esse
3382 4338 3525 4404 dicat
3567 4367 3582 4402 :

1995 4459 2157 4527 Quem
2186 4456 2319 4510 enim
2363 4456 2582 4525 fructum
2609 4447 2863 4502 habebatis
2894 4455 3013 4527 tunc
3054 4446 3105 4496 in
3142 4444 3267 4508 illis,
3305 4443 3368 4495 de
3408 4443 3586 4509 quibus

1993 4525 2130 4604 nunc
2159 4545 2443 4602 erubescitis
2472 4542 2644 4616 (Rom.
2680 4542 2735 4596 6.
2779 4525 2911 4610 21)?
2943 4536 3205 4591 Virtutem
3246 4544 3426 4591 autem
3469 4544 3588 4604 post

1994 4641 2232 4698 laborem
2265 4641 2437 4694 levem
2467 4635 2783 4711 facilemque
2833 4631 2982 4696 dicit,
3023 4636 3451 4682 momentaneam
3493 4628 3590 4681 tri-

1995 4733 2346 4791 bulationem,
2379 4739 2434 4785 et
2475 4729 2715 4785 laborem
2758 4725 2944 4779 dicens
2975 4721 3227 4776 facilitate
3281 4722 3453 4776 levem
3486 4720 3500 4785 (
3528 4718 3585 4773 Ω.

1996 4827 2114 4881 Cor.
2150 4825 2346 4892 $.17),
2377 4821 2716 4891 gaudensque
2757 4819 2809 4872 in
2847 4811 3339 4887 passionibus(Col.
3381 4813 3434 4866 1.
3467 4811 3586 4881 24),

1995 4929 2050 4973 et
2079 4916 2353 4972 exsultans
2382 4914 2432 4967 in
2465 4910 2892 4967 tribulationibus
2923 4907 3098 4975 (Rom.
3129 4906 3182 4960 5.
3209 4907 3284 4974 5),
3315 4906 3591 4974 altumque

1996 5011 2210 5078 sapiens
2253 5008 2305 5059 in
2347 5002 2681 5074 stigmatibus
2733 5006 2956 5070 propter
3004 4997 3278 5051 Christum
3325 4996 3592 5065 susceptis

1999 5099 2141 5170 (Cal.
2171 5098 2225 5153 6.
2257 5095 2368 5165 17).
2413 5094 2483 5151 Ut
2523 5092 2682 5164 igitur
2708 5100 2763 5145 et
2805 5103 2903 5142 nos
2945 5089 2996 5141 in
3037 5089 3137 5140 hoc
3183 5095 3324 5139 statu
3371 5100 3594 5140 manea-

1998 5201 2139 5252 mus,
2172 5184 2237 5237 iis
2264 5196 2383 5250 qua:
2410 5192 2570 5248 supra
2595 5177 2736 5230 dicta
2766 5183 2892 5228 sunt
2928 5187 3027 5227 nos
3053 5171 3290 5241 quotidie
3318 5186 3593 5224 exornan-

1999 5286 2100 5341 tes,
2141 5284 2196 5329 et
2234 5271 2621 5343 praeteritorum
2650 5267 3050 5326 obliviscentes,
3091 5263 3158 5317 ad
3200 5278 3259 5316 ea
3304 5277 3433 5316 vero
3473 5277 3594 5331 quae

2001 5377 2123 5422 ante
2149 5379 2246 5421 nos
2275 5372 2400 5418 sunt
2438 5378 2534 5416 nos
2563 5375 2778 5429 seraper
2801 5356 3177 5420 extendentes,
3209 5370 3456 5422 superive
3497 5369 3595 5405 vo-

2001 5458 2227 5516 cationis
2251 5456 2491 5512 bravium
2521 5467 2808 5522 sequamur
2851 5468 2865 5504 :
2899 5449 3041 5518 quod
3072 5465 3169 5502 nos
3213 5461 3403 5501 omnes
3431 5461 3584 5500 asse-

2001 5554 2089 5621 qui
2130 5551 2424 5619 contiugat,
2473 5545 2641 5616 gratia
2690 5551 2746 5598 et
2795 5541 3124 5610 benignitate
3172 5537 3383 5592 Domini
3428 5539 3596 5592 nuStri

2004 5643 2130 5698 Jesu
2157 5640 2374 5705 Christi,
2404 5639 2488 5694 cui
2517 5635 2683 5709 gloria
2710 5644 2764 5691 et
2791 5631 3073 5705 imperium
3102 5630 3156 5685 in
3186 5626 3384 5684 smcula
3423 5639 3591 5681 sancuv

2006 5734 2200 5789 lorum.
2241 5733 2433 5787 Amen.
