4114 6506
1237 387 1294 446 ὃ.
1331 389 1606 448 ,ιοΑΝΝιε
1631 389 2097 449 CHRYSOSTOMI
2137 393 2449 452 ARCHIEP.
2491 395 3021 457 CONSTANTINOP.

3702 412 3812 471 256

1888 601 2233 667 HOMILIA
2275 607 2478 670 XVII.

560 722 685 776 (in.
716 722 769 777 5.
800 737 850 776 ν.
875 721 966 779 27.
998 723 1219 779 Audistis
1241 725 1361 794 quia
1396 724 1584 778 dictum
1628 734 1702 779 est
1730 725 1946 792 antiquis
1976 740 1997 779 :
2024 725 2142 782 Non
2247 746 2364 786 mus
2382 773 2398 797 ,
2425 748 2521 789 cor
2544 734 2770 804 primum
2800 701 3076 808 expurgat.
3126 740 3194 796 Et
3220 745 3488 811 quotnodo
3513 762 3814 817 possunius.

632 812 970 873 "imitaberis.
1009 811 1100 868 28.
1157 811 1269 884 Ego
1294 822 1458 867 autem
1483 812 1595 866 dico
1623 815 1758 867 vobis
1778 855 1792 877 ,
1820 815 1938 883 quia
1979 817 2140 870 omnis
2244 819 2450 889 inquies
2471 863 2488 888 ,
2514 839 2543 877 a
2569 826 2994 894 concupiscentia
3025 829 3277 887 liberari?
3305 811 3531 893 Maxime
3554 839 3771 908 quidem
3795 882 3812 905 ,

633 902 715 966 qui
759 901 936 955 uiderit
972 903 1229 956 mulierem
1264 903 1333 956 ad
1375 904 1826 973 concupiscendum
1862 921 1998 971 eam,
2019 906 2135 975 jam

631 993 902 1045 rnachatus
925 1000 997 1044 est
1022 1008 1131 1045 eam
1153 993 1209 1046 iu
1232 993 1382 1048 corde
1403 1010 1515 1048 suo.

631 1081 681 1135 l.
713 1081 991 1148 Postquam
1019 1083 1246 1153 primum
1277 1085 1581 1138 mandatum
1623 1081 1921 1153 explicandi
1969 1083 2130 1139 linem

556 1171 702 1238 fecit,
757 1170 988 1241 illudque
1036 1172 1101 1226 ad
1143 1186 1409 1228 summum
1462 1171 1810 1241 philosophiae
1850 1173 2128 1238 extendit,

553 1260 742 1316 ordine
792 1263 1106 1331 procedens,
1132 1263 1200 1318 ad
1248 1263 1537 1319 secundum
1581 1264 1919 1334 provehitur,
1945 1264 1996 1319 in
2029 1262 2133 1322 hoc

554 1365 765 1420 quoque
794 1352 893 1422 legi
937 1353 1489 1424 obsequutus-A’tqui
1536 1355 1637 1410 hoc
1684 1369 1790 1410 non
1840 1355 2128 1410 secundum

555 1450 876 1510 praaceptum
906 1451 1007 1508 est,
1038 1442 1389 1511 inquies,.sed
1433 1446 1666 1499 tertium.
1710 1445 1823 1500 Non
1852 1447 1993 1500 enim
2018 1445 2129 1515 pri-

565 1544 706 1582 mum
735 1541 1058 1600 praeceptum
1083 1539 1182 1586 est.
1210 1530 1331 1587 Non
1354 1534 1547 1587 occides
1572 1533 1593 1605 (
1617 1532 1760 1588 Deut.
1783 1534 1837 1590 6.
1859 1536 1894 1594 4
1913 1536 1966 1605 );
1993 1535 2087 1591 sed
2108 1554 2125 1592 :

558 1618 802 1674 Dominus
831 1621 969 1675 Deus
1010 1632 1127 1677 tuus
1148 1662 1164 1687 ,
1199 1621 1447 1678 Dominus
1473 1641 1602 1678 unus
1631 1635 1719 1679 est.
1772 1626 2126 1693 Quamobrem

548 1711 888 1781 quaerendum
915 1722 1031 1776 est,
1062 1727 1157 1767 cur
1181 1729 1286 1767 non
1327 1715 1448 1768 inde
1472 1715 1712 1783 cmperit.
1743 1716 1855 1782 Qua
1901 1718 1968 1772 de
1995 1733 2124 1772 cau-

547 1800 836 1868 sa.igitur?
859 1801 992 1866 Quia
1033 1803 1075 1858 si
1117 1803 1237 1856 inde
1267 1803 1535 1872 ccepisset,
1559 1805 1854 1874 oportebat,
1881 1815 1934 1861 et
1979 1807 2123 1862 illam

546 1905 774 1960 augere,
821 1900 879 1947 et
923 1895 1264 1968 semetipsum
1320 1897 1370 1950 in
1424 1898 1773 1966 explicatione
1819 1900 2120 1969 complecti.

545 1978 786 2034 Nondum
834 1990 1010 2036 autem
1062 1991 1267 2052 tempus
1315 1995 1432 2040 erat
1483 1987 1549 2040 de
1596 1989 1772 2057 seipso
1821 1989 2121 2058 hujusmodi

544 2068 810 2137 quidpiam
835 2069 1046 2125 docere.
1088 2072 1333 2141 Alioquin
1379 2085 1556 2128 autem
1605 2078 1860 2131 moralem
1908 2078 2120 2133 interim

542 2173 842 2212 sermonem
876 2161 1204 2225 habebat,et
1242 2163 1366 2218 hinc
1412 2175 1466 2218 et
1513 2180 1579 2220 ex
1624 2167 1891 2222 miraculis
1935 2168 2120 2226 volens

542 2246 867 2302 auditoribus
910 2251 1225 2317 persuadere
1253 2268 1313 2307 se
1339 2253 1528 2309 Filium
1561 2257 1653 2312 Dei
1696 2272 1836 2315 esse.
1880 2255 1936 2314 Si
1975 2260 2116 2314 enim

540 2347 821 2408 antequam
871 2341 1013 2395 aliud
1068 2344 1333 2414 quidpiam
1379 2347 1716 2416 loqueretur,
1764 2357 1855 2405 aut
1897 2349 2114 2417 faceret,

541 2428 716 2482 Statim
763 2429 1023 2486 dixisset:
1055 2435 1295 2492 Audistis
1320 2435 1440 2503 quia
1486 2436 1685 2491 dictum
1732 2446 1814 2492 est
1839 2440 2113 2509 antiquis:

543 2515 657 2588 Ego
679 2518 931 2573 Dominus
960 2521 1098 2574 Deus
1129 2535 1265 2586 qu~,
1290 2533 1343 2578 et
1383 2536 1579 2594 pmter
1607 2542 1692 2582 me
1717 2544 1821 2582 non
1847 2539 1929 2584 est
1947 2530 2113 2595 alius;

539 2622 643 2677 ego
665 2620 840 2664 autem
866 2609 985 2664 dico
1007 2611 1176 2674 vobis,
1201 2623 1256 2666 ut
1292 2624 1348 2668 et
1388 2630 1473 2669 me
1507 2617 1759 2682 adoretis,
1789 2620 1926 2674 sicut
1948 2629 2002 2675 et
2046 2621 2114 2674 il-

541 2697 647 2751 lum
673 2717 687 2752 :
717 2697 768 2752 id
796 2697 1074 2765 eﬁ'ecisset,
1111 2710 1168 2755 ut
1192 2716 1376 2757 omnes
1402 2704 1545 2758 illum
1567 2709 1715 2774 quasi
1738 2707 1996 2764 furentem
2020 2709 2115 2764 ha-

542 2785 745 2841 herent.
769 2783 826 2842 Si
851 2785 994 2842 enim
1026 2799 1146 2857 post
1176 2797 1372 2845 tantam
1399 2792 1692 2850 doctrinam
1728 2807 1782 2852 et
1825 2809 1944 2868 post
1969 2809 2111 2855 tanta

538 2877 708 2947 signa,
733 2892 853 2931 cum
876 2878 1109 2934 nondum
1139 2879 1254 2935 haec
1276 2881 1365 2937 ille
1393 2883 1537 2940 clare
1555 2885 1797 2952 dixisset,
1820 2888 2112 2945 demonia-

538 2981 658 3020 cum
689 2967 831 3020 illum
859 2969 1116 3024 vocabant
1141 2968 1334 3039 (locu.
1367 2973 1420 3026 8.
1447 2972 1536 3030 52.
1571 2985 1619 3029 et
1647 2976 1733 3032 10.
1757 2976 1852 3048 ΞΟ)
1883 2981 1962 3033 :si
1989 2990 2113 3037 alite

537 3055 626 3109 illa
665 3057 840 3111 omnia
879 3058 1052 3115 simile
1093 3061 1218 3130 quid
1263 3062 1442 3119 dicere
1481 3068 1823 3133 tentavisset,
1852 3070 1978 3139 quid
2005 3087 2110 3126 non

538 3145 848 3202 dixissent?
871 3149 995 3220 quid
1027 3165 1131 3204 non
1172 3153 1531 3222 cogitassent?
1568 3158 1640 3211 At
1661 3173 1786 3214 vero
1813 3159 2107 3216 doctrinam

542 3236 855 3306 huiusmodi
894 3240 963 3294 ad
991 3249 1205 3309 tempus
1266 3253 1622 3312 opportunum
1671 3263 2011 3316 reservasse,
2055 3253 2108 3308 id

530 3333 742 3386 facilem
772 3335 987 3401 iurabat
1010 3336 1150 3390 viam
1175 3343 1232 3391 ut
1260 3334 1364 3391 hoc
1396 3335 1592 3403 dogma
1610 3351 1639 3389 a
1666 3340 1844 3394 multis
1866 3343 2106 3412 suscipe-

535 3433 700 3479 retur.
722 3424 1078 3491 Quamobrem
1125 3441 1268 3483 nunc
1292 3429 1418 3484 illud
1439 3431 1800 3500 praetermisit;
1817 3444 2102 3504 postquam

533 3528 660 3570 vero
685 3530 779 3585 per
803 3516 951 3586 signa
975 3533 1174 3590 perque
1209 3518 1504 3579 doctrinam
1529 3523 1781 3593 optimam
1801 3526 1866 3580 ad
1893 3526 1945 3581 id
1967 3542 2105 3594 prm-

537 3615 798 3672 parasset,
857 3606 1033 3662 verbis
1082 3607 1294 3667 demum
1348 3610 1575 3682 idipsum
1627 3615 1899 3672 revelavit.
1954 3617 2106 3675 Nunc

529 3703 674 3749 certe
697 3704 751 3750 et
773 3695 937 3766 signis
955 3705 1011 3752 et
1029 3697 1145 3768 ipso
1164 3699 1420 3757 doctrina:
1439 3704 1619 3767 modo.
1639 3706 1891 3774 paulatim
1909 3718 1964 3762 et
1981 3723 2106 3764 sen-

529 3785 629 3838 sim
658 3785 783 3841 illnd
811 3786 1065 3843 declarat.
1089 3789 1220 3844 Nam
1245 3806 1366 3845 cum
1398 3803 1659 3862 potestate
1684 3795 1830 3865 leges
1860 3797 1975 3852 illas
1995 3808 2105 3854 sta-

530 3884 677 3930 tuere
695 3877 774 3932 vel
798 3877 1088 3935 reformare
1105 3920 1122 3946 ,
1152 3880 1204 3936 id
1235 3882 1413 3953 utique
1439 3899 1560 3949 eum
1588 3886 1678 3956 qui
1706 3887 2004 3944 attenderet
2048 3900 2104 3946 et

528 3977 707 4022 mente
731 3969 930 4024 valeret
959 3971 1024 4025 ad
1052 3971 1163 4026 veri
1189 3972 1449 4043 dogmatis
1492 3979 1752 4034 rationem
1779 3979 2096 4040 deducebat.

527 4055 980 4127 Obstupescebant
1026 4062 1167 4117 enim
1193 4105 1208 4129 ,
1253 4065 1365 4129 ait,
1410 4065 1532 4135 quia
1587 4082 1692 4122 non
1743 4070 1877 4125 sicut
1907 4074 2099 4130 scriba:

526 4163 710 4204 eorum
738 4149 1204 4222 docebathatth.
1236 4155 1290 4209 7.
1310 4154 1403 4210 29.
1441 4154 1606 4210 Marc.
1633 4158 1686 4212 1.
1713 4159 1839 4230 22).
1862 4166 1901 4217 Α
1931 4180 2097 4233 gene-

527 4237 727 4293 ralibus
766 4241 962 4311 quippe
986 4243 1128 4296 vitiis
1151 4257 1305 4297 orsus
1328 4283 1344 4310 ,
1372 4243 1441 4299 ah
1470 4244 1547 4299 ira
1592 4261 1782 4318 nempe
1809 4259 1866 4305 et
1897 4266 2096 4308 concu-

526 4330 775 4397 piscentia
793 4331 931 4400 (tunc
944 4332 1083 4386 enim
1102 4331 1330 4389 maxime
1347 4335 1674 4404 tyrannidem
1698 4339 1749 4392 in
1770 4339 1925 4394 nobis
1940 4356 2095 4398 exer-

524 4428 680 4483 cent,
707 4426 761 4472 et
790 4429 989 4474 natura:
1033 4430 1156 4476 sunt
1180 4422 1348 4493 magis
1391 4425 1670 4497 consona),
1718 4442 1838 4483 cum
1866 4433 2094 4488 auctori-

525 4514 632 4560 tate
647 4508 829 4573 multa,
847 4517 1097 4577 quantum
1128 4510 1347 4567 decebat
1373 4513 1750 4586 legislaturem,
1773 4518 1887 4576 haec
1906 4536 2096 4578 emen-

523 4597 686 4657 davit.
707 4607 761 4652 et
780 4613 898 4652 cum
918 4601 1059 4653 omni
1075 4602 1409 4659 accuratione
1423 4606 1685 4663 ordinavit
1701 4608 1930 4682 '.Ncque
1948 4621 2091 4670 enim

523 4688 652 4741 dixit
676 4697 878 4742 tantum
905 4689 1166 4746 mmchum
1194 4706 1380 4762 pinnas
1415 4711 1535 4753 esse
1575 4698 1819 4757 daturum
1846 4721 1860 4757 :
1887 4707 1979 4760 sed
2007 4707 2090 4762 id-

524 4780 694 4848 ipsum
722 4779 806 4834 hic
830 4780 955 4836 facit
980 4781 1117 4851 quod
1141 4784 1279 4840 circa
1323 4786 1640 4845 homicidam
1667 4791 1884 4862 fecerat,
1913 4797 2089 4869 impu-

521 4869 643 4926 dico
687 4871 846 4925 etiam
894 4875 1126 4942 aspectui
1173 4890 1358 4945 pmnas
1408 4877 1760 4950 denuntians,
1803 4894 1862 4939 ut
1911 4889 2088 4946 discas

521 4959 646 5028 quid
674 4961 742 5013 sit
771 4962 896 5015 illud
916 4964 1053 5032 quod
1078 4965 1212 5019 ultra
1233 4967 1454 5046 scriptas
1472 4969 1617 5040 leges
1634 4974 1939 5044 requiritur.
1961 4977 2086 5036 Ideo

520 5049 650 5104 dicit
673 5069 686 5103 :
713 5051 812 5116 Qui
831 5057 1098 5122 respexerit
1126 5058 1380 5114 mulierem
1399 5060 1466 5114 ad
1486 5065 1932 5133 concupiscendum
1950 5086 2082 5138 eam,

514 5141 626 5208 jam
655 5144 925 5197 nunt-haus
953 5156 1025 5199 est
1051 5163 1159 5200 eam
1185 5150 1239 5202 in
1265 5151 1416 5204 corde
1439 5169 1568 5217 suo;
1595 5154 1645 5209 id
1670 5165 1754 5211 est
1774 5198 1789 5221 ,
1816 5161 1904 5228 qui
1946 5163 2083 5219 solet

521 5244 740 5286 venusta
760 5247 981 5301 corpora
1006 5239 1267 5292 curiosius
1293 5240 1505 5307 intueri,
1539 5243 1802 5316 faciesque
1827 5249 2082 5309 formosas

519 5324 719 5390 venari,
747 5335 801 5380 et
828 5327 927 5381 hoc
971 5331 1270 5397 spectaculo
1290 5334 1520 5391 animum
1540 5353 1777 5408 pascere,
1797 5345 2082 5414 oculosque

517 5413 749 5482 deligere
777 5417 828 5470 in
856 5419 1114 5474 formosos
1143 5422 1335 5479 vultus.
1359 5425 1473 5482 Non
1494 5429 1634 5484 enim
1658 5445 1852 5501 corpus
1876 5413 2078 5492 tantum

519 5506 662 5559 venit
685 5520 712 5557 a
741 5509 892 5562 malis
936 5512 1141 5567 actibus
1164 5513 1425 5581 liberare,
1457 5520 1549 5575 sed
1588 5531 1642 5577 et
1679 5524 1907 5578 animam
1955 5538 2079 5584 ante

517 5610 730 5663 corpus.
774 5598 902 5663 Quia
930 5603 1068 5656 enim
1101 5604 1151 5657 in
1181 5605 1345 5662 corde
1381 5609 1609 5678 Spiritus
1627 5613 1852 5683 gratiam
1883 5619 2077 5686 accipi-

632 5685 723 5770 él‘.‘
736 5693 1014 5770 9991-319:
1026 5704 1135 5743 οιιηι
1156 5694 1282 5745 omni
1299 5700 1599 5754 πεπαίσθω
1620 5704 1864 5764 "Prw.
1880 5720 1989 5770 ίιυεε
2003 5685 2076 5760 ιο·

519 5750 615 5792 ctio
632 5759 726 5795 non
747 5751 1034 5810 metuenda.

2237 909 2282 962 si
2307 911 2552 977 velimus,
2572 929 2851 983 possumus
2875 933 2991 974 eam
3013 923 3373 993 exstinguere,
3397 938 3451 983 et
3474 945 3541 983 ne
3569 943 3816 1000 erumpat

2234 999 2527 1056 continere.
2548 1002 2993 1075 Alioquinvtutem
3016 1009 3101 1065 hic
3122 1028 3226 1067 non
3249 1016 3406 1069 modo
3425 999 3810 1090 concupiscen-

2236 1088 2361 1142 tiam
2393 1091 2546 1155 tollit,
2572 1095 2665 1148 sed
2691 1096 2849 1150 etiam
2878 1099 3022 1155 illam
3065 1107 3545 1175 concupiscentiam
3579 1088 3700 1181 quae
3742 1131 3809 1168 ex

2233 1191 2450 1249 aspectu
2488 1184 2680 1250 prodit.
2704 1185 2834 1241 Nam
2862 1191 2950 1259 qui
2977 1192 3234 1250 formosas
3271 1197 3466 1253 intueri
3492 1199 3656 1258 facies
3693 1213 3808 1258 stu-

2233 1267 2324 1323 det
2341 1310 2360 1336 ,
2389 1270 2478 1326 ille
2504 1276 2770 1345 praecipue
2797 1279 2913 1334 vitii
2957 1280 3227 1339 fornacem
3256 1288 3517 1353 accendit,
3540 1293 3806 1346 animam-

2230 1374 2336 1427 que
2352 1362 2612 1430 captivam
2641 1364 2802 1421 eflicit
2825 1409 2841 1435 ,
2867 1378 2920 1424 et
2948 1370 3056 1426 ci'to
3077 1373 3144 1428 ad
3165 1389 3296 1444 opus
3323 1393 3534 1449 quoque
3562 1383 3784 1438 accedet

2230 1449 2518 1521 Propterea
2544 1469 2649 1510 non
2674 1456 2826 1526 dixit,
2856 1459 2954 1528 Qui
2977 1466 3303 1535 concupierit
3342 1471 3634 1528 tnmchari:
3685 1476 3781 1530 sed

2232 1540 2333 1606 Qui
2348 1547 2618 1612 respexerit
2631 1548 2700 1600 ad
2712 1551 3180 1622 concupiscendum.
3201 1556 3267 1612 Et
3287 1573 3407 1613 cum
3428 1562 3496 1617 de
3519 1563 3593 1616 ira
3619 1563 3800 1636 loque-

2229 1640 2394 1696 retur,
2421 1632 2816 1693 distinctionem
2867 1643 3150 1710 quamdam
3194 1649 3389 1714 posuit,
3438 1649 3662 1718 Temere,
3693 1632 3800 1709 ’νει

2229 1720 2355 1777 Sine
2375 1739 2529 1778 causa
2552 1726 2810 1795 dicendo;
2834 1730 2920 1785 hic
2938 1747 3066 1788 vero
3090 1749 3195 1790 non
3216 1737 3308 1803 ita,
3332 1739 3426 1794 sed
3449 1743 3615 1798 semel
3637 1753 3803 1800 totam

2226 1818 2706 1886 concupiscentiam
2745 1823 2958 1882 sustulit
2988 1841 3002 1877 :
3030 1827 3236 1883 etiamsi
3271 1830 3386 1886 hac
3433 1834 3592 1890 ambo
3617 1835 3798 1890 innata

2227 1906 2379 1961 nobis
2402 1909 2526 1973 sint,
2553 1917 2610 1965 et
2635 1912 2832 1968 utiliter
2856 1925 3077 1986 utraque
3102 1919 3253 1976 nobis
3283 1923 3482 1990 insint,
3507 1927 3582 1981 ira
3609 1943 3800 1998 nempe

2223 2007 2278 2051 et
2301 2000 2763 2069 concupiscentia;
2817 2006 2903 2060 illa
2929 2019 2987 2062 ut
3015 2010 3283 2081 improbos
3314 2017 3613 2086 puniamns,
3641 2029 3690 2074 et
3720 2022 3801 2075 in-

2221 2087 2543 2155 compositos
2566 2092 2912 2150 emendemus
2928 2111 2946 2160 ;
2977 2096 3090 2153 htec
3121 2109 3178 2154 ut
3207 2102 3401 2159 liberos
3425 2109 3794 2179 suscipiamus,

2222 2184 2277 2230 et
2298 2191 2468 2245 genus
2493 2190 2730 2237 nostrum
2760 2189 3098 2246 successione
3139 2205 3477 2266 propagetur.

2291 2264 2348 2319 2.
2396 2265 2626 2324 Christus
2663 2272 2888 2330 illicitam
2918 2287 3111 2333 tantum
3138 2264 3591 2355 concupiscentiam
3619 2293 3801 2359 prohi-

2221 2356 2318 2411 bet.
2348 2357 2520 2424 Quare
2540 2363 2709 2432 ipsum
2735 2378 2990 2435 aspectum
3009 2373 3251 2428 cohibeat.
3283 2375 3543 2447 lmpudici
3569 2356 3799 2452 aspectus

2219 2447 2423 2502 damna.
2444 2480 2514 2490 —
2535 2452 2644 2507 Cur
2667 2469 2795 2524 ergo
2821 2474 2924 2512 non
2954 2459 3039 2516 hic
3074 2465 3233 2518 etiam
3266 2447 3659 2528 distinctionem
3701 2491 3798 2546 po-

2220 2537 2362 2592 suit?
2383 2538 2664 2599 Maximam
2706 2557 2852 2603 certe
2869 2590 2886 2613 ,
2917 2551 2962 2605 si
2990 2556 3231 2611 attendas
3249 2597 3263 2621 ,
3291 2558 3376 2615 hic
3401 2537 3793 2622 distinctionem

2219 2627 2496 2698 percipies.
2528 2631 2642 2687 Non
2676 2635 2817 2691 enim
2858 2640 3171 2710 simpliciter
3214 2647 3368 2712 dixit,
3398 2651 3499 2718 Qui
3535 2659 3799 2726 concupi-

2216 2720 2382 2786 verit;
2411 2731 2584 2791 potest
2620 2727 2762 2782 enim
2807 2731 2982 2800 quivis
3007 2735 3167 2791 etiam
3214 2738 3266 2792 in
3311 2744 3578 2800 montibus
3607 2720 3792 2804 sedem

2214 2808 2438 2881 habens,
2464 2819 2872 2889 concupiscere;
2903 2825 3019 2893 sed,
3067 2826 3168 2893 Qui
3195 2837 3465 2903 respuerit
3507 2839 3576 2891 ad
3609 2856 3804 2896 concu-

2215 2900 2544 2971 piscendttm;
2571 2906 2624 2962 id
2653 2918 2755 2977 est,
2782 2912 2871 2982 qui
2893 2914 2994 2969 sibi
3039 2917 3137 2987 ipsi
3183 2900 3663 2994 concupiscentiam
3697 2944 3790 2987 ac-

2213 2992 2395 3083 cersit,
2444 3003 2538 3064 qui
2577 3001 2789 3057 nemine
2815 3015 3037 3076 cogente
3082 3008 3251 3067 feram
3300 2992 3443 3072 illam
3473 3019 3526 3073 in
3549 3022 3790 3083 sedatum

2213 3172 2489 3236 ﬁciscitur.
2518 3179 2611 3234 sed
2641 3197 2705 3236 ex
2743 3182 2965 3241 desidia.
3017 3189 3132 3248 Hoc
3171 3172 3368 3267 quippe
3398 3199 3450 3255 in
3481 3205 3644 3261 veteri
3663 3172 3792 3278 lege

2206 3263 2315 3332 jam
2345 3266 2471 3323 olim
2507 3271 2726 3328 vetitum
2757 3275 2874 3341 fuit,
2905 3294 3024 3349 qua
3072 3283 3151 3340 sic
3191 3263 3354 3344 habet
3386 3308 3399 3346 :
3429 3290 3556 3349 Noti
3597 3263 3790 3355 disce;

2209 3355 2630 3424 pulchritudinem
2665 3363 2884 3420 alienam
2904 3367 2924 3437 (
2948 3368 3109 3426 Eccli.
3132 3373 3186 3431 9.
3209 3376 3262 3432 8.
3285 3376 3326 3449 ).
3355 3380 3554 3441 Deinde
3573 3401 3640 3442 ne
3666 3388 3789 3458 quis

2204 3445 2446 3503 diceret:
2473 3447 2608 3520 Quid
2637 3467 2784 3526 ergo.
2815 3455 2860 3510 si
2886 3456 3122 3518 didicero
3142 3505 3158 3529 ,
3187 3476 3244 3522 et
3265 3445 3370 3524 non
3395 3475 3613 3544 capiar?
3639 3445 3788 3534 colui;

2210 3535 2300 3590 bet
2320 3549 2613 3608 aspectum,
2640 3559 2710 3599 ne
2749 3544 3099 3637 hacrtidenter
3143 3569 3275 3611 usus
3310 3535 3543 3630 licentia,
3572 3564 3625 3620 in
3653 3581 3784 3637 pec-

2205 3635 2380 3681 catum
2408 3629 2688 3699 aliquando
2734 3635 2955 3694 incidas.
2996 3640 3131 3710 Quid
3174 3645 3331 3716 igitur
3373 3651 3420 3706 si
3460 3629 3703 3727 videam,
3727 3671 3783 3717 et

2205 3721 2576 3790 concupiscam
2599 3765 2614 3789 ,
2646 3725 2880 3799 nihilque
2931 3735 3054 3790 mali
3104 3740 3294 3808 agam?
3356 3741 3526 3800 Etiam
3555 3748 3640 3803 sic
3657 3721 3780 3807 cum

2207 3809 2430 3912 movebis
2458 3818 2770 3872 numeraris.
2793 3817 3118 3882 Sententiam
3146 3829 3267 3886 tulit
3291 3831 3581 3905 legislator,
3609 3854 3782 3912 neque

2205 3896 2370 3954 debes
2399 3901 2530 3956 ultra
2573 3907 2782 3963 curiose
2826 3910 3115 3982 inquirere.
3147 3917 3280 3976 Cum
3319 3896 3460 3980 enim
3496 3896 3663 3988 semel

2203 3988 2285 4045 bis
2309 4001 2402 4047 aut
2425 4003 2507 4049 ter
2532 3995 2608 4052 sic
2635 4004 2934 4070 respexeris
2953 4048 2969 4071 ,
3002 4016 3055 4065 te
3080 4008 3218 4068 forte
3245 4016 3444 4084 poteris
3471 4023 3774 4092 continere;

2201 4078 2246 4134 si
2272 4095 2398 4137 vero
2426 4082 2732 4156 frequenter
2753 4090 2808 4147 id
2846 4094 3042 4165 facias,
3074 4109 3128 4156 et
3161 4078 3434 4162 fornacem
3473 4078 3737 4172 accendas

2203 4172 2440 4241 profecto
2463 4178 2690 4245 capieris
2715 4197 2728 4234 :
2758 4197 2863 4238 non
2893 4187 3036 4243 enim
3065 4201 3212 4247 extra
3243 4195 3526 4256 humanam
3553 4203 3686 4261 situs
3712 4172 3774 4265 es

2203 4270 2464 4359 naturam:
2489 4264 2941 4331 Quemadmodum
2962 4291 3090 4350 ergo
3115 4297 3212 4337 nos
3235 4300 3355 4342 cum
3381 4304 3602 4359 puerum
3626 4264 3774 4355 vide;

2199 4363 2318 4405 mus
2341 4353 2571 4423 gladium
2607 4367 2876 4420 tenentem
2894 4407 2910 4432 ,
2937 4370 3145 4428 etiamsi
3174 4353 3408 4436 nondum
3439 4353 3770 4448 vulneratum

2193 4806 2412 4865 absente
2438 4811 2547 4911 illa,
2572 4829 2728 4884 quam
2753 4824 3005 4891 respexit,
3036 4827 3262 4886 muliere
3280 4872 3295 4896 ,
3323 4849 3500 4892 rerum
3531 4806 3765 4911 turpium

2193 4897 2446 4970 imagines
2475 4901 2572 4959 sibi
2603 4907 2698 4975 ipsi
2728 4908 3034 4982 frequenter
3059 4915 3226 4989 tingit,
3258 4932 3312 4978 et
3334 4939 3401 4980 ex
3428 4925 3555 4998 ipsis
3583 4897 3765 5004 iniagi:

2191 4990 2346 5046 nibus
2372 4994 2423 5048 in
2450 5009 2583 5065 opus
2606 5013 2747 5070 saepe
2764 5002 3062 5061 deducitur.
3086 5008 3317 5082 ideoque
3340 4990 3582 5076 Christus
3602 4990 3762 5082 eth-im

2188 5082 2355 5149 illum,
2386 5087 2475 5155 qui
2502 5089 2553 5142 in
2579 5092 2758 5148 animo
2794 5093 3030 5166 fingitur,
3060 5102 3256 5159 coitum
3296 5106 3374 5176 de
3397 5112 3573 5168 medio
3601 5116 3759 5173 tollit.

2186 5174 2322 5242 Quid
2362 5179 2518 5248 igitur
2561 5181 2791 5240 dixerint
2814 5187 2850 5242 ii
2876 5191 2962 5259 qui
2991 5206 3171 5249 secum
3220 5174 3520 5260 habitantes
3565 5206 3763 5265 habent
3799 5231 3806 5239 ·

2185 5267 2414 5338 virgines
2434 5272 2548 5343 (a)?
2585 5272 2795 5330 Etenim
2825 5281 3114 5337 secundum
3143 5284 3280 5342 hanc
3301 5288 3492 5361 legem,
3531 5308 3758 5356 sexcen-

2247 5401 2330 5498 $22.
3133 5417 3564 5498 ῑὲξείξιςξξιθδαιμ
3577 5425 3754 5498 librum

2185 5472 2334 5513 edidit
2355 5472 2733 5576 Chrg‘sgstomus.
2758 5473 2838 5532 qui
2858 5486 3004 5523 cusus
3025 5475 3118 5526 fuit
3138 5472 3284 5530 1‘an
3306 5472 3754 5551 ρῆωοίρἱιῖὀῆέξ

2183 5526 2424 5608 [92:39};
2790 5533 3036 5608 ιξψιυεείο
3052 5538 3218 5608 habet.
3231 5544 3754 5608 Quodcmticmﬁu

2181 5586 2441 5668 regulam,
2462 5602 2578 5661 cum
2740 5591 2960 5668 habitare
2978 5609 3075 5668 non
3087 5586 3750 5668 débgﬂduffinii‘ﬁéixiio'iif

2283 5646 2402 5726 itl‘las.
2427 5649 2642 5726 virgines
2659 5653 2899 5725 intelligit,
2914 5663 2969 5705 ut
2987 5657 3041 5726 in
3065 5646 3166 5709 toto
3180 5646 3754 5726 li‘bElli‘tl-ec'ursuvviire};

2180 5707 3079 5793 2?;3'1‘39‘53".i‘3.‘959_"557§§®§illa:
3095 5707 3562 5793 damn—573;;

2184 5769 2439 5832 quemdam
2463 5773 2512 5819 in
2535 5774 2744 5825 Ecclesia
2767 5769 2988 5828 ordinem
3011 5769 3244 5833 tenebant
