4114 6488
326 427 432 481 23"

332 553 398 596 tis
421 539 497 595 rei
522 539 720 594 fuerint
749 536 1204 601 fomicationibus,
1237 536 1472 604 quotidie
1499 537 1615 590 illas
1640 551 1760 590 cum
1791 552 1918 591 con-

331 632 656 700 cupiscentia
698 630 987 682 intuentes.
1017 625 1245 696 Ideoque
1274 627 1460 680 beatus
1494 625 1594 682 Job
1640 627 1776 681 hanc
1816 627 1916 680 sibi

332 721 505 791 legem
535 735 564 773 a
594 718 856 790 principio
895 718 1093 786 poSuit,
1139 731 1198 771 se
1241 717 1439 786 ubique
1476 716 1734 772 cohibens
1765 732 1795 770 a
1826 717 1917 770 tali

331 811 634 881 spectaculo
657 809 794 879 (Job
825 810 913 864 31.
951 808 1038 878 9).
1067 808 1196 862 Nam
1225 819 1371 862 certe
1398 818 1518 875 post
1541 818 1814 875 aspectum
1852 822 1920 862 ne

333 900 526 955 fruaris
571 901 655 954 illa
702 914 861 970 quam
890 914 1071 960 amas,
1101 897 1272 967 majus
1302 908 1382 952 est
1407 908 1680 952 certamen
1707 915 1720 952 :
1747 912 1919 967 neque

331 1002 532 1046 tantam
560 990 628 1044 ab
657 1001 873 1060 aspectu
918 989 1240 1059 percipimus
1284 989 1632 1056 voluptatem,
1666 997 1917 1057 quantam

327 1098 360 1135 ει
387 1082 699 1151 cupiditatis
742 1089 1028 1149 augmento
1081 1080 1388 1148 experimur
1439 1079 1760 1148 perniciem,
1793 1079 1917 1133 dum

331 1171 472 1225 hosti
499 1169 863 1224 fortitudinem
901 1171 1249 1231 accersimus,
1278 1179 1335 1224 et
1363 1168 1579 1224 diabolo
1623 1170 1795 1238 majus
1825 1185 1922 1223 no-

329 1260 488 1316 cendi
514 1261 744 1330 spatium
788 1270 841 1314 et
886 1260 1060 1313 locum
1105 1260 1292 1312 damus
1320 1279 1332 1310 :
1365 1269 1421 1313 ut
1451 1275 1622 1330 neque
1653 1261 1919 1330 possimus

331 1353 405 1406 illi
436 1353 706 1414 resistere,
731 1361 1010 1421 postquam
1043 1351 1094 1404 in
1124 1352 1307 1404 intima
1331 1351 1508 1405 cordis
1535 1352 1682 1404 illum
1712 1353 1921 1406 induxi-

330 1460 472 1510 mus,
502 1455 552 1497 et
581 1451 821 1513 apertum
866 1444 964 1512 ipsi
1005 1444 1238 1496 animum
1289 1444 1659 1512 expandimus.
1719 1444 1922 1500 idcirco

330 1538 406 1590 ait
436 1553 448 1588 :
474 1535 591 1589 Noli
617 1534 869 1588 mmchari
899 1535 1066 1588 oculis
1088 1575 1102 1598 ,
1134 1543 1187 1587 et
1207 1535 1386 1588 animo
1418 1550 1524 1587 non
1543 1534 1918 1590 mmchaheris.

332 1626 431 1680 Est
456 1626 597 1680 enim
622 1633 677 1679 et
714 1625 848 1679 alius
876 1624 1166 1693 aspiciendi
1215 1625 1405 1678 modus
1427 1664 1441 1689 ,
1474 1637 1532 1678 ut
1560 1626 1691 1678 casti
1719 1625 1923 1679 scilicet

329 1717 614 1786 aspiciunt.
649 1716 878 1785 Ideoque
906 1732 1012 1769 non
1045 1717 1357 1786 simpliciter
1385 1727 1656 1784 aspectum
1687 1717 1918 1783 sustulit,

328 1809 426 1861 sed
469 1818 743 1877 aspectum
774 1823 892 1861 cum
929 1808 1378 1875 concupiscentia.
1435 1807 1544 1862 Nisi
1571 1808 1713 1862 enim
1742 1808 1793 1861 id
1819 1808 1922 1862 sibi

325 1899 607 1961 voluisset,
666 1898 892 1952 dixisset
943 1899 1145 1966 utique,
1192 1898 1291 1965 Qui
1352 1899 1569 1966 respicit
1605 1899 1918 1961 mulierem,

327 1989 644 2058 simpliciter
670 2007 683 2039 :
714 2004 818 2042 non
847 1989 925 2042 sic
948 1998 1127 2043 autem
1153 1989 1324 2054 dixit,
1354 1989 1469 2055 sed,
1504 1989 1601 2056 Qui
1625 1990 1923 2058 respexerit

329 2080 396 2133 ad
433 2078 938 2147 concupiscendum,
967 2079 1056 2147 qui
1083 2079 1403 2148 respexerit,
1435 2091 1492 2132 ut
1520 2089 1791 2147 aspectum
1825 2077 1922 2132 de-

331 2172 513 2225 lectet.
557 2170 673 2224 Non
701 2171 844 2224 enim
874 2169 995 2223 ideo
1027 2170 1120 2223 tibi
1151 2171 1290 2223 Deus
1319 2171 1502 2223 oculos
1528 2170 1708 2233 dedit,
1735 2182 1790 2223 ut
1820 2169 1924 2222 illis

328 2259 396 2314 ad
420 2261 819 2315 fornicationem
843 2259 1195 2314 inducendam
1219 2260 1407 2324 utaris,
1432 2261 1524 2314 sed
1551 2269 1607 2314 ut
1633 2265 1751 2326 ejus
1771 2274 1924 2314 crea-

332 2364 483 2406 turas
552 2354 760 2416 videns,
812 2353 1122 2408 Creatorem
1173 2355 1404 2408 mireris.
1464 2354 1921 2422 Quemadmodum

328 2457 458 2513 ergo
526 2442 640 2497 ﬁeri
692 2451 866 2513 potest
909 2453 969 2499 ut
1033 2453 1240 2500 temere
1307 2445 1557 2500 irascaris
1606 2465 1618 2498 :
1669 2447 1739 2498 ita
1811 2447 1923 2500 fieri

327 2543 505 2603 potest
532 2543 590 2588 ut
627 2547 827 2588 temere
870 2535 1120 2604 aspicias,
1142 2551 1266 2590 cum
1322 2551 1517 2605 nempe
1565 2537 1628 2589 ad
1665 2537 1921 2604 concupi-

326 2626 586 2679 scentiam
640 2626 935 2692 aspexeris.
979 2626 1034 2681 Si
1079 2626 1223 2681 enim
1268 2627 1535 2695 respicere
1584 2637 1638 2680 et
1669 2627 1920 2682 delectari

326 2716 482 2780 velis,
507 2717 712 2786 reSpice
739 2732 958 2770 uxorem
993 2728 1162 2782 tuam,
1193 2719 1446 2787 illamque
1477 2731 1736 2787 perpetuo
1764 2736 1882 2774 ama
1907 2740 1920 2773 :

327 2806 473 2860 nulla
496 2807 544 2858 id
570 2808 656 2860 lex
683 2808 951 2876 prohibet.
977 2807 1028 2859 Si
1055 2823 1180 2864 vero
1201 2795 1432 2862 alienam
1457 2810 1679 2863 formam
1709 2813 1923 2868 curiose

329 2899 524 2950 intueri
563 2897 823 2962 volueris,
848 2906 902 2950 et
925 2897 1067 2949 illam
1098 2897 1268 2963 lmdis,
1290 2899 1392 2952 alio
1422 2900 1606 2954 oculos
1635 2913 1918 2967 avertens;

325 2998 380 3042 ot
435 2987 571 3042 hanc
626 3004 783 3056 quam
835 2989 1057 3057 respicis
1082 3029 1098 3053 ,
1131 2990 1175 3042 si
1209 2990 1390 3044 illicite
1442 2991 1584 3044 illam
1618 2994 1918 3063 contingas.

331 3079 553 3132 Etiamsi
585 3079 725 3132 enim
766 3078 912 3131 illam
959 3093 1120 3132 manu
1165 3094 1271 3132 non
1301 3081 1591 3149 contigeris
1614 3123 1627 3144 ,
1660 3092 1714 3134 at
1753 3084 1922 3138 oculis

326 3168 628 3238 contigisti;
685 3165 913 3236 ideoque
966 3168 1095 3222 illud
1147 3183 1246 3237 pro
1289 3169 1555 3225 adulterio
1604 3181 1918 3239 reputatur,

327 3268 381 3314 et
441 3266 564 3312 ante
627 3258 944 3326 supplicium
1012 3259 1142 3313 illud
1198 3259 1564 3326 destinatum,
1609 3262 1752 3315 aliud
1815 3277 1918 3315 non

331 3350 450 3404 leve
497 3349 814 3417 supplicium
866 3348 1089 3404 inducit.
1133 3349 1261 3402 Nam
1293 3351 1526 3404 tumultu
1556 3360 1610 3405 et
1639 3352 1920 3420 perturba-

327 3440 473 3494 tione
499 3440 675 3495 omnia
707 3439 955 3494 interiora
981 3440 1187 3508 replet;
1213 3457 1402 3510 magna
1429 3442 1576 3496 adest
1606 3450 1916 3511 tempestas,

327 3531 676 3597 gravissimus
719 3529 905 3592 dolor,
950 3545 1049 3584 nec
1078 3531 1302 3599 meliore
1348 3532 1654 3586 conditione
1683 3533 1789 3588 erit
1830 3533 1921 3587 ille

327 3623 419 3691 qui
443 3621 558 3675 haec
589 3622 811 3690 patitur,
840 3636 998 3691 quam
1028 3623 1063 3677 ii
1088 3624 1178 3691 qui
1205 3624 1434 3677 vinculis
1460 3632 1515 3678 et
1543 3625 1750 3679 catenis
1790 3639 1921 3679 con-

328 3714 504 3767 stricti
525 3711 667 3767 s’unt.
697 3713 761 3767 Et
789 3713 910 3776 illa,
944 3729 1064 3784 qua:
1109 3715 1272 3769 telum
1306 3715 1520 3780 emisit,
1552 3730 1695 3785 saepe
1721 3716 1918 3784 avolat,

329 3802 626 3871 vulnusque
652 3811 830 3857 tamen
859 3814 1056 3858 manet.
1081 3802 1194 3858 lino
1209 3819 1340 3859 vero
1363 3821 1468 3859 non
1494 3805 1582 3860 illa
1607 3805 1765 3860 telum
1789 3807 1923 3860 cmi-

330 3893 418 3956 sit,
442 3892 537 3946 sed
566 3903 618 3946 tu
650 3893 763 3960 ipse
795 3893 886 3948 tibi
915 3894 1128 3949 letalem
1158 3895 1366 3964 plagam
1397 3895 1631 3950 indixisti
1651 3937 1667 3961 ,
1702 3898 1789 3966 qui
1817 3898 1920 3951 im-

331 3982 525 4051 pudice
546 3982 768 4036 intuitus
796 3997 874 4038 es.
911 3983 979 4038 Et
1006 3983 1123 4039 hzec
1149 3984 1269 4038 dico
1289 4025 1304 4049 ,
1335 3996 1392 4038 ut
1421 3986 1638 4054 pudicas
1667 3987 1733 4040 ab
1762 4001 1921 4042 accu-

327 4075 538 4130 satione
567 4076 820 4130 eximam.
854 4075 912 4130 Si
957 4090 1060 4145 qua
1104 4091 1233 4130 vero
1277 4091 1398 4132 sese
1441 4079 1511 4132 ita
1558 4089 1816 4144 exornat,
1865 4090 1923 4134 ut

325 4166 915 4221 obviorum'oculosad
941 4180 1000 4221 se
1025 4175 1324 4233 convertat,
1353 4169 1562 4222 etiamsi
1590 4169 1794 4223 nullum
1826 4170 1922 4223 ob-

326 4259 472 4312 vium
497 4257 826 4320 confuderit,
859 4266 1129 4312 extremas
1157 4257 1304 4311 dabit
1334 4274 1540 4326 poenas.
1568 4259 1918 4314 Pharmacum

327 4349 471 4404 enim
519 4346 830 4416 apparavit,
879 4356 934 4403 et
990 4349 1135 4402 virus
1181 4351 1519 4419 composuit,
1570 4352 1670 4406 etsi
1720 4352 1918 4406 nemini

331 4438 577 4506 poculum
632 4438 960 4506 porrexerit;
991 4438 1097 4501 imo
1143 4441 1417 4507 porrexit,
1466 4441 1568 4495 etsi
1625 4457 1783 4496 nemo
1831 4444 1919 4512 qui

327 4529 565 4593 biberet,
596 4529 905 4583 accesserit.
953 4527 1092 4596 Quid
1118 4530 1285 4597 ergo?
1311 4545 1437 4583 num
1465 4531 1626 4585 etiam
1668 4531 1921 4587 mulieres

329 4618 656 4689 alloquitur?
709 4617 842 4686 Quia
888 4619 1034 4688 leges
1088 4620 1282 4689 ubique
1330 4635 1646 4677 communes
1703 4624 1918 4690 statuit,

327 4711 538 4767 etiamsi
563 4709 706 4766 viros
731 4719 937 4764 tantum
963 4709 1158 4779 alloqui
1187 4711 1446 4777 videatur,
1480 4715 1640 4781 capiti
1669 4713 1918 4784 loquens,

329 4816 668 4857 communem
700 4802 796 4855 toti
823 4801 1038 4870 corpori
1077 4802 1495 4860 admonitionem
1539 4805 1762 4875 profert.
1811 4806 1924 4860 Mu-

331 4891 517 4947 lierem
546 4905 774 4961 namque
799 4901 854 4946 et
887 4894 1058 4946 virum
1090 4908 1252 4947 unum
1298 4895 1446 4949 novit
1473 4910 1593 4951 esse
1618 4897 1840 4963 animal,
1869 4905 1924 4952 et

328 4997 591 5052 nusquam
634 4995 799 5051 genus
842 4983 968 5037 illud
1005 4982 1210 5038 dividit.

401 5074 462 5129 3.
492 5071 680 5128 Contra
708 5072 883 5126 luxum
903 5074 1188 5128 mulierum.
1219 5075 1410 5130 Eorum
1429 5078 1514 5146 qui
1546 5095 1636 5133 nos
1660 5079 1919 5133 scandali-

332 5172 450 5216 zant
495 5161 804 5214 conversatio
839 5161 1102 5232 fugienda,
1144 5165 1530 5238 qualescumque
1569 5169 1689 5221 sint.
1737 5166 1925 5221 Contra

333 5252 643 5304 theatrorum
665 5251 1200 5319 spectacula—Quod
1221 5269 1264 5308 su
1289 5256 1420 5310 velis
1439 5258 1647 5327 increpa
1657 5260 1851 5318 tionem
1873 5259 1922 5313 in

331 5342 452 5395 illas
482 5341 739 5410 prolatam
767 5343 1042 5410 speciatim
1079 5345 1281 5410 audire,
1315 5346 1500 5402 Isaiam
1533 5350 1656 5403 audi
1683 5349 1924 5420 pluribus

333 5433 390 5485 in
423 5430 542 5485 illas
586 5429 924 5486 invehentem
945 5475 959 5498 ,
993 5422 1462 5508 traducentemque
1508 5440 1740 5508 ipsarum
1772 5442 1924 5496 habi-

334 5533 472 5591 tum,
513 5535 812 5594 aspectum,
850 5525 1142 5591 incessum,
1179 5530 1383 5586 tunicas
1416 5531 1558 5586 humi
1591 5533 1921 5604 detinentes,

335 5614 671 5671 lascivientes
692 5614 876 5683 pedes,
892 5617 1026 5670 colla
1043 5617 1204 5672 fracta
1229 5621 1450 5676 mollitie
1471 5623 1546 5692 (α)
1561 5623 1711 5694 (lsai.
1733 5628 1783 5682 5.
1808 5628 1919 5698 l6).

400 5750 415 5779 ¹
453 5747 567 5804 Alii,
600 5753 650 5796 ut
673 5747 932 5798 hominum.

403 5811 475 5872 (η)
511 5812 594 5859 Hic
615 5809 753 5859 Isaia:
779 5811 915 5861 locus
929 5813 998 5862 sic
1021 5813 1228 5865 habetur
1253 5818 1440 5875 inLXX,
1468 5817 1606 5868 Isaiae
1631 5822 1679 5880 5,
1706 5822 1763 5870 16
1788 5836 1799 5872 :
1829 5831 1923 5873 Pro

1471 420 1536 477 IN
1574 423 1980 482 ΜΛΤΤΙΙᾸΞΙΞΜ
2019 425 2246 483 11071111..
2294 427 2456 483 XVII.

3521 441 3626 496 258

2026 539 2165 593 Audi
2204 555 2324 594 cum
2356 543 2446 597 illo
2471 543 2682 600 beatum
2707 545 2928 604 Paulum
2955 551 3151 607 multas
3179 552 3312 622 ipsis
3335 553 3484 626 leges
3509 571 3624 611 sta-

2028 639 2283 696 tuentem,
2311 643 2364 687 et
2387 635 2456 690 de
2488 639 2740 704 vestibus,
2779 648 2837 694 et
2860 641 2929 698 de
2951 645 3127 700 aureis
3149 647 3446 714 ornatibus,
3475 658 3529 703 et
3556 653 3626 704 de

2025 725 2396 780 calamistratis
2422 729 2649 797 capillis,
2694 740 2747 786 et
2771 733 2839 788 de
2869 734 3108 801 lascivia,
3133 748 3186 793 et
3217 739 3284 795 de
3312 741 3432 795 aliis
3468 742 3623 797 simi-

2027 815 2164 871 libus
2192 816 2332 871 hunc
2357 832 2541 873 sexum
2576 822 2922 880 vehementer
2949 829 3327 898 corripientem
3373 833 3449 904 (Ι.
3481 831 3620 887 Tim.

2025 906 2078 958 2.
2105 905 2183 977 9).
2214 907 2456 963 Christus
2484 912 2645 966 etiam
2689 914 2741 967 in
2771 920 3116 985 sequentibus
3144 925 3476 991 aanigmatice
3522 924 3623 978 hoc

2027 998 2199 1066 ipsum
2243 999 2507 1065 declarat;
2551 1019 2671 1058 cum
2701 1007 2843 1063 enim
2881 1010 3032 1073 dicit,
3074 1012 3240 1079 Erue,
3276 1015 3530 1070 exscinde
3571 1016 3622 1070 id

2026 1091 2166 1158 quod
2198 1101 2247 1145 te
2282 1093 2626 1158 scandalizat,
2677 1098 2810 1152 iram
2854 1101 3110 1157 adversus
3156 1105 3276 1160 illas
3302 1107 3622 1160 concitatam

2026 1183 2260 1238 exhibet.
2307 1185 2431 1252 ideo
2469 1189 2742 1256 subjunxit
2787 1210 2800 1246 :
2841 1193 2930 1245 29.
2985 1193 3047 1248 Si
3091 1198 3267 1251 oculus
3297 1206 3413 1252 tuus
3452 1199 3629 1253 dexter

2027 1275 2343 1330 scandalizat
2358 1286 2423 1343 te,
2445 1295 2560 1333 erue
2577 1297 2710 1346 eum,
2731 1292 2777 1336 et
2803 1285 2995 1355 projire
3020 1287 3109 1339 ab:
3131 1297 3194 1340 te.
3220 1287 3298 1343 Ne
3311 1289 3454 1344 enim
3477 1290 3625 1345 diee-

2028 1381 2148 1430 res,
2189 1367 2326 1434 Quid
2370 1384 2522 1439 ergo,
2557 1373 2602 1426 si
2627 1386 2849 1442 cognata
2884 1391 2999 1431 mea
3039 1379 3144 1432 sit?
3181 1379 3329 1450 quid,
3371 1382 3417 1437 si
3450 1382 3627 1452 aliqua

2027 1458 2156 1512 mihi
2198 1463 2587 1518 necessitudine
2603 1465 2826 1532 juncta?
2853 1468 2975 1523 ideo
2998 1468 3111 1525 hzec
3139 1473 3399 1542 praecipit,
3430 1489 3534 1526 non
3558 1472 3628 1527 de

2028 1553 2282 1606 membris
2308 1553 2551 1622 loquens,
2582 1557 2722 1611 absit
2749 1576 2763 1611 :
2796 1574 3054 1629 nusquam
3081 1563 3223 1617 enim
3251 1563 3382 1617 dixit
3401 1563 3626 1617 crimina

2029 1641 2092 1693 ad
2125 1657 2337 1696 carnem
2387 1647 2684 1713 pertinere;
2724 1649 2819 1703 sed
2859 1655 3128 1706 accusatio
3163 1670 3379 1722 pravam
3411 1669 3627 1725 semper

2032 1733 2360 1790 voluntatem
2388 1747 2610 1804 spectat.
2644 1739 2828 1810 Neque
2857 1743 2998 1797 enim
3029 1745 3215 1800 oculus
3246 1754 3370 1802 tuus
3397 1753 3500 1810 est,
3527 1748 3621 1815 qui

2027 1825 2193 1889 videt,
2227 1827 2321 1882 sed
2354 1843 2504 1883 mens
2533 1839 2583 1883 et
2610 1830 2878 1899 cogitatio.
2902 1832 3057 1903 Smpe
3086 1850 3315 1906 namque
3341 1836 3497 1891 nobis
3519 1838 3626 1891 alio

2028 1919 2326 1984 conversis,
2368 1934 2464 1974 eos
2495 1920 2586 1989 qui
2617 1931 2912 1991 prtesentes
2946 1935 3070 1978 sunt
3098 1941 3202 1980 non
3232 1927 3376 1980 videt
3396 1927 3584 1983 oculus
3609 1944 3623 1981 :

2029 2009 2208 2077 itaque
2257 2017 2425 2064 totum
2471 2026 2576 2064 non
2620 2022 2702 2066 est
2751 2013 2890 2068 illius
2917 2024 3057 2069 actui
3105 2016 3535 2072 adscribendum.
3569 2017 3627 2072 Si

2029 2101 2170 2154 enim
2221 2100 2287 2155 de
2337 2105 2592 2158 membris
2637 2105 2963 2176 loqueretur,
3011 2124 3115 2161 non
3158 2110 3226 2164 de
3272 2124 3379 2163 uno
3423 2109 3627 2165 diceret

2029 2191 2206 2255 oculo,
2240 2206 2412 2262 neque
2455 2194 2700 2250 dextrum
2732 2197 2906 2252 solum
2954 2199 3241 2268 posuisset,
3289 2201 3383 2256 sed
3413 2204 3624 2255 ambos.

2029 2281 2159 2336 Nam
2187 2285 2276 2352 qui
2310 2299 2338 2338 a
2369 2284 2559 2340 dextro
2590 2288 3003 2354 scandalizatur,
3037 2291 3264 2360 idipsum
3298 2293 3437 2347 haud
3465 2293 3627 2348 dubie

2030 2374 2262 2444 patietur
2286 2391 2311 2426 a
2343 2376 2580 2429 sinistro.
2609 2377 2716 2430 Cur
2753 2394 2882 2448 ergo
2905 2380 3158 2442 dextrum,
3188 2383 3398 2436 oculum
3424 2385 3624 2452 posuit,

2030 2474 2081 2516 et
2108 2479 2322 2517 manum
2349 2463 2582 2534 adjecit?
2615 2467 2679 2521 Ut
2710 2469 2886 2524 discas
2916 2486 3021 2524 non
3050 2471 3116 2525 de
3136 2472 3392 2528 membris
3419 2488 3628 2528 sermo-

2029 2571 2150 2609 nem
2182 2571 2323 2621 esse,
2354 2559 2446 2611 sed
2478 2560 2544 2613 de
2587 2560 2650 2612 iis
2674 2563 2762 2629 qui
2789 2562 2942 2615 nobis
2967 2563 3199 2617 amicitia
3227 2565 3543 2634 junguntur.
3569 2565 3626 2619 Si

2029 2649 2329 2718 quempiam
2356 2652 2424 2704 ita
2449 2666 2615 2716 amas,
2649 2653 2837 2720 inquit,
2880 2663 2939 2706 ut
2960 2669 3079 2708 eum
3112 2655 3317 2711 dexteri
3344 2657 3483 2710 oculi
3510 2657 3628 2711 loco

2030 2758 2216 2812 ponas,
2242 2755 2332 2797 aut
2357 2744 2424 2795 ita
2452 2744 2543 2797 tibi
2576 2746 2757 2798 utilem
2789 2755 2963 2814 putas,
2989 2754 3047 2799 ut
3063 2762 3160 2816 pro
3187 2762 3346 2801 manu
3369 2749 3515 2802 illum
3539 2748 3627 2802 ha-

2027 2835 2176 2897 beas,
2220 2836 2262 2886 si
2309 2835 2452 2888 lredit
2481 2837 2710 2889 animam
2753 2845 2934 2902 tuam,
2965 2847 3020 2893 et
3063 2838 3207 2893 hunc
3242 2839 3515 2894 abscinde.
3561 2842 3628 2895 Et

2026 2928 2133 2980 vim
2173 2928 2298 2981 dicti
2341 2928 2631 2996 perpende.
2668 2929 2782 2982 Non
2826 2932 2972 2984 enim
3017 2930 3172 2997 dixit,
3224 2932 3499 2999 Abscede;
3530 2934 3625 2989 scd

2028 3019 2312 3072 maximam
2337 3021 2727 3086 separationem
2754 3021 3016 3086 indicans,
3044 3023 3197 3087 Erue,
3226 3028 3484 3101 inquit,“
3505 3044 3627 3096 pro-

2017 3111 2122 3179 jice
2148 3110 2234 3163 ab:
2274 3119 2338 3163 te.
2372 3111 2572 3165 Deinde
2596 3116 2717 3181 quia
2764 3127 2952 3169 severe
2983 3127 3335 3183 praeceperat,
3375 3120 3626 3188 utrinque

2028 3200 2235 3254 lucrum
2262 3216 2383 3255 esse
2411 3201 2587 3266 docet,
2631 3212 2684 3256 et
2710 3219 2774 3257 ex
2803 3204 2956 3258 bonis
2983 3215 3036 3259 et
3062 3221 3124 3259 cx
3157 3209 3332 3272 malis,
3359 3209 3411 3263 in
3436 3211 3626 3266 eadem

2027 3289 2337 3358 metaphora
2364 3292 2619 3345 insistens
2648 3311 2660 3344 :
2691 3292 2917 3365 Expedit
2944 3297 3077 3348 enim
3106 3298 3215 3363 tibi,
3248 3300 3436 3369 inquit,
3465 3311 3520 3354 ut
3541 3319 3629 3370 pe-

2025 3390 2133 3434 reat
2174 3397 2332 3434 unum
2379 3383 2717 3436 membrorum
2759 3394 2980 3451 tuorum,
3013 3396 3062 3439 et
3102 3405 3202 3442 non
3244 3399 3404 3444 totum
3442 3408 3628 3464 corpus

2026 3483 2167 3527 tuum
2195 3475 2424 3526 mittatur
2446 3475 2498 3527 in
2527 3477 2830 3545 gehennam.
2855 3474 2986 3531 Cum
3019 3480 3160 3534 enim
3189 3497 3362 3552 neque
3388 3485 3626 3554 seipsum

2025 3575 2222 3629 servet,
2252 3575 2305 3620 et
2339 3576 2390 3621 te
2415 3581 2596 3621 secum
2628 3567 2837 3637 perdat,
2878 3586 2995 3639 qua:
3021 3571 3323 3627 humanitas
3349 3585 3491 3630 esset
3511 3591 3628 3629 am-

2025 3657 2095 3713 bo
2121 3657 2369 3727 perdere,
2410 3673 2530 3712 cum
2574 3658 2730 3714 liceat
2770 3659 2836 3714 iis
2864 3663 3129 3730 separatis
3161 3679 3323 3717 unum
3369 3668 3626 3722 servare?

2025 3749 2138 3804 Cur
2157 3751 2296 3805 enim
2323 3751 2518 3804 Paulus
2535 3750 2757 3820 optabat
2779 3754 3066 3808 anathema
3090 3770 3210 3810 esse
3234 3754 3412 3824 (Rom.
3443 3759 3493 3813 9.
3528 3757 3584 3830 5)
3603 3760 3628 3811 ‘t

2025 3840 2141 3896 Non
2165 3841 2234 3895 ita
2264 3851 2319 3895 nt
2344 3841 2477 3895 nihil
2500 3842 2622 3895 inde
2648 3842 2781 3896 lucri
2802 3845 3142 3910 accederet‘,
3168 3847 3262 3901 sed
3289 3860 3345 3902 ut
3365 3848 3501 3903 alios
3520 3864 3628 3906 sero

2025 3941 2194 3986 varet.
2230 3931 2326 3986 llic
2351 3941 2526 3986 autem
2560 3933 2834 4002 utriusque
2863 3935 3118 3990 damnttm
3148 3946 3232 3992 est
3259 3955 3271 3990 :
3301 3949 3628 4010 quapropter

2026 4039 2133 4078 non
2162 4023 2295 4077 dixit
2317 4034 2541 4088 tantum,
2575 4023 2749 4092 Erue;
2789 4026 2887 4080 sed
2911 4028 3093 4092 etiam,
3125 4031 3316 4098 profice
3341 4031 3430 4085 obs
3457 4041 3522 4095 te,
3554 4033 3626 4087 ita

2027 4125 2082 4168 ut
2110 4130 2396 4184 numquam
2438 4125 2672 4183 repetas,
2717 4117 2761 4168 si
2807 4118 2926 4169 talis
2967 4121 3243 4173 manserit.
3273 4121 3361 4176 Sic
3386 4123 3528 4176 enim
3571 4135 3628 4178 et

2028 4205 2174 4259 illum
2202 4206 2387 4274 majori
2426 4205 2960 4264 crimine'liberabis.
2988 4219 3040 4263 et
3069 4212 3294 4280 teipsum
3331 4228 3358 4265 a
3389 4215 3628 4282 pernicie

2027 4297 2241 4365 eripies.
2289 4295 2356 4351 Ut
2381 4305 2558 4350 autem
2601 4296 2795 4350 clarius
2841 4298 2971 4366 legis
2999 4303 3278 4358 utilitatem
3311 4308 3621 4376 perspicias,

2025 4388 2071 4441 si
2098 4387 2290 4455 placet,
2318 4387 2368 4440 in
2395 4401 2622 4453 corpore
2642 4388 2875 4458 exempli
2898 4405 3056 4444 causa
3081 4392 3131 4444 id
3161 4393 3302 4462 quod
3323 4394 3520 4449 dictum
3544 4411 3625 4450 est

2027 4481 2388 4549 exploremus.
2433 4479 2490 4532 Si
2522 4481 2664 4534 enim
2694 4481 2843 4551 Optio
2870 4481 3108 4546 daretur,
3143 4500 3205 4539 ac
3239 4500 3459 4543 necesse
3483 4468 3626 4545 esset

2027 4581 2118 4626 aut
2145 4573 2361 4626 oculum
2393 4570 2680 4627 habentem
2707 4574 2899 4641 conjici
2929 4578 2983 4628 in
3014 4576 3210 4629 fessam
3233 4587 3288 4632 et
3314 4581 3509 4648 perire,
3533 4594 3623 4635 aut

2027 4663 2120 4716 illo
2146 4672 2319 4726 eruto,
2358 4662 2626 4732 reliquum
2673 4677 2866 4733 corpus
2893 4667 3094 4720 servari
3136 4682 3149 4720 :
3197 4682 3377 4725 annon
3419 4681 3626 4739 postre-

2029 4769 2172 4806 mum
2216 4753 2440 4807 malles?
2469 4752 2522 4806 ld
2568 4754 2768 4808 nemini
2815 4770 2919 4809 non
2962 4757 3301 4814 manifestum
3342 4771 3442 4817 est.
3494 4763 3624 4819 illud

2027 4847 2170 4900 enim
2199 4861 2302 4899 non
2330 4855 2471 4901 esset
2506 4847 2718 4901 oculum
2759 4848 2956 4916 odisse,
2991 4851 3086 4906 sed
3130 4856 3393 4924 reliquum
3430 4871 3626 4924 corpus

2027 4952 2225 4991 amare.
2269 4937 2382 4991 Hoc
2413 4951 2578 5006 porro
2599 4938 2744 4994 etde
2764 4942 2894 4995 viris
2921 4944 3092 5013 cogita
3120 4954 3173 4998 et
3194 4945 3262 5000 de
3289 4947 3619 5003 mulieribus.

2026 5026 2157 5081 Nam
2190 5028 2232 5079 si
2259 5027 2325 5092 is,
2351 5028 2440 5097 qui
2469 5035 2520 5082 te
2544 5028 2688 5082 laedit
2711 5031 2964 5094 amando,
2995 5033 3304 5088 incurabilis
3332 5047 3528 5102 manet,
3573 5051 3626 5097 et

2027 5118 2070 5170 si
2097 5115 2366 5171 abscissus
2406 5119 2496 5182 sit,
2531 5129 2581 5173 te
2605 5119 2672 5173 ab
2693 5123 2837 5175 omni
2867 5125 3102 5192 pernicie
3128 5125 3373 5181 liberabit
3410 5147 3426 5181 :
3470 5129 3547 5183 sic
3577 5142 3632 5186 ct

2032 5207 2141 5275 ipse
2178 5221 2207 5260 a
2251 5207 2542 5277 majoribus
2595 5211 2851 5279 eripietur
2889 5215 3222 5282 criminibus,
3266 5233 3440 5289 neque
3486 5219 3628 5275 ultra

2028 5315 2146 5355 cum
2177 5310 2513 5368 peccatorum
2540 5318 2759 5356 suorum
2788 5305 3015 5372 ratione,
3040 5311 3298 5365 rationem
3320 5313 3483 5367 etiam
3505 5329 3628 5383 per~

2029 5391 2184 5445 niciei
2212 5400 2315 5446 tua:
2351 5393 2592 5447 daturus.
2626 5393 2762 5448 Vide
2789 5406 2987 5464 quanta
3025 5404 3434 5458 mansuetudine
3469 5405 3627 5474 plena

2030 5481 2115 5538 lex
2153 5492 2254 5549 est,
2297 5493 2491 5554 quanta
2533 5485 2899 5554 providentia?
2926 5499 2980 5543 et
3009 5507 3128 5559 quae
3164 5511 3190 5545 a
3239 5494 3422 5549 inuitis
3461 5497 3623 5550 nimia

2029 5639 2242 5708 (equod
2282 5637 2477 5708 eleuata:
2508 5647 2618 5708 sunt
2643 5639 2924 5708 ﬁlicesion,
2951 5652 2998 5708 et
3027 5646 3387 5700 ambulaverunt
3428 5655 3628 5697 externo

2030 5701 2169 5773 collo,
2193 5701 2723 5773 conatibus-oculorum
2745 5701 2964 5773 ibanta'et
2984 5707 3033 5755 in
3058 5710 3243 5773 incessu
3267 5715 3442 5773 pedum
3462 5715 3626 5762 tre/te-

2030 5764 2139 5836 bant
2157 5763 2359 5836 tunicas,
2385 5771 2429 5814 ct
2451 5763 2758 5836 inspiciebant
2780 5770 2981 5836 pedtbus
3005 5772 3121 5836 suis.

2097 5828 2109 5854 ι
2146 5826 2360 5884 quidam,
2386 5840 2479 5874 non.
2497 5826 2562 5875 itit
2589 5835 2634 5875 ut
2660 5826 2894 5879 imminent
2913 5830 3036 5880 lucri
3060 5834 3255 5891 faceret,
3275 5844 3370 5884 etc.
