4114 6520
619 374 724 429 9.59

613 489 867 546 severitas
884 499 1003 542 esse
1025 483 1247 547 videtur,
1265 490 1511 552 quantam
1539 479 1755 534 exhibet
1769 479 2178 548 benignitatem?

611 580 736 636 lltcc
758 578 973 634 audiant
1000 577 1032 630 ii
1060 577 1145 646 qui
1173 574 1238 628 ad
1269 573 1468 628 theatra
1492 579 1793 640 preperant,
1825 579 1880 624 et
1907 583 2024 623 sese
2049 585 2180 637 quo-

612 673 737 727 tidie
763 670 1290 738 moechos‘prmstant.
1305 664 1435 718 Nam
1453 665 1494 716 si
1516 661 1898 717 consuetudine
1909 661 2173 761 junctum,

605 764 700 819 sed
729 763 1062 825 damnosum,
1092 758 1173 813 lex
1192 757 1340 826 jubet
1366 753 1694 815 abscindere,
1725 765 1882 819 quam
1911 753 2177 818 purgatio—

606 871 727 910 nem
755 855 982 908 habeant
999 851 1088 922 qui
1113 849 1340 904 nondum
1364 845 1462 901 sibi
1486 854 1658 904 notos.
1677 842 1745 897 ibi
1771 841 2171 906 commorando,

607 945 837 1016 quotidie
868 943 1194 1014 pertrahunt,
1221 948 1273 991 et
1304 944 1581 1002 sexcentos
1606 933 1703 988 sibi
1732 941 2042 1002 comparant
2080 947 2175 986 ex-

602 1038 722 1092 cidii
760 1038 950 1091 ansas?
977 1034 1090 1088 Non
1128 1031 1289 1086 modo
1317 1030 1455 1084 enim
1481 1026 1747 1126 impudice
1770 1026 2035 1126 respicere
2064 1040 2170 1126 non

601 1126 870 1188 concedit;
914 1123 1006 1178 sed
1048 1123 1168 1192 quia
1196 1120 1414 1189 hujusce
1442 1118 1518 1172 rei
1547 1116 1797 1170 damnum
1831 1116 2165 1179 monstravit,

601 1221 765 1289 legem
797 1218 1013 1272 ulterius
1041 1213 1294 1276 extendit,
1325 1212 1636 1267 abscindere
1660 1210 1868 1280 iubens,
1908 1208 2166 1278 longeque

598 1311 854 1380 projicere
891 1323 904 1360 :
936 1317 992 1362 et
1035 1307 1147 1361 hinc
1193 1306 1282 1360 ille
1312 1305 1424 1374 lege
1466 1303 1669 1364 statuit,
1719 1303 1806 1371 qui
1843 1300 1911 1356 de
1947 1302 2163 1356 caritate

594 1400 886 1454 sexcenties
933 1398 1179 1466 loquutus
1221 1403 1322 1458 est.
1365 1404 1421 1448 ut
1450 1394 1693 1460 utrinque
1721 1391 1836 1458 ejus
1879 1392 2156 1460 providen-

594 1493 716 1544 tiam
746 1490 984 1553 ediscas,
1029 1495 1084 1540 et
1123 1484 1388 1553 quomodo
1423 1482 1656 1551 undique
1700 1483 1974 1537 utilitatem
2017 1491 2158 1538 tuam

591 1581 841 1649 requirat.
892 1577 977 1631 5i.
1007 1575 1211 1628 Dictum
1244 1584 1314 1627 est
1342 1583 1504 1626 autent
1535 1589 1553 1624 :
1585 1572 1892 1640 Quicumque
1918 1571 2158 1625 dimiserit

588 1687 792 1725 uxorem
831 1684 992 1732 suam,
1040 1668 1120 1720 det
1161 1666 1237 1718 illi
1271 1664 1496 1718 libellum
1522 1662 1722 1732 repudii
1750 1661 1923 1732 (Deut.
1959 1663 2047 1716 24.
2077 1664 2151 1734 1).

586 1762 672 1818 32.
705 1761 814 1831 Ego
837 1770 1000 1815 mitem
1015 1760 1126 1812 dico
1153 1757 1286 1812 vobis
1309 1774 1326 1810 :
1356 1754 1662 1822 Quicumque
1684 1755 1924 1808 dimiserit
1950 1771 2155 1810 uaorem

583 1875 746 1922 suam,
775 1865 980 1925 excepta
1007 1871 1158 1908 causa
1185 1851 1527 1923 [anticationis
1544 1889 1560 1915 ,
1588 1850 1707 1920 facit
1736 1866 1845 1903 eam
1864 1850 2104 1903 .maecltari
2129 1866 2150 1903 :

580 1961 628 2004 et
647 1951 731 2020 qui
755 1948 1008 2002 dimissam
1032 1945 1250 2008 duxerit,
1281 1944 1572 2040 metiatur.
1727 2032 1756 2040 Π

648 2044 703 2096 4.
725 2040 1007 2109 Repudium
1023 2036 1257 2090 adulterii
1271 2034 1474 2103 species.
1504 2030 1605 2085 Cur
1623 2030 1844 2084 libellum
1859 2029 2057 2098 repudii
2071 2029 2152 2082 lex

525 2111 544 2130 χ
579 2142 714 2186 vetus
732 2131 1024 2200 permiserit.
1042 2125 1231 2181 --Non
1260 2125 1403 2192 prius
1431 2123 1496 2177 ad
1527 2122 1772 2177 ulteriora
1796 2121 2144 2190 progreditur,

577 2224 676 2279 nisi
695 2221 867 2292 priora
896 2221 1056 2290 probe
1077 2233 1142 2272 cx
1154 2215 1466 2286 purgaverit.
1487 2213 1621 2268 Ecce
1645 2213 1784 2266 enim
1811 2210 1966 2265 aliam
1993 2210 2144 2266 nobis

575 2326 759 2366 rursus
798 2310 1028 2366 ostendit
1070 2306 1314 2362 adulterii
1343 2304 1593 2372 speciem.
1624 2301 1875 2369 Quaenam
1902 2313 1983 2355 est
2013 2301 2144 2355 illa?

573 2401 682 2455 Lex
711 2411 824 2456 erat
850 2409 1017 2464 vetus,
1057 2413 1202 2463 eum,
1228 2396 1318 2467 qui
1344 2408 1675 2465 quacumque
1712 2408 1780 2447 ex
1805 2407 1962 2446 causa
2007 2407 2142 2445 uxoo

571 2508 685 2550 rcm
714 2507 861 2546 suam
901 2492 1122 2556 odisset,
1153 2490 1294 2544 illam
1339 2485 1637 2556 repudiare.
1664 2495 1718 2540 et
1755 2483 1910 2538 aliam
1949 2484 2144 2539 ducere

571 2599 678 2639 non
716 2582 1004 2652 prohiberi.
1033 2579 1213 2648 Neque
1256 2577 1385 2632 illud
1425 2586 1598 2629 tamen
1630 2574 1938 2643 simpliciter
1965 2573 2143 2629 facere

569 2680 654 2732 lex
677 2677 915 2747 jubebat,
954 2672 1045 2728 sed
1079 2680 1197 2741 post
1221 2670 1402 2722 datum
1442 2668 1591 2721 uxori
1632 2667 1864 2720 libellum
1911 2666 2138 2735 repudii,

569 2771 638 2823 ita
668 2775 723 2820 ut
747 2781 851 2819 non
877 2771 1056 2834 posset
1084 2761 1272 2815 iterum
1300 2758 1366 2811 ad
1389 2757 1533 2812 illum
1554 2766 1841 2819 revertere,
1869 2764 1927 2809 ut
1949 2755 2136 2839 saltem

565 2855 882 2910 matrimonii
930 2852 1095 2922 ligura
1124 2857 1382 2904 maneret.
1415 2847 1522 2901 Nisi
1546 2848 1686 2902 enim
1717 2845 1816 2899 hoc
1852 2848 2137 2916 prmcepis-

565 2959 666 3012 set,
707 2959 758 3000 et
801 2949 844 2999 si
885 2946 1116 2999 licuisset
1136 2941 1274 2996 illam
1299 2939 1578 3008 repudiare
1603 2948 1658 2991 et
1695 2938 1848 2991 aliam
1876 2939 2134 3006 accipere,

564 3038 860 3106 deindeque
891 3035 1120 3104 priorem
1160 3033 1434 3095 reducere,
1465 3044 1650 3097 magna
1685 3029 1852 3083 futura
1897 3029 2139 3083 confusio

566 3137 700 3190 erat,
745 3126 991 3180 omnibus
1039 3122 1242 3176 alienas
1284 3137 1476 3174 uxores
1518 3120 1740 3173 alternis
1782 3120 1988 3174 vicibus
2031 3120 2137 3175 fre-

564 3228 784 3288 quenter
809 3214 1216 3282 accipientibus,
1253 3209 1672 3278 adulteriumque
1712 3210 2048 3264 manifestum
2080 3211 2131 3264 id

566 3321 782 3377 prorsus
823 3305 1027 3359 fuisset.
1075 3302 1406 3370 Quapropter
1435 3314 1539 3353 non
1570 3314 1783 3366 parvam
1813 3301 2131 3354 consolatio-

565 3412 686 3451 nem
713 3393 1043 3464 excogitavit,
1084 3391 1316 3445 liliellnm
1349 3402 1538 3456 nempe
1564 3387 1785 3456 repudii.
1819 3388 1929 3443 Hoc
1975 3405 2132 3458 porro

565 3487 757 3541 factum
781 3496 860 3538 est
889 3482 953 3537 ad
981 3481 1137 3536 aliam
1166 3481 1330 3533 multo
1358 3480 1611 3546 majorem
1651 3479 1914 3531 vitandam
1943 3481 2130 3549 nequi-

566 3577 711 3631 tiam.
754 3573 808 3629 Si
831 3576 970 3628 enim
1010 3585 1231 3625 exesam
1279 3569 1618 3637 princepisset
1660 3569 1906 3632 retineri,
1955 3571 2001 3623 is
2038 3572 2129 3639 qui

561 3664 744 3719 oderat
763 3661 1040 3717 occidisset
1063 3677 1076 3712 :
1106 3659 1225 3712 talis
1244 3659 1436 3727 quippe
1463 3665 1578 3710 erat
1601 3656 1900 3710 ludaeorum
1924 3660 2066 3711 natio
2084 3661 2123 3715 ⁸.

562 3753 689 3807 Nam
719 3753 806 3823 qui
838 3767 904 3806 ne
933 3751 1055 3804 liliis
1076 3751 1287 3818 quidem
1316 3749 1622 3816 parcebant,
1657 3747 1938 3814 pr0pbetas
1969 3750 2130 3804 inter-

558 3845 821 3908 liciebant,
862 3843 1272 3911 sanguinemquc
1299 3847 1356 3891 ut
1381 3853 1570 3907 aquam
1612 3837 1916 3903 fundebant,
1963 3841 2126 3895 multo

558 3935 732 3988 minus
773 3933 1020 3987 uxoribus
1051 3931 1425 3999 pepercissent.
1472 3928 1593 3982 Ideo
1630 3929 1769 3997 quod
1809 3931 1982 3985 minus
2009 3942 2124 3986 erat

557 4026 816 4095 permisit,
845 4036 899 4078 ut
923 4024 1062 4094 quod
1084 4023 1250 4091 majus
1273 4030 1386 4075 erat
1414 4021 1767 4076 exscinderet.
1799 4023 1950 4086 Quod
1979 4025 2119 4079 enim

555 4114 668 4168 lucc
693 4113 774 4167 lex
802 4128 906 4166 non
932 4127 963 4166 e
991 4111 1267 4181 przecipuis
1289 4116 1451 4173 esset,
1480 4109 1600 4163 audi
1622 4109 1747 4178 quid
1767 4111 2016 4168 Servatur
2041 4114 2122 4168 di-

551 4213 638 4257 cat
669 4221 682 4255 :
717 4202 917 4272 Moyses
961 4203 1027 4254 ad
1072 4201 1311 4252 duritiam
1358 4199 1522 4251 cordis
1569 4203 1714 4253 uestri
1764 4202 1868 4254 haec
1918 4206 2120 4270 scripsit

547 4295 764 4370 (litauit.
805 4295 893 4348 l9.
935 4293 1010 4360 8),
1047 4308 1111 4344 ne
1155 4292 1294 4344 intus
1336 4290 1656 4356 mactaretis,
1697 4294 1786 4345 sed
1835 4294 2117 4362 cjiceretis.

545 4389 680 4453 Quia
709 4399 833 4441 vero
855 4383 941 4434 ille
966 4382 1093 4434 iram
1121 4394 1331 4432 omnem
1353 4379 1584 4444 sustulit,
1611 4395 1716 4434 non
1739 4382 1937 4437 caedem
1961 4384 2119 4438 modo

544 4486 748 4540 vetans,
781 4477 872 4530 sed
917 4473 1050 4526 iram
1083 4471 1238 4523 etiam
1265 4468 1548 4524 excludcns
1577 4487 1589 4523 :
1618 4470 1770 4526 facile
1797 4471 1932 4527 hanc
1960 4475 2117 4528 indu-

543 4567 616 4619 cit
644 4565 833 4634 legem.
866 4565 1089 4633 Ideoque
1121 4559 1353 4630 priorum
1385 4574 1594 4628 semper
1621 4563 1898 4617 verborum
1929 4568 2115 4620 memi-

543 4657 638 4719 nit,
681 4667 734 4708 ut
760 4654 1023 4715 ostendat,
1052 4669 1111 4706 sc
1151 4667 1254 4705 non
1284 4651 1546 4703 contraria
1574 4651 1705 4712 illis,
1748 4652 1839 4706 sed
1878 4668 2112 4710 consona

539 4756 717 4800 dicere
745 4765 757 4799 ε
789 4746 874 4798 illa
895 4747 1204 4808 extendens,
1233 4759 1335 4797 noa
1360 4751 1635 4807 evertens;
1663 4744 1971 4813 emendatis,
2004 4764 2110 4802 non

539 4842 768 4891 solvens.
802 4836 1071 4905 I‘erpende
1095 4847 1268 4889 autem
1301 4835 1445 4888 illum
1473 4848 1686 4904 semper
1711 4835 1775 4888 ad
1808 4837 1974 4892 virum
1996 4855 2110 4893 ser-

539 4941 749 4980 monem
794 4927 1013 4980 referre.
1058 4926 1157 4993 Qui
1206 4927 1426 4986 dimittit,
1461 4925 1652 4994 inquit,
1699 4941 1900 4980 uxorem
1940 4945 2104 4992 suam,

539 5016 658 5084 facit
690 5032 796 5068 eam
837 5017 1116 5078 nnechari;
1164 5028 1208 5068 et
1247 5017 1333 5084 qui
1385 5016 1642 5069 dimissam
1689 5014 1850 5078 ducit,
1893 5021 2109 5072 mrecha-

537 5116 636 5159 tur.
687 5106 775 5160 llle
815 5109 991 5171 enim,
1023 5118 1074 5160 et
1114 5105 1402 5159 si’alteram
1439 5121 1542 5160 non
1572 5108 1809 5172 duxerit,
1861 5108 1962 5164 hoc
1992 5110 2108 5177 ipso

535 5212 595 5250 se
657 5198 891 5251 criminis
951 5211 1100 5251 reum
1157 5196 1460 5263 consumit,
1522 5196 1660 5263 quod
1715 5214 1829 5253 eam
1893 5201 2097 5254 adulle-

534 5301 647 5341 ram
694 5288 846 5341 faciat
873 5306 886 5343 :
912 5288 996 5342 hic
1031 5302 1176 5350 vero,
1205 5287 1344 5358 quod
1386 5287 1610 5343 alienam
1653 5293 1825 5355 ducat,
1863 5295 2102 5350 moechus

533 5390 587 5432 ct
634 5381 743 5445 ipse
785 5380 857 5432 lit.
899 5378 975 5433 Ne
1027 5379 1154 5432 mihi
1201 5378 1342 5434 enim
1394 5379 1559 5444 dit-as,
1613 5379 1703 5433 llle
1756 5382 2098 5448 ejecitznam

533 5471 700 5534 eiet-ta
733 5471 900 5523 adhuc
929 5481 1106 5525 manet
1135 5471 1392 5538 ejicientis
1424 5486 1574 5525 uxor.
1611 5472 1808 5528 Deinde
1837 5491 1901 5530 ne
1932 5487 2098 5533 totum

531 5557 823 5623 conjiciens
854 5557 903 5610 in
933 5559 1260 5626 ejicientem,
1294 5562 1710 5629 arrogantiorem
1742 5563 1937 5620 faceret
1965 5583 2096 5622 uxo-

533 5660 665 5700 rein.
715 5647 879 5713 ipsam
907 5650 1144 5718 accipere
1167 5652 1359 5706 volenti
1400 5653 1614 5720 januam
1659 5656 1855 5711 claudit
1893 5659 2093 5728 dicens,

594 5742 610 5765 ι
648 5735 758 5790 Alii.
781 5738 898 5787 (ales
921 5737 1094 5802 quippe
1116 5747 1252 5791 erant
1270 5742 1548 5792 Judeorum
1569 5759 1739 5798 mores.
1833 5816 1842 5822 .

1330 368 1386 424 S.
1428 366 1704 424 JOANNIS
1738 364 2214 422 CllRYSOSTOMl
2251 366 2568 424 ARCHIEP.
2599 367 3125 430 ΕΟΝΞἹΑΝΤΙΝΟΡ.

2294 479 2395 546 Qui
2421 481 2679 550 dimisspm
2706 482 2925 550 duxerit,
2958 487 3252 551 mtechatur,
3281 505 3499 546 uxorem
3528 496 3610 549 vel
3657 499 3865 556 invitam

2284 572 2525 638 pudicam
2557 573 2804 640 reddens,
2830 586 2884 631 et
2907 577 2972 631 ad
2993 579 3155 634 alium
3181 583 3351 637 virum
3375 584 3575 641 aditum
3601 590 3702 659 ipsi
3729 597 3864 652 elau.

2281 660 2433 726 dens,
2475 678 2571 717 nec
2601 668 2911 732 permittens
2947 669 3230 726 simultatis
3272 689 3453 730 ansam
3491 681 3749 748 pra-bere.
3776 687 3866 743 llis

2282 766 2506 822 namque
2530 769 2649 808 cum
2676 757 2938 824 didicerit,
2969 775 3185 829 prorsus
3215 770 3575 826 necessarium
3604 790 3746 842 esse,
3776 793 3862 834 aut

2279 842 2448 897 virum
2477 845 2564 914 qui
2591 845 2690 901 sibi
2718 849 2786 903 ab
2810 851 2962 904 initio
3002 862 3146 908 sorte
3181 859 3473 926 contigerat
3505 861 3738 928 habere;
3776 881 3859 923 aut

2275 932 2372 986 sie
2398 934 2558 989 domo
2583 937 2669 991 illa
2698 941 3020 1009 egrediatur,
3045 946 3242 999 nullum
3270 947 3370 1002 sibi
3409 952 3550 1006 aliud
3576 971 3859 1027 superesse

2275 1023 2552 1092 refugium,
2599 1029 2680 1082 vel
2708 1029 2868 1085 invita
2899 1045 3120 1102 cogetur
3148 1037 3426 1108 conjugem
3456 1023 3663 1102 amareﬁ
3683 1064 3856 1106 suum.

2273 1111 2328 1166 Si
2360 1129 2486 1169 vero
2517 1117 2645 1172 nihil
2669 1119 2766 1188 ipsi
2793 1121 2890 1177 hac
2917 1123 2986 1179 de
3011 1140 3068 1178 re
3093 1125 3355 1196 loquatur,
3391 1148 3456 1186 ne
3482 1136 3694 1192 mireris
3729 1157 3744 1191 :
3778 1142 3854 1194 in-

2271 1205 2471 1262 firmior
2496 1211 2637 1265 enim
2681 1213 2873 1270 mulier
2896 1226 2996 1272 est.
3024 1217 3357 1290 Quapropter
3392 1225 3480 1281 illa
3507 1227 3751 1294 dimissa.
3781 1237 3855 1290 vi-

2269 1309 2358 1349 ros
2385 1299 2542 1353 minis
2571 1303 2820 1358 terrendo
2865 1307 3140 1362 mulierem
3172 1326 3381 1380 quoque
3410 1318 3679 1373 emendat.
3716 1320 3785 1378 Ut
3810 1325 3854 1379 si

2265 1387 2384 1454 quis
2413 1390 2578 1446 lilium
2610 1393 2812 1450 habens
2854 1398 3129 1464 lascivum.
3165 1402 3255 1456 illo
3283 1403 3523 1472 dimisso,
3554 1409 3660 1464 illis
3690 1413 3851 1470 inter-

2264 1477 2512 1545 minetur,
2542 1484 2631 1548 qui
2675 1485 2833 1540 talem
2866 1488 3038 1556 ipsum
3068 1489 3378 1556 effecerunt,
3413 1505 3666 1568 vetetque
3693 1518 3763 1557 ne
3789 1505 3854 1560 il-

2261 1564 2368 1622 lum
2401 1571 2535 1624 ultra
2566 1573 2778 1642 adeant,
2808 1578 2892 1632 vel
2924 1581 3261 1636 conveniant.
3287 1584 3439 1651 Quod
3465 1588 3510 1642 si
3533 1590 3635 1644 hoc
3659 1605 3851 1649 onero-

2260 1670 2376 1711 sum
2406 1661 2668 1730 videatur,
2699 1666 2750 1719 iu
2780 1679 3013 1723 mentem
3039 1686 3226 1726 revoca
3253 1674 3342 1727 illa
3373 1692 3489 1746 qute
3519 1694 3680 1749 supra
3708 1683 3848 1740 dicta

2258 1761 2404 1818 sunt,
2449 1768 2566 1808 cum
2606 1756 2789 1812 beatos
2828 1759 3139 1826 praedicaret
3175 1765 3485 1834 audientes;
3529 1786 3754 1842 remque
3796 1787 3848 1831 et

2257 1844 2566 1912 possibilem
2594 1857 2647 1900 et
2677 1848 2882 1904 facilem
2926 1850 3183 1907 invenies.
3215 1854 3357 1910 Mitis
3380 1861 3542 1920 enim,
3573 1864 3846 1933 pacificus,

2257 1949 2456 2004 pauper
2476 1938 2683 2006 spiritu,
2711 1949 2765 1993 et
2791 1940 3114 2008 misericors,
3137 1947 3405 2013 quomodo
3436 1966 3654 2005 uxorem
3689 1972 3846 2024 repn-

2253 2023 2452 2079 diabit?
2477 2037 2530 2080 et
2571 2029 2656 2098 qui
2707 2029 2838 2084 alios
2865 2033 3193 2099 reconciliet,
3240 2050 3346 2105 quo
3378 2049 3531 2105 pacto
3569 2023 3846 2102 dissidebit

2251 2129 2370 2169 cum
2398 2118 2620 2187 conjuge
2644 2121 2774 2173 sua?
2799 2121 2912 2175 Non
2943 2122 3040 2178 hoc
3060 2138 3189 2179 vero
3216 2135 3436 2192 tantum,
3465 2132 3556 2185 sed
3579 2133 3686 2188 alio
3714 2153 3848 2204 quo-

2249 2221 2352 2275 que
2387 2208 2546 2263 modo
2573 2210 2742 2280 legem
2781 2210 2904 2266 fecit
2934 2214 3124 2269 levem.
3155 2215 3284 2270 Nam
3316 2220 3567 2290 relinquit
3591 2225 3642 2278 ei
3676 2242 3838 2283 unum

2249 2298 2455 2366 repudii
2487 2300 2722 2367 modmn,
2754 2303 2957 2367 dicens,
2987 2304 3215 2374 Excepta
3247 2325 3403 2363 causa
3441 2311 3794 2379 fonticaa’ouis
3827 2344 3843 2389 ;

2247 2386 2507 2455 siquidem
2557 2388 2608 2444 in
2652 2391 2837 2446 eadem
2883 2403 3082 2461 perstat
3126 2396 3305 2451 decori
3333 2400 3559 2456 ratione.
3602 2404 3660 2458 Si
3693 2386 3840 2462 enini

2241 2477 2490 2545 jussisset
2529 2496 2649 2535 cum
2692 2485 2930 2551 pluribus
2973 2487 3194 2542 mixtam
3243 2492 3505 2557 retinere,
3548 2510 3735 2551 rursus
3782 2501 3835 2554 in

2245 2569 2563 2624 adulterium
2609 2588 2694 2627 res
2736 2578 3163 2634 convertebatur.
3199 2579 3384 2635 Viden’
3405 2587 3677 2652 quomodo
3721 2589 3836 2645 haec

2243 2675 2364 2716 cum
2395 2665 2660 2730 prioribus
2683 2670 3013 2722 consonent?
3041 2671 3142 2738 Qui
3172 2673 3312 2726 enim
3343 2690 3568 2731 uxorem
3600 2679 3832 2736 a'ienam

2243 2752 2521 2822 impudicis
2578 2757 2749 2812 oculis
2786 2773 2890 2812 non
2921 2761 3157 2828 respicit,
3206 2779 3310 2818 non
3354 2765 3738 2835 fornicabitur;
3787 2774 3833 2826 si

2243 2860 2347 2898 non
2382 2845 2704 2912 lornicetur,
2745 2849 2858 2904 viro
2901 2851 3240 2920 repudiandae
3279 2859 3460 2912 uxoris
3494 2873 3605 2915 sua:
3641 2876 3830 2918 ansam

2243 2949 2348 2987 non
2378 2936 2651 3004 prmbebit.
2681 2939 2805 2995 ideo
2828 2941 2994 2997 libere
3021 2944 3353 3016 constringit,
3385 2958 3439 3001 et
3467 2950 3714 3006 timorem
3741 2957 3831 3008 lir—

2243 3034 2370 3088 mat,
2412 3041 2658 3096 magnum
2699 3031 2814 3084 viro
2844 3034 3158 3101 periculum,
3202 3037 3245 3091 si
3282 3037 3482 3107 ejiciat.
3511 3042 3783 3100 intentans
3814 3066 3827 3101 :

2241 3131 2361 3168 nam
2391 3118 2754 3176 fornicationis
2781 3123 2923 3177 illius
2943 3140 3063 3181 sese
3092 3142 3242 3183 reum
3273 3132 3571 3187 constituit.
3607 3135 3822 3193 Etenim

2239 3221 2304 3261 ne
2332 3223 2452 3262 cum
2482 3213 2652 3277 audis,
2688 3214 2825 3268 Erue
2851 3217 3086 3282 oculum,
3113 3228 3263 3287 putes
3294 3221 3345 3275 id
3377 3224 3538 3280 etiam
3568 3225 3637 3281 de
3663 3243 3831 3286 uxuro

2236 3295 2361 3362 dici,
2389 3309 2685 3368 opportune
2712 3302 2846 3357 hanc
2874 3307 3171 3361 cantionem
3206 3311 3407 3365 induxit
3440 3331 3454 3365 :
3487 3329 3595 3367 uno
3619 3327 3824 3374 tantum

2237 3387 2415 3450 modo,
2438 3404 2536 3443 nec
2561 3390 2666 3443 alio
2689 3395 2874 3461 quovis
2896 3398 3208 3462 permittens
3228 3398 3373 3453 illam
3405 3404 3708 3472 repudiare.
3732 3409 3824 3466 55.

2235 3476 2430 3531 Iterum
2459 3482 2670 3535 audistis
2700 3487 2819 3553 quia
2851 3487 3040 3539 dictum
3063 3498 3134 3541 est
3167 3491 3384 3560 antiquis
3424 3509 3442 3546 :
3471 3494 3592 3549 Non
3624 3501 3826 3567 pejera-

2233 3567 2306 3621 bis
2335 3584 2354 3620 :
2382 3570 2558 3624 reddes
2579 3584 2745 3625 autem
2771 3571 2988 3628 Domino
3005 3578 3300 3643 juramenta
3324 3591 3429 3633 tua.
3467 3584 3558 3638 54.
3585 3585 3696 3657 Ego
3733 3606 3825 3642 att-

2233 3667 2328 3710 tem
2352 3661 2462 3712 dico
2494 3663 2644 3726 vobis,
2671 3679 2770 3716 non
2784 3666 2966 3732 jnrare
2992 3669 3213 3721 omnino.
3247 3669 3354 3724 Cur
3382 3688 3486 3726 non
3515 3679 3694 3732 Statim
3727 3696 3823 3737 ve-

2233 3747 2310 3800 nit
2346 3748 2410 3801 ad
2440 3741 2655 3815 furtum,
2701 3754 2793 3808 sed
2832 3755 2896 3808 ad
2943 3757 3126 3811 falsum
3174 3761 3555 3833 testimonium,
3591 3769 3827 3841 illudque

2232 3839 2532 3894 mandatmn
2552 3845 2876 3910 prieterivit?
2894 3847 3154 3913 Quoaiam
3178 3851 3511 3920 quit‘uratur,
3534 3839 3825 3928 aliquando

2221 3927 2398 3995 jurat;
2449 3931 2538 3999 qui
2600 3947 2717 3986 tero
2765 3950 2937 4004 neque
2973 3937 3156 4006 jnrare
3197 3956 3367 4012 neque
3407 3949 3620 4004 mentiri
3650 3955 3823 4021 novit,

2226 4018 2391 4071 multo
2430 4023 2596 4090 magis
2626 4037 2654 4074 a
2688 4022 2826 4077 furto
2852 4025 3159 4085 abstinebit.
3193 4031 3376 4101 Itaque
3403 4051 3500 4105 per
3526 4037 3626 4094 hoc
3653 4018 3816 4100 etiam

2225 4107 2350 4161 illud
2382 4120 2652 4176 peccatum
2675 4116 2860 4169 evertit
2893 4135 2905 4170 :
2936 4133 3055 4171 nam
3079 4123 3410 4179 mendacium
3438 4144 3504 4182 ex
3533 4131 3672 4187 furto
3699 4137 3817 4191 ori-

2225 4207 2330 4249 tur.
2359 4200 2493 4264 Quid
2522 4210 2698 4255 autem
2728 4214 2839 4267 cst,
2877 4205 3079 4261 Reddet:
3123 4209 3340 4266 Domino
3359 4216 3654 4285 jurameuta
3687 4227 3817 4280 tua?

2223 4284 2278 4339 ld
2303 4295 2404 4352 est,
2434 4289 2627 4344 Jurans
2656 4308 2835 4348 verum
2863 4296 3028 4352 dices.
3061 4297 3173 4369 Ego
3200 4284 3368 4358 autem
3384 4308 3498 4361 dico
3526 4312 3682 4377 vobis,
3708 4332 3810 4370 non

2213 4393 2393 4444 Jurare
2420 4395 2642 4433 omnino.
3654 4439 3658 4446 .

2291 4467 2401 4521 5-6.
2424 4467 2885 4543 Deindeutmagis
2916 4480 3189 4550 magisque
3216 4496 3425 4541 avertat
3468 4504 3582 4556 eos,
3615 4508 3684 4548 ne
3713 4511 3814 4564 per

2223 4557 2384 4613 Deum
2418 4561 2615 4627 jurent,
2649 4567 2738 4625 ait,
2782 4565 2959 4636 Neque
2986 4587 3074 4639 per
3098 4573 3295 4638 cadum,
3329 4577 3448 4642 quia
3473 4579 3685 4637 thronus
3710 4583 3809 4641 Dei

2221 4658 2290 4700 est
2323 4666 2341 4701 .·
2381 4650 2466 4705 55.
2515 4669 2668 4722 neque
2694 4673 2779 4722 per
2814 4668 3017 4725 terram,
3049 4663 3170 4731 quia
3211 4666 3484 4720 scnbellum
3518 4683 3592 4724 est
3622 4676 3806 4742 pedum

2217 4743 2360 4809 ejus;
2390 4758 2542 4811 neque
2573 4762 2656 4810 per
2681 4744 2982 4813 Jerusalem,
3013 4752 3132 4817 quia
3153 4755 3327 4807 civitas
3353 4766 3423 4810 est
3450 4763 3621 4831 magni
3651 4768 3802 4836 regis.

2219 4831 2292 4885 Ex
2324 4831 2591 4900 prophetis
2619 4835 2791 4890 adhuc
2817 4838 3069 4908 loquitur,
3099 4850 3152 4895 et
3177 4846 3408 4900 omendit
3431 4862 3490 4904 se
3529 4865 3636 4906 non
3664 4831 3802 4911 anti-

2215 4927 2333 4993 quis
2352 4926 2650 4993 adversari;
2683 4945 2803 4984 nam
2828 4933 2879 4985 in
2910 4947 3059 4990 more
3085 4935 3192 4990 illis
3217 4948 3330 4993 erat
3358 4957 3456 5011 per
3506 4944 3623 5002 hac
3645 4950 3794 5018 jura-

2214 5033 2292 5080 re,
2315 5027 2369 5072 et
2391 5020 2440 5072 in
2463 5020 2564 5076 line
2586 5022 2738 5092 hujus
2761 5024 3030 5095 Evangelii
3055 5027 3193 5083 hunc
3211 5029 3371 5088 fuisse
3393 5050 3597 5093 morem
3612 5051 3798 5099 osten-

2211 5107 2306 5161 dit.
2331 5108 2409 5163 Tu
2446 5125 2576 5165 vero
2618 5113 2747 5166 mihi
2788 5115 3066 5170 considera
3097 5118 3234 5173 unde
3264 5125 3482 5178 extollat
3509 5128 3795 5188 elementa.

2212 5194 2323 5249 Non
2350 5212 2415 5252 ex
2445 5203 2652 5267 propria
2682 5213 2896 5270 natura;
2924 5206 3018 5261 sed
3051 5223 3115 5261 ex
3142 5209 3231 5264 Dei
3261 5225 3385 5282 erga
3415 5215 3679 5274 elementa
3708 5226 3794 5277 al-

2206 5283 2348 5362 lectu
2377 5287 2607 5345 demisse
2635 5302 2686 5345 et
2705 5294 2997 5350 secundum
3023 5307 3235 5366 captum
3258 5315 3496 5359 nostrum
3513 5323 3786 5376 expresso.

2205 5378 2336 5445 Quia
2355 5380 2494 5434 enim
2519 5383 2679 5436 multa
2701 5394 2817 5438 erat
2836 5386 3147 5444 idololatria:
3169 5395 3518 5462 tyrann‘ﬂne
3543 5400 3792 5458 videren-

2206 5479 2290 5525 tur
2314 5474 2578 5528 elementa
2603 5491 2668 5529 ex
2697 5490 2754 5531 se
2782 5477 3090 5534 honoranda
3121 5497 3263 5549 esse,
3288 5487 3424 5542 lianc
3453 5505 3611 5559 quam
3644 5494 3789 5550 dixi-

2185 5567 2320 5616 ‘mus
2346 5579 2558 5619 causam
2586 5569 2778 5633 posuit,
2813 5583 3103 5639 rursusque
3131 5573 3197 5627 ad
3223 5575 3317 5630 Dei
3341 5578 3561 5648 gloriam
3611 5594 3786 5640 trans-

2205 5655 2313 5707 ivit.
2340 5655 2519 5726 Neque
2563 5657 2704 5712 enim
2749 5658 2899 5724 dixit,
2933 5660 3062 5729 Quia
3109 5664 3384 5732 pulchrum
3430 5685 3788 5743 magnumque

2200 5747 2386 5803 caelum
2419 5757 2520 5812 est,
2572 5764 2763 5819 neque,
2793 5750 2926 5815 Quia
2957 5752 3096 5808 utilis
3141 5765 3315 5822 terra;
3363 5760 3479 5826 sed,
3507 5760 3638 5827 Quia
3688 5758 3785 5812 Dei
