4114 6500
346 469 441 523 261

345 580 476 635 illud
522 577 747 633 thronus
776 584 876 637 est,
923 573 1035 627 lucc
1073 571 1384 634 scabellum,
1429 569 1662 639 undique
1693 570 1837 639 ipsos
1875 571 1940 623 ad

351 674 633 726 Dominum
665 667 1014 738 compellens.
1048 664 1135 720 36.
1170 663 1345 732 Neque
1376 679 1463 730 per
1486 672 1638 729 caput
1667 672 1828 727 tuum,
1860 662 1945 715 in-

343 766 482 835 qttit,
528 765 645 833 quia
672 778 772 815 non
810 770 951 829 potes
980 774 1138 811 unum
1158 755 1402 827 capillum
1442 754 1610 807 album
1640 757 1827 824 facere,
1859 764 1945 806 aut

344 856 566 925 nigrum.
612 854 819 908 Rursus
861 865 964 903 non
996 848 1265 903 hominem
1309 845 1603 906 admirans,
1632 844 1941 913 subjunxit,

342 960 519 1013 neque
557 959 650 1012 per
686 951 845 1010 caput
876 940 993 1009 ejus
1025 953 1146 993 esse
1168 934 1477 1004 juraudum,
1524 934 1759 1003 alioquin
1800 933 1943 988 enim

341 1038 458 1105 ipse
481 1035 640 1087 homo
667 1032 918 1087 adoratus
945 1029 1161 1089 fuisset;
1186 1026 1277 1081 sed
1295 1026 1517 1096 gloriam
1548 1025 1655 1078 Deo
1680 1024 1938 1087 referens,

342 1139 397 1183 et
418 1126 729 1189 ostendens,
769 1134 820 1177 te
855 1139 921 1177 ne
958 1120 1172 1191 quidem
1203 1119 1274 1171 ttti
1311 1118 1590 1172 dominum
1630 1130 1772 1178 esse,
1816 1130 1942 1184 ergo

346 1236 518 1290 neque
542 1221 965 1288 juramentorunt
1013 1230 1105 1281 per
1146 1220 1304 1279 caput
1328 1209 1669 1265 emissurum.
1713 1207 1766 1263 Si
1797 1208 1940 1261 enim

340 1326 499 1367 nemo
533 1311 692 1362 lilium
734 1322 885 1361 suum
917 1305 1071 1358 alteri
1110 1303 1333 1363 dederit,
1386 1300 1552 1354 multo
1591 1297 1767 1353 minus
1801 1299 1941 1353 Deus

339 1417 472 1470 opus
504 1415 657 1453 suum
703 1398 794 1452 tibi
822 1394 1101 1450 concedet.
1148 1394 1364 1447 Etiamsi
1395 1392 1539 1445 enim
1581 1401 1739 1459 caput
1791 1401 1935 1443 tuum

336 1496 429 1559 sit,
466 1492 559 1548 sed
590 1490 809 1544 alterius
846 1495 928 1543 est
970 1485 1235 1555 possessio
1270 1503 1282 1536 :
1318 1492 1629 1551 tantumque
1668 1484 1820 1536 abest
1868 1497 1935 1535 ne

338 1586 589 1639 dominus
616 1583 733 1649 ejus
777 1580 872 1643 sis,
914 1587 971 1632 ut
1002 1594 1067 1631 ne
1113 1576 1391 1629 minimum
1421 1573 1635 1642 quidem
1670 1573 1841 1635 possis
1886 1573 1934 1626 in

339 1678 434 1730 illo
463 1675 693 1744 operari.
726 1671 837 1726 Non
870 1671 1010 1724 enim
1031 1668 1183 1731 dixit,
1211 1667 1323 1720 Non
1349 1674 1498 1734 potes
1527 1664 1823 1732 producere
1847 1682 1937 1717 ea-

337 1768 557 1835 pillutn;
605 1764 721 1828 sed,
774 1762 954 1830 Neque
1005 1761 1121 1829 ejus
1168 1758 1476 1828 qualitatem
1516 1769 1745 1812 mutare.
1798 1757 1933 1824 Quid

337 1858 518 1927 igitur,
546 1856 589 1909 si
621 1855 759 1922 quis,
793 1853 1022 1922 inquies,
1050 1852 1411 1920 juramentum
1439 1850 1634 1917 exigat,
1670 1858 1723 1900 et
1751 1863 1934 1902 neces-

332 1950 547 2001 sitalem
576 1944 825 1999 inducat?
868 1943 957 1997 Dei
989 1944 1148 1997 timor
1191 1941 1507 1995 necessitate
1537 1941 1607 1993 sit
1644 1942 1929 2008 potentior.

334 2038 467 2093 Nam
508 2038 551 2092 si
585 2037 718 2091 velis
765 2029 1070 2102 hujusmodi
1097 2048 1285 2087 causas
1330 2032 1586 2100 objicere,
1634 2031 1834 2083 nullum
1868 2048 1933 2085 ex

336 2128 615 2199 praeceptis
661 2125 923 2182 servabis.
967 2124 1097 2178 Nam
1128 2136 1177 2178 et
1224 2124 1290 2177 de
1341 2138 1507 2177 uxore
1553 2122 1792 2176 dicturus
1829 2139 1931 2177 es:

332 2220 471 2288 Quid
503 2220 680 2288 igitur,
710 2217 753 2272 si
784 2216 1011 2286 litigiosa
1041 2224 1095 2268 et
1132 2224 1438 2283 sumptuosa
1471 2214 1578 2268 sit?
1610 2212 1676 2268 Et
1699 2213 1767 2268 de
1800 2230 1933 2268 ocu-

336 2313 388 2364 lo
406 2311 595 2366 dextro
629 2326 640 2360 :
672 2307 805 2373 Quid
832 2306 1010 2375 igitur,
1034 2302 1313 2373 sidiligam
1331 2317 1480 2361 eum,
1500 2312 1555 2358 et
1583 2301 1740 2357 urar?
1772 2303 1836 2356 Et
1865 2303 1931 2358 dc

332 2402 604 2470 impudico
630 2404 847 2469 asp‘ectu
875 2415 888 2449 :
922 2397 1058 2463 Quid
1091 2397 1267 2466 igitur,
1304 2411 1369 2449 an
1404 2411 1618 2466 possum
1644 2411 1748 2449 non
1777 2396 1925 2451 vide-

331 2493 430 2547 re?
461 2492 527 2546 Et
550 2491 616 2546 de
640 2492 714 2545 ira
744 2492 794 2543 iu
820 2489 1035 2543 fratrem
1064 2506 1075 2540 :
1106 2487 1241 2553 Quid
1273 2487 1451 2556 igitur,
1480 2487 1522 2539 si
1548 2501 1785 2555 prmceps
1808 2488 1930 2551 sim,

330 2595 385 2638 et
418 2586 646 2652 linguam
680 2594 861 2637 tenere
894 2596 999 2634 non
1025 2579 1263 2649 possint?
1301 2580 1364 2633 Et
1393 2580 1469 2633 sic
1502 2594 1721 2647 prorsus
1751 2582 1929 2632 omnia

330 2692 489 2744 supra
519 2676 657 2729 dicta
702 2673 953 2729 calt-abis.
1000 2673 1155 2741 Atqui
1200 2671 1250 2723 in
1286 2670 1486 2739 legibus
1530 2672 1777 2725 humanis
1820 2674 1932 2724 lucc

329 2764 624 2820 obtendere
669 2780 772 2816 non
819 2762 983 2826 ausis,
1030 2777 1203 2831 neque
1248 2762 1449 2826 dicere,
1497 2761 1633 2827 Quid
1668 2763 1840 2831 igitur,
1886 2763 1929 2815 si

328 2858 454 2923 hoc,
498 2858 579 2912 vel
626 2856 796 2910 illud?
830 2855 922 2909 sed
974 2868 1067 2908 seu
1107 2864 1296 2923 sponte
1327 2868 1419 2905 seu
1468 2854 1662 2907 invitus
1704 2870 1765 2909 ea
1812 2870 1931 2923 qua:

327 2951 523 3018 scripta
567 2960 693 3002 sunt
730 2947 947 3016 accipis.
995 2946 1241 3013 Alioquin
1283 2955 1459 2999 autem
1508 2961 1796 3016 numquam
1825 2948 1929 3000 vim

331 3041 771 3096 necessitatenne
819 3038 1055 3105 patieris.
1112 3036 1244 3090 Nam
1276 3038 1362 3106 qui
1403 3036 1759 3092 beatitudines
1785 3038 1931 3107 prius

323 3134 630 3188 euuntiatas
654 3130 873 3191 audivit,
901 3146 963 3183 ac
984 3130 1216 3197 seipstnn
1250 3131 1317 3182 ita
1348 3130 1665 3197 composuit.
1700 3137 1757 3183 ut
1776 3130 1929 3183 Cllrl°

327 3224 637 3293 stusjussit,
670 3223 866 3276 nullam
895 3237 921 3273 a
955 3222 1143 3290 quovis
1173 3220 1388 3273 homine
1414 3219 1716 3285 hujusmodi
1743 3236 1929 3275 neces-

326 3316 537 3369 sitatem
566 3314 817 3383 patietur,
853 3327 972 3364 eum
1004 3310 1073 3363 sit
1103 3310 1239 3378 apud
1269 3325 1457 3363 omnes
1487 3309 1833 3363 admirandus
1873 3321 1927 3363 et

327 3404 671 3459 honorabilis.
699 3404 785 3457 57.
818 3402 899 3455 Sit
921 3410 1085 3453 mitem
1109 3416 1270 3453 sermo
1297 3410 1471 3463 rester,
1497 3410 1587 3461 est,
1617 3410 1924 3466 est,et.nou,

325 3512 423 3548 non
458 3511 475 3547 :
505 3494 641 3562 quod
677 3502 843 3544 autem
885 3495 1021 3543 ultra
1055 3490 1375 3560 adjunqitur,
1410 3507 1471 3543 ex
1498 3492 1631 3545 malo
1668 3508 1760 3547 est.
1789 3492 1925 3558 Quid

325 3587 470 3655 igitur
503 3598 954 3651 supervacaneum
979 3580 1102 3635 illud
1125 3592 1222 3643 est,
1247 3583 1402 3642 ultra,
1428 3581 1516 3635 Est
1537 3592 1582 3635 et
1608 3600 1709 3636 non
1727 3585 1753 3636 ?
1773 3583 1929 3638 Jura-

327 3688 586 3738 tuenttnn,
616 3692 720 3729 non
743 3684 919 3728 autem
951 3674 1263 3743 perjurium.
1294 3674 1407 3729 Hoc
1423 3677 1567 3730 enim
1596 3677 1646 3729 itt
1675 3676 1925 3731 confesso

322 3777 424 3833 est,
459 3779 512 3822 et
538 3782 697 3821 nemo
722 3777 804 3821 est
828 3766 951 3834 quin
997 3766 1263 3827 didicerit,
1294 3781 1321 3818 a
1351 3766 1492 3820 malo
1517 3783 1655 3830 esse,
1688 3784 1788 3823 nec
1830 3785 1924 3823 su-

324 3873 711 3928 pervacaneum
756 3872 895 3920 esse,
939 3857 1029 3911 sed
1061 3858 1387 3911 contrarium
1422 3875 1434 3910 :
1469 3872 1923 3926 supervacaneum

322 3958 501 4002 autem
544 3957 645 4006 est,
675 3947 815 4016 quod
861 3946 998 4000 ultra
1028 3955 1081 4001 et
1110 3962 1230 3999 cum
1270 3946 1622 4000 redundantia
1651 3948 1922 4018 adjicitur,

324 4041 536 4111 taleque
570 4052 650 4094 est
675 4040 1055 4109 juramentum.
1098 4039 1360 4106 Quidnam
1392 4056 1522 4094 vero
1547 4040 1674 4095 dicit
1710 4058 1739 4095 a
1783 4046 1926 4097 malo

323 4136 481 4189 esse?
504 4143 559 4188 et
586 4134 630 4187 si
661 4149 688 4186 a
732 4133 872 4187 malo
899 4142 1036 4197 erat,
1061 4148 1157 4187 cur
1196 4132 1482 4200 jubebatur
1512 4134 1562 4186 in
1595 4134 1750 4204 lege?
1780 4136 1923 4204 'tlljl-

323 4241 442 4279 sum
473 4226 631 4278 etiam
657 4225 723 4279 de
764 4240 927 4279 uxore
954 4224 1137 4279 dices:
1171 4224 1280 4278 Cur
1297 4224 1406 4293 jam
1450 4225 1729 4282 fornicatio
1760 4245 1923 4297 repu-

324 4328 468 4371 tatur
513 4318 562 4370 id
605 4316 745 4385 quod
785 4317 909 4369 olim
940 4315 1387 4383 permittebatur?
1423 4316 1558 4384 Quid
1600 4319 1666 4371 ad
1697 4320 1809 4373 haec
1839 4321 1923 4374 di-

324 4407 550 4462 cendum
570 4407 591 4459 ?
612 4406 733 4460 Haec
756 4415 879 4459 tunc
898 4405 1039 4459 dieta
1065 4406 1225 4460 fuisse
1248 4406 1541 4461 secundum
1562 4408 1921 4464 infirmitatem

324 4513 512 4552 eorum
540 4499 628 4565 qui
652 4498 799 4566 leges
822 4497 1156 4564 accipiebant
1182 4515 1193 4550 :
1227 4512 1348 4550 nam
1380 4514 1433 4552 et
1461 4499 1649 4554 nidore
1678 4503 1922 4557 victima-

326 4606 441 4643 rum
475 4587 575 4644 coli
605 4587 877 4657 indignum
905 4587 1191 4641 admodum
1224 4588 1332 4642 Deo
1358 4600 1457 4653 est,
1494 4591 1633 4645 sicut
1662 4592 1924 4648 balbutire

328 4680 598 4750 indignum
631 4678 966 4749 philosopho.
1018 4678 1351 4734 Adulterium
1380 4697 1507 4751 ergo
1544 4699 1685 4738 nunc
1714 4696 1926 4754 reputa-

329 4784 413 4827 tur
440 4770 565 4825 illud
588 4788 602 4833 ;
647 4780 701 4824 et
729 4785 758 4822 a
787 4770 930 4824 malo
958 4780 1041 4823 est
1066 4769 1267 4837 jurare,
1292 4772 1506 4841 quando
1532 4784 1685 4827 aucta
1717 4784 1774 4828 et
1801 4793 1922 4845 per-

328 4864 462 4917 fecta
510 4861 674 4914 virtus
718 4870 818 4914 est.
846 4859 901 4915 Si
944 4876 1073 4915 vero
1122 4861 1203 4915 ha:
1227 4860 1296 4915 ab
1349 4863 1496 4917 initio
1535 4864 1728 4918 diaboli
1780 4868 1923 4937 leges

329 4954 575 5016 fuissent,
606 4966 709 5003 non
741 4950 919 5020 utique
948 4960 1148 5003 tantum
1182 4951 1551 5020 profecissent.
1577 4954 1786 5009 Etenim
1822 4961 1921 5013 nisi

330 5044 417 5098 illa
446 5041 799 5111 punivissent,
827 5057 933 5094 non
968 5042 1036 5095 ita
1065 5040 1219 5096 facile
1244 5041 1358 5096 haec
1387 5060 1527 5098 nunc
1550 5058 1768 5117 accepta
1796 5049 1924 5102 fuis-

329 5143 467 5189 sent.
495 5132 613 5187 Noli
654 5132 810 5202 igitur
842 5147 1026 5185 eorum
1074 5134 1347 5202 requirere
1392 5136 1663 5201 virtutem,
1711 5141 1935 5207 quando

328 5241 514 5279 eorum
552 5238 682 5277 usus
724 5223 1011 5291 prmterivit
1044 5240 1057 5277 :
1102 5232 1227 5279 tunc
1256 5227 1395 5279 enim
1445 5238 1651 5298 tempus
1683 5231 1731 5285 id
1777 5243 1925 5303 pete-

332 5318 451 5380 bat;
485 5316 591 5368 imo
620 5330 767 5379 vero,
799 5315 842 5368 si
868 5314 968 5377 vis,
1002 5316 1160 5369 etiam
1191 5332 1351 5372 nunc.
1387 5318 1519 5372 Nam
1542 5337 1726 5375 eorum
1759 5326 1925 5379 virtus

331 5406 629 5461 ostenditur
678 5421 743 5458 ex
792 5421 858 5459 eo
906 5405 1021 5473 ipso
1066 5422 1171 5473 quo
1214 5409 1381 5476 magis
1426 5424 1729 5467 accusatur.
1770 5417 1921 5480 Quod

330 5500 472 5552 enim
503 5498 616 5550 haec
661 5497 781 5551 talia
814 5512 955 5551 nunc
994 5498 1293 5558 videantur,
1326 5515 1510 5555 eorum
1551 5505 1781 5557 maxima
1813 5508 1924 5560 laus

330 5600 431 5640 est.
463 5586 570 5645 Nisi
616 5588 757 5641 enim
793 5605 887 5642 nos
932 5589 1151 5657 pulchre
1186 5590 1514 5655 nntrivisset,
1544 5603 1597 5647 et
1627 5596 1691 5648 ad
1723 5596 1921 5665 majora

338 5678 640 5747 recipienda
676 5677 895 5732 idoneas
936 5678 1274 5742 reddidisset,
1316 5696 1418 5733 non
1451 5682 1570 5736 talia
1615 5685 1915 5741 viderentur

333 5786 472 5824 esse.
522 5769 979 5836 Quemadmodum
1031 5771 1437 5831 mamill:t,eum
1484 5789 1636 5826 suum
1690 5777 1925 5844 implevit

334 5864 585 5927 ollieium,
618 5870 672 5915 et
701 5860 763 5914 ,ιιι
806 5863 1171 5931 perfectioretu
1226 5878 1460 5916 mensam
1510 5882 1637 5935 puer
1675 5868 1918 5935 mittitur,

1513 458 1575 513 IN
1617 455 2022 511 MAT'I‘IIAiUM
2062 456 2294 514 lIOMIL.
2334 432 2500 518 xm.

3550 474 3618 527 τε
3626 472 3658 525 1’.

2058 569 2274 627 demum
2299 574 2501 629 inutilis
2531 575 2762 642 videtur;
2792 589 3038 647 parentes
3065 583 3305 653 vero,qui
3334 584 3480 641 Illam
3512 604 3650 654 jll‘llta

2052 677 2220 730 puero
2253 670 2609 721 necessariam
2640 684 2762 724 esse.
2788 671 3072 737 putabant,
3109 674 3254 728 mille
3282 687 3464 738 postea
3511 679 3653 734 illam

2042 738 2389 797 irrisionibus
2416 751 3046 816 prosequuntur;multi
3105 762 3287 806 autem
3348 770 3456 808 non
3514 772 3637 809 ver-

2042 831 2125 885 bis
2163 834 2340 888 solum
2396 836 2542 891 illam
2581 844 2895 907 traducunt,
2929 843 3023 897 sed
3054 844 3215 899 etiam
3248 847 3454 901 amaris
3489 848 3633 902 illaut

2040 923 2645 997 obliuuutunguentis;
2688 944 2744 986 ut
2768 934 2812 986 si
2848 950 2952 987 non
2996 937 3208 1005 possint
3239 939 3397 991 verba
3433 939 3636 1008 impor-

2039 1023 2231 1069 tuuum
2302 1018 2626 1074 huiusmodi
2676 1026 2831 1093 pueri
2881 1025 3131 1081 allectum
3184 1045 3485 1093 removere,
3545 1050 3632 1087 res

2036 1101 2167 1171 ipsae
2206 1102 2537 1162 desiderium
2589 1123 2861 1167 avertant.
2908 1116 2922 1147 ¹
2970 1116 3063 1171 Sic
3116 1118 3371 1173 Christus
3411 1136 3439 1172 a
3488 1122 3632 1173 malo

2034 1191 2147 1245 ha:c
2174 1207 2294 1245 esse
2324 1193 2487 1259 dixit,
2538 1212 2641 1248 non
2674 1208 2731 1249 ut
2778 1199 3089 1255 ostenderet
3131 1212 3367 1256 veterem
3395 1202 3567 1273 legem
3597 1220 3628 1258 a

2032 1283 2243 1337 diabolo
2272 1285 2552 1353 prodiissc,
2584 1289 2677 1341 sed
2707 1297 2762 1341 ut
2792 1290 3160 1346 vehementius
3182 1307 3212 1345 a
3235 1292 3400 1347 veteri
3428 1294 3632 1349 vilitate

2031 1387 2329 1448 revocaret.
2365 1378 2430 1431 Et
2464 1378 2739 1449 discipulis
2767 1382 2983 1449 quidem
3034 1383 3150 1439 hinc
3176 1385 3347 1451 dicit;
3404 1387 3498 1441 sed
3538 1386 3631 1441 ,1η-

2028 1466 2158 1520 dzeis
2178 1469 2406 1537 stupidis
2430 1479 2483 1524 et
2524 1472 2575 1524 in
2610 1472 2796 1527 iisdem
2832 1476 3327 1542 perseverantibus.
3360 1492 3459 1531 ceu
3493 1495 3631 1549 qua-

2029 1561 2147 1612 dam
2172 1562 2546 1627 amaritudine,
2575 1566 2898 1635 captivitatis
2941 1577 3085 1623 metu
3118 1569 3305 1625 urbem
3356 1571 3631 1627 circmnli-

2031 1652 2191 1705 uitam
2249 1652 2576 1708 inaccessam
2624 1657 2874 1712 reddidit.
2908 1660 3038 1725 Quia
3071 1675 3198 1714 vero
3224 1676 3289 1715 ne
3318 1660 3369 1715 id
3405 1663 3622 1731 quidem

2030 1746 2197 1812 potuit
2227 1746 2370 1815 ipsos
2398 1749 2629 1802 retinere
2654 1790 2669 1810 ,
2696 1749 2789 1803 sed
2814 1766 2929 1803 eam
2956 1766 3142 1805 rursus
3171 1752 3353 1808 ridere
3373 1754 3633 1822 Optabaut

2026 1838 2177 1903 quasi
2204 1837 2351 1904 pueri
2383 1837 2449 1890 ad
2480 1839 2767 1891 maniillam
2812 1851 3191 1908 accurrentes,
3237 1842 3452 1898 demqu
3481 1845 3628 1900 illam

2028 1925 2333 1987 occultavit.
2366 1927 2450 1981 illa
2482 1929 2591 1997 ipsa
2622 1929 2819 1994 diruta,
2852 1941 2899 1984 et
2934 1932 3200 2003 plerisque
3223 1949 3412 1989 eorum
3445 1937 3628 2005 procul

2028 2016 2272 2071 abducds
2312 2035 2324 2069 :
2358 2019 2807 2087 quemadmodum
2862 2022 3072 2090 plurimi
3121 2023 3350 2089 vitulos,
3381 2042 3409 2077 a
3457 2028 3632 2081 vaccis

2026 2107 2287 2162 abductos
2315 2109 2655 2180 inclusosque
2675 2153 2687 2168 .
2728 2121 2968 2181 tempore
2991 2112 3381 2182 assuefaciunt;
3415 2125 3470 2171 ut
3498 2133 3526 2170 a
3554 2118 3634 2171 la-

2025 2200 2125 2254 ctis
2148 2203 2533 2257 consuetudine
2560 2204 2869 2258 abscedant.
2901 2204 3032 2259 Nam
3059 2208 3102 2259 si
3133 2207 3331 2262 diaboli
3362 2220 3513 2264 vetus
3544 2210 3631 2265 lex

2026 2301 2201 2357 esset,
2250 2309 2352 2346 non
2402 2296 2468 2349 ab
2514 2294 2813 2350 idololatria
2844 2298 3148 2355 abduxisset
3175 2343 3189 2363 ,
3226 2302 3334 2355 imo
3360 2314 3546 2357 contra
3576 2304 3627 2358 in

2026 2382 2167 2437 illam
2196 2382 2517 2453 conjecisset
2551 2405 2564 2439 :
2601 2386 2650 2441 id
2701 2389 2843 2441 enim
2889 2389 3106 2444 volebat
3159 2391 3427 2447 diabolus.
3476 2394 3631 2450 Nunc

2024 2481 2201 2528 autem
2225 2477 2555 2530 contrarium
2586 2492 2804 2544 prorsus
2826 2478 3071 2533 videmus
3091 2496 3120 2533 a
3144 2482 3312 2537 veteri
3332 2484 3448 2555 lege
3465 2485 3627 2540 eftici.

2028 2565 2093 2619 Et
2118 2567 2290 2635 ipsum
2320 2584 2532 2637 quoque
2560 2569 2919 2639 juramentum
2946 2572 3067 2628 ideo
3095 2574 3144 2627 in
3173 2577 3337 2630 reteri
3368 2585 3626 2633 statutum

2026 2656 2141 2721 fuit,
2176 2674 2244 2713 ne
2274 2675 2369 2728 per
2401 2662 2539 2715 idola
2566 2661 2833 2730 jurareut.
2874 2662 3090 2731 λιιι-ατε,
3122 2666 3313 2736 inquit,
3343 2686 3433 2737 per
3464 2668 3627 2723 Deum

2024 2766 2192 2804 rerum
2221 2756 2361 2821 (Jer.
2388 2755 2443 2820 4,
2466 2754 2501 2806 2
2525 2757 2560 2821 ).
2590 2754 2703 2809 Non
2735 2756 2893 2824 igitur
2919 2772 3080 2826 parva
3109 2759 3353 2827 quaedam
3382 2760 3470 2816 lex
3499 2762 3631 2818 οπε-

2023 2844 2115 2905 cit,
2145 2842 2239 2896 sed
2267 2859 2454 2911 magna
2492 2844 2691 2911 utique.
2726 2844 2858 2898 Nam
2899 2846 2965 2899 ad
2998 2847 3226 2903 solidum
3257 2849 3439 2906 cibum
3476 2866 3629 2908 acce-

2024 2933 2187 2995 dere.
2221 2934 2269 2987 id
2317 2934 2619 2989 Servatoris
2658 2936 2754 2988 fuit
2778 2952 2933 3007 opus.
2968 2937 3107 3005 Quid
3154 2938 3352 3009 igitur?
3395 2957 3629 2999 annona

2026 3026 2166 3077 malo
2188 3035 2269 3078 est
2294 3026 2511 3092 jurare?
2538 3028 2579 3079 Α
2612 3027 2755 3081 malo
2797 3036 2881 3081 est
2905 3029 3120 3099 utique;
3165 3030 3261 3085 sed
3310 3018 3453 3089 nunc
3506 3046 3632 3107 post

2025 3123 2223 3167 tantam
2257 3115 2683 3185 philosophiam;
2733 3124 2861 3173 tunc
2909 3128 3090 3174 autem
3133 3122 3374 3178 minime.
3407 3125 3474 3179 Et
3497 3142 3631 3196 quo-

2024 3205 2221 3271 modo,
2280 3205 2518 3277 inquies,
2568 3206 2797 3277 idipsum
2844 3213 3017 3279 possit
3062 3226 3184 3267 esse
3225 3228 3367 3268 nunc
3392 3214 3626 3281 bonum,

2025 3311 2167 3350 nunc
2205 3296 2425 3351 minimc
2480 3298 2716 3352 bonum?
2764 3299 2878 3369 Ego
2907 3310 3085 3357 autem
3110 3319 3141 3358 e
3169 3309 3441 3360 contrario
3468 3308 3590 3363 dico
3611 3352 3627 3375 ,

2022 3387 2293 3453 quomodo
2340 3403 2443 3441 non
2491 3390 2559 3441 sit
2601 3397 2657 3442 et
2700 3390 2896 3444 bonum
2942 3403 2998 3447 et
3041 3409 3147 3448 non
3197 3395 3433 3461 bonum,
3467 3402 3630 3455 rebus

2022 3478 2269 3533 omnibtts
2296 3478 2374 3532 sic
2398 3478 2771 3544 clamantibus,
2805 3484 3009 3539 artibus
3028 3527 3043 3551 ,
3076 3486 3337 3545 fructibus
3361 3533 3374 3553 ,
3403 3493 3631 3564 aliisque

2023 3571 2576 3626 omnibus?l’rimum
2609 3574 2658 3627 id
2690 3575 2872 3629 videas
2896 3577 2945 3630 in
2982 3588 3167 3633 natura
3203 3594 3386 3639 nostra
3412 3588 3628 3641 contin-

2023 3678 2167 3732 gere.
2198 3662 2407 3717 Gestari
2436 3666 2578 3718 enim
2608 3669 2658 3719 in
2692 3668 2859 3735 prima
2889 3679 3046 3724 aitate
3073 3671 3269 3728 bonum
3294 3687 3405 3739 est,
3441 3692 3626 3747 postea

2026 3768 2157 3807 vero
2187 3756 2545 3823 perniciosum
2571 3774 2584 3822 ;
2626 3760 2939 3827 prmmansis
2965 3759 3037 3816 uti
3064 3765 3199 3820 cibis
3228 3767 3279 3820 in
3306 3770 3482 3838 primo
3507 3775 3629 3828 vitie

2027 3856 2268 3915 tempore
2300 3848 2518 3914 bonum,
2575 3862 2755 3917 postea
2806 3868 2932 3907 vero
2963 3853 3186 3911 horrore
3220 3859 3468 3928 plenum;
3494 3864 3629 3920 lacte

2024 3942 2090 3993 ali
2121 3950 2174 3994 et
2219 3941 2284 3995 ad
2315 3958 2603 3997 mammam
2644 3946 2933 4015 confugere
2956 3947 3109 4003 initio
3136 3951 3263 4006 utile
3290 3963 3373 4007 est
3400 3964 3455 4009 et
3480 3958 3627 4010 salu-

2026 4040 2175 4093 tare,
2232 4042 2417 4101 postea
2467 4050 2594 4088 vero
2649 4037 3009 4103 perniciosum
3057 4048 3114 4095 et
3152 4043 3391 4097 noxium.
3441 4046 3631 4103 Viden'

2023 4122 2295 4187 quomodo
2335 4122 2537 4177 eaedem
2581 4139 2669 4178 res
2702 4128 2997 4181 secundum
3029 4139 3271 4201 tempora
3301 4134 3455 4190 bona:
3485 4140 3626 4202 sint,

2024 4221 2078 4265 et
2104 4222 2289 4281 postea
2323 4229 2426 4267 non
2451 4214 2586 4268 tales
2626 4218 2954 4286 appareant?
2977 4219 3110 4275 Nam
3153 4226 3358 4292 puerile
3408 4230 3628 4297 pallium

2024 4313 2238 4372 gestare
2269 4319 2435 4373 puero
2461 4304 2676 4375 quidem
2716 4307 3021 4375 honestum,
3075 4314 3196 4369 viro
3242 4327 3420 4371 autem
3450 4330 3627 4389 turpe.

2029 4392 2187 4448 Visne
2212 4395 2374 4448 etiam
2425 4412 2490 4450 ex
2521 4398 2807 4452 contrariis
2834 4398 3063 4465 idipsutn
3088 4404 3297 4461 discere
3322 4448 3337 4473 ,
3360 4414 3633 4477 quomodo

2028 4500 2147 4552 qua:
2178 4486 2293 4537 viro
2322 4494 2635 4555 competunt
2659 4529 2674 4547 ,
2703 4480 2869 4555 puero
2899 4502 3020 4559 apta
3051 4507 3155 4547 non
3189 4496 3336 4550 sint?
3364 4499 3435 4553 Da
3465 4515 3633 4568 puero

2026 4575 2242 4641 pallium
2266 4574 2439 4640 virile,
2466 4575 2589 4629 hinc
2612 4578 2871 4645 plurimus
2894 4591 3147 4649 sequetur
3166 4585 3326 4651 risus,
3351 4590 3635 4660 majusque

2028 4666 2079 4717 in
2131 4664 2428 4719 incedendo
2452 4667 2773 4735 periculum,
2808 4671 2875 4721 ita
2911 4687 3052 4741 smpe
3082 4676 3183 4730 huc
3212 4677 3339 4732 illuc
3371 4692 3630 4737 vertetur.

2027 4756 2099 4808 Da
2122 4757 2281 4809 etiam
2308 4757 2377 4809 illi
2398 4756 2576 4810 civilia
2602 4760 2809 4826 negotia
2829 4765 3124 4829 tractanda,
3144 4768 3225 4822 vel
3250 4782 3632 4841 mercaturam,

2027 4850 2111 4904 vel
2141 4848 2355 4903 serendi
2388 4850 2730 4917 metendique
2751 4862 2943 4918 artem,
2966 4867 3021 4910 et
3043 4858 3325 4913 ridiculum
3352 4863 3451 4917 hoc
3482 4866 3631 4919 viue-

2031 4942 2191 4994 bitur.
2224 4941 2288 4995 Et
2318 4956 2412 4995 cur
2445 4942 2557 4996 hanc
2588 4944 2748 4998 dico?
2777 4945 2909 5000 Nam
2942 4949 3140 5015 aedes,
3170 4968 3329 5021 quam
3358 4955 3636 5015 inventum

2026 5046 2145 5086 esse
2164 5031 2360 5085 diaboli
2381 5032 2429 5085 in
2448 5048 2546 5086 con
2556 5032 2693 5087 fesso
2710 5035 3047 5103 apudomnes
3060 5047 3164 5105 est,
3180 5053 3483 5110 opportuno
3504 5057 3639 5101 teut-

2031 5138 2158 5191 pore
2188 5122 2358 5189 facta,
2394 5124 2795 5180 interfectorem
2829 5126 3088 5184 Pltineem
3117 5132 3401 5189 sacerdotii
3433 5136 3637 5194 honore

2028 5213 2300 5267 decoravit
2351 5213 2549 5284 (Num.
2604 5214 2731 5287 25).
2770 5216 2921 5282 Quod
2969 5221 3111 5273 enim
3164 5222 3340 5279 caedes
3387 5227 3457 5279 sit
3503 5243 3635 5298 opus.

2030 5307 2262 5367 diaboli,
2307 5307 2427 5360 audi
2470 5308 2740 5377 quomodo
2783 5309 2927 5363 dicat
2979 5312 3135 5377 ipse:
3179 5311 3276 5366 Vos
3304 5332 3459 5383 opera
3481 5323 3641 5386 patris

2032 5400 2179 5452 vestri
2198 5399 2348 5452 vultis
2371 5401 2537 5465 facere
2556 5416 2571 5452 :
2590 5401 2677 5452 ille
2704 5401 2958 5454 homicida
2977 5413 3083 5455 erat
3109 5421 3139 5456 α
3168 5406 3417 5477 principio
3443 5408 3638 5477 (Joau.

2035 5494 2085 5542 8.
2111 5490 2198 5542 41.
2227 5489 2297 5543 Μ
2320 5490 2358 5555 ).
2390 5490 2496 5543 Sed
2526 5490 2787 5544 homicida
2817 5491 2914 5545 fuit
2942 5494 3103 5547 etiam
3130 5495 3379 5561 Phiuces,
3405 5494 3636 5567 Elreptt-

2106 5684 2446 5749 fllisyerbis
2487 5693 2649 5734 uolam
2695 5688 3059 5736 arithmeticam
3104 5690 3134 5735 6
3169 5690 3449 5749 prmfixerat
3497 5691 3633 5737 Mou-

2044 5745 2357 5809 tefaleonius.
2392 5747 2504 5809 hinc
2528 5761 2786 5809 perperam
2822 5762 2998 5797 novum
3021 5745 3220 5797 ordiens
3255 5759 3632 5809 paragrapnum.

2047 5807 2155 5855 Non
2230 5807 2545 5871 tolerandum
2594 5807 2684 5858 hoc
2727 5810 2997 5870 apodoscos
3046 5828 3069 5859 a
3123 5807 3308 5871 pretist
3364 5807 3635 5861 divortium

2046 5871 2379 5916 correximus.
2415 5869 2549 5917 Enn.
