4114 6508
566 432 651 477 Ῐςῦ
1289 423 1343 477 S.
1382 417 1658 474 JUANNIS
1694 408 2113 470 0111118υὸ10]

2219 404 2519 459 \llUlllEl‘.
2563 400 3096 459 CONSTAN’HNOP.

548 440 651 483 “.393

547 554 700 595 tutum
749 552 819 594 est
874 543 920 595 ei
948 541 1016 594 ad
1064 537 1309 603 iustitiam
1362 531 1547 607 (Paul.
1597 529 1725 589 105,
1760 528 1903 598 3i),
1932 524 2118 593 inquit.

547 632 811 685 Abraham
840 646 966 686 vero
996 644 1101 684 non
1126 626 1390 681 homicida
1419 623 1590 677 solum
1611 663 1624 679 .
1676 620 1769 675 sed
1816 619 1976 672 etiam
2030 614 2118 666 lilii

547 724 863 778 interlcctur-
899 721 1103 785 factus,
1156 716 1297 788 quod
1343 715 1492 785 pejus
1523 721 1665 765 crat.
1699 709 1777 764 sic
1802 707 1971 775 magis
2012 703 2123 758 Deo

546 814 761 883 placuit.
796 813 984 866 Petrus
1011 826 1137 865 vero
1184 806 1443 873 duplicem
1473 799 1673 855 easdem
1705 797 1858 862 feeit,
1889 803 2120 847 attamen

543 904 816 971 spirituale
859 912 971 957 erat
1023 900 1073 953 id
1104 896 1243 968 quod
1283 893 1475 948 factum
1505 891 1627 959 est(
1658 890 1768 942 Act.
1788 887 1879 957 5).
1910 883 1986 939 Ne
2017 885 2119 937 ita-

543 1011 646 1063 que
675 994 985 1063 simpliciter
1015 1006 1102 1045 res
1132 986 1518 1050 examinemus,
1568 982 1661 1037 sed
1711 985 1869 1036 etiam
1914 987 2122 1045 tempus

550 1097 605 1138 et
634 1099 845 1138 causam
875 1092 929 1137 ct
949 1082 1272 1135 voluntatem
1301 1083 1354 1131 ct
1377 1088 1722 1144 personarum
1747 1067 2120 1132 diﬂ'erentiam,

540 1187 590 1229 ct
626 1177 709 1229 illa
757 1174 933 1228 omnia
974 1188 1092 1243 qua:
1136 1185 1239 1224 nna
1282 1172 1606 1223 concurrunt
1649 1172 1895 1217 accurate
1935 1158 2121 1228 explo-

543 1282 721 1319 u-mus
776 1283 789 1320 :
847 1279 1020 1333 neque
1087 1261 1228 1317 enim
1286 1267 1462 1327 potest
1510 1258 1709 1310 veritas
1758 1253 1863 1306 alio
1934 1250 2119 1318 attingi

540 1356 1203 1423 modo:studcamusque,
1254 1354 1298 1406 si
1342 1351 1565 1404 velimus
1616 1360 1837 1416 regnum
1885 1343 2117 1413 assequi.

538 1465 694 1518 supra
726 1459 905 1504 vett-ra
934 1454 1193 1516 praecepta
1215 1442 1411 1512 aliquid
1440 1439 1667 1510 operari,
1711 1438 1833 1505 quia
1859 1451 1965 1489 non
1996 1448 2115 1503 pos-

539 1554 723 1592 sumus
752 1538 905 1591 aliter
925 1536 1155 1590 c'clcstia
1198 1533 1463 1587 obtinere.
1490 1529 1620 1584 Nam
1651 1528 1695 1581 si
1724 1527 1789 1580 ad
1817 1538 2117 1580 mensuram

538 1640 737 1683 tantum
762 1638 998 1681 veterum
1033 1622 1431 1694 perveniamus,
1460 1629 1609 1675 extra
1632 1618 1814 1672 limina
1840 1616 2116 1670 stabimus.

538 1720 657 1772 Nisi
671 1720 798 1771 enim
821 1715 1142 1770 abundaverit
1162 1713 1363 1786 justitia
1392 1720 1550 1765 uestra
1582 1710 1697 1778 plus
1738 1723 1888 1775 quam
1933 1704 2120 1758 scriba-

537 1828 645 1862 rum
675 1820 720 1863 et
746 1808 1144 1869 Pharius-orum,
1170 1820 1267 1857 non
1291 1801 1540 1855 iutrabitis
1567 1800 1619 1852 in
1648 1813 1859 1869 regnum
1877 1796 2118 1849 calorum

538 1899 746 1971 (Matth.
771 1900 824 1954 5.
858 1897 984 1967 9.0).
1020 1899 1262 1950 Attamen
1295 1900 1412 1963 post
1437 1888 1905 1946 eomminationem
1937 1885 2121 1954 hujus-

537 1990 681 2044 tnodi
712 1990 927 2058 quidam
958 1996 1083 2041 sunt
1109 1986 1196 2053 qui
1228 1999 1330 2039 non
1364 1982 1520 2037 modo
1546 1980 1804 2051 justitiam
1838 1977 1979 2030 illam
2012 1990 2118 2027 non

535 2090 811 2150 superant,
856 2079 948 2133 sed
999 2078 1154 2145 longe
1210 2085 1329 2145 post
1374 2074 1516 2127 illam
1571 2070 1961 2137 relinquuntur.
2004 2064 2115 2119 Non

535 2173 695 2226 modo
722 2174 860 2225 enim
905 2170 1203 2237 juramcnta
1254 2180 1357 2218 non
1386 2163 1608 2232 fugiunt,
1653 2158 1745 2214 sed
1776 2157 1936 2212 etiam
1969 2154 2115 2223 pejo-

536 2274 689 2328 rant;
715 2280 818 2316 non
849 2261 1007 2315 tenedo
1051 2256 1374 2327 impudicum
1405 2262 1677 2321 aspectum
1704 2265 1807 2303 non
1839 2246 2075 2301 devitant
2099 2286 2114 2310 ,

534 2355 625 2407 sed
650 2354 810 2406 etiam
844 2352 893 2403 in
941 2350 1112 2417 ipsum
1146 2357 1349 2415 turpem
1375 2353 1549 2397 actum
1583 2347 1846 2410 proruunt
1869 2379 1884 2402 ,
1913 2338 2118 2405 aliaque

532 2444 708 2496 omnia
754 2440 1016 2509 prohibita
1040 2439 1256 2506 impune
1303 2434 1725 2489 audentzunnm
1767 2437 1969 2483 tantum
2024 2441 2118 2480 ex~

531 2544 834 2603 spectantes
861 2529 1101 2599 supplicii
1129 2527 1269 2583 diem
1289 2567 1304 2593 ,
1329 2524 1541 2595 quando
1572 2536 1667 2592 pro
1691 2519 1982 2575 sceleribus
2008 2517 2119 2571 suis

532 2638 806 2681 extremas
833 2626 1034 2678 dalmnt
1074 2634 1257 2690 plenas
1289 2636 1304 2671 :
1335 2617 1476 2686 quod
1523 2629 1683 2668 unum
1716 2612 2004 2679 repositum
2036 2618 2119 2663 est

534 2723 595 2773 iis
616 2721 701 2788 qui
724 2720 773 2772 in
799 2715 1029 2784 nequitia
1049 2714 1206 2765 vitam
1228 2709 1447 2764 obeunt.
1478 2707 1550 2760 De
1576 2704 1677 2757 illis
1701 2704 1894 2772 quippe
1918 2700 2113 2769 despc-

532 2811 749 2863 randum
776 2815 879 2870 cst,
910 2816 963 2861 et
992 2804 1118 2857 nihil
1147 2801 1289 2855 aliud
1319 2796 1763 2868 exspectandum,
1805 2808 1967 2862 quam
1991 2806 2118 2860 sup-

532 2900 764 2969 plicium.
786 2897 884 2965 Qui
911 2894 1053 2949 enim
1075 2893 1161 2946 hic
1180 2892 1352 2945 adhuc
1378 2894 1684 2956 supersunt,
1720 2883 1873 2937 facile
1895 2890 2119 2951 possunt

531 3002 585 3044 ct
608 3002 860 3062 pugnare,
892 2994 945 3038 et
975 2985 1209 3046 vincere,
1241 2992 1293 3035 et
1328 2977 1593 3033 coronari.

598 3080 651 3132 7.
688 3076 899 3130 Herulis
922 3072 1203 3128 exhortatio
1246 3070 1308 3123 de
1330 3066 1610 3135 ableganda
1647 3062 2002 3118 consuetudine
2032 3067 2118 3131 ju-

530 3170 695 3223 ramli.
726 3166 904 3218 Prom:
920 3161 1291 3218 consuetudinis
1316 3158 1633 3213 climinandw
1656 3153 2005 3209 modus.—Ne
2022 3156 2119 3208 ita-

531 3276 630 3331 que
644 3258 911 3320 concidas,
928 3256 996 3309 mi
1018 3257 1195 3319 homo,
1212 3267 1381 3321 neque
1400 3252 1589 3304 bonam
1620 3248 1760 3302 illam
1786 3248 2113 3301 alacritatem

529 3329 757 3398 amittas.
806 3340 982 3410 Neque
1008 3338 1148 3391 enim
1170 3350 1395 3390 onerosa
1435 3341 1557 3385 sunt
1595 3347 1655 3385 ea
1687 3348 1804 3399 quae
1837 3329 2111 3397 iubentur.

529 3428 678 3491 Quis,
724 3437 925 3492 quarm,
958 3423 1105 3476 labor
1132 3421 1182 3474 in
1208 3418 1418 3472 vitando
1442 3415 1777 3485 jnramento?
1805 3429 1928 3467 nunt
1958 3428 2116 3481 pecu-

531 3520 737 3573 niarum
772 3519 1006 3582 impensa
1036 3512 1159 3567 est?
1186 3528 1310 3565 num
1340 3509 1502 3565 sudor
1522 3517 1575 3563 et
1605 3507 1884 3561 aerumna?
1914 3504 2118 3560 Snilicit

530 3622 731 3665 tantmn
766 3608 922 3670 velle,
954 3615 1008 3661 et
1035 3613 1202 3659 totum
1232 3603 1420 3657 factum
1443 3610 1542 3655 est.
1573 3600 1628 3654 Si
1672 3615 1799 3653 vero
1825 3609 2115 3653 censuetu-

528 3707 707 3758 dinem
747 3700 880 3755 mihi
913 3698 1153 3767 ohjicias,
1184 3697 1253 3750 ob
1295 3694 1395 3748 hoc
1423 3694 1592 3762 ipsum
1635 3692 1866 3745 maxime
1891 3690 2013 3745 dico
2041 3689 2116 3743 fa-

528 3795 681 3849 cilem
729 3806 849 3846 esse
878 3787 1334 3845 emendationem.
1366 3784 1497 3837 Nam
1539 3781 1662 3836 siin
1706 3781 1861 3833 aliam
1894 3789 1946 3832 te
1985 3794 2114 3831 con—

529 3882 857 3936 suetudinem
904 3874 1211 3935 transferas.
1253 3874 1365 3943 jam
1390 3881 1557 3925 totum
1589 3868 1879 3939 perfecisti.
1931 3866 2112 3938 Cogita

529 3975 669 4029 cnim
702 3971 897 4025 ntttllos
924 3968 1059 4039 apud
1081 3966 1301 4035 gentiles
1324 3978 1466 4025 esse,
1489 3962 1577 4028 qui
1600 3960 1737 4013 balbi
1764 3974 1883 4013 cum
1912 3966 2110 4023 essent,

531 4067 697 4121 multo
724 4062 898 4129 studio
928 4058 1279 4113 oll'cndcntem
1306 4055 1536 4123 linguam
1565 4059 1907 4105 correxerunt
1932 4064 1946 4111 ;
1979 4049 2111 4103 alios

530 4161 617 4229 qui
656 4172 775 4211 cum
828 4154 1076 4207 humeros
1109 4150 1413 4218 frequenter
1441 4154 1495 4199 et
1524 4143 1828 4197 indecenter
1853 4143 2113 4210 agitarent

533 4254 915 4313 moverentqne
940 4283 953 4299 .
982 4240 1222 4310 apposito
1252 4235 1428 4307 gladio
1447 4274 1462 4297 ,
1491 4232 1682 4285 dehinc
1708 4231 1776 4284 ab
1824 4232 1923 4283 hoc
1950 4231 2110 4283 absti-

533 4346 778 4395 tmerunt.
802 4336 935 4403 Quia
968 4333 1108 4387 enim
1139 4325 1426 4401 Scripturis
1455 4338 1558 4377 non
1586 4319 1964 4389 obtemperatis
1988 4360 2002 4381 ,
2047 4320 2114 4371 ab

533 4442 869 4486 externorum
901 4420 1157 4487 exemplis
1182 4433 1275 4472 vos
1300 4414 1587 4468 admonere
1611 4427 1793 4481 cogor.
1820 4409 1928 4465 Hoc
1950 4410 2107 4464 etiam

536 4522 673 4575 Deus
697 4517 894 4573 Judmis
923 4512 1147 4567 faciebat
1176 4511 1257 4563 his
1277 4507 1452 4562 verbis
1478 4523 1491 4558 :
1520 4504 1663 4558 Abite
1702 4505 1753 4556 in
1782 4504 1972 4556 insulas
1994 4502 2110 4555 Clie-

534 4614 662 4673 tiim,
691 4619 736 4662 et
763 4608 813 4660 in
856 4605 1016 4659 (Sedar
1038 4602 1250 4653 mittite:
1279 4608 1324 4650 et
1354 4596 1524 4649 discite
1547 4596 1589 4647 si
1621 4594 1918 4646 mutaverint
1944 4602 2111 4661 gentes

536 4705 653 4757 deos
678 4716 795 4753 suos
826 4715 844 4751 :
871 4708 913 4750 et
942 4695 1036 4763 ipsi
1062 4708 1159 4745 non
1203 4699 1319 4743 sunt
1364 4687 1434 4741 dii
1464 4684 1610 4754 (λεν.
1638 4684 1691 4738 2.
1722 4683 1809 4738 10.
1838 4684 1895 4736 11
1926 4682 1966 4751 ).
1999 4682 2109 4735 lmo

536 4794 599 4847 ad
628 4788 1005 4846 irrationabilia
1033 4798 1173 4853 stupe
1202 4779 1394 4843 mittit,
1428 4776 1612 4830 dicens
1644 4793 1657 4830 :
1701 4773 1837 4827 Vade
1886 4773 1955 4827 ad
1999 4774 2108 4842 for-

538 4884 737 4940 micam,
768 4880 926 4947 piger,
956 4885 1003 4929 et
1040 4870 1280 4927 tumulare
1320 4869 1424 4921 vias
1452 4866 1582 4937 ejus,
1611 4874 1657 4916 et
1698 4862 1821 4915 vade
1858 4863 1925 4915 ad
1962 4878 2108 4929 apem

533 4972 727 5039 (Prov.
754 4970 807 5022 ti.
839 4968 927 5035 ὓ).
982 4965 1090 5017 lloc
1139 4963 1312 5029 itaque
1338 4966 1392 5012 ct
1438 4969 1537 5026 cgo
1564 4968 1705 5007 nunc
1748 4952 1895 5005 vobis
1941 4952 2058 5005 dico
2092 4968 2104 5002 :

534 5058 879 5114 Considerate
919 5053 1220 5109 (ineorum
1268 5045 1629 5119 philosotihos,
1673 5052 1727 5098 et
1776 5054 1895 5096 tunc
1928 5042 2106 5097 scietis

504 5154 507 5157 ’
534 5160 732 5223 quanto
771 5149 871 5201 sint
902 5145 1044 5212 digni
1074 5141 1334 5211 supplicio
1363 5138 1394 5192 ii
1417 5138 1504 5209 qui
1536 5135 1742 5189 divinas
1768 5134 1910 5204 leges
1937 5144 2104 5186 trans-

533 5240 845 5309 grediuntur
875 5254 888 5289 :
919 5250 1038 5289 cum
1084 5232 1155 5286 illi
1210 5246 1303 5299 pro
1332 5228 1557 5281 humana
1590 5225 1689 5278 hac
1728 5224 2001 5277 honestate
2026 5223 2104 5277 la-

536 5335 694 5387 bores
718 5330 1025 5382 innumeros
1050 5321 1382 5392 pertulerint,
1415 5333 1509 5371 vos
1535 5332 1660 5369 vero
1683 5328 1750 5368 ne
1772 5328 1866 5381 pro
1885 5312 2108 5366 etelesti-

538 5423 636 5476 bus
659 5418 871 5489 quidem
891 5413 1045 5469 bonis
1064 5414 1079 5444 ⁸
1102 5426 1278 5480 parem
1294 5408 1545 5463 exhibere
1566 5404 1891 5474 diligentiam
1913 5401 2102 5455 velitis.

537 5511 591 5566 Si
647 5523 804 5579 porro
851 5513 967 5575 post
1031 5503 1142 5556 ha-c
1180 5500 1413 5563 dixeris,
1465 5512 1621 5566 posse
1668 5492 2105 5550 consuetudinem

533 5601 849 5669 intercipere
876 5600 1034 5652 etiam
1063 5596 1180 5648 illos
1205 5594 1292 5658 qui
1335 5591 1617 5645 admodum
1668 5588 1767 5642 sibi
1806 5594 2023 5650 cavent,
2058 5585 2106 5638 id

536 5696 691 5749 etiam
720 5707 817 5761 ego
846 5689 1046 5747 Γτιιρειτς
1078 5702 1239 5738 ιιιιιιιιι
1264 5684 1313 5737 id
1346 5683 1535 5752 adjicio
1565 5701 1576 5734 :
1602 5692 1656 5734 ut
1687 5680 1840 5734 facile
1865 5675 2109 5745 intercipi

605 5866 618 5896 ¹
656 5863 767 5920 Alii,
790 5876 844 5911 ηρ
865 5878 957 5927 pro
980 5863 1111 5917 mdis
1132 5858 1337 5920 quidem.

3714 403 3816 456 3753

2231 528 2380 589 potes
2406 558 2419 579 ,
2457 516 2525 570 ita
2568 513 2719 569 facile
2745 522 2897 583 potes
2927 522 2979 568 te
3003 510 3313 568 emendare.
3353 509 3408 566 Si
3450 511 3594 566 enim
3624 511 3821 563 mullus

2232 610 2323 663 lilii
2346 609 2488 662 domi
2512 606 2760 662 custodes
2790 615 3013 670 statuas,
3046 618 3262 659 servum
3282 603 3546 665 videlicet,
3573 618 3819 662 uxorem.

2227 703 2477 766 amicmn,
2509 702 2575 755 ab
2604 698 2849 753 onmibus
2883 698 3065 767 pulsus
3094 706 3254 766 atque
3300 698 3562 768 agitatus,
3610 694 3765 749 facile
3792 711 3818 746 a

2230 808 2393 861 prava
2445 790 2827 846 consuetudine
2856 788 3101 842 absistes.
3151 789 3207 841 Si
3240 802 3334 856 per
3378 787 3561 842 decem
3607 786 3724 841 dics
3751 786 3820 838 ita

2226 882 2433 953 agendo
2480 894 2824 950 perseveres,
2873 893 2975 931 non
3028 878 3132 932 erit
3185 876 3521 931 ditttnrniore
3577 885 3822 944 tempore

2228 988 2394 1043 opus;
2418 973 2509 1028 sed
2543 971 2631 1024 tibi
2663 986 2747 1024 res
2789 971 2839 1022 iu
2889 978 3000 1021 tuto
3031 968 3199 1038 posita
3230 969 3331 1022 erit
3356 1008 3371 1030 ,
3414 967 3820 1021 consuetudinis

2228 1063 2441 1131 optimae
2466 1060 2711 1115 lirtnitate
2732 1061 2840 1127 jam
2865 1059 3069 1112 radices
3101 1057 3368 1113 mittente.
3395 1057 3526 1110 Cum
3556 1072 3687 1126 ergo
3707 1070 3821 1109 eos.

2230 1154 2372 1222 peris
2399 1153 2448 1206 id
2479 1152 2769 1220 corrigere,
2802 1150 3008 1203 etiamsi
3041 1148 3206 1203 semel
3236 1156 3326 1201 aut
3346 1147 3426 1201 bis
3445 1147 3614 1216 legem
3647 1158 3819 1200 trans-

2232 1244 2511 1313 grediaris,
2542 1242 2749 1297 etiamsi
2784 1250 2862 1293 ter
2889 1240 3254 1309 vigesiesque.
3286 1254 3352 1292 ne
3396 1237 3654 1306 desperes
3687 1238 3817 1292 :scd

2228 1352 2462 1405 resurgo,
2507 1333 2858 1403 eamdemque
2882 1347 3065 1387 curam
3092 1332 3323 1401 suscipe,
3358 1332 3618 1402 planeque
3647 1345 3808 1399 snpe-

2228 1428 2387 1484 rabis.
2422 1427 2600 1497 Neque
2625 1427 2765 1481 enim
2797 1428 2911 1481 leve
2930 1426 3125 1479 malum
3148 1435 3225 1479 est
3250 1424 3562 1495 perjurium.
3585 1424 3638 1479 Si
3671 1424 3813 1478 enim

2221 1521 2402 1590 jnrare
2428 1538 2457 1574 a
2501 1522 2643 1573 male
2672 1530 2773 1579 est.
2806 1519 3045 1587 pcjerarc
3074 1528 3276 1585 quanto
3301 1515 3562 1585 supplicio
3585 1516 3689 1569 erit
3717 1514 3815 1568 ob-

2226 1612 2477 1667 noxium?
2504 1611 2626 1665 Haec
2656 1610 2792 1665 dicta
2827 1608 3115 1662 laudastis?
3140 1607 3245 1662 Sed
3269 1607 3564 1676 plausibus,
3589 1606 3814 1659 tmnultu

2224 1714 2277 1758 ct
2302 1705 2478 1758 $0nittt
2506 1716 2611 1755 non
2640 1716 2775 1769 opus
2804 1709 2883 1753 est
2928 1698 3079 1751 mihi.
3114 1697 3286 1753 Unum
3341 1697 3460 1750 volo
3498 1706 3728 1758 tantum,
3760 1706 3816 1749 ut

2224 1810 2345 1847 cum
2372 1793 2549 1861 quiete
2578 1802 2631 1845 et
2654 1790 2829 1860 sagaci
2854 1789 3147 1843 attentione
3176 1802 3294 1855 qua!
3323 1786 3572 1841 dicuntur
3598 1786 3814 1840 audien-

2227 1892 2336 1947 tes,
2386 1882 2523 1937 dicta
2556 1880 2944 1951 exsequamini.
2993 1877 3103 1932 lloc
3148 1876 3276 1930 mihi
3308 1877 3524 1945 plausus
3561 1886 3617 1931 et
3645 1876 3813 1931 laudis

2226 1976 2342 2030 loco
2365 1983 2464 2027 cst.
2489 1974 2543 2028 Si
2570 1988 2698 2027 vero
2718 1987 2781 2025 ea
2807 1986 2924 2040 qua:
2942 1969 3191 2024 dicuntur
3211 1969 3419 2035 audias,
3444 1978 3499 2023 et
3524 1983 3630 2023 non
3653 1968 3812 2023 facias

2223 2082 2281 2118 ca
2315 2082 2431 2134 qua:
2460 2064 2661 2129 laudas,
2694 2064 2864 2131 majus
2894 2062 2995 2115 erit
3038 2060 3377 2129 supplicimn,
3423 2060 3633 2128 gravior
3654 2074 3809 2112 accu-

2222 2160 2359 2212 satio
2382 2199 2397 2219 ,
2426 2158 2682 2224 nobisque
2710 2156 2878 2225 pudor
2904 2164 2957 2209 et
2986 2154 3182 2207 irrisio.
3220 2152 3335 2206 Non
3378 2154 3517 2204 enim
3549 2154 3809 2205 theatrum

2222 2262 2345 2305 sunt
2376 2250 2656 2311 b:ec.non
2694 2246 2961 2316 tragoedos
3013 2258 3153 2298 nunc
3210 2244 3483 2311 spectantis,
3538 2252 3595 2295 ut
3640 2243 3810 2295 solum

2224 2340 2503 2411 plaudatis.
2549 2337 2904 2407 Magisterium
2931 2345 3013 2388 est
3039 2333 3125 2388 hic
3150 2332 3443 2400 spirituale.
3473 2320 3807 2401 Qu’apmptur

2223 2448 2389 2485 unum
2416 2430 2648 2484 studimn
2676 2437 2779 2490 est,
2808 2436 2864 2480 ut
2887 2441 3005 2495 quae
3025 2426 3276 2477 dicuntur
3294 2438 3457 2491 opere
3476 2422 3809 2489 contpleatis,

2226 2531 2280 2575 ct
2335 2520 2699 2575 obedientiam
2746 2518 2911 2587 gestis
2959 2516 3410 2571 commonstretis.
3474 2512 3621 2567 Tunc
3671 2514 3812 2567 cnim

2224 2615 2399 2667 omnia
2425 2610 2697 2678 assequuti
2717 2610 2917 2663 erimus
2948 2623 2961 2659 :
3001 2617 3055 2659 at
3079 2620 3219 2659 nunc
3249 2619 3383 2674 pene
3410 2603 3703 2672 desperare
3722 2618 3810 2657 cu-

2220 2720 2334 2775 gor.
2364 2702 2495 2757 Nam
2517 2712 2569 2756 et
2597 2701 2838 2771 privatim
2868 2715 2963 2755 eos
2985 2740 2998 2760 ,
3030 2699 3118 2767 qui
3151 2712 3237 2750 me
3259 2704 3651 2761 convenerunt,
3701 2693 3812 2749 lure

2223 2810 2443 2850 monere
2473 2809 2577 2847 non
2622 2791 2847 2851 cessavi,
2879 2798 2933 2843 et
2963 2788 3111 2843 \obis
3150 2788 3201 2839 in
3231 2801 3514 2841 commune
3539 2785 3808 2853 loquutus,

2224 2887 2353 2941 nihil
2386 2898 2560 2939 tamen
2592 2883 2713 2935 hinc
2754 2882 2953 2935 fruetus
2984 2882 3239 2932 hactenus
3272 2886 3579 2945 perceptmu
3609 2877 3762 2929 video
3795 2894 3805 2926 :

2120 3010 2141 3021 κ
2224 2978 2318 3033 sed
2341 2991 2435 3031 vos
2462 2975 2645 3045 primis
2659 2973 2833 3026 adlmc
2848 2969 3130 3025 clementis
3156 2969 3422 3023 hrcrentes
3443 2982 3604 3022 cerno
3629 2983 3644 3021 :
3668 2967 3809 3037 quod

2223 3081 2352 3121 sane
2380 3064 2669 3119 maximum
2723 3068 2901 3130 potest
2952 3058 3163 3113 docenti
3213 3057 3479 3111 fastidium
3528 3072 3808 3125 generare.

2226 3156 2356 3211 Vide
2376 3156 2534 3225 igitur
2552 3164 2603 3208 et
2620 3153 2840 3207 Paulum
2866 3150 2916 3204 id
2941 3150 3165 3204 moleste
3190 3148 3468 3211 ferentem,
3490 3147 3633 3217 quod
3662 3148 3810 3201 audi-

2224 3262 2364 3305 tores
2390 3248 2555 3301 multo
2574 3255 2817 3315 tempore
2843 3243 2893 3296 in
2919 3242 3095 3311 priore
3116 3240 3245 3295 disci
3256 3239 3408 3309 plina:
3436 3240 3599 3309 gradu
3624 3254 3807 3294 mane-

2222 3350 2358 3395 rent.
2394 3337 2528 3391 Nam
2555 3353 2665 3390 cum
2688 3334 2959 3396 deberetis,
2989 3332 3183 3400 inquit,
3214 3331 3441 3401 magistri
3474 3346 3581 3384 esse
3606 3339 3810 3400 propter

2222 3442 2445 3498 tempus,
2492 3442 2692 3481 rursum
2738 3425 2973 3494 indigetis
3001 3433 3056 3476 ut
3078 3424 3356 3475 doreamini
3380 3424 3420 3479 ¹.
3444 3438 3675 3489 quanam
3704 3424 3808 3477 ele-

2222 3532 2388 3573 menta
2404 3520 2501 3571 sint
2520 3514 2755 3588 principii
2780 3512 3024 3567 sermonis
3047 3511 3141 3565 Dei
3164 3509 3349 3579 (Hebr.
3379 3511 3432 3565 5.
3462 3511 3577 3581 12).
3602 3510 3727 3566 Ideo
3748 3524 3803 3566 et

2222 3629 2321 3667 nos
2338 3615 2576 3681 lugemus
2592 3616 2645 3662 et
2660 3606 2974 3678 plangimus.
3002 3604 3080 3659 Ae
3100 3603 3144 3657 si
3169 3613 3577 3672 perseverantes
3606 3618 3702 3657 vos
3725 3604 3805 3657 vi-

2221 3708 2372 3770 dero,
2396 3719 2488 3757 vos
2505 3700 2718 3757 demum
2736 3712 3008 3752 sacrorum
3033 3695 3271 3748 liminum
3294 3693 3436 3747 aditu
3462 3693 3796 3759 interdicam,

2224 3810 2319 3849 nec
2368 3810 2472 3846 non
2516 3789 2917 3858 participatione
2955 3785 3329 3840 immortalium
3388 3784 3805 3853 mysteriorum,

2220 3882 2663 3957 quemadmodum
2689 3878 3059 3941 fornicatores,
3090 3875 3383 3940 adulteros,
3412 3886 3464 3928 et
3496 3889 3589 3929 eos
3616 3880 3709 3945 qui
3736 3877 3803 3930 de

2218 3974 2451 4031 aedibus
2473 3982 2808 4026 accusantur.
2852 3968 3038 4022 Melius
3062 3980 3289 4034 namque
3318 3976 3399 4019 est
3430 3981 3551 4019 cum
3597 3966 3806 4022 duobus

2218 4068 2300 4121 vel
2333 4064 2500 4119 tribus
2541 4064 2683 4130 leges
2733 4060 2822 4113 llei
2868 4055 3275 4112 observantibus
3296 4064 3581 4109 consuetas
3610 4058 3804 4110 alierre

2220 4171 2426 4227 preces,
2474 4168 2630 4222 quam
2669 4161 2863 4203 coetum
2909 4161 3231 4216 congregare
3264 4146 3663 4215 improborum,
3711 4148 3802 4217 qui

2216 4259 2440 4303 caderes
2466 4250 2831 4311 corrumpunt.
2873 4238 2949 4294 Ne
2974 4239 3092 4308 quis
3112 4238 3283 4302 dives,
3310 4253 3377 4292 ne
3406 4238 3525 4307 quis
3549 4254 3579 4291 e
3604 4240 3801 4307 primo-

2219 4340 2364 4394 ribus
2387 4338 2617 4398 inlletur,
2648 4334 2727 4386 vel
2759 4329 3039 4400 supercilia
3066 4328 3293 4382 attollat.
3321 4327 3445 4382 llaec
3466 4328 3642 4381 omnia
3674 4328 3805 4385 mihi

2220 4429 2389 4484 fahnla
2419 4437 2561 4491 sunt,
2595 4424 2779 4479 umbra
2807 4432 2861 4477 et
2887 4421 3179 4475 somnium.
3204 4418 3392 4474 Nullus
3418 4420 3561 4473 enim
3588 4435 3799 4482 eorum,

2216 4522 2302 4589 qui
2336 4533 2473 4573 nunc
2499 4514 2859 4586 apulentiores
2881 4521 3024 4575 sunt,
3047 4508 3177 4564 mihi
3201 4520 3325 4563 tunc
3352 4511 3791 4578 patrocinabitur,

2216 4611 2334 4663 ctua
2362 4613 2649 4663 accusabor
2679 4617 2731 4660 et
2754 4606 2985 4659 rationes
3010 4602 3139 4657 dare
3164 4616 3343 4672 cogar,
3376 4600 3515 4671 quod
3547 4619 3651 4657 non
3679 4619 3799 4659 cum

2216 4704 2393 4758 debita
2420 4701 2752 4755 vehementia
2783 4699 2926 4767 lcges
2948 4695 3040 4750 Dei
3069 4694 3471 4749 vindieaverim.
3497 4695 3608 4750 Hoc
3631 4699 3797 4765 enim,

2217 4796 2317 4849 hoc
2345 4805 2489 4848 certe
2511 4791 2880 4847 admirandum
2911 4788 3057 4841 illum
3090 4801 3271 4840 senem
3298 4829 3313 4851 ,
3344 4785 3460 4841 Heli
3491 4787 3632 4851 dico,
3676 4805 3798 4858 per-

2214 4887 2368 4951 didit,
2395 4886 2493 4940 etsi
2524 4880 3043 4953 irreprehensibilem
3070 4877 3294 4932 duxerat
3320 4880 3482 4932 vitam
3514 4897 3525 4933 :
3562 4889 3796 4935 attamen

2212 4982 2357 5050 quia,
2387 4993 2507 5031 cum
2536 4976 2870 5030 conculcatus
2915 4970 3009 5024 Dei
3038 4969 3183 5038 leges
3206 4967 3429 5033 videret,
3460 4970 3510 5024 id
3539 4971 3795 5040 neglexit.

2212 5089 2333 5126 cum
2364 5070 2484 5124 ﬁliis
2505 5067 2720 5139 punitus
2751 5072 2853 5127 est,
2901 5071 2955 5116 et
2990 5074 3152 5130 grave
3178 5060 3499 5128 supplicium
3526 5062 3711 5114 subiit.
3742 5060 3794 5116 Si

2211 5174 2387 5220 autem
2415 5160 2503 5214 ubi
2538 5167 2680 5212 tanta
2718 5164 2920 5210 naturae
2964 5152 3207 5224 tyrannis
3233 5160 3387 5215 erat,
3436 5154 3510 5217 is,
3552 5152 3639 5221 qui
3691 5169 3795 5207 non

2210 5254 2387 5326 debitg
2435 5249 2719 5305 severitate
2753 5261 2873 5301 eum
2906 5244 3026 5297 ﬁliis
3068 5242 3178 5296 suis
3221 5251 3304 5296 est
3328 5256 3477 5308 usus,
3510 5242 3581 5296 ita
3605 5257 3795 5312 grach

2210 5346 2355 5402 dedit
2380 5356 2584 5413 pinnas,
2616 5354 2716 5411 qua
2746 5352 2845 5392 nos
2870 5336 3021 5391 venia
3065 5334 3383 5388 donabimur
3407 5334 3475 5387 ab
3502 5334 3591 5389 illa
3619 5346 3794 5405 tyran—

2212 5439 2333 5494 nide
2361 5434 2587 5497 liberati,
2618 5431 2705 5500 qui
2748 5439 2923 5484 tamen
2951 5428 3127 5481 omnia
3154 5426 3462 5481 adulatione
3491 5430 3786 5497 corrumpi-

2211 5528 2363 5585 t'nus?
2390 5526 2468 5581 Ne
2506 5526 2682 5593 itaque
2710 5532 2763 5577 et
2810 5534 2907 5575 nos
2930 5530 2985 5574 et
3007 5533 3101 5573 vos
3127 5520 3270 5587 ipsos
3299 5518 3552 5586 perdatis,
3583 5520 3785 5573 obtem-

2212 5630 2422 5692 pcrate,
2449 5616 2677 5673 obsecro
2703 5653 2717 5677 ,
2749 5620 2807 5667 ut
2832 5612 3139 5665 innumeros
3170 5609 3321 5662 vobis
3345 5610 3715 5677 exploratores
3744 5624 3789 5663 ιιι

2212 5713 2501 5769 munitores
2542 5706 2942 5768 constituentes,
2995 5718 3023 5755 a
3048 5703 3473 5771 juratncnturnm
3504 5714 3791 5756 consuetu-

2275 5844 2293 5872 ί
2331 5837 2443 5896 Atii,
2468 5844 2661 5883 rursum
2685 5828 2909 5893 indigctis
2933 5834 3161 5887 tmuporc,
3180 5831 3229 5874 ut
3253 5822 3539 5875 doreautim'.
