4114 6492
329 414 436 470 263

330 532 459 586 dine
507 529 826 588 liberemini,
874 537 929 578 nt
975 527 1100 580 hinc
1151 535 1455 596 pergentes,
1509 527 1668 579 aliam
1709 540 1924 593 quoque

331 626 582 676 virtutetn
602 636 727 675 cum
752 619 1002 673 facilitate
1030 632 1218 688 magna
1265 618 1565 686 impleatis,
1625 625 1680 670 et
1730 615 1922 669 futuris

329 712 579 768 fruamini
613 711 767 764 bonis
798 729 810 762 :
836 726 954 779 qua:
1010 725 1108 765 nos
1138 723 1327 763 omnes
1367 709 1579 779 assequi
1610 709 1884 777 contingat
1905 749 1921 773 ,

337 845 3537 871 ________________________________._._______.._______._______.

1454 406 1517 461 IN
1557 403 1962 461 MATTIIA'JU.“
2005 403 2230 458 lIOMlL.
2280 403 2461 458 XVIII.

3551 409 3652 460 inti

2033 521 2203 586 gratia
2234 533 2285 576 et
2314 522 2684 576 misericordia
2716 522 2924 578 llontini
2953 526 3120 578 nostri
3148 524 3274 580 Jcstt
3305 526 3524 593 Christi,
3562 536 3646 587 cui

2033 613 2204 682 gloria
2227 620 2282 667 et
2310 614 2592 682 imperium
2618 629 2758 668 nunc
2779 624 2833 668 ct
2861 629 3077 685 semper
3098 657 3110 680 ,
3144 627 3197 672 et
3231 617 3284 671 in
3312 619 3509 674 stecula
3548 639 3651 678 sa:-

2032 705 2297 760 culorum.
2337 706 2528 759 Amen.

3552 847 3621 855 ἣ

1686 909 2034 973 HOMILIA
2077 909 2314 972 XVIII.

325 1071 452 1123 Car.
483 1067 534 1122 5.
579 1084 628 1121 v.
654 1068 742 1123 58.
789 1066 1013 1120 Audistis
1053 1064 1172 1137 quia
1217 1063 1407 1116 dictum
1446 1073 1517 1115 est
1541 1077 1558 1114 :
1585 1058 1801 1113 Oculum
1829 1073 1921 1127 pro

394 1161 572 1225 oculo,
597 1169 646 1212 et
671 1159 870 1212 dentem
898 1173 990 1226 pro
1018 1156 1188 1209 dente.
1221 1154 1308 1208 39.
1353 1151 1465 1222 Ego
1499 1162 1670 1204 autem
1695 1150 1811 1203 dico
1831 1164 1921 1201 vo-

394 1251 500 1312 bis,
544 1267 644 1304 non
686 1251 917 1305 resistere
966 1248 1102 1301 malo
1127 1246 1252 1300 :sed
1274 1248 1315 1298 si
1344 1245 1456 1316 quis
1483 1242 1780 1311 percusserit
1805 1251 1850 1294 te
1869 1242 1919 1293 in

393 1342 654 1395 dexteram
693 1342 991 1404 maxillam,
1026 1338 1195 1407 prtebe
1215 1338 1265 1390 ei
1285 1346 1330 1390 et
1358 1339 1598 1390 alterum.
1619 1337 1710 1389 ω.
1741 1333 1806 1388 Et
1832 1350 1922 1386 vo-

394 1433 518 1487 lenti
557 1442 720 1487 tecum
757 1433 810 1486 in
842 1432 1043 1500 judicio
1068 1430 1400 1494 contendere,
1440 1437 1486 1482 et
1529 1427 1752 1480 tunicam
1780 1436 1918 1479 tuam

390 1523 598 1587 tollere,
624 1523 821 1575 dimitte
850 1523 894 1575 ei
921 1532 969 1576 et
998 1520 1232 1589 pallium.

397 1617 444 1669 I.
492 1615 627 1680 Quid
639 1614 889 1683 signiﬁcet
911 1613 1088 1666 oculus
1107 1610 1461 1666 scandalisans
1481 1650 1496 1676 ,
1519 1625 1666 1679 quem
1689 1608 1916 1662 Christus

318 1710 459 1774 jubet
489 1707 614 1759 erui.
658 1705 762 1760 Cur
785 1714 1036 1774 praecepta
1064 1703 1187 1772 legis
1214 1703 1392 1756 veteris
1427 1718 1529 1756 non
1570 1701 1643 1754 ita
1680 1699 1917 1754 sublimia

320 1808 502 1850 essent.
530 1827 599 1837 —
629 1795 788 1851 Vides
824 1811 945 1852 eum
980 1811 1084 1850 non
1135 1795 1204 1849 de
1250 1794 1410 1849 oculo
1460 1795 1635 1863 priora
1677 1793 1912 1856 dixisse,

317 1905 440 1943 cum
485 1888 697 1956 juberet
738 1888 954 1942 oculum
1011 1902 1204 1941 eruere
1252 1889 1340 1956 qui
1395 1886 1550 1939 nobis
1592 1883 1914 1939 offendicula

318 1991 483 2043 esset,
516 1981 608 2034 sed
630 1981 696 2034 de
721 1996 786 2032 eo
807 1981 894 2049 qui
926 1996 1019 2048 per
1037 1979 1327 2033 amicitiam
1366 1993 1464 2031 nos
1493 1976 1746 2039 laederet,
1780 1985 1833 2030 et
1861 1975 1912 2027 in

321 2071 574 2139 perniciei
619 2069 925 2125 barathrum
968 2067 1296 2138 conjiceret?
1329 2067 1459 2121 Nam
1505 2066 1595 2135 qtti
1651 2075 1791 2120 tanta
1827 2063 1912 2118 hic

321 2162 614 2234 hyperbole
641 2163 827 2225 tttitur,
861 2177 1032 2231 neque
1071 2162 1313 2225 alterius,
1361 2161 1448 2230 qui
1501 2159 1654 2214 nobis
1694 2159 1910 2213 oculum

315 2256 576 2318 emisset,
629 2255 843 2309 oculum
884 2269 1075 2310 eruere
1131 2254 1400 2323 permitti,
1452 2252 1722 2322 quomodo
1752 2266 1910 2306 suum

315 2361 507 2402 eruere
552 2346 668 2416 lege
708 2347 1016 2401 sanxisset?
1050 2345 1205 2412 Quod
1236 2346 1280 2401 si
1313 2348 1431 2415 quis
1458 2356 1692 2400 veterem
1731 2344 1900 2398 redar-

316 2449 443 2511 gnat
477 2439 680 2510 legem,
730 2456 850 2510 quae
890 2439 1073 2508 jubeat
1115 2457 1173 2495 se
1199 2441 1269 2494 ita
1300 2440 1516 2504 ulcisci,
1551 2439 1597 2493 is
1621 2437 1908 2493 admodum

313 2532 446 2589 mihi
491 2531 701 2588 videtur
755 2532 1106 2602 sapientiam,
1151 2549 1270 2601 qua:
1317 2532 1672 2602 legislatorem
1718 2530 1906 2594 decet,

316 2623 563 2692 ignorare
588 2666 604 2690 ,
641 2639 850 2679 necnon
899 2633 1199 2692 temporum
1241 2625 1506 2678 rationem
1540 2634 1593 2677 et
1625 2622 1907 2693 indulgen-

318 2716 404 2769 lim
433 2716 740 2772 utilitatem.
775 2715 830 2771 Si
866 2717 1188 2786 cogitaveris
1229 2719 1372 2771 enim
1395 2759 1409 2782 ,
1461 2719 1678 2787 quinam
1727 2725 1909 2771 essent

314 2808 347 2861 ii
376 2809 466 2877 qui
495 2808 616 2861 talia
644 2806 886 2862 audirent
910 2849 928 2872 ,
955 2808 1225 2877 quomodo
1250 2808 1458 2872 affecti,
1481 2817 1534 2862 et
1561 2806 1778 2877 quando
1813 2809 1909 2860 has

315 2899 464 2969 leges
495 2900 819 2968 acceperint,
861 2899 1180 2968 legislatoris
1201 2899 1516 2968 sapientiam
1547 2899 1769 2951 multum
1798 2898 1882 2950 lau

312 2991 494 3056 dabis,
545 2991 857 3060 videbisque
901 3007 1065 3044 unum
1106 3001 1161 3045 et
1197 2991 1444 3045 eumdem
1489 3005 1610 3045 esse
1650 2991 1739 3060 qui
1795 2990 1904 3043 lnue

313 3093 372 3138 et
417 3083 504 3137 illa
547 3083 827 3147 statuerit,
877 3093 931 3136 et
977 3081 1133 3136 valde
1161 3082 1363 3136 utiliter
1394 3091 1654 3150 utraque,
1688 3096 1750 3133 ac
1779 3096 1900 3134 con-

312 3176 522 3244 gruenti
569 3184 812 3243 tempore
853 3173 1148 3242 scripserit.
1179 3172 1314 3227 Nam
1337 3174 1382 3227 si
1412 3174 1480 3227 ab
1509 3173 1662 3226 initio
1694 3173 1807 3228 lucc
1831 3172 1905 3227 sic

311 3267 418 3320 alta
450 3276 504 3321 et
529 3266 777 3321 sublimia
811 3276 1077 3335 prmcepta
1123 3266 1428 3333 intulisset,
1472 3281 1646 3333 neque
1675 3265 1788 3320 lure
1816 3281 1907 3320 ne-

310 3373 416 3428 que
441 3359 529 3411 illa
559 3359 920 3425 recepissent;
959 3357 1069 3427 jam
1099 3372 1228 3412 vero
1254 3373 1377 3411 eum
1409 3366 1716 3425 opportuno
1739 3364 1900 3408 ‘utra-

313 3470 416 3520 que
459 3461 703 3520 tempore
749 3449 1034 3512 statuerit,
1085 3463 1179 3521 per
1220 3457 1446 3517 utraque
1498 3456 1666 3500 totum
1721 3447 1905 3500 orbem

313 3543 574 3599 correxit.
615 3542 866 3610 Alioquin
908 3550 1088 3594 autem
1137 3539 1251 3594 hate
1276 3539 1472 3605 jussit,
1507 3555 1612 3592 non
1641 3547 1699 3591 ut
1723 3548 1909 3592 mutuo

317 3638 473 3689 nobis
520 3633 709 3689 oculos
750 3646 1036 3696 eruamus,
1069 3632 1162 3685 sed
1194 3643 1248 3684 ut
1279 3632 1456 3701 potius
1477 3645 1671 3684 manus
1698 3640 1909 3685 nostras

310 3727 704 3782 contineamus.
734 3725 863 3779 Nam
891 3723 1251 3793 rependenda:
1281 3724 1412 3778 vieis
1440 3714 1787 3777 comminatio
1811 3725 1908 3774 im-

317 3831 495 3888 petum
541 3816 834 3872 inlerenda:
867 3816 1076 3887 injuria:
1104 3817 1366 3870 coercuit.
1401 3817 1576 3882 Atque
1606 3816 1677 3868 ita
1707 3814 1907 3869 sensim

314 3913 536 3968 multam
586 3911 903 3965 disseminat
952 3909 1344 3978 philosophiam
1391 3928 1404 3964 :
1457 3908 1672 3976 quando
1724 3910 1907 3962 laesum

313 4019 495 4075 parem
541 4003 837 4070 rependere
885 4003 1054 4056 vicem
1099 4000 1293 4070 jubet;
1349 4016 1671 4068 quamquam
1705 4001 1908 4069 majore

313 4098 505 4163 «lignus
537 4104 650 4150 erat
693 4095 954 4163 supplicio
995 4095 1038 4148 is
1082 4110 1110 4147 a
1153 4110 1258 4163 quo
1298 4092 1551 4162 iniquitas
1604 4092 1907 4160 hajusmodi

314 4189 545 4255 cepisset
569 4186 847 4240 exordium
878 4203 892 4239 :
922 4185 1053 4237 illud
1079 4185 1224 4237 enim
1259 4185 1526 4251 aequitatis
1559 4183 1695 4235 ratio
1723 4191 1909 4250 postu-

319 4278 483 4332 labat.
514 4276 618 4331 Sed
650 4278 770 4346 quia
799 4276 1183 4346 benignitatem
1223 4274 1436 4327 volebat
1468 4272 1675 4340 justitia
1707 4282 1913 4341 tempe-

317 4387 438 4426 rare
459 4413 472 4436 ,
508 4385 664 4429 eum.
710 4370 801 4439 qui
833 4370 1064 4439 iniquius
1094 4384 1151 4422 se
1176 4377 1451 4438 gesserat,
1484 4368 1672 4421 minori
1693 4409 1707 4428 ,
1752 4382 1910 4435 quam

319 4463 644 4522 merebatur,
677 4460 897 4514 damnat
925 4460 1187 4527 suppiicio
1208 4502 1221 4524 ,
1259 4458 1460 4513 docens
1488 4468 1544 4511 ut
1573 4459 1625 4512 in
1659 4457 1912 4528 patiendo

323 4568 567 4624 magnam
591 4567 868 4608 servemus
895 4552 1342 4607 moderationem.
1367 4550 1498 4605 Cum
1525 4566 1656 4619 ergo
1677 4551 1909 4620 priorem

321 4646 490 4716 legem
525 4645 865 4715 protulisset,
900 4643 1153 4711 illamque
1196 4651 1360 4696 totam
1399 4642 1643 4711 legisset,
1679 4639 1913 4694 ostendit

327 4747 508 4806 postea
557 4752 659 4789 non
704 4735 922 4790 fratrem
951 4749 1071 4787 esse
1111 4733 1198 4801 qui
1242 4733 1363 4785 talia
1415 4732 1735 4800 perpetravit
1762 4774 1775 4796 ,
1816 4731 1912 4785 sed

329 4830 644 4893 malignum.
673 4827 898 4895 ideoque
924 4824 1198 4891 subjuuxit
1222 4839 1234 4873 :
1269 4823 1377 4891 Ego
1398 4833 1568 4875 autem
1597 4823 1710 4875 dico
1739 4822 1874 4875 robis
1898 4864 1910 4887 ,

328 4937 430 4971 mm
463 4918 691 4971 resistere
728 4916 885 4970 malo.
926 4913 1044 4969 Non
1090 4914 1256 4976 dixit,
1291 4913 1403 4968 Non
1439 4913 1691 4968 resistere
1723 4913 1870 4966 fruiti
1900 4931 1911 4963 :

330 5011 446 5074 sed,
482 4985 625 5061 Malo
648 5049 660 5072 ,
693 5007 983 5061 ostendens
1012 5006 1102 5059 illo
1129 5006 1415 5073 instigante
1439 5005 1560 5056 talia
1595 5004 1911 5073 perpetrari,

335 5115 491 5173 atque
516 5102 592 5156 sic
623 5115 866 5170 magnam
890 5101 982 5153 ine
1012 5109 1212 5167 partem
1237 5099 1498 5150 adversus
1516 5113 1636 5151 eutn
1665 5098 1750 5165 qui
1779 5097 1915 5163 inju-

333 5201 466 5251 riatn
516 5193 691 5248 intulit
732 5200 1047 5258 conceptam
1085 5189 1279 5243 sedans
1328 5198 1381 5241 et
1424 5189 1737 5249 succidens,
1796 5203 1915 5239 cum

334 5305 551 5346 causam
584 5288 635 5340 in
666 5285 891 5340 alterum
923 5281 1193 5336 transfert.
1221 5281 1356 5347 Quid
1387 5282 1581 5349 igitur?
1611 5295 1787 5332 annon
1821 5281 1914 5332 (ἕως

334 5383 553 5442 bemus,
603 5378 840 5446 inquies,
887 5373 1136 5428 resiSIere
1176 5373 1350 5426 mulo?
1396 5372 1645 5431 Dehetis,
1687 5372 1779 5424 sed
1815 5388 1919 5425 non

336 5477 438 5529 hoc
467 5474 625 5526 modo
652 5490 665 5528 :
689 5484 869 5524 verum
897 5476 955 5521 ut
978 5471 1089 5536 ipse
1122 5467 1374 5534 praecepit
1399 5484 1409 5518 :
1441 5475 1497 5517 ut
1521 5466 1726 5517 sciiteet
1752 5466 1915 5532 parati

336 5569 502 5622 simus
533 5565 598 5618 ad
643 5561 972 5631 recipiendas
1005 5561 1256 5628 injurias;
1283 5560 1360 5612 sic
1397 5561 1539 5613 enim
1574 5559 1722 5610 illum
1767 5575 1923 5626 supe-

338 5660 500 5713 rabis.
523 5659 708 5723 Neque
747 5656 890 5709 enim
921 5656 1040 5723 igne
1068 5653 1202 5721 ignis
1238 5653 1616 5720 etstinguitur,
1643 5651 1735 5703 sed
1766 5667 1922 5718 aqua.

336 5752 404 5806 Iit
431 5759 605 5805 autmn
629 5749 823 5805 discas.
851 5747 1008 5799 etiam
1042 5746 1092 5798 in
1123 5745 1288 5799 veteri
1317 5747 1432 5812 lege
1450 5759 1571 5797 cum
1601 5744 1688 5811 qui
1719 5753 1926 5811 patere-

336 5853 420 5899 tur
476 5844 696 5903 vicisse,
728 5847 1146 5904 t'orotnitumque
1192 5836 1385 5900 fuisse,
1432 5835 1481 5891 id
1522 5836 1804 5904 diligenter
1833 5850 1924 5888 cx-

2037 1055 2218 1124 plora,
2250 1063 2303 1108 et
2329 1054 2537 1108 videbis
2561 1069 2683 1106 etnn
2718 1053 2874 1122 longe
2904 1051 3179 1107 anteferri.
3213 1052 3344 1106 Nam
3371 1053 3462 1123 qui
3497 1053 3642 1123 μῖξιν

2033 1162 2225 1201 manus
2268 1146 2479 1218 iniquas
2520 1147 2737 1212 intulit,
2785 1147 2920 1201 duos
2950 1147 3066 1215 ipse
3094 1146 3282 1201 oculos
3307 1147 3516 1202 eruisse
3542 1146 3640 1200 de-

2036 1237 2412 1308 prehenditur,
2441 1247 2493 1292 et
2518 1237 2747 1307 proximi
2777 1237 2858 1292 sui
2886 1248 2942 1292 et
2964 1254 3142 1292 suum.
3175 1237 3408 1308 Ideoque
3426 1237 3551 1307 jure
3573 1236 3642 1291 ah

2029 1331 2280 1386 omnibus
2321 1331 2448 1386 odio
2487 1331 2737 1398 habetur,
2768 1343 2824 1386 et
2851 1331 2996 1386 inille
3022 1331 3495 1386 criminationibus
3535 1332 3640 1385 im-

2031 1423 2252 1490 petitur.
2284 1421 2386 1490 Qui
2409 1438 2540 1477 vero
2571 1424 2731 1477 liesus
2773 1433 2891 1489 est,
2939 1430 3298 1493 pneterquam
3333 1421 3476 1493 quod
3521 1423 3637 1492 pari

2030 1528 2188 1582 pinna
2223 1513 2548 1579 vindicatur,
2599 1513 2735 1568 nihil
2778 1513 2904 1568 mali
2942 1513 3141 1569 intulit.
3175 1514 3409 1586 Ideoque
3436 1514 3638 1569 multos

2028 1603 2192 1658 habet
2236 1618 2330 1657 seu
2375 1605 2850 1659 commiseratione
2895 1605 3166 1672 dolentes,
3199 1614 3384 1674 utpote
3418 1621 3586 1674 purus
3614 1648 3629 1672 ,

2025 1696 2238 1750 etiamsi
2278 1696 2410 1750 ultio
2444 1695 2582 1752 facta
2618 1697 2798 1752 fuerit.
2844 1697 3138 1752 Calamitas
3170 1713 3264 1768 par
3285 1707 3366 1753 est
3390 1698 3442 1752 in
3468 1698 3632 1753 utris-

2023 1802 2130 1854 que
2155 1829 2168 1848 ,
2221 1787 2392 1856 gloria
2433 1802 2563 1842 vero
2607 1803 2712 1842 ιιοιι
2760 1803 2855 1858 par
2893 1788 3034 1857 apud
3081 1787 3248 1843 Deum
3280 1797 3333 1844 et
3360 1787 3631 1844 homines.

2023 1881 2364 1950 QuaprOpter
2403 1897 2580 1950 neque
2614 1881 2897 1936 calamitas
2923 1882 3179 1952 deinceps
3209 1897 3308 1951 par
3333 1891 3436 1936 est.
3473 1882 3629 1937 Prin-

2022 1973 2163 2043 cipio
2207 1975 2386 2043 itaque
2415 1973 2549 2029 dixit
2570 2015 2583 2037 ,
2617 1974 2718 2040 Qui
2744 1975 2983 2028 irascitur
3005 1975 3158 2046 fratri
3185 1991 3279 2029 suo
3309 1976 3419 2028 sine
3440 1991 3628 2041 causa,

2020 2077 2068 2119 et
2088 2066 2177 2136 qui
2200 2067 2348 2120 illum
2374 2067 2576 2136 fatuum
2608 2069 2862 2139 appellat,
2903 2084 3020 2123 reus
3063 2068 3160 2122 erit
3192 2069 3436 2138 gehennae
3461 2071 3627 2139 ignis,

2022 2159 2110 2215 hic
2138 2176 2268 2216 vero
2296 2161 2556 2230 majorem
2583 2161 2747 2216 etiam
2791 2162 3019 2233 requirit
3045 2159 3442 2232 philOsophiam
3467 2203 3481 2224 ,
3519 2177 3627 2217 non

2023 2253 2188 2308 modo
2212 2253 2496 2324 quiescere
2521 2254 2718 2322 iubens
2743 2268 2873 2308 eum
2905 2254 2996 2324 qui
3027 2253 3153 2308 talia
3187 2268 3375 2322 passus
3403 2253 3500 2313 sit.
3534 2253 3628 2309 sed

2019 2346 2183 2400 etiam
2210 2360 2331 2399 cum
2362 2344 2604 2400 cadente
2642 2346 2824 2401 cilicio
2863 2355 3107 2411 certare,
3157 2345 3364 2415 ipsique
3399 2347 3625 2400 alteram

2026 2438 2300 2493 maxillam
2344 2437 2608 2508 prabere.
2653 2439 2765 2493 Hoc
2810 2449 2993 2493 autem
3034 2438 3196 2501 dicit,
3248 2453 3352 2492 non
3397 2453 3496 2507 pro
3537 2440 3629 2491 illo

2022 2533 2228 2601 injuria:
2257 2548 2459 2604 genere
2487 2542 2694 2586 tantum
2725 2534 2900 2604 legem
2945 2532 3159 2590 ferens.
3209 2534 3302 2588 sed
3345 2533 3409 2588 ad
3463 2533 3624 2587 talem

2021 2624 2077 2679 in
2105 2626 2224 2680 aliis
2251 2627 2504 2680 omnibus
2528 2625 2871 2680 tolerantiam
2901 2640 2999 2680 nos
3029 2625 3335 2682 instituens.

2088 2717 2145 2771 2.
2188 2716 2419 2771 Christus
2444 2718 2580 2785 quod
2601 2718 2664 2769 de
2691 2717 2912 2787 colapho
2949 2717 3075 2772 dicit
3113 2717 3182 2771 ad
3218 2734 3418 2772 onmem
3441 2728 3627 2771 contu-

2017 2807 2223 2861 meliam
2254 2806 2497 2861 extendit.
2528 2807 2781 2861 I’atiendo
2811 2810 3008 2861 vincere
3027 2819 3243 2878 oportet.
3268 2837 3338 2848 --
3359 2808 3629 2876 Quemad-

2020 2897 2236 2952 modum
2263 2900 2406 2952 enini
2436 2915 2557 2952 cum
2599 2898 2763 2963 dicit,
2812 2899 2913 2966 Qui
2952 2909 3095 2952 vocat
3135 2903 3627 2972 fratrentsuumfao

2019 2999 2160 3041 tuum
2180 3029 2194 3054 ,
2225 3002 2339 3042 reus
2364 2990 2458 3041 erit
2488 2990 2732 3059 gelteume
2753 2991 2886 3060 ignis
2907 3030 2922 3055 ,
2955 3005 3061 3043 non
3090 2989 3159 3044 de
3193 2989 3294 3044 hoc
3327 2968 3431 3044 tino
3459 2990 3627 3046 verbo

2019 3079 2122 3134 hoc
2145 3079 2306 3144 dicit,
2337 3079 2433 3133 sed
2455 3079 2523 3133 de
2545 3080 2786 3148 qualibet.
2806 3080 3131 3134 contumelia
3160 3096 3175 3138 :
3207 3082 3274 3134 ita
3300 3080 3385 3135 hic
3412 3097 3628 3152 quoque

2020 3171 2194 3240 legem
2241 3172 2465 3237 statuit,
2503 3188 2607 3225 non
2639 3182 2847 3227 tantum
2876 3180 2934 3226 ut
2959 3173 3206 3242 colaphis
3232 3175 3354 3229 caesi
3378 3215 3392 3239 ,
3429 3175 3477 3228 id
3513 3175 3624 3229 for-

2019 3264 2142 3317 titer
2172 3264 2428 3326 feramus,
2461 3263 2556 3316 sed
2586 3272 2641 3316 tit
2664 3264 2879 3331 quidvis
2908 3263 3054 3316 aliud
3085 3266 3380 3332 patientes,
3416 3282 3482 3319 ne
3515 3276 3628 3320 tur-

2019 3354 2224 3408 bentur.
2271 3355 2560 3422 Propterea
2600 3365 2654 3408 et
2692 3355 2761 3408 ibi
2794 3364 3094 3409 extrenmm
3122 3357 3312 3426 selegil
3343 3357 3626 3426 injuriam,

2017 3455 2071 3498 et
2113 3445 2198 3498 hic
2239 3461 2393 3510 eam,
2441 3461 2560 3515 qua:
2603 3447 2864 3512 probrosa
2896 3457 2949 3500 et
2975 3449 3361 3502 contumeliosa
3393 3451 3628 3504 maxime

2017 3539 2323 3602 videbatur,
2371 3541 2602 3593 maxillae
2635 3539 3064 3607 percussionem.
3097 3537 3150 3592 ld
3183 3555 3312 3594 vero
3335 3541 3529 3606 jussit.
3571 3553 3627 3596 et

2020 3632 2371 3698 percutientis
2411 3644 2464 3685 ct
2509 3632 2747 3700 percussi
2787 3632 3048 3685 rationem
3093 3631 3313 3687 habens.
3352 3632 3484 3686 Nam
3534 3636 3650 3704 qui.

2019 3723 2210 3790 injuria
2243 3723 2494 3788 al'ticitur,
2531 3723 2662 3776 nihil
2694 3738 2754 3778 se
2785 3739 2947 3793 grave
2987 3739 3202 3792 passum
3242 3726 3618 3790 arbitrabitur,

2018 3815 2094 3868 sie
2124 3813 2458 3882 philosophia
2509 3816 2863 3883 prauuunitus
2893 3835 2905 3868 :
2939 3831 3112 3885 neque
3151 3816 3295 3870 enim
3342 3827 3622 3872 contume-

2022 3905 2104 3959 lia:
2127 3921 2345 3961 sensum
2370 3907 2536 3960 ullum
2566 3907 2805 3970 habebit,
2840 3917 2897 3962 ut
2925 3910 3017 3978 qui
3050 3918 3224 3965 certet
3255 3903 3623 3980 potius—quam

2023 3999 2386 4066 percutiatur;
2420 3999 2511 4068 qui
2545 4015 2674 4054 vero
2704 4001 2952 4069 injuriam
2998 4000 3190 4067 infert,
3223 4003 3431 4072 pudore
3461 4005 3625 4058 sulfu—

2019 4104 2113 4143 sus
2143 4106 2248 4142 non
2282 4090 2577 4143 secundum
2609 4092 2892 4159 colaphum
2933 4093 3226 4161 impinget,
3267 4095 3476 4149 etiamsi
3512 4095 3622 4148 fera

2020 4182 2209 4248 quavis
2241 4180 2473 4235 ferocior
2503 4182 2607 4246 sit;
2635 4183 2742 4234 imo
2770 4183 2930 4236 etiam
2959 4183 3027 4237 tle
3057 4185 3238 4251 priore
3263 4199 3382 4238 sese
3407 4195 3629 4238 «Latona-

2023 4273 2116 4326 bit.
2163 4272 2302 4325 Nltil
2330 4273 2474 4326 enim
2503 4273 2573 4325 ita
2607 4273 2864 4327 laedentes
2885 4272 3136 4337 cohibet,
3172 4286 3229 4328 ut.
3251 4291 3373 4329 eum
3402 4278 3510 4330 laesi
3545 4279 3629 4330 iu-

2018 4363 2213 4432 juriam
2249 4362 2490 4416 modeste
2518 4363 2731 4427 ferunt;
2781 4381 2953 4434 neque
2997 4365 3158 4420 modo
3208 4368 3404 4421 retinet
3452 4370 3622 4438 impe-

2025 4468 2134 4509 tum
2161 4497 2174 4521 ,
2220 4471 2290 4510 ne
2320 4456 2542 4510 ulterius
2585 4441 2928 4525 procedatur,
2980 4457 3092 4535 sed.
3119 4459 3281 4512 etiam
3331 4460 3380 4512 id
3423 4462 3619 4525 el'ticit,

2024 4557 2082 4600 ut
2107 4547 2174 4602 de
2210 4550 2349 4600 iacto
2373 4563 2431 4602 se
2459 4547 2716 4616 pmniteat
2737 4590 2749 4612 ,
2779 4559 2830 4602 et
2859 4549 2948 4602 alii
2988 4549 3413 4605 tnudrratitmem
3445 4553 3621 4607 admi-

2026 4649 2205 4693 rantes
2227 4637 2517 4701 secedant;
2551 4639 2690 4702 imo,
2723 4653 2900 4702 neque
2927 4641 3101 4693 soluat
3128 4643 3330 4695 amicos
3359 4661 3423 4697 ex
3457 4645 3626 4699 inimi-

2023 4738 2136 4795 cis,
2186 4732 2279 4787 sed
2333 4733 2624 4785 familiares
2673 4731 2846 4786 reddit
2889 4743 2942 4787 et
2983 4750 3204 4788 servos:
3238 4737 3393 4801 sicut,
3439 4753 3470 4790 e
3499 4754 3627 4792 con-

2024 4839 2217 4888 verso,
2251 4824 2385 4876 uitio
2412 4833 2627 4893 sumpta
2669 4828 2938 4878 contraria
2986 4827 3166 4879 omnia
3211 4831 3376 4896 parit,
3421 4840 3628 4882 utrum-

2024 4933 2126 4986 que
2182 4916 2504 4974 dedecorat,
2561 4924 2616 4969 et
2668 4917 2908 4985 pejorem
2962 4917 3160 4981 efﬁcit,
3227 4920 3484 4988 majorem
3537 4923 3628 4975 ira:

2028 5007 2296 5060 Ilan'it'nam
2329 5005 2526 5059 excitat
2551 5047 2565 5070 ,
2595 5022 2660 5060 ac
2693 5024 2840 5076 smpe
2869 5009 3018 5062 caule
3065 5009 3383 5062 terminatur
3426 5013 3627 5067 tnaltttit

2030 5099 2093 5152 ad
2151 5099 2404 5152 ulteriora
2459 5112 2826 5166 progressum.
2893 5099 3092 5152 Idcirco
3154 5117 3469 5168 percussum
3523 5123 3627 5158 non

2031 5190 2191 5244 modo
2211 5190 2362 5258 jubet
2396 5206 2498 5242 non
2543 5191 2740 5253 irasci,
2788 5190 2880 5243 sed
2923 5193 3082 5242 etiam
3131 5195 3484 5258 pta-cutienlis
3532 5198 3629 5248 ἰιιι-

2033 5282 2180 5348 plere
2226 5281 2566 5347 (‘ttpitlilattttn
2624 5283 2893 5350 prtt‘cipit,
2947 5291 3002 5335 ut
3044 5298 3108 5335 ne
3136 5284 3364 5336 videaris
3394 5288 3628 5353 priorem

2033 5372 2240 5440 plagam
2291 5372 2486 5423 invitus
2524 5372 2818 5438 accepisse.
2845 5374 2934 5425 Sic
2965 5374 3106 5424 enim
3143 5374 3506 5442 impudentem
3537 5397 3629 5445 op-

2035 5467 2344 5531 porttmiore
2381 5464 2532 5529 plaga
2566 5474 2851 5531 petentere
2900 5465 3132 5532 poteris,
3183 5483 3340 5534 quam
3383 5468 3428 5519 si
3471 5485 3630 5522 nianu

2037 5555 2397 5622 ptll‘t'USSiSSCi;
2421 5601 2433 5613 ,
2467 5563 2522 5606 et
2553 5554 2919 5620 impudentem
2952 5566 3370 5610 inansttetioretn
3405 5559 3626 5612 efficies.

2038 5646 2137 5709 Qui
2169 5645 2379 5696 volneri:
2408 5655 2569 5695 tecum
2589 5645 2787 5714 judicio
2811 5646 3112 5698 contendere
3133 5687 3144 5709 ,
3178 5658 3222 5699 et
3247 5649 3469 5701 tunicam
3493 5666 3627 5701 tuum

2036 5736 2243 5798 tollere,
2285 5735 2480 5787 dimitte
2514 5736 2591 5788 illi
2634 5745 2678 5788 et
2727 5737 2958 5802 pallium.
2995 5735 3177 5805 Neque
3206 5738 3347 5792 enim
3380 5744 3431 5793 in
3467 5743 3629 5809 plagis

2041 5828 2438 5892 tantummodo,
2489 5827 2582 5881 sed
2623 5827 2784 5882 etiam
2817 5828 2866 5880 in
2898 5831 3136 5897 pecuniis
3169 5831 3276 5884 vult
3307 5832 3468 5887 talem
3501 5835 3628 5887 tole-
