4114 6506
487 385 583 438 ein

487 500 710 552 rantiaui
739 493 996 548 exhiberi.
1046 492 1168 544 Ideo
1212 503 1421 541 rursum
1460 481 1618 536 simili
1663 479 1829 532 utitur
1867 475 2060 542 ltypt‘r-

489 591 628 642 Lole.
673 588 817 640 Sicut
858 585 997 640 enim
1037 583 1143 634 illic
1169 580 1316 648 jubet
1358 572 1603 645 patiendo
1636 571 1880 625 vincere,
1914 563 1983 615 ita
2012 570 2065 614 et

490 679 571 729 lllt.‘
602 678 650 729 in
677 673 1019 730 concedendo
1047 672 1192 740 plura
1218 709 1234 733 ,
1276 683 1432 736 quam
1473 673 1656 732 raptor
1698 655 2061 727 exspectabiti-

498 769 681 821 \'eruui
713 767 813 820 hoc
855 781 958 818 non
997 762 1306 829 simpliciter
1347 757 1558 826 posuit,
1591 753 1683 807 sed
1714 764 1834 804 cum
1862 744 2065 800 addita-

493 869 690 910 uiciito.
737 857 849 910 Non
893 857 1033 909 enim
1081 854 1245 912 dixit,
1296 850 1365 902 Da
1403 847 1601 916 petenti
1645 843 1899 911 pallium,
1939 835 2065 897 Sed.

494 950 561 1004 Ei
580 953 663 1016 qui
688 949 893 1001 voluerit
917 958 1075 998 tecum
1087 943 1288 1013 judicio
1308 939 1606 992 contendere
1629 952 1644 998 ;
1673 939 1773 987 lioc
1795 942 1912 994 est,
1944 931 1988 982 si
2020 939 2070 980 te

491 1039 557 1093 ad
577 1040 831 1107 judicium
861 1036 1109 1098 traxerit,
1139 1049 1201 1087 ac
1232 1033 1437 1102 negotia
1462 1031 1552 1085 tibi
1575 1028 1842 1084 exhibeat.
1876 1026 2071 1092 Quem-

492 1130 778 1184 admodum
809 1142 936 1184 vero
963 1143 1084 1181 cum
1123 1126 1377 1189 dixisset,
1418 1123 1496 1178 Ne
1535 1136 1692 1175 voces
1738 1120 1967 1179 fatuum,
2017 1124 2072 1169 et

497 1237 565 1276 ne
589 1220 839 1275 irascaris
872 1221 988 1274 sine
1016 1233 1175 1273 causa
1199 1261 1214 1283 ,
1241 1217 1494 1286 deinceps
1521 1216 1668 1285 plura
1694 1211 1908 1282 exegit,
1947 1225 2071 1263 eum

493 1311 650 1380 jussit
679 1311 839 1362 etiam
867 1307 1145 1363 dexteram
1179 1308 1448 1362 maxillam
1483 1305 1726 1376 praebere
1756 1321 1768 1355 :
1802 1303 1871 1354 ita
1900 1309 1954 1354 et
1983 1299 2072 1354 hic

497 1419 618 1456 cum
650 1403 893 1466 dixisset,
924 1403 1052 1456 Esto
1091 1402 1429 1456 consentiens
1455 1416 1572 1453 cuni
1609 1397 1914 1451 adversario
1946 1407 2069 1456 tuo,

499 1510 706 1548 rursum
735 1495 944 1562 gravius
984 1507 1306 1562 prazceptuin
1346 1492 1511 1544 addit.
1555 1489 1671 1544 Non
1721 1491 1863 1543 enim
1916 1487 2075 1540 modo

496 1586 647 1654 jubet
678 1587 764 1639 illa
795 1585 923 1639 dare
962 1601 1078 1654 qua:
1130 1585 1215 1638 ille
1248 1586 1357 1637 vult
1397 1584 1604 1637 auferre
1627 1624 1641 1646 ,
1693 1585 1786 1636 sed
1820 1581 2071 1648 majorem

501 1678 658 1731 etiam
701 1678 1073 1732 liberalitatem
1103 1678 1376 1732 exhibere.
1425 1675 1562 1742 Quid
1607 1677 1803 1744 igitur?
1833 1675 2071 1744 inquies,

501 1769 745 1822 uudusne
765 1769 1083 1822 circuiturus
1116 1768 1279 1822 sum?
1309 1766 1586 1837 Nunquam
1629 1781 1871 1820 essemus
1913 1764 2038 1818 nudi
2060 1807 2074 1828 ,

501 1859 544 1910 si
565 1858 647 1911 liis
663 1858 943 1927 prazceptis
963 1857 1246 1927 diligenter
1260 1857 1778 1926 obtemperaremus;
1802 1857 1892 1910 sed
1912 1856 2081 1910 multo

505 1949 742 2017 pluribus
770 1965 927 2018 quam
971 1950 1060 2004 alii
1105 1965 1292 2004 omnes
1331 1949 1566 2004 vestibus
1606 1948 1772 2002 induti
1818 1962 2079 2002 essemus.

503 2041 684 2095 Primo
721 2043 864 2096 enim
913 2057 1070 2096 nemo
1110 2043 1200 2097 tali
1249 2043 1429 2096 animo
1471 2041 1722 2112 pra-ditus
1770 2040 2083 2095 invaderet:

503 2130 774 2193 secundo,
825 2132 868 2184 si
921 2132 1182 2202 quispiam
1224 2142 1531 2187 occurreret
1557 2132 1624 2185 ita
1651 2132 1796 2186 ferox
1837 2140 1890 2184 et
1931 2131 2086 2184 iuliu-

506 2235 718 2284 manus,
759 2231 817 2275 ut
856 2235 922 2276 eo
971 2237 1137 2291 usque
1187 2222 1530 2290 procederet,
1581 2222 1746 2277 multo
1777 2221 1956 2290 plures
1996 2235 2084 2275 re-

509 2311 812 2380 perirentur
865 2311 954 2381 qui
1011 2321 1171 2366 tanta:
1222 2310 1575 2382 philosopbire
1618 2312 1794 2365 virum
1843 2327 1948 2365 non
1989 2327 2085 2364 ve-

507 2400 675 2455 stibus
691 2401 868 2461 modo,
888 2400 980 2454 sed
998 2410 1052 2456 et
1069 2415 1231 2456 carne
1247 2416 1364 2467 sua,
1383 2401 1428 2456 si
1446 2401 1558 2457 lleri
1579 2414 1778 2471 posset,
1795 2402 2084 2471 aperirent.

579 2491 632 2546 5.
661 2491 716 2545 Si
745 2502 925 2546 autem
954 2493 1115 2546 etiam
1147 2502 1363 2561 propter
1392 2494 1550 2546 talem
1583 2492 1974 2561 philosophiam
2002 2508 2092 2547 nu-

510 2579 637 2633 dum
665 2580 913 2634 incedere
935 2591 1240 2650 oporteret,
1271 2597 1443 2651 neque
1473 2581 1524 2635 id
1553 2583 1712 2636 etiam
1744 2590 1900 2654 turpe
1925 2592 2091 2638 esset.

513 2667 642 2724 Nam
664 2680 719 2724 et
743 2670 910 2725 Adam
945 2671 1116 2725 nudus
1143 2679 1259 2725 erat
1283 2671 1334 2724 in
1369 2671 1615 2740 paradiso
1635 2714 1648 2736 ,
1683 2690 1781 2728 nec
1807 2674 2092 2730 erubesce-

514 2762 604 2817 bat
629 2762 782 2829 (Geit.
814 2761 868 2816 Ξ.
900 2762 1025 2831 25);
1050 2763 1212 2818 Isaias
1239 2763 1400 2817 etiam
1432 2765 1606 2819 nudus
1637 2774 1687 2818 et
1718 2765 2092 2832 discalccatus,

512 2851 818 2910 Iudaeorum
847 2853 1084 2910 omnium
1116 2853 1577 2924 splendidissimus
1600 2864 1718 2912 erat
1734 2854 1886 2927 (Ioni.
1905 2857 1994 2914 9.0.
2014 2858 2094 2928 5);

514 2947 710 3016 .Iosepli
752 2962 880 3000 vero
916 2962 1037 3001 eum
1071 2957 1269 3001 exutus
1309 2958 1391 3001 est
1413 2989 1425 3009 ,
1461 2958 1585 3002 tunc
1615 2950 1846 3003 maxime
1887 2949 2096 3006 claruit.

515 3037 702 3106 Neque
727 3039 869 3092 enim
901 3038 1100 3092 malum
1127 3049 1210 3094 est
1241 3037 1310 3092 ita
1348 3038 1534 3092 nudari
1558 3083 1572 3103 ,
1604 3039 1697 3093 sed
1727 3040 1796 3093 ita
1826 3039 1971 3094 indui
1993 3082 2007 3103 ,
2047 3052 2103 3095 ut

519 3141 660 3181 uuue
685 3141 784 3181 nos
813 3125 1082 3182 induimur
1109 3126 1438 3181 vestimentis
1463 3128 1735 3197 pretiosis.
1766 3127 1877 3182 Hoc
1903 3139 1956 3182 et
1986 3138 2096 3184 tur-

520 3231 587 3286 pe
615 3227 668 3271 et
690 3215 967 3271 ridiculum
997 3225 1096 3270 est.
1134 3215 1259 3271 Ideo
1287 3216 1404 3270 illos
1433 3216 1647 3288 quidem
1679 3216 1818 3273 Deus
1846 3216 2099 3284 laudavit;

523 3309 620 3360 lios
650 3322 783 3361 vero
807 3322 901 3377 per
927 3307 1210 3375 prophetas
1231 3317 1285 3363 et
1305 3323 1402 3379 per
1419 3309 1688 3377 apostolos
1708 3324 1852 3379 saepe
1876 3309 2103 3365 incusat.

523 3395 599 3450 Ne
627 3396 803 3465 itaque
832 3407 1093 3465 pm‘eepta
1132 3395 1478 3464 impossibilia
1507 3412 1630 3452 esse
1675 3409 1941 3467 putemus.
1979 3400 2109 3465 Quae

527 3489 708 3558 utique
735 3498 785 3541 et
819 3487 962 3542 utilia
990 3487 1143 3541 nobis
1171 3496 1323 3552 sunt,
1351 3497 1404 3542 et
1437 3489 1587 3543 valde
1617 3489 1788 3544 facilia
1812 3531 1826 3556 ,
1857 3491 1900 3544 si
1927 3492 2110 3561 vigile-

528 3594 649 3633 mus
677 3594 688 3630 :
723 3586 1031 3647 tantumque
1056 3576 1283 3632 alierum
1304 3580 1527 3642 lucrum,
1561 3590 1617 3635 ut
1645 3597 1749 3636 non
1788 3598 1884 3636 nos
1913 3585 2108 3647 Solum,

528 3669 620 3724 sed
650 3670 807 3723 etiam
837 3683 947 3733 eos,
976 3669 1064 3739 qui
1096 3684 1194 3724 nos
1212 3669 1424 3735 laedunt,
1456 3673 1909 3741 inasimejuveut.
1932 3675 1996 3728 Et
2012 3675 2114 3729 hoc

529 3761 683 3814 estin
712 3761 790 3816 eis
811 3761 1084 3824 eximium,
1107 3761 1248 3830 quod
1279 3761 1405 3815 dum
1435 3763 1659 3818 snadeut
1689 3764 1864 3829 nobis,
1895 3776 1949 3819 ut
1975 3767 2112 3821 mala

533 3852 816 3922 patiamur,
846 3847 1031 3909 eadem
1063 3868 1222 3923 opera
1253 3868 1346 3908 eos
1366 3895 1382 3918 ,
1412 3855 1499 3923 qui
1530 3870 1626 3909 nos
1656 3855 1855 3909 lzedunt
1874 3898 1888 3920 ,
1920 3856 2116 3912 docent

536 3941 916 4011 philosophari.
979 3943 1110 3996 llum
1165 3945 1306 3997 enini
1351 3944 1440 3998 ille
1497 3933 1644 4012 putat
1691 3961 1941 4016 magnum
1995 3963 2116 4004 esse

534 4035 704 4087 aliena
733 4031 963 4097 auferre,
998 4041 1050 4086 tu
1082 4048 1206 4087 vero
1232 4033 1468 4089 ostendis
1501 4034 1619 4102 ipsi,
1656 4036 1747 4089 tibi
1783 4037 1834 4090 iu
1866 4050 2113 4108 promptu

534 4138 654 4178 esse
687 4124 770 4176 illa
799 4126 957 4178 etiam
997 4123 1126 4178 dare
1155 4141 1274 4193 qtae
1318 4125 1429 4193 ipse
1476 4141 1581 4180 non
1619 4128 1783 4194 petit.
1812 4139 1864 4180 et
1896 4145 2114 4198 pronam

535 4215 862 4268 alacritatem
903 4215 1018 4282 ejus
1051 4215 1241 4283 inopize
1274 4216 1770 4285 philosophiamque
1807 4219 1922 4285 ejus
1966 4236 2121 4285 rapa-

536 4306 679 4361 i-itati
707 4305 962 4375 opponis,
989 4306 1266 4359 considera
1299 4315 1547 4374 quantam
1590 4307 1676 4360 ille
1727 4307 1981 4374 percipiet
2022 4310 2118 4362 do-

536 4400 786 4464 ctrinam,
826 4415 929 4450 non
961 4413 1024 4450 ex
1054 4397 1251 4459 verbis,
1283 4396 1376 4450 sed
1407 4412 1473 4449 ex
1507 4397 1758 4464 Opi-ribus
1787 4399 2026 4452 eruditus
2055 4400 2118 4453 ad

541 4489 1020 4560 ,uu-vipendeudani
1040 4489 1344 4558 nequitiam.
1371 4497 1426 4541 et
1444 4489 1688 4542 virtutem
1711 4490 2117 4559 assequendam.

539 4581 654 4635 Non
695 4582 837 4635 euitu
881 4584 989 4634 vult
1040 4578 1189 4634 Deus
1226 4590 1280 4632 ut
1317 4581 1469 4633 uoltis
1496 4590 1701 4633 tantum
1749 4582 1902 4634 utiles
1933 4583 2117 4647 sinitis,

541 4672 634 4726 sed
657 4672 901 4726 omnibus
930 4672 1201 4740 proximis.
1223 4671 1278 4724 Si
1299 4670 1454 4738 igitur
1470 4671 1704 4734 dederis,
1729 4681 1781 4724 et
1802 4687 1903 4724 non
1924 4674 2124 4740 judicio

540 4762 880 4816 contenderis
901 4802 915 4825 ,
945 4761 1085 4829 quod
1124 4762 1216 4815 tibi
1245 4761 1372 4814 utile
1412 4773 1522 4815 erat
1558 4771 1757 4814 tantum
1792 4764 2077 4830 quzcsivisti
2106 4783 2120 4829 ;

543 4855 586 4907 si
619 4870 745 4909 vero
765 4855 907 4909 aliud
934 4855 1074 4907 dono
1097 4853 1386 4914 addideris,
1411 4852 1557 4906 illum
1583 4851 1860 4907 meliorem
1879 4856 2122 4911 ellectuni

544 4948 784 5002 dimittis.
811 4946 1120 5016 llujusmodi
1151 4957 1232 4999 est
1262 4944 1358 5009 sal,
1389 4955 1445 4998 ut
1475 4946 1584 4998 vult
1613 4945 1864 4999 Dominus
1893 4947 2125 5017 discipu-

546 5039 623 5091 los
666 5054 783 5091 esse
815 5056 826 5088 :
857 5037 995 5104 quod
1031 5047 1084 5090 et
1122 5037 1354 5105 seipsuin
1396 5045 1610 5098 servat,
1654 5048 1704 5087 et
1748 5037 1847 5089 alia
1875 5052 2120 5108 corpora,

544 5131 858 5200 quibuscum
896 5129 1114 5181 mixtum
1143 5138 1246 5190 est,
1280 5129 1455 5180 lirmat
1483 5145 1494 5180 :
1525 5127 1643 5180 talis
1680 5136 1762 5181 est
1791 5128 1974 5182 oculus
1996 5171 2009 5192 ,
2035 5133 2123 5200 qui

546 5225 648 5278 sibi
681 5223 776 5290 ipsi
805 5223 944 5275 lucet
972 5229 1024 5272 et
1061 5220 1198 5272 aliis.
1231 5220 1361 5283 Quia
1391 5219 1546 5287 igitur
1570 5237 1756 5276 eorum
1781 5233 1830 5271 te
1855 5224 1966 5275 vice
1993 5239 2126 5276 C(tll-

550 5315 747 5378 stituit,
785 5313 1017 5365 illumina
1045 5326 1163 5364 eum
1191 5352 1204 5373 ,
1233 5311 1321 5378 qui
1357 5311 1406 5362 in
1439 5312 1669 5365 tenebris
1703 5312 1852 5364 sedet
1872 5354 1885 5375 ,
1916 5323 1968 5367 et
1994 5315 2126 5369 doce

549 5406 695 5458 illum
720 5444 732 5465 ,
763 5418 859 5454 nec
886 5402 1109 5470 primum
1139 5401 1350 5468 quidem
1380 5402 1617 5467 rapuisse
1646 5403 1919 5466 violenter,
1955 5420 2051 5459 nec
2079 5415 2128 5460 te

551 5495 749 5546 la-sisse
766 5493 998 5544 omnino.
1019 5492 1107 5546 Sic
1136 5492 1274 5544 enim
1293 5504 1347 5546 et
1369 5505 1420 5545 tu
1454 5495 1807 5548 venerabilior
1832 5496 2128 5567 clariorque

551 5586 655 5637 eris
679 5625 692 5643 ,
725 5585 767 5635 si
809 5585 1057 5637 0>lcntlas
1080 5625 1094 5646 ,
1124 5583 1336 5637 dedisse
1366 5593 1416 5637 te
1437 5625 1451 5646 ,
1486 5602 1588 5638 non
1627 5596 1830 5654 raptum
1861 5588 2124 5642 amisisse.

555 5677 655 5729 I’ac
674 5675 831 5738 igitur
852 5690 945 5742 per
971 5676 1428 5730 mansuetiulinein
1453 5687 1614 5740 tuam,
1643 5688 1692 5729 ut
1717 5676 1828 5745 ejus
1853 5689 2125 5746 peccatum

553 5767 832 5819 liberalitas
859 5775 945 5818 tua
981 5767 1065 5820 sit.

1253 374 1288 420 ς
1351 369 1624 425 ,ευλκκις
1661 355 2133 418 eiiitvsosioiii
2185 356 2496 409 autaut-1e.
2542 353 3073 408 (ZONSTANTlNOI'.

3655 349 3752 401 τις

2247 472 2498 535 Quintium
2548 468 2898 535 porreetionem
2944 481 3034 515 nos
3081 461 3298 514 claruerit
3341 463 3571 512 Herium
3628 460 3751 511 Per-

2172 561 2286 630 [ινδιξ
2314 561 2404 612 viri
2430 558 2666 612 terniimis
2697 558 2927 626 fortiores
2953 555 3260 606 ceaduut.-
3279 553 3332 604 Si
3361 567 3482 602 vero
3511 548 3608 602 huc
3637 564 3754 601 esse

2175 665 2420 718 magnum
2449 659 2621 716 putas,
2646 655 2915 711 eISpt-eta,
2935 655 2982 696 et
3017 645 3158 696 clare
3187 641 3408 701 videbis,
3439 652 3487 691 te
3520 637 3755 692 nondum

2173 740 2236 791 ad
2268 738 2646 806 perfectionem
2673 735 2900 789 venisse.
2938 732 3053 787 Non
3083 734 3224 784 enim
3251 732 3335 784 hic
3364 730 3584 799 gradum
3618 730 3756 782 sistit

2176 832 2219 884 is
2243 832 2331 899 qui
2366 830 2632 899 patientiae
2654 828 2796 896 leges
2823 826 2987 885 dedit,
3019 827 3110 878 sed
3143 825 3364 877 ulterius
3395 822 3653 890 primeilit,
3689 823 3756 873 ita

2175 925 2359 978 dicens
2389 941 2402 975 :
2433 924 2521 977 41.
2555 923 2618 978 .Si
2650 923 2762 992 quis
2803 930 2849 971 te
2884 919 3223 986 migariurerit
3263 917 3554 968 milliarium
3581 931 3757 976 uitaui,

2177 1016 2302 1068 t-ade
2338 1030 2450 1066 cum
2491 1013 2582 1066 illo
2616 1022 2659 1065 et
2688 1013 2809 1062 duo.
2850 1007 3090 1062 \‘iilistin’
3117 1007 3464 1075 pliilusopliizv
3491 1004 3761 1058 excellen-

2179 1105 2346 1158 tiam?
2375 1105 2500 1158 Post
2528 1103 2703 1156 datam
2737 1101 2969 1154 tunicam
2995 1110 3049 1154 et
3081 1099 3321 1167 pallium,
3349 1099 3391 1151 si
3422 1097 3597 1150 adhuc
3623 1095 3766 1147 mulo

2179 1210 2405 1265 corpore
2434 1195 2507 1248 uti
2536 1193 2656 1248 velit
2691 1192 3026 1247 adversarius
3052 1192 3116 1244 ad
3150 1192 3387 1245 laborem
3414 1199 3463 1242 et
3496 1188 3764 1242 miseriam

2181 1287 2452 1343 ferendam
2473 1329 2488 1350 ,
2521 1303 2590 1342 ne
2619 1287 2695 1340 sic
2718 1286 2930 1355 quidem
2961 1286 3108 1338 illum
3131 1298 3385 1338 coercere
3415 1292 3646 1350 oportet,
3682 1281 3756 1335 iu-

2180 1381 2314 1450 quit.
2355 1380 2543 1434 Omnia
2592 1379 2734 1432 enim
2778 1392 2874 1431 nos
2918 1377 3276 1431 communiter
3310 1375 3423 1428 Vult
3469 1374 3764 1443 possidere,

2181 1485 2405 1538 corpora
2426 1512 2440 1534 ,
2475 1469 2726 1538 pecunias
2747 1511 2760 1532 ,
2791 1479 2845 1522 et
2865 1469 3046 1538 egenis
3079 1468 3277 1535 pariter
3303 1466 3658 1534 injuriainque
3687 1467 3761 1516 in-

2185 1564 2476 1616 lercu’ibus
2509 1565 2542 1616 il
2565 1578 2592 1614 a
2627 1563 2862 1631 praaliere
2894 1580 2904 1612 :
2939 1561 3040 1614 hoc
3077 1560 3220 1615 enim
3263 1557 3615 1620 lortitvidinis,
3645 1556 3769 1610 illud

2184 1655 2522 1725 benignitatis
2551 1663 2652 1707 est.
2689 1652 2814 1706 Ideo
2842 1652 3052 1705 dicebat
3086 1669 3097 1703 :
3132 1651 3193 1704 Si
3217 1652 3328 1715 quis
3356 1659 3401 1700 te
3431 1647 3771 1716 angariaeerit

2185 1749 2481 1802 milliarium
2511 1762 2696 1806 unum,
2729 1745 2854 1798 vade
2887 1760 3000 1797 cum
3037 1744 3126 1796 illo
3153 1753 3200 1797 et
3239 1741 3340 1795 (lito
3361 1784 3376 1805 ,
3409 1742 3695 1796 sublimius
3725 1751 3775 1793 te

2189 1859 2398 1899 rursum
2433 1843 2678 1911 erigens,
2708 1851 2865 1910 atque
2893 1839 3136 1894 eamdem
3189 1838 3356 1905 ipsam
3405 1834 3775 1889 liberalitatem

2189 1935 2472 1989 ostendere
2503 1935 2718 2001 julieus.
2751 1933 2804 1985 Si
2841 1931 2985 1984 enim
3014 1930 3103 1983 illa
3124 1971 3138 1990 ,
3171 1944 3288 1997 qua:
3319 1928 3372 1980 in
3412 1926 3674 1994 principio
3701 1926 3779 1975 di-

2191 2027 2350 2082 cebat
2372 2067 2386 2090 ,
2418 2025 2500 2078 Itis
2526 2025 2682 2093 longe
2714 2024 2917 2076 minora
2939 2063 2951 2083 ,
2987 2030 3061 2075 tot
3089 2030 3264 2074 tamen
3296 2018 3656 2072 beatititdines
3682 2016 3776 2066 ha-

2193 2118 2385 2182 beant,
2413 2117 2584 2184 cogita
2617 2125 2812 2185 quanta
2837 2128 2958 2166 sors
2991 2112 3106 2166 ha-c
3133 2111 3335 2176 majora
3369 2118 3658 2177 ope-rantes
3681 2122 3778 2160 ev-

2192 2218 2435 2278 spcctet,
2485 2219 2645 2276 atque
2699 2206 2856 2258 etiam
2907 2203 3092 2274 quales
3145 2202 3218 2254 illi
3269 2200 3350 2254 vel
3394 2210 3516 2253 ante
3563 2198 3778 2268 ρτειοιιιὶη

2192 2298 2456 2363 evadant,
2492 2301 2541 2351 in
2567 2301 2800 2352 humano
2827 2304 2882 2350 et
2916 2293 3151 2364 possibili
3183 2307 3410 2361 corpore
3442 2289 3784 2360 impassibili~

2195 2399 2358 2444 tatem
2404 2404 2614 2442 (nuncin
2647 2387 2983 2442 exhibentes.
3013 2384 3144 2439 Cum
3175 2383 3318 2437 enim
3361 2397 3536 2449 neque
3577 2383 3784 2434 calum-

2198 2484 2338 2538 niis.
2383 2498 2553 2548 neque
2601 2480 2809 2549 plagis,
2855 2493 3028 2547 neque
3082 2476 3423 2546 pecuniarum
3479 2473 3676 2543 direpti
3715 2489 3782 2528 ue

2201 2572 2562 2635 movdeautur,
2605 2585 2773 2638 neque
2816 2570 2909 2622 ulli
2952 2569 3025 2620 rei
3067 2566 3228 2620 simili
3275 2581 3526 2635 umquam
3571 2565 3786 2622 cedant.

2202 2662 2306 2714 imo
2331 2662 2502 2728 potius
2523 2659 2772 2712 arumnis
2801 2657 3048 2712 fortiores
3073 2657 3318 2721 exazlaiit,
3351 2657 3629 2712 considexa
3653 2673 3785 2727 qua-

2203 2752 2267 2806 lis
2295 2753 2469 2806 auima
2495 2766 2680 2804 eorum
2714 2749 2992 2804 el'liciatur.
3028 2750 3316 2820 Propterea
3347 2749 3489 2820 quod
3521 2752 3574 2803 in
3599 2751 3785 2820 plagis,

2202 2843 2341 2910 quod
2371 2844 2420 2897 in
2449 2843 2686 2913 pecuniis
2708 2843 2877 2909 jubet,
2899 2841 2999 2897 boc
3020 2851 3069 2896 et
3096 2841 3145 2895 iu
3175 2841 3272 2896 liae
3301 2857 3360 2896 re
3377 2855 3590 2909 qiiotiue
3615 2845 3790 2898 facere

2207 2941 2477 3006 pra-cepit.
2526 2936 2661 3000 Quid
2711 2937 2921 3004 loquor,
2963 2935 3155 3002 inquit,
3202 2935 3270 2990 de
3316 2935 3675 2998 contumeliis,
3725 2937 3793 2991 de

2211 3025 2490 3094 pecuniis?
2531 3026 2586 3080 Si
2618 3026 2778 3079 etiam
2819 3026 2938 3095 ipso
2983 3040 3210 3094 corpore
3271 3035 3361 3081 tuo
3411 3028 3484 3082 uti
3543 3026 3678 3084 velit
3729 3030 3793 3083 ad

2210 3116 2446 3169 laborem
2472 3123 2528 3170 et
2553 3114 2983 3184 delaiigationem
3012 3157 3026 3180 ,
3061 3115 3296 3185 illudque
3337 3120 3570 3189 injuste,
3609 3132 3798 3173 rursus

2210 3211 2444 3274 vincito,
2492 3218 2547 3265 et
2589 3209 2728 3264 illius
2768 3209 3002 3279 iniquam
3050 3209 3398 3280 cupiditatem
3447 3221 3794 3282 exsuperato.

2212 3304 2502 3373 Aiigziriare
2531 3301 2674 3356 enim
2695 3311 2777 3356 est
2816 3302 2996 3371 inique
3017 3302 3253 3365 trahere,
3285 3310 3339 3357 et
3363 3302 3480 3357 sine
3501 3302 3609 3357 ulla
3639 3319 3798 3373 pror-

2214 3410 2306 3448 sus
2331 3396 2534 3447 ratione
2562 3396 2666 3448 vim
2699 3393 2918 3448 inferre.
2955 3397 3201 3448 Attamen
3231 3393 3299 3448 ad
3323 3393 3424 3449 hoc
3451 3395 3610 3449 etiam
3641 3410 3767 3466 para
3785 3425 3800 3436 -

2220 3499 2301 3541 ltls
2325 3504 2356 3542 e
2389 3499 2461 3544 to.
2495 3498 2549 3541 ut
2575 3489 2803 3557 amplius
2835 3489 3072 3556 patiaris,
3097 3504 3257 3559 quam
3290 3489 3382 3544 ille
3410 3491 3537 3545 velit
3561 3493 3800 3561 exigere.

2217 3579 2306 3634 4-2..
2335 3579 2529 3633 l’eteiiti‘
2555 3591 2601 3633 te
2626 3579 2710 3643 da,
2737 3589 2781 3632 et
2802 3579 3048 3633 volentem
3077 3595 3108 3630 a
3135 3589 3184 3634 te
3196 3581 3439 3646 mutuari,
3462 3568 3528 3634 ne
3538 3584 3803 3640 averseris.

2220 3671 2343 3725 llaec
2367 3672 2571 3724 minora
2596 3668 2697 3725 illis
2713 3682 2869 3730 sunt;
2903 3671 2996 3724 sed
3027 3685 3092 3724 ue
3114 3671 3324 3725 mireris
3356 3687 3371 3726 :
3399 3672 3477 3727 sic
3501 3673 3645 3728 enini
3668 3675 3808 3730 solet

2221 3778 2432 3830 semper
2462 3761 2665 3822 lacere,
2707 3761 2912 3830 magnis
2955 3775 3112 3826 parva
3154 3763 3406 3817 miscens.
3436 3762 3493 3818 Si
3536 3779 3664 3820 vero
3693 3764 3809 3820 haec

2223 3853 2424 3906 minora
2455 3853 2561 3905 sint
2592 3852 2714 3917 illis,
2742 3851 2962 3906 audiant
2991 3853 3078 3921 qui
3111 3853 3284 3907 aliena
3311 3855 3546 3923 rapiunt.
3572 3856 3665 3926 qui
3690 3871 3806 3911 me-

2221 3944 2502 3998 retricibus
2539 3959 2636 3998 sua
2678 3943 2996 4012 largiuntur,
3028 3953 3084 3997 et
3118 3943 3316 4014 duplex
3359 3945 3458 4000 sibi
3505 3955 3696 4015 parant
3729 3946 3811 4002 lu-

2221 4034 2466 4089 ceudiuui
2493 4075 2508 4094 ,
2557 4044 2609 4087 et
2657 4050 2750 4102 per
2796 4035 3034 4102 iniquum
3082 4034 3320 4097 aditum,
3353 4044 3407 4090 et
3437 4052 3530 4104 per
3565 4049 3810 4105 sumptus

2223 4127 2568 4195 perniciosos.
2601 4125 2835 4180 Mutuuni
2865 4136 3042 4178 autem
3081 4125 3165 4179 hic
3203 4143 3307 4179 uou
3341 4127 3638 4180 usurariutn
3681 4128 3810 4183 illud

2228 4217 2402 4270 lienus
2428 4218 2714 4285 appellant,
2739 4216 2829 4269 sed
2861 4231 3012 4269 usum
3041 4216 3336 4284 simplicetn
3389 4218 3525 4271 Alibi
3568 4234 3697 4273 vero
3727 4219 3807 4273 id-

2231 4307 2399 4374 ip~um
2435 4307 2691 4368 intendit.
2732 4307 2934 4370 dicens,
2975 4307 3078 4362 illis
3109 4309 3342 4363 dandum
3372 4325 3490 4363 esse
3511 4351 3525 4374 ,
3557 4327 3585 4364 a
3617 4313 3812 4382 quibus

2230 4397 2359 4450 nihil
2389 4407 2698 4466 recepturus
2729 4413 2826 4451 nos
2853 4414 3152 4466 speramus.
3182 4400 3268 4454 $5.
3306 4399 3533 4453 Audistis
3571 4406 3693 4470 quia
3732 4405 3801 4455 di

2229 4498 2364 4540 ctum
2395 4499 2466 4540 est
2489 4505 2506 4541 :
2532 4487 2720 4558 Diliges
2749 4491 3034 4556 proximum
3071 4502 3209 4542 tuum
3237 4532 3248 4552 ,
3275 4503 3320 4542 et
3348 4491 3466 4544 odio
3489 4492 3688 4546 habebis
3710 4495 3806 4546 iiii-

2230 4582 2412 4632 micum
2460 4591 2616 4631 tuum.
2657 4581 2744 4633 44.
2789 4579 2900 4648 Ego
2924 4592 3090 4632 autem
3121 4583 3233 4634 (lico
3264 4585 3399 4636 vobis
3422 4600 3439 4634 :
3473 4581 3676 4651 Diligile
3711 4585 3812 4637 ini-

2233 4673 2386 4723 micos
2409 4681 2608 4729 vestros,
2633 4682 2676 4722 ct
2701 4685 2837 4724 orate
2867 4688 2958 4737 pro
2988 4672 3410 4724 calumniantibus
3435 4683 3480 4724 et
3511 4691 3813 4742 persequen-

2232 4763 2360 4814 tibus
2388 4778 2512 4826 eos;
2561 4764 2832 4814 benedicite
2876 4762 3284 4816 maledicculibus
3323 4765 3492 4825 vobis,
3539 4765 3812 4832 benefaeite

2233 4856 2293 4907 iis
2318 4853 2402 4921 qui
2431 4871 2514 4906 ι-οε
2552 4853 2760 4907 oderunt
2783 4896 2796 4916 ,
2831 4854 2921 4907 45.
2953 4864 3005 4906 ut
3050 4854 3159 4906 sitis
3200 4854 3388 4908 simile:
3427 4853 3601 4911 Putris
3647 4862 3839 4921 vestri,-

2232 4945 2317 5012 (ιιιὶ
2343 4953 2413 4996 cit
2439 4947 2488 4995 iii
2517 4945 2651 4996 (erlis
2673 4986 2687 5008 ,
2717 4945 2805 5013 qui
2832 4947 2986 4997 solum
3013 4962 3157 4998 suum
3184 4947 3306 4998 oriri
3333 4949 3454 5016 facit
3481 4964 3633 5015 super
3661 4949 3813 5003 bona!

2233 5045 2278 5088 ct
2329 5036 2518 5096 malos,
2569 5047 2613 5086 et
2659 5037 2787 5104 pluit
2816 5053 2966 5104 super
2999 5039 3164 5102 justo:
3190 5049 3236 5090 ct
3260 5039 3494 5107 injustas.
3528 5039 3812 5112 Videquo.

2234 5131 2391 5182 modo
2422 5128 2657 5180 ultimam
2687 5131 2946 5181 bonorum
2969 5129 3276 5183 coronideui
3307 5133 3500 5198 posuit.
3529 5133 3810 5203 Propterea

2233 5220 2376 5273 enim
2417 5219 2576 5271 docet
2597 5261 2610 5278 ,
2640 5236 2740 5272 non
2776 5220 2933 5271 modo
2961 5220 3200 5288 colaphis
3225 5222 3490 5275 caedentes
3524 5223 3692 5288 ferre,
3722 5228 3812 5279 sed

2235 5310 2394 5364 etiam
2413 5311 2684 5362 dextri-ain
2705 5310 2969 5362 maxillam
2999 5312 3235 5378 praebere
3258 5352 3274 5374 ,
3310 5327 3482 5380 neque
3512 5322 3714 5368 tantum
3735 5325 3813 5369 tti-

2236 5403 2368 5456 nicze
2395 5401 2608 5468 pallium
2636 5399 2886 5467 adjicere,
2911 5400 3001 5453 sed
3038 5416 3159 5454 cum
3190 5404 3498 5470 angariaute
3541 5405 3605 5457 ad
3653 5421 3811 5462 unum

2237 5493 2538 5547 milliarium
2586 5507 2677 5557 per
2705 5492 2810 5542 duo
2842 5491 3085 5543 milliaria
3126 5492 3407 5555 incedere,
3451 5504 3505 5548 ut
3544 5495 3687 5565 quod
3733 5498 3814 5553 his

2240 5585 2396 5654 longe
2425 5585 2596 5648 majus
2623 5592 2736 5636 erat
2773 5598 2894 5636 eum
2922 5584 3067 5636 omni
3102 5581 3351 5638 facilitate
3381 5587 3700 5655 susciperes.
3753 5591 3816 5644 Iit

2236 5675 2384 5742 quid,
2409 5676 2634 5741 inquies,
2661 5674 2741 5726 his
2764 5675 2932 5742 majus
2953 5676 3078 5726 est?
3111 5675 3258 5728 Illum
3281 5679 3372 5747 qui
3396 5681 3503 5730 haec
3533 5677 3687 5734 faciat
3714 5698 3816 5733 iam

2239 5773 2508 5824 ιιιιιιιιοςιιιιι
2551 5768 2742 5821 bibere
2778 5788 2788 5820 ;
2823 5769 2926 5822 imo
2958 5780 3010 5821 t‘.
3043 5768 3234 5838 aliquid
3275 5772 3418 5824 aliud
3464 5772 3652 5840 tmjtts.
3703 5773 3816 5829 Non
