4114 6470
303 431 410 488 2m

305 547 449 597 enini
481 547 554 598 ait
577 583 594 607 ,
635 540 711 596 Ne
763 537 887 592 odio
937 534 1156 599 habeas,
1187 533 1301 598 sed,
1336 531 1506 599 Dilige
1537 549 1547 581 :
1586 542 1689 580 non
1723 525 1848 578 dixit
1873 564 1889 586 ,

305 633 382 690 Ne
405 634 567 690 laedas
590 675 605 696 ,
635 631 749 695 sed,
782 628 1100 683 Benefacilo.

379 725 429 780 ι.
470 725 658 778 Novem
687 721 958 776 Christiani
1003 734 1121 788 erga
1151 715 1378 769 inimicos
1402 711 1560 781 ofﬁcii
1587 708 1794 779 gradus.
1827 736 1896 745 —

304 817 358 870 Si
389 817 506 884 quis
536 828 663 868 vero
687 813 802 866 haec
831 820 1077 866 accurate
1107 803 1488 873 exploraverit,
1520 800 1661 854 aliud
1696 798 1896 851 videbit

305 909 724 964 additamentum
745 904 826 958 his
848 905 1003 972 longe
1025 899 1210 968 majus.
1241 897 1354 951 Non
1374 896 1519 950 enim
1545 895 1717 946 solum
1737 890 1896 959 jussit

304 1001 558 1069 diligere,
604 996 698 1051 sed
729 1003 783 1049 et
823 1010 919 1062 pro
951 992 1014 1045 iis
1043 1003 1219 1044 orare.
1258 985 1447 1039 Viden‘
1475 999 1611 1052 quos
1641 980 1896 1034 ascende-

305 1092 373 1142 rit
401 1087 612 1160 gradus,
644 1099 698 1142 et
730 1084 1000 1156 quomodo
1027 1096 1124 1136 nos
1151 1083 1202 1134 in
1235 1081 1407 1148 ipsum
1443 1077 1653 1130 virtutis
1679 1076 1889 1129 culmen

303 1181 681 1236 constituerit?
711 1176 1035 1233 Consideres
1075 1174 1234 1228 velim
1265 1185 1358 1225 eos
1387 1186 1415 1222 a
1461 1167 1724 1238 principio
1763 1181 1896 1218 cnn-

302 1289 536 1330 merans.
590 1273 798 1327 Primus
841 1268 1040 1340 gradus
1079 1277 1190 1329 est,
1223 1282 1328 1319 non
1375 1265 1619 1329 inpii-iam
1655 1261 1892 1324 inferre;

301 1367 589 1429 secundus,
614 1365 699 1419 tibi
733 1366 938 1430 incepta
966 1370 1048 1416 est
1073 1361 1289 1426 injuria,
1321 1374 1424 1411 non
1459 1357 1602 1410 illam
1636 1356 1746 1424 pari
1779 1354 1893 1408 vice

303 1457 520 1522 ulcisci;
542 1456 747 1518 tertius,
774 1469 876 1506 non
902 1451 1162 1506 inferrein
1191 1449 1471 1503 Iazdentcm
1499 1447 1727 1516 itlipsnm
1754 1445 1892 1513 quod

301 1565 491 1620 passus
515 1564 609 1609 es,
642 1546 735 1600 sed
764 1544 1042 1613 quiescere
1067 1559 1082 1604 ;
1117 1550 1336 1610 quartus
1358 1579 1372 1602 ,
1408 1555 1465 1589 Sc
1497 1539 1669 1606 ipsum
1699 1536 1893 1589 oll‘t-rre

300 1642 366 1696 ad
415 1641 610 1694 mabnn
659 1636 1004 1706 patiendum;
1034 1634 1251 1704 quintus
1277 1674 1292 1695 ,
1339 1632 1484 1701 plura
1527 1630 1599 1682 illi
1631 1630 1890 1697 przebere,

302 1749 462 1803 quam
491 1733 605 1801 ipse
640 1729 769 1782 velit
798 1729 885 1795 qni
917 1727 1116 1779 malum
1141 1723 1314 1777 intulit
1343 1739 1356 1786 ;
1389 1732 1570 1776 Sextus
1594 1762 1607 1785 ,
1637 1737 1739 1773 non
1772 1721 1896 1774 odio

304 1823 502 1878 habere
533 1823 680 1875 illum
711 1821 800 1888 qui
833 1820 954 1873 talia
985 1817 1186 1886 egerit;
1220 1814 1499 1881 septimus,
1536 1815 1706 1879 ipsmn
1733 1812 1893 1866 etiam

301 1918 555 1985 diligere;
579 1923 816 1975 octavus,
844 1911 943 1978 ipsi
967 1908 1279 1963 benefacere
1300 1923 1314 1969 ;
1335 1919 1522 1966 nouus,
1549 1905 1711 1957 fletum
1734 1904 1894 1956 etiam

306 2027 401 2079 pro
424 2011 540 2075 ipso
563 2007 790 2076 precari.
826 2005 1068 2057 Vidistin‘
1099 2000 1452 2071 philosOphize
1479 1999 1691 2052 culmen
1719 1998 1742 2048 ’ἒ
1773 1997 1894 2051 Ideo

303 2104 462 2153 etiam
513 2097 847 2167 Splentlidum
892 2095 978 2147 ille
1028 2095 1301 2161 ριίιειιιιιιιιι
1351 2088 1532 2142 habet.
1584 2088 1714 2155 Quia
1749 2088 1892 2139 enim

307 2208 552 2258 magnum
601 2198 922 2258 pf:l‘.t'0plltm
964 2196 1077 2238 erat
1100 2225 1114 2247 ,
1147 2199 1208 2236 ac
1237 2194 1460 2236 strenuo
1491 2197 1625 2247 opus
1664 2180 1897 2232 habebat

303 2283 502 2344 animo,
532 2294 827 2350 magnaque
857 2276 1154 2345 diligentia,
1180 2273 1481 2327 mercedem
1503 2271 1593 2323 tibi
1621 2271 1894 2323 mnstituit

305 2373 506 2434 talem,
557 2373 765 2440 qualem
817 2370 942 2421 nulli
1001 2369 1255 2436 priorum.
1312 2364 1426 2418 Non
1492 2365 1634 2417 enim
1696 2372 1892 2417 terram

306 2465 391 2519 hic
420 2471 826 2526 connnemoral,
879 2470 936 2514 ιιι
980 2476 1098 2513 cum
1144 2460 1209 2512 de
1256 2459 1472 2512 milibus
1517 2466 1738 2525 ageret;
1790 2472 1893 2508 non

304 2555 724 2610 ('OEISOilllflllelll
780 2562 832 2605 et
889 2551 1333 2615 mi~ericordiam,
1371 2559 1424 2602 ιιι
1454 2564 1573 2601 cum
1609 2548 1675 2601 de
1710 2548 1895 2615 Ingen-

307 2649 447 2699 tibus
478 2657 528 2699 ct
554 2647 618 2697 de
648 2644 1084 2698 miscricordilms
1113 2659 1126 2704 ;
1174 2659 1276 2695 non
1301 2643 1368 2695 de
1403 2656 1568 2709 regno
1598 2641 1849 2694 C(L'lOrlllll
1884 2657 1896 2692 :

305 2738 398 2791 sed
429 2738 568 2805 quod
601 2737 837 2790 onmimn
871 2735 1325 2789 mirabilissimum
1352 2743 1463 2786 erat
1487 2774 1500 2795 ,
1531 2732 1668 2801 quod
1711 2735 1901 2784 fierent

307 2829 398 2883 ι)ιοί
429 2831 662 2892 similes,
693 2839 946 2896 quantum
1001 2834 1221 2893 possunt
1265 2825 1511 2877 homines
1547 2823 1642 2890 ipsi
1676 2838 1796 2876 esse
1821 2823 1865 2877 si

307 2921 482 2974 miles.
516 2919 582 2973 Ut
604 2921 732 2981 sitis,
767 2917 955 2986 inquit,
985 2918 1174 2970 similes
1199 2915 1374 2968 Patris
1401 2915 1548 2967 twtri
1572 2915 1659 2980 qui
1681 2916 1731 2965 in
1763 2916 1901 2966 etatis

305 3024 398 3066 est.
434 3013 513 3064 ἰἰι
537 3026 663 3064 vero
683 3012 936 3064 observes
971 3008 1150 3070 velim,
1183 3008 1356 3074 ipsum
1390 3022 1561 3074 neque
1594 3006 1700 3069 hic,
1728 3020 1900 3074 neque

308 3106 359 3158 in
392 3099 755 3170 superioribus
788 3101 1001 3154 Patri-m
1051 3115 1203 3153 Suum
1252 3113 1482 3158 vocare;
1519 3097 1612 3149 sed
1648 3097 1754 3149 illic
1784 3098 1901 3164 qui-

306 3198 428 3248 dem
464 3195 626 3246 Deum
668 3175 723 3247 et
765 3207 942 3261 regem
991 3205 1278 3258 magnum,
1309 3203 1429 3240 cum
1475 3186 1539 3240 de
1574 3186 1900 3255 juramentis

307 3291 414 3356 agit
444 3305 456 3345 ς
489 3288 573 3338 hic
606 3301 730 3337 vero
763 3284 972 3336 Patrem
1015 3283 1274 3348 ipsorum.
1309 3278 1361 3331 ld
1393 3293 1523 3330 vero
1553 3280 1660 3346 agit
1691 3277 1788 3329 hos
1818 3277 1898 3328 lo-

307 3377 501 3449 queruli
554 3375 739 3429 modos
788 3374 836 3426 in
891 3382 1252 3440 opportunum
1308 3381 1518 3434 tempus
1590 3384 1897 3423 reservans.

312 3470 512 3524 Deinde
565 3469 613 3520 in
666 3481 948 3534 progressu
987 3462 1391 3526 simili:udinem
1444 3463 1586 3515 illam
1625 3461 1900 3515 declarat:

313 3562 412 3624 Qui
457 3559 615 3612 sol-‘nt
669 3574 812 3608 suum
855 3556 979 3608 oriri
1025 3556 1145 3623 facit
1192 3570 1343 3620 super
1373 3554 1525 3605 bonos
1555 3562 1598 3604 et
1630 3553 1823 3614 malus,
1855 3565 1902 3604 et

309 3652 438 3720 pluit
467 3666 618 3718 super
639 3650 804 3717 justas
842 3657 888 3699 et
933 3647 1170 3713 injustas.
1205 3644 1409 3697 Etenim
1440 3646 1558 3697 illos
1604 3660 1707 3696 non
1741 3644 1900 3697 ttioth

310 3760 415 3796 non
443 3742 574 3803 odit,
611 3742 798 3808 inquit,
823 3740 915 3792 sed
939 3739 1098 3792 etiam
1129 3739 1388 3791 beneficio
1410 3737 1573 3789 allicit
1602 3752 1695 3791 eos
1726 3736 1813 3805 qui
1842 3752 1900 3791 se

311 3833 498 3897 injuria
522 3831 780 3883 afficiunt.
803 3830 1136 3898 Quamquam
1168 3828 1308 3880 nulla
1337 3827 1406 3879 sit
1429 3827 1526 3879 hac
1558 3827 1607 3879 in
1639 3843 1694 3879 re
1723 3842 1897 3895 mqua-

310 3924 451 3981 lilas.
484 3939 588 3976 non
618 3937 785 3974 εοιιιιιι
820 3931 1035 3988 propter
1064 3917 1304 3972 beneficii
1335 3918 1774 3985 magnitudinem,
1806 3918 1899 3971 sed

308 4016 468 4067 etiam
501 4023 717 4081 prepter
748 4011 1021 4079 dignitatis
1047 4010 1414 4063 eminentiam.
1441 4008 1520 4062 Tu
1546 4009 1688 4062 enim
1711 4026 1738 4061 a
1766 4025 1897 4062 con-

309 4120 466 4160 servo
512 4102 824 4173 despiceris,
859 4101 946 4154 ille
990 4109 1170 4154 autem
1200 4116 1227 4152 a
1260 4115 1415 4153 servo
1444 4116 1600 4168 quem
1629 4100 1898 4155 sexcentis

311 4193 583 4249 beneficiis
626 4191 804 4246 affecit
838 4206 852 4253 ;
905 4200 958 4244 et
1013 4202 1066 4245 tu
1111 4191 1325 4260 quidem
1365 4191 1526 4244 verba
1554 4189 1744 4254 donas,
1774 4190 1898 4244 dum

310 4303 404 4357 pro
438 4286 529 4338 illo
559 4284 794 4355 precaris
816 4325 830 4349 ,
862 4283 954 4337 ille
994 4299 1121 4337 vero
1167 4298 1253 4337 res
1279 4282 1565 4336 admodum
1596 4299 1816 4353 magnas
1847 4295 1901 4338 et

309 4380 604 4443 mirabiles,
634 4379 800 4431 solem
831 4376 1131 4431 accendens
1157 4384 1212 4430 et
1233 4391 1440 4429 annuos
1468 4377 1668 4431 imbres
1700 4392 1900 4445 suppe-

311 4473 489 4526 ditans
515 4472 552 4522 ¹.
585 4472 832 4522 Altamen
857 4469 932 4521 sic
956 4467 1195 4521 concedo
1222 4477 1272 4521 te
1289 4468 1548 4536 tequalem
1573 4485 1710 4532 esse,
1733 4485 1900 4537 quan-

311 4577 420 4620 ιιιιιι
477 4574 650 4635 potest
696 4564 874 4616 homo.
907 4560 984 4614 Ne
1016 4561 1192 4630 itaque
1233 4561 1357 4614 odio
1390 4561 1584 4615 habeas
1626 4561 1897 4617 hominem

306 4660 395 4728 qui
428 4668 477 4712 te
513 4658 650 4709 malo
689 4655 869 4714 afficit.
903 4668 1023 4706 cum
1057 4653 1148 4706 tibi
1183 4660 1258 4703 tot
1285 4652 1422 4706 bona
1444 4653 1716 4716 conciliet,
1748 4664 1801 4708 et
1832 4654 1896 4708 ad

311 4764 514 4805 tainmn
563 4760 613 4803 le
659 4748 920 4801 honorem
949 4745 1145 4806 ducat;
1180 4761 1247 4798 ne
1288 4745 1574 4798 maledicas
1622 4745 1670 4798 ei
1711 4748 1798 4815 qui
1851 4756 1901 4800 te

306 4847 506 4899 damno
535 4841 696 4895 afficit
722 4861 734 4892 :
759 4840 991 4908 alioquin
1022 4847 1074 4891 et
1101 4836 1337 4890 laborem
1368 4838 1676 4902 sustinebis,
1707 4850 1761 4891 et
1782 4838 1900 4907 ejus

310 4937 484 4989 fructu
515 4931 843 5001 privaberis;
887 4929 1140 4984 damnum
1186 4927 1326 4981 feres
1358 4939 1406 4981 et
1442 4929 1744 4982 mercedem
1781 4945 1900 4997 per-

309 5028 439 5088 des;
473 5023 613 5090 quod
641 5032 892 5076 extremze
923 5030 1005 5076 est
1033 5020 1336 5084 dementiw,
1372 5021 1510 5087 quod
1541 5020 1634 5073 scil
1659 5029 1742 5073 cel
1775 5036 1895 5074 cum

309 5119 554 5190 graviora
579 5115 1007 5179 sustinuerimns,
1032 5115 1237 5167 utiliora
1271 5127 1375 5164 non
1401 5113 1650 5166 feramus.
1678 5113 1743 5165 Et
1768 5128 1900 5182 quo-

313 5211 474 5265 modo
499 5250 514 5271 ,
563 5209 767 5275 inquies
787 5247 802 5271 ,
843 5213 1021 5274 potest
1048 5205 1150 5257 hoc
1181 5204 1334 5257 fieri?
1363 5204 1492 5256 Cum
1528 5204 1691 5258 [leum
1719 5205 1900 5259 videas

314 5302 587 5354 hominem
607 5298 802 5352 factum
833 5306 1032 5350 tantum
1064 5296 1431 5360 descendisse,
1465 5307 1514 5350 el
1550 5308 1691 5351 tanta
1727 5315 1820 5366 pro
1849 5309 1900 5354 te

312 5409 526 5464 passmn
559 5407 678 5446 esse
699 5432 711 5453 ,
741 5393 1037 5458 interrogas
1064 5389 1235 5443 adhuc
1261 5399 1313 5443 et
1341 5390 1566 5455 ambigis
1587 5431 1601 5451 ,
1630 5389 1898 5457 quomodo

316 5501 597 5555 pthslllltlts
651 5484 870 5549 injurias
923 5482 1195 5535 conseirvis
1245 5484 1559 5534 remittere?
1589 5481 1702 5534 Non
1747 5483 1897 5535 audis

311 5580 459 5631 illini
509 5579 557 5628 in
603 5592 761 5629 cruce
812 5576 1076 5628 dicentem
1113 5595 1124 5626 :
1161 5574 1366 5626 Dimitte
1412 5575 1565 5637 illis;
1622 5592 1720 5627 non
1769 5576 1899 5627 enim

310 5683 471 5724 scunt
503 5669 624 5737 quid
656 5669 845 5735 faciunt
876 5666 1024 5734 (Luc.
1053 5667 1147 5726 ‘25,
1176 5666 1266 5733 ’54)
1293 5669 1313 5717 ?
1353 5665 1465 5718 Non
1498 5666 1648 5719 audis
1675 5667 1896 5720 Paulum

376 5807 390 5836 ⁸
429 5813 554 5854 mus
580 5806 744 5860 habet,
768 5810 810 5852 ct
827 5802 965 5865 quasi
982 5815 1139 5850 (ε-ιηιιιιι
1164 5801 1294 5852 nobis
1312 5816 1492 5852 sanatus
1514 5802 1707 5853 tributa.

1445 414 1510 468 lN
1551 406 1958 467 ΜΧΤΤΙΙΑΞῙῙΜ
2005 406 2229 462 ιιοιιιιμ
2278 409 2461 466 ΧΥΙΙΙ.

3488 419 3596 476 ετιι

2006 520 2270 575 dicentem
2308 542 2320 574 :
2357 523 2458 588 Qui
2492 528 2717 579 ascendit
2747 545 2990 594 sursum,
3021 541 3066 583 et
3104 533 3241 586 sedet
3278 532 3330 588 in
3361 537 3595 606 dextera,

1936 673 1938 675 _
2003 613 2292 681 interpellat
2317 632 2408 684 pro
2431 616 2570 670 nobis
2596 616 2773 684 (liam.
2804 620 2861 687 8,
2887 621 3009 688 54η
3027 621 3144 678 Non
3170 625 3319 678 vides
3342 627 3595 694 quoniam

2004 715 2123 772 post
2150 722 2366 762 crucem
2413 719 2463 762 et
2506 713 2877 766 ascensionem
2904 713 3125 777 Juda-is,
3159 720 3246 785 qni
3276 736 3336 774 se
3367 722 3595 777 interfe-

2001 806 2206 860 t't‘ranl,
2238 800 2443 853 miserit
2469 802 2760 868 apostolos,
2788 805 2876 872 qui
2904 821 3155 862 sexcenta
3185 810 3313 878 ipsis
3337 811 3598 869 afferrent

2003 888 2160 947 bona.
2194 889 2350 958 idque
2379 907 2501 945 cum
2533 895 2678 948 mille
2703 895 2770 948 ab
2799 897 2928 963 ipsis
2958 902 3162 964 passuri
3198 912 3382 956 essent
3409 906 3547 958 mala
3577 907 3600 959 1'

2001 977 2071 1029 At
2098 985 2149 1029 tu
2181 978 2338 1033 hesus
2366 981 2653 1035 admodum
2683 985 2788 1039 es?
2816 987 2880 1040 Et
2905 988 3029 1054 quid
3064 999 3267 1045 tantum
3301 1007 3488 1061 passus
3515 1010 3595 1057 es,

2002 1080 2256 1134 quantum
2298 1071 2555 1127 Dominus
2582 1084 2722 1140 tuus,
2756 1077 2984 1139 vinctus,
3017 1081 3259 1149 colaphis
3284 1099 3476 1150 αιξειις,
3503 1087 3598 1142 fla-

2001 1162 2246 1229 gellatus,
2275 1181 2301 1214 a
2333 1166 2507 1219 servis
2528 1179 2843 1234 consputus,
2877 1182 3103 1227 mortem
3128 1189 3335 1242 passus,
3367 1192 3597 1234 mortem

2001 1254 2242 1306 omnium
2276 1258 2636 1324 turpissimam
2665 1301 2676 1321 ,
2711 1261 2871 1330 idque
2918 1274 3038 1332 post
3070 1266 3219 1322 mille
3251 1269 3397 1322 illata
3433 1272 3597 1327 bene-

2003 1343 2164 1396 ficia?
2193 1345 2247 1398 Si
2273 1360 2432 1414 porro
2464 1349 2686 1404 multum
2713 1352 2872 1406 la-sus
2899 1355 3003 1418 sis,
3048 1356 3170 1411 ideo
3204 1360 3437 1415 maxime
3468 1362 3600 1431 ipsis

2005 1434 2257 1489 beneficia
2280 1439 2485 1503 confer,
2507 1451 2562 1494 ut
2587 1452 2639 1496 et
2668 1443 2756 1497 tibi
2787 1447 3201 1513 splendidiorem
3229 1460 3411 1504 nectas
3437 1467 3597 1507 coro-

2002 1543 2146 1586 nam.
2179 1539 2233 1582 et
2262 1529 2477 1583 fratrem
2502 1551 2529 1584 a
2553 1536 2868 1601 gravissimo
2895 1540 3087 1593 morbo
3128 1541 3342 1596 liberes.
3385 1543 3513 1597 Nam
3541 1556 3596 1598 et

2003 1621 2125 1675 med
2148 1624 2193 1677 ci
2215 1664 2229 1685 ,
2279 1624 2491 1694 quando
2517 1627 2585 1680 ab
2612 1645 2756 1697 ψει-υ
2788 1628 2997 1684 furente
3021 1633 3259 1688 calcibus
3306 1645 3358 1690 et
3390 1635 3598 1703 injuriis

2003 1717 2354 1788 impetuntnr,
2405 1730 2528 1772 tunc
2576 1723 2806 1778 maxime
2855 1723 2999 1793 ipsos
3048 1727 3394 1791 miserantur,
3437 1739 3488 1781 et
3531 1728 3600 1783 ad

2001 1813 2283 1867 sanitatem
2338 1813 2468 1883 ipsis
2511 1815 2900 1868 restituendam
2950 1811 3071 1870 sese
3116 1828 3399 1885 apparatu,
3445 1817 3597 1887 gnari

2001 1907 2378 1961 contumeliam
2409 1907 2550 1960 illam
2582 1926 2609 1960 ει
2645 1909 2894 1960 violentia
2927 1910 3096 1963 tnorbi
3127 1910 3414 1978 proficisci.
3448 1913 3512 1965 Et
3541 1924 3596 1965 ιιι

2003 1996 2182 2080 itaque
2216 1998 2348 2052 hanc
2376 1999 2515 2052 circa
2542 1999 2877 2053 insidiatores
2904 2010 3083 2054 teneto
3108 2004 3426 2056 sententiam
3454 2046 3466 2065 ,
3498 2005 3599 2056 sic-

2002 2112 2108 2164 que
2151 2111 2274 2166 erga
2324 2097 2580 2150 lzedeotes
2612 2109 2661 2149 te
2689 2113 2842 2166 geras
2879 2116 2890 2149 :
2933 2097 3004 2149 illi
3053 2112 3282 2166 namque
3331 2108 3456 2150 sunt
3510 2100 3598 2164 qui

2005 2204 2130 2242 vere
2153 2189 2340 2242 morbo
2364 2189 2606 2243 laborant
2635 2200 2689 2245 ct
2711 2190 2814 2242 vim
2842 2189 3118 2259 patiuntur
3143 2206 3378 2244 omnem.
3407 2190 3598 2245 Libera

2006 2280 2167 2347 igitur
2193 2295 2313 2333 enm
2347 2296 2374 2333 a
2402 2281 2549 2350 gravi
2576 2283 2676 2334 isto
2699 2280 2918 2344 damno,
2945 2289 2998 2332 et
3028 2280 3092 2334 da
3122 2296 3340 2348 Operam
3385 2292 3438 2332 ιιι
3468 2282 3598 2334 iram

2005 2370 2277 2436 remittat;
2304 2388 2332 2423 a
2357 2386 2501 2425 saevo
2522 2372 2788 2433 daemone,
2823 2388 3015 2439 nempe
3043 2364 3243 2436 lurore,
3269 2374 3438 2441 eripe.
3468 2373 3599 2427 Nam

2002 2479 2127 2518 cum
2159 2464 2523 2518 da-moniacos
2555 2466 2818 2527 videmus,
2862 2464 3222 2535 lacrymamur
3242 2508 3255 2529 ,
3289 2481 3460 2535 neque
3489 2475 3598 2519 slu-

2005 2558 2195 2608 demns
2241 2556 2338 2624 ipsi
2370 2571 2399 2608 a
2433 2555 2677 2610 daunone
2718 2557 2926 2625 agitari.
2961 2556 3069 2609 lloc
3098 2557 3256 2624 igitur
3279 2573 3404 2626 erga
3437 2558 3600 2612 iratos

2007 2665 2145 2704 ntmc
2160 2647 2445 2713 faciamus;
2472 2665 2592 2703 nam
2622 2651 2683 2703 iis
2705 2651 2904 2705 similes
2925 2661 3048 2704 Sunt
3075 2651 3342 2715 iracundi;
3371 2651 3477 2703 imo
3501 2653 3602 2705 illis

2006 2741 2314 2795 miseriores
2364 2750 2530 2805 sunt,
2583 2742 2672 2810 qui
2725 2743 2974 2796 sensibus
3024 2743 3245 2812 integris
3302 2743 3599 2799 insaniunt.

2005 2831 2364 2898 Quamobrem
2419 2831 2630 2884 illorum
2662 2833 2892 2883 amentia
2927 2833 3133 2885 veniam
3183 2849 3287 2886 non
3337 2845 3598 2888 meretur.

2078 2926 2131 2979 5.
2173 2922 2249 2977 Ne
2288 2925 2465 2994 itaque
2485 2924 2749 2995 jacentem
2779 2924 3020 2987 invadas,
3058 2928 3163 2979 imo
3203 2930 3377 2996 potius
3430 2930 3602 2997 ipsum

2006 3017 2284 3071 miserare.
2311 3017 2443 3070 Nam
2474 3019 2517 3070 si
2550 3016 2851 3086 quempiam
2885 3018 3161 3073 videamus
3181 3035 3208 3071 a
3239 3020 3341 3073 bile
3369 3014 3603 3091 e'xagita-

2010 3117 2118 3160 tum
2149 3117 2203 3160 et
2232 3108 2494 3175 vertigine
2517 3120 2754 3176 captum,
2787 3122 2851 3161 ac
2883 3123 3102 3177 pravum
3151 3110 3297 3163 illum
3323 3111 3601 3165 humorem

2008 3213 2264 3252 evomere
2302 3197 2665 3263 festinantem,
2696 3214 2913 3252 manum
2941 3200 3282 3268 porrigimus,
3313 3212 3362 3254 et
3387 3202 3462 3254 sic
3488 3205 3600 3268 agi-

2015 3296 2183 3339 tatum
2203 3295 2813 3353 sustentantus,etianisi
2831 3293 3053 3362 pallium
3077 3296 3450 3362 inquinemus,
3469 3300 3604 3354 nihil

2012 3393 2305 3442 curamus;
2362 3381 2454 3434 sed
2488 3383 2537 3434 id
2573 3385 2752 3436 solum
2783 3401 3064 3447 curamus.
3109 3397 3167 3440 ut
3197 3389 3345 3442 illum
3377 3406 3405 3443 a
3451 3393 3601 3460 gravi

2013 3467 2327 3536 hujosmodi
2359 3473 2608 3543 angustia
2643 3491 2924 3532 eruamus.
2967 3477 3076 3533 lloc
3101 3481 3282 3548 itaque
3307 3498 3434 3550 erga
3468 3485 3604 3538 istos

2009 3560 2170 3612 etiam
2207 3576 2453 3630 agamus,
2507 3576 2878 3622 sustentemus
2928 3583 3209 3625 vomentes
3256 3583 3310 3626 et
3342 3577 3598 3643 agitalos,

2009 3665 2185 3719 neque
2222 3655 2372 3720 prius
2399 3655 2764 3722 ditnittatmts,
2807 3675 2969 3728 quam
3007 3662 3148 3716 hanc
3173 3651 3597 3722 amaritudinem

2007 3759 2226 3798 omnem
2249 3748 2623 3814 deposuerint.
2687 3749 2752 3802 Et
2789 3760 2919 3805 tunc
2970 3756 3064 3805 tibi
3088 3757 3292 3822 gratias
3324 3759 3599 3814 habebunt

2007 3836 2293 3900 maximas,
2313 3854 2437 3892 cum
2462 3843 2767 3908 quieverint
2790 3859 2805 3898 :
2837 3854 2966 3897 tunc
2997 3844 3042 3898 is
3066 3847 3210 3897 clare
3231 3859 3544 3916 cognoscet,
3571 3868 3601 3903 ει

2007 3941 2211 3995 quanta
2242 3933 2390 3985 illum
2417 3935 2825 4001 perturbatione
2856 3938 3086 3990 erueris.
3130 3937 3190 3991 Et
3228 3940 3354 4007 quid
3387 3942 3508 3994 dico
3531 3942 3602 3995 ab

2008 4019 2102 4074 illo
2121 4021 2215 4075 tibi
2232 4023 2459 4091 gratiam
2481 4040 2602 4076 esse
2627 4027 2963 4080 referendam
2985 4028 3156 4081 ?Nam
3177 4039 3228 4082 te
3255 4028 3394 4082 Dens
3416 4034 3601 4085 statim

2005 4115 2303 4175 coronabit.
2332 4125 2385 4168 et
2414 4113 2708 4167 innumeris
2742 4115 3104 4168 remunerabil
3135 4115 3310 4180 bonis,
3340 4117 3461 4184 quia
3497 4118 3602 4170 frti-

2008 4215 2142 4260 trem
2190 4215 2335 4258 tuum
2365 4221 2394 4257 a
2415 4204 2561 4273 gravi
2583 4203 3026 4257 morboliberasti
3056 4223 3068 4258 :
3111 4205 3203 4258 sed
3232 4205 3389 4259 etiam
3437 4206 3522 4260 ille
3554 4215 3603 4260 te
3658 4237 3666 4243 -

2007 4307 2066 4350 ut
2092 4295 2365 4351 dominum
2411 4295 2726 4354 honorabit.
2758 4302 2899 4346 luam
2933 4295 3153 4347 omnino
3185 4297 3444 4350 reveritus
3491 4311 3604 4350 mo-

2005 4386 2358 4441 derationem.
2393 4387 2582 4438 Annon
2606 4383 2758 4437 vides
2787 4384 3056 4452 parientes
3080 4385 3351 4449 mulieres,
3381 4401 3604 4454 quomo—

2007 4479 2077 4531 do
2121 4479 2322 4531 vicinas
2351 4477 2450 4531 sibi
2475 4479 2779 4540 mordcant,
2805 4475 2859 4532 et
2882 4478 2983 4530 illa‘.
3017 4487 3192 4531 tamen
3227 4495 3330 4531 non
3380 4479 3602 4533 dolent?

2009 4570 2118 4624 lmo
2147 4570 2346 4631 dolent,
2377 4570 2466 4622 sed
2501 4569 2628 4622 illud
2663 4569 2872 4623 fortiter
2914 4571 3123 4634 ferunt,
3173 4579 3226 4623 ct
3252 4571 3604 4625 commisera-

2009 4663 2154 4717 tione
2181 4663 2445 4717 dueuutur
2472 4677 2593 4730 erga
2624 4662 2872 4716 doientes
2926 4672 2979 4716 et
3027 4679 3055 4715 a
3112 4672 3262 4731 partu
3317 4663 3602 4718 disseclas.

2010 4753 2113 4808 llas
2153 4763 2206 4806 tu
2249 4768 2461 4822 quoque
2510 4753 2718 4805 imitare
2767 4768 2939 4821 neque
2991 4753 3064 4805 sis
3109 4755 3236 4821 ipsis
3293 4755 3603 4810 mulieribus

2007 4848 2238 4900 mollior.
2275 4846 2404 4900 Cum
2429 4846 2570 4898 enim
2615 4848 2919 4913 pepererint
2949 4847 3202 4900 mulieres
3231 4848 3344 4900 ista:
3375 4847 3604 4918 (mulieo

2009 4939 2154 4992 ribus
2180 4941 2384 5009 quippe
2406 4947 2528 4991 sont
2566 4937 2640 4990 illi
2670 4939 2797 4992 rixis
2857 4940 3134 4992 movendis
3183 4940 3601 5008 promptiores),

2009 5041 2134 5086 tunc
2161 5043 2209 5085 te
2243 5033 2412 5085 virum
2464 5046 2583 5084 esse
2611 5040 2955 5100 cognoscent.
3008 5030 3159 5096 Quod
3189 5032 3231 5083 si
3262 5033 3447 5099 gravia
3493 5031 3606 5086 hinc

2011 5135 2275 5196 praecepta
2311 5135 2454 5188 sunt,
2486 5125 2660 5194 Cogita
2693 5124 2810 5176 idco
2839 5127 3049 5176 venisse
3077 5123 3373 5186 Christum,
3408 5137 3464 5177 ιιι
3493 5125 3607 5179 lnec

2010 5217 2063 5271 in
2095 5217 2287 5270 animis
2321 5217 2518 5269 nostris
2541 5217 2824 5275 insereret,
2853 5223 2911 5266 ut
2937 5231 3033 5266 nos
3057 5223 3108 5266 et
3131 5215 3317 5268 amicis
3349 5227 3400 5268 et
3429 5215 3608 5269 inimi-

2008 5313 2086 5365 cis
2115 5311 2273 5364 utiles
2300 5310 2558 5362 efliceret.
2583 5307 2711 5362 Ideo
2736 5310 3017 5360 amborum
3066 5320 3248 5359 curam
3293 5322 3478 5374 gerere
3515 5307 3608 5374 ju-

2010 5404 2140 5463 bet;
2197 5404 2441 5461 fratrnm,
2474 5417 2593 5453 eum
2656 5399 2816 5460 dicit,
2872 5398 2932 5451 Si
2983 5395 3135 5460 offers
3183 5413 3363 5449 niuuus
3422 5407 3611 5459 tuum;

2009 5495 2373 5557 inimicorum,
2405 5507 2524 5544 cum
2557 5491 2673 5561 lege
2696 5490 2879 5544 statuit
2906 5496 2963 5541 ut
2995 5490 3136 5557 ipsos
3158 5489 3369 5556 diligas,
3406 5498 3459 5542 et
3508 5504 3607 5559 pro

2008 5585 2137 5653 ipsis
2169 5601 2309 5640 ores.
2345 5585 2527 5653 Neque
2556 5584 2644 5637 Dei
2676 5589 2878 5635 tantum
2902 5582 3152 5648 exemplo
3183 5580 3249 5632 ad
3291 5579 3394 5632 hoc
3423 5579 3609 5634 horta-

2010 5688 2115 5742 tur,
2149 5694 2329 5732 verum
2354 5679 2514 5731 etiam
2551 5692 2616 5730 ex
2649 5675 2956 5728 contrario:
2993 5690 3136 5737 nam,
3165 5673 3251 5727 46.
3283 5675 3340 5726 Si
3371 5673 3611 5727 dilexeri-

2009 5775 2089 5838 tis,
2125 5769 2312 5840 inquit,
2344 5786 2427 5825 eos
2453 5769 2641 5838 quieos
2670 5768 2888 5836 diligunt
2908 5807 2920 5830 ,
2952 5781 3106 5834 quam
3134 5764 3412 5818 mercedem
3455 5764 3604 5818 habe-
