4114 6478
331 442 436 494 Ξτῧ
1495 437 1561 493 ΙΝ
1601 435 1909 493 MATTHE

2053 437 2279 494 1101111..
2324 438 2466 494 XIX.

337 557 382 611 si
424 556 513 611 ille
555 566 605 611 te
645 556 791 626 prior
819 554 1055 617 salutet,
1086 553 1215 607 nihil
1269 554 1358 606 tibi
1403 554 1521 622 plus
1555 554 1657 608 erit
1701 546 1743 607 si
1786 553 1932 607 salu.

337 657 445 701 tem
487 648 719 709 reddas;
769 646 813 699 si
870 662 997 701 vero
1046 655 1098 699 tu
1132 646 1277 714 prior
1305 659 1559 714 prolteres
1588 644 1655 699 ad
1691 644 1929 698 salutan-

340 740 490 803 dntn,
517 738 710 792 fastum
757 738 879 805 ejus
918 736 1286 806 iutercepisti.
1340 744 1395 788 et
1445 736 1647 804 largum
1689 750 1754 788 ex
1803 734 1921 802 ejus

334 830 638 900 arrogantia
684 828 911 882 fructum
968 829 1255 883 messuisti.
1297 825 1579 895 Qu‘omodo
1622 827 1782 894 igitur
1822 840 1927 880 non

336 930 592 974 extrema:
657 920 945 974 dementim
992 920 1192 980 fuerit,
1243 934 1363 971 cum
1413 934 1479 972 ex
1536 918 1693 971 nudis
1748 917 1927 972 verbis

337 1020 541 1065 tantum
596 1025 792 1081 capere
845 1010 1073 1064 fructum
1159 1010 1466 1073 valeamus,
1527 1010 1732 1063 lucrum
1806 1023 1929 1077 per-

330 1106 482 1163 dere.
515 1114 570 1158 et
599 1118 720 1157 cum
749 1102 897 1157 illum
920 1102 1306 1170 improbemus,
1342 1104 1392 1155 in
1424 1102 1612 1155 eadem
1644 1100 1923 1155 incidere?

330 1194 388 1249 Si
417 1195 559 1249 enim
592 1194 736 1247 illum
770 1194 891 1247 ideo
927 1192 1110 1260 culpas
1137 1192 1276 1261 quod
1308 1193 1451 1260 prior
1471 1190 1698 1245 aliorum
1729 1191 1930 1245 saluta-

337 1288 537 1339 tionetn
588 1294 893 1353 exspectet.
944 1300 1041 1338 cur
1096 1284 1321 1336 imitaris
1353 1282 1403 1336 id
1434 1281 1576 1350 quod
1610 1281 1921 1351 improbas;

334 1390 391 1432 et
419 1379 560 1447 quod
583 1381 780 1433 malum
810 1393 931 1432 esse
952 1377 1105 1436 dicis.
1148 1377 1248 1429 hoc
1276 1385 1332 1428 ut
1360 1377 1555 1428 bomun
1609 1373 1922 1427 astnnlaris?

336 1470 524 1525 V'iden‘
553 1470 681 1524 nihil
712 1469 924 1523 stultius
971 1484 1090 1523 esse
1114 1469 1328 1522 homine
1350 1467 1401 1521 in
1424 1467 1653 1533 nequitia
1681 1466 1926 1520 vivente?

332 1562 695 1631 Quamobrem
744 1560 972 1615 obsecro
995 1601 1011 1623 ,
1043 1564 1179 1615 hanc
1221 1559 1516 1628 improbam
1545 1566 1599 1610 et
1642 1557 1921 1610 ridiculam

331 1656 775 1710 consuetudinem
822 1655 1101 1725 fugiamus.
1150 1652 1244 1707 Hic
1269 1654 1464 1721 quippe
1511 1650 1729 1704 morbus
1777 1650 1924 1704 mille

332 1749 595 1801 amicitias
624 1746 833 1823 ever/tit,
870 1746 1169 1815 multasque
1198 1746 1405 1813 peperit
1433 1741 1761 1796 inimicitias.
1796 1740 1923 1794 Ideo

333 1854 431 1891 nos
453 1838 839 1908 pra-veniamus
856 1836 1011 1890 alios.
1036 1835 1166 1889 Nam
1188 1837 1276 1905 qui
1296 1835 1547 1901 jubemur
1569 1834 1707 1888 ferre
1724 1842 1781 1886 ut
1806 1832 1921 1885 ala-

331 1936 413 2003 pis
442 1932 820 2001 percutiamur,
849 1930 949 1984 iter
976 1930 1145 1983 coacti
1173 1928 1546 1995 suscipiamus,
1572 1924 1835 1981 nudemur
1854 1924 1922 1979 ab

329 2024 579 2086 inimicis,
599 2037 700 2092 qua
728 2021 879 2076 venia
896 2021 1040 2090 digttl
1068 2020 1288 2081 erimus,
1318 2019 1362 2072 si
1394 2019 1445 2071 in
1472 2017 1697 2087 simplici
1722 2017 1921 2071 saluta-

327 2119 474 2173 tione
515 2126 714 2171 tantam
738 2114 1084 2169 adhibeanuts
1105 2112 1540 2167 contentionem?
1566 2112 1917 2181 DeSpicimur,

325 2212 554 2280 inquies.
573 2220 625 2263 et
638 2210 1003 2278 conspuimur.
1016 2222 1135 2261 cum
1155 2207 1257 2262 hoc
1275 2207 1370 2277 ipsi
1389 2206 1749 2261 concedimus.
1772 2206 1837 2261 Et
1854 2221 1921 2260 ne

324 2314 378 2355 te
391 2302 645 2371 despiciat
661 2300 838 2356 homo.
863 2300 1026 2352 Deum
1042 2299 1266 2352 oﬂ‘endis
1283 2298 1305 2349 Τ
1320 2315 1384 2353 ne
1400 2308 1448 2352 te
1466 2308 1772 2352 contemnat
1789 2312 1919 2352 con-

322 2408 511 2446 servus
534 2391 733 2451 furens,
772 2391 1050 2444 Dominum
1074 2392 1394 2455 contemnis,
1423 2391 1511 2456 qui
1538 2400 1677 2443 tanta
1711 2389 1801 2442 tibi
1836 2389 1921 2443 be-

326 2490 513 2543 neﬁcia
540 2488 767 2541 t-ontttlit
782 2486 803 2537 ?
816 2486 869 2540 Si
890 2487 1030 2538 enim
1045 2484 1332 2537 absurdum
1346 2493 1428 2537 est
1447 2494 1497 2536 te
1517 2484 1774 2551 mqualem
1789 2497 1917 2536 cnn-

3544 449 3647 503 2'."

2045 562 2303 615 temnere.
2322 554 2492 608 multo
2515 554 2682 624 magis
2700 554 2990 610 absurdum
3013 567 3364 614 contemnere
3381 567 3435 615 te
3450 559 3643 624 Deum.

2039 644 2131 712 qui
2164 653 2215 696 te
2238 643 2381 698 fecit.
2414 644 2493 697 Ad
2518 645 2630 701 hac
2655 646 2967 702 consideres
2998 648 3175 714 velim,
3199 664 3322 704 cum
3352 659 3405 705 te
3435 650 3523 704 ille
3547 650 3644 705 de-

2039 737 2231 804 spicit,
2265 746 2389 793 tunc
2404 738 2665 807 majorem
2698 740 2789 795 tibi
2827 740 3133 796 mercedem
3159 742 3470 797 conciliare.
3506 742 3641 799 Pio-

2037 840 2156 900 pter
2182 828 2348 883 Deum
2380 830 2523 885 enim
2555 831 2669 885 haec
2696 832 2918 901 pateris,
2947 834 3069 901 quia
3093 834 3240 904 leges
3260 834 3377 904 ejus
3422 832 3642 891 audisti.

2040 920 2151 975 Hoc
2198 932 2376 975 atttem
2403 937 2510 991 quo
2535 938 2641 978 non
2667 924 2872 978 honore
2918 923 3137 995 dignum
3184 926 3288 980 sit?
3316 927 3509 998 quibus
3534 942 3642 981 non

2036 1013 2775 1085 diailematibus?Contingat
2813 1015 2943 1070 mihi
2966 1028 3023 1072 et
3048 1019 3390 1074 contumeliis
3416 1019 3556 1073 affici
3585 1029 3641 1073 et

2036 1106 2309 1160 Contemni
2372 1116 2591 1175 propter
2636 1106 2827 1172 Deum,
2860 1108 3038 1177 potius
3081 1124 3243 1179 quam
3287 1110 3539 1164 honorari
3572 1111 3642 1164 ah

2034 1200 2284 1253 omnibus
2314 1199 2532 1268 regibus
2582 1216 2595 1251 :
2642 1200 2773 1255 nihil
2802 1202 2967 1261 enim.
2999 1202 3132 1258 nihil
3158 1202 3343 1273 utique
3373 1202 3498 1257 huic
3538 1204 3643 1256 ho-

2037 1292 2150 1343 nori
2182 1306 2278 1358 par
2305 1299 2406 1343 est.
2441 1290 2591 1343 llunc
2632 1291 2810 1359 itaque
2829 1300 3205 1347 consectemur
3253 1304 3311 1347 ut
3338 1294 3425 1348 ille
3443 1292 3641 1362 jussit;

2036 1382 2406 1449 humanosque
2436 1380 2671 1434 honores
2702 1380 2850 1434 nihili
2872 1380 3153 1448 facientes,
3186 1384 3280 1438 sed
3317 1398 3497 1437 veram
3529 1382 3641 1449 pbio

2038 1473 2337 1543 lostvphiam
2368 1488 2463 1542 per
2508 1473 2686 1526 omnia
2720 1472 3072 1539 exhibentes,
3100 1476 3179 1529 sic
3213 1477 3375 1528 vitam
3422 1474 3577 1529 ordin
3602 1496 3642 1516 --

2034 1580 2154 1619 mus
2208 1574 2469 1617 nostram.
2518 1562 2651 1617 Nam
2694 1564 2988 1619 cmlestium
3026 1580 3346 1621 coronarum
3388 1566 3500 1635 jam
3553 1567 3637 1620 hic

2031 1656 2265 1711 fructum
2316 1655 2697 1726 percipiemus,
2740 1656 2890 1724 quasi
2922 1656 3095 1725 angeli
3152 1672 3273 1710 cum
3324 1656 3636 1711 ltOmittibus

2031 1757 2330 1811 versantes,
2367 1757 2636 1818 tamquam
2666 1749 2924 1817 angelica!
2950 1755 3244 1816 potestates
3273 1747 3324 1800 in
3353 1757 3493 1801 terra
3526 1747 3635 1800 cir-

2031 1852 2346 1897 cumeuntes
2376 1883 2391 1907 ,
2425 1842 2571 1896 omni
2617 1842 2909 1911 cupiditate
2949 1841 3205 1906 omnique
3233 1841 3635 1910 perturbatione

2028 1933 2264 2002 exempti
2292 1950 2305 1996 ;
2331 1942 2529 1986 etcum
2553 1934 2638 1986 his
2660 1932 2908 1987 omnibus
2929 1930 3212 1986 ineﬂ‘abilia
3238 1945 3634 2001 consequemur

2029 2025 2167 2079 bona
2200 2044 2211 2078 :
2240 2040 2359 2094 quae
2383 2024 2582 2078 utinam
2608 2040 2706 2079 nos
2729 2039 2920 2079 omnes
2950 2024 3313 2093 adipiscamur
3338 2065 3353 2087 ,
3382 2024 3550 2093 gratia
3580 2032 3636 2076 (ιι

2031 2118 2358 2188 benignitate
2414 2117 2621 2172 Domini
2675 2116 2843 2171 nostri
2893 2115 3019 2171 Jesu
3050 2114 3274 2179 Christi,
3306 2114 3389 2169 cui
3438 2114 3626 2183 gloria.

2026 2212 2311 2282 imperium
2340 2222 2397 2266 et
2424 2211 2671 2266 adoratin
2696 2226 2820 2265 cum
2848 2208 3094 2280 principii
3132 2218 3356 2277 experte
3396 2207 3556 2261 Patre
3577 2216 3633 2260 et

2024 2315 2211 2361 sancto
2242 2306 2490 2375 bonoque
2518 2303 2742 2373 Spiritu,
2777 2316 2918 2357 nunc
2941 2310 2996 2356 et
3020 2314 3257 2371 semper,
3281 2310 3333 2355 et
3353 2300 3405 2353 in
3431 2298 3629 2355 saecula

2021 2396 2360 2452 surculorum.
2390 2399 2577 2450 Amen.

2183 2618 2263 2632 ...ο

1681 2702 2027 2764 HOMILIA
2080 2703 2256 2762 XIX.

321 2852 450 2905 Car.
497 2852 548 2905 6.
578 2868 629 2905 v.
664 2853 713 2905 l.
745 2852 999 2905 Atteudite
1048 2867 1110 2904 ne
1162 2853 1531 2918 eleemasynam
1575 2861 1793 2903 vestram
1835 2852 1912 2919 fa-

393 2946 539 2997 ciatis
565 2962 735 2997 coram
764 2946 1069 3005 hominibus,
1102 2954 1154 2997 ut
1187 2944 1456 2997 videamini
1481 2942 1543 2995 ab
1569 2944 1660 2995 eis.

393 3045 414 3087 1
429 3078 441 3089 .
464 3035 601 3089 ιἠηα
628 3037 791 3105 gloria
812 3037 993 3104 probos
1010 3036 1159 3088 etiam
1178 3034 1724 3089 invadit—Omnium
1747 3034 1916 3087 maxi-

322 3144 408 3181 me
438 3131 770 3197 tyrannicum
792 3128 901 3198 jam
926 3129 1165 3183 eliminat
1184 3128 1345 3182 animi
1374 3128 1616 3181 morbum
1642 3167 1656 3189 ,
1685 3126 1909 3185 rabiem.

317 3219 559 3291 inquam,
590 3220 731 3273 illam
771 3228 823 3275 et
866 3217 1098 3273 furorem
1123 3220 1263 3273 circa
1287 3233 1474 3271 vanam
1502 3216 1723 3287 gloriam
1750 3256 1762 3277 .
1795 3230 1914 3283 quae

317 3311 569 3363 homines
610 3312 769 3363 etiam
814 3310 981 3377 probe
1024 3318 1243 3377 agentes
1287 3308 1506 3362 invadit.
1563 3310 1606 3362 Α
1654 3307 1913 3375 principio

314 3402 535 3472 quidem
565 3402 694 3456 nihil
724 3401 823 3455 hac
848 3400 913 3455 de
944 3417 1001 3453 re
1023 3401 1271 3469 loquutus
1292 3409 1390 3454 est.
1422 3400 1551 3453 Nam
1581 3400 1908 3469 superﬂuum

315 3495 525 3559 fuisset,
560 3494 865 3564 priusquam
898 3492 1031 3545 bona
1056 3507 1215 3561 opera
1239 3491 1398 3545 edere
1419 3490 1686 3553 suaderet,
1715 3490 1911 3546 docere

315 3586 590 3655 quomodo
622 3586 706 3638 illa
740 3584 976 3639 facienda
1023 3594 1078 3639 et
1117 3580 1361 3636 adeunda
1387 3592 1585 3636 essent.
1620 3583 1911 3653 Postquam

314 3688 493 3733 autem
514 3682 564 3733 in
588 3678 976 3748 philosophiam
1006 3678 1228 3738 induxit.
1251 3689 1374 3731 tunc
1393 3676 1606 3731 denmm
1628 3691 1769 3741 eam,
1790 3691 1910 3745 qua:

317 3773 660 3841 subrependo
688 3773 854 3841 ipsam
885 3772 1099 3826 inlicere
1128 3770 1288 3832 solet.
1318 3780 1520 3839 pestem
1546 3768 1757 3823 auferre
1786 3768 1909 3821 niti-

318 3878 425 3919 tur.
460 3866 637 3935 Neque
665 3866 805 3919 euim
854 3875 1136 3934 utcumque
1162 3865 1393 3935 gignitur
1422 3863 1506 3917 hic
1536 3862 1783 3920 morbus.
1813 3861 1907 3916 sed

321 3969 599 4026 postquam
633 3959 794 4010 multa
822 3967 1081 4025 prmcepta
1110 3954 1322 4025 egregie
1344 3954 1700 4023 implevimus.
1733 3951 1905 4019 Opor-

319 4049 459 4103 tebat
504 4050 661 4117 igitur
705 4050 851 4118 prius
896 4049 1141 4100 virtutem
1190 4048 1459 4108 inserere,
1510 4054 1564 4098 et
1607 4052 1730 4097 tunc
1757 4044 1905 4097 illunt

316 4141 479 4193 animi
506 4139 753 4193 anhelum
783 4138 1027 4201 auferre,
1074 4139 1159 4206 qtti
1198 4138 1312 4207 ejus
1344 4137 1569 4191 fructum
1601 4135 1903 4190 labefactat.

317 4240 395 4289 Ac
426 4235 543 4289 vide
568 4234 708 4289 unde
738 4234 1011 4288 exordium
1045 4242 1250 4285 sumat:
1284 4246 1312 4285 a
1340 4229 1563 4299 jejunio.
1595 4228 1837 4283 oratione
1853 4238 1907 4281 et

315 4329 677 4396 eleeutosyna.
712 4326 767 4381 ltt
800 4327 881 4382 his
902 4326 1044 4381 enim
1076 4324 1309 4379 maxime
1350 4332 1494 4378 recte
1524 4322 1674 4377 factis
1702 4324 1902 4377 versari

316 4422 474 4474 solet.
495 4420 625 4473 Nam
654 4420 953 4473 Pharismus
977 4419 1099 4473 inde
1126 4418 1336 4473 inflatus
1358 4417 1601 4470 dicebat:
1628 4415 1815 4487 Jejuno
1830 4415 1906 4470 bis

320 4522 369 4572 iu
400 4517 734 4576 hebdomade.
765 4516 983 4568 decimas
1013 4514 1078 4568 do
1098 4514 1321 4567 omnium
1346 4528 1460 4582 qua:
1489 4510 1723 4579 possideo
1747 4509 1900 4580 (Luc.

320 4612 385 4665 18
404 4650 420 4673 ,
441 4610 505 4664 η
534 4619 548 4677 )
577 4629 588 4663 :
619 4610 672 4662 in
703 4608 815 4676 ipsa
836 4608 1077 4659 oratione
1105 4620 1291 4659 vanam
1318 4603 1565 4673 captabat
1587 4601 1832 4672 gloriam,
1851 4611 1907 4657 et

316 4706 384 4756 ad
415 4701 825 4757 osientationem
859 4699 1190 4768 precabatur.
1217 4698 1347 4765 Quia
1378 4696 1517 4751 enim
1546 4694 1725 4749 nullus
1767 4694 1905 4749 alius

321 4797 543 4858 aderat,
573 4792 909 4862 publicanum
939 4790 1208 4845 indicabat
1228 4789 1411 4843 dicens
1441 4806 1455 4841 :
1484 4786 1605 4841 Non
1634 4803 1749 4841 sum
1774 4788 1905 4842 sicut

318 4887 489 4943 ueteri
532 4887 791 4939 hominum
813 4926 828 4945 ,
876 4899 1034 4951 neque
1074 4882 1203 4936 sicut
1231 4882 1311 4935 Itic
1342 4881 1637 4950 publicanus
1662 4879 1824 4951 (Ibid.
1848 4895 1898 4934 υ.

320 4980 381 5033 Η
418 4980 457 5046 ).
478 4976 546 5031 Et
565 4975 686 5030 vide
710 4973 981 5044 quomodo
1001 4972 1254 5027 Servator
1273 4971 1517 5041 ceperit,
1541 4986 1604 5028 ac
1623 4972 1667 5027 si
1698 4971 1765 5027 de
1792 4971 1902 5027 fera

315 5076 493 5121 astuta
532 5082 597 5120 ac
624 5068 961 5135 deprehensu
986 5066 1184 5119 dillicili
1217 5078 1418 5136 ageret,
1441 5084 1563 5136 quae
1586 5086 1689 5123 non
1709 5071 1897 5122 admo-

316 5158 447 5213 dum
463 5157 674 5227 vigilem
689 5174 880 5227 capere
894 5169 1069 5228 posset
1102 5176 1114 5208 τ
1139 5175 1261 5213 nam
1274 5160 1350 5213 ait
1372 5177 1383 5211 :
1403 5162 1439 5211 Α
1454 5162 1669 5214 (tendite
1688 5177 1749 5214 ne
1764 5160 1898 5214 eice—

318 5267 592 5319 mosynam
612 5262 965 5313 vestram,etc.
984 5250 1073 5305 Sic
1085 5262 1137 5305 et
1150 5251 1348 5306 Paulus
1362 5252 1797 5323 Philippensibus
1815 5254 1898 5306 di-

321 5342 397 5394 cit
414 5358 428 5395 :
447 5340 624 5395 Videte
640 5340 1061 5411 canes(Philipp.
1084 5343 1140 5406 5,
1156 5342 1229 5405 Ξ).
1258 5343 1408 5395 Clam
1429 5344 1570 5396 enim
1598 5343 1897 5411 ingreditur

318 5432 512 5492 fera,ct
524 5434 703 5485 omnia
718 5433 835 5487 sine
846 5434 1070 5501 strepitu
1087 5434 1421 5503 iullat.atquc
1434 5434 1615 5487 omnia
1628 5448 1748 5503 qua:
1760 5434 1901 5488 intra

318 5526 789 5581 .tihilsenticntcm
810 5526 1145 5580 suntaul’ert.
1162 5527 1296 5592 Quia
1321 5530 1483 5594 igitur
1502 5527 1795 5595 plurimum
1819 5529 1908 5583 fe-

318 5620 385 5673 cit
413 5618 479 5669 dc
506 5616 842 5684 elecmosyua
888 5626 1191 5666 sermonem
1216 5652 1230 5675 ,
1274 5610 1551 5681 Deumque
1589 5612 1640 5667 in
1670 5614 1901 5669 medium

320 5706 562 5769 adduxit,
596 5704 695 5770 Qui
724 5702 878 5757 solem
898 5718 1045 5756 suum
1071 5702 1191 5754 oriri
1223 5702 1345 5772 facit
1370 5718 1523 5769 super
1550 5703 1710 5756 malos
1739 5714 1784 5757 et
1810 5705 1903 5757 bo-

321 5810 431 5859 nos,
464 5805 519 5850 et
548 5793 775 5862 undique
803 5793 866 5846 ad
894 5793 942 5847 id
970 5793 1278 5847 cohortatus
1299 5809 1399 5853 eSt.
1429 5802 1480 5847 ct
1508 5793 1765 5847 donorum
1800 5794 1905 5849 lar.

319 5897 482 5961 gitatc
508 5886 826 5948 conspicuos
865 5899 985 5939 esse
1016 5886 1181 5939 suasit
1204 5927 1219 5947 ,
1264 5886 1477 5939 domum
1507 5888 1681 5939 omnia
1726 5889 1854 5939 tollit
1884 5929 1897 5943 .

2023 2863 2143 2917 qua:
2182 2846 2306 2901 huic
2334 2846 2570 2916 pulchra:
2610 2847 2744 2903 oleae
2774 2861 2971 2902 nocere
2999 2854 3239 2917 possent.
3287 2846 3625 2918 Quapropter

2023 2940 2133 2994 ait:
2180 2939 2435 2993 Attendite
2460 2956 2522 2994 ne
2546 2941 2917 3011 elcemosynam
2959 2951 3177 2994 vestram
3216 2940 3419 3019 faciatis
3453 2956 3626 2995 coram

2024 3032 2330 3087 hominibus.
2359 3032 2491 3086 Nam
2520 3033 2608 3087 illa
2639 3034 2784 3101 prius
2812 3043 3129 3097 memorata,
3159 3033 3249 3087 Dei
3276 3040 3359 3088 est
3386 3033 3624 3089 eleemo-

2023 3140 2173 3195 syna.
2198 3123 2331 3180 Cum
2354 3139 2483 3179 vero
2502 3125 2747 3191 dixisset,
2781 3124 2863 3178 Ne
2885 3126 3089 3195 faciatis
3118 3141 3291 3179 coram
3315 3125 3623 3191 hominibus,

2022 3218 2319 3285 subjunxit,
2356 3215 2423 3271 Ut
2451 3218 2722 3270 videamini
2751 3219 2814 3269 ab
2843 3218 2936 3271 eis.
2970 3217 3039 3271 Et
3068 3218 3277 3272 videtur
3297 3217 3511 3286 quidem
3544 3218 3626 3272 ἰός

2022 3308 2196 3376 ipsum
2222 3308 2331 3377 jam
2358 3317 2481 3362 ante
2509 3307 2741 3361 dixisse:
2777 3306 2823 3361 si
2851 3308 2973 3378 quis
2993 3322 3123 3363 vero
3142 3309 3425 3380 diligenter
3449 3320 3628 3366 atten-

2018 3398 2132 3463 dat,
2162 3413 2268 3452 non
2296 3397 2525 3467 idipsum
2555 3407 2676 3453 est:
2708 3398 2804 3451 sed
2831 3398 2973 3452 aliud
3005 3398 3137 3464 hoc,
3170 3400 3313 3454 aliud
3342 3399 3471 3455 illud
3495 3409 3579 3456 est
3604 3418 3619 3454 :

2023 3489 2355 3558 multamque
2384 3488 2603 3544 adhibet
2627 3488 2953 3552 cautionem,
2976 3489 3409 3561 ineffabilcmque
3438 3494 3622 3561 provi-

2018 3581 2253 3636 dentiam
2275 3590 2435 3650 atque
2457 3581 2859 3652 indulgentiam.
2887 3583 3070 3638 Potest
3090 3583 3233 3639 enim
3256 3583 3301 3639 is
3327 3585 3416 3655 qui
3438 3600 3620 3641 coram

2020 3672 2326 3726 hominibus
2360 3672 2410 3725 id
2440 3672 2584 3737 facit,
2606 3690 2709 3727 non
2746 3683 2803 3728 ut
2827 3673 3075 3730 videatur
3110 3674 3160 3728 id
3185 3676 3361 3731 facere
3386 3695 3398 3729 :
3427 3686 3483 3732 et
3502 3693 3622 3731 rur-

2016 3782 2109 3821 sus
2126 3766 2213 3835 qui
2240 3780 2419 3820 coram
2450 3766 2499 3819 id
2529 3782 2633 3821 non
2652 3767 2795 3827 facit.
2822 3776 2878 3821 ut
2896 3768 3157 3831 videatur,
3184 3767 3382 3824 facere.
3414 3770 3617 3836 Quam-

2015 3859 2202 3915 obrem
2250 3875 2355 3913 non
2390 3858 2705 3928 simpliciter
2733 3875 2877 3924 rem,
2910 3859 3004 3914 sed
3038 3861 3365 3916 voluntatem
3416 3863 3497 3917 vel
3530 3877 3621 3932 pu-

2016 3954 2094 4007 nit
2119 3952 2207 4007 vel
2231 3962 2475 4006 coronat.
2504 3951 2614 4006 Nisi
2650 3953 2792 4006 enim
2829 3968 2890 4007 ea
2927 3952 3275 4007 adhiberetur
3302 3954 3575 4009 awumtio
3599 3996 3615 4019 ,

2015 4044 2117 4098 hoc
2162 4044 2361 4097 multos
2407 4042 2475 4095 ad
2520 4043 2920 4113 elcemosynam
2965 4044 3291 4115 erogandam
3339 4046 3619 4115 segniores

2012 4134 2356 4198 reddidisset,
2388 4133 2510 4203 quia
2534 4132 2585 4186 id
2620 4148 2724 4187 non
2755 4134 2949 4204 ubique
2970 4135 3107 4189 clam
3134 4135 3248 4190 fieri
3272 4146 3468 4205 potest.
3494 4136 3617 4190 Ideo

2014 4226 2083 4282 ab
2114 4226 2212 4282 hac
2243 4236 2291 4281 te
2317 4224 2603 4280 absolvens
2641 4226 2983 4293 necessitate,
3018 4244 3124 4281 non
3158 4228 3247 4281 fini
3271 4228 3485 4297 operis,
3518 4230 3620 4283 sed

2011 4317 2273 4371 voluntati
2304 4316 2544 4371 facientis
2569 4356 2585 4379 ,
2613 4323 2669 4371 et
2698 4330 2909 4385 pinnam
2938 4326 2992 4371 et
3014 4318 3319 4373 mercedem
3350 4320 3611 4374 decernit.

2012 4410 2090 4466 Ne
2109 4410 2257 4466 dicas
2282 4409 2446 4473 enim,
2471 4407 2607 4475 Quid
2637 4409 2858 4473 interest
2880 4424 2998 4464 mea
3021 4412 3065 4463 si
3090 4410 3225 4465 alius
3252 4411 3428 4466 videat
3450 4412 3473 4465 ?
3494 4411 3613 4468 Non

2012 4504 2114 4558 hoc
2140 4518 2343 4573 quzero.
2378 4500 2571 4571 inquit,
2601 4498 2696 4556 sed
2740 4509 2975 4556 mentem
3008 4514 3151 4557 tuam
3197 4513 3253 4557 et
3283 4503 3501 4558 modum
3532 4503 3613 4558 fa-

2010 4598 2216 4653 ciendae
2264 4595 2362 4651 rei.
2411 4596 2659 4651 Animam
2703 4596 2901 4665 quippe
2948 4597 3061 4651 vult
3106 4596 3431 4662 cﬂ‘ormare.
3464 4600 3616 4653 etab

2010 4690 2158 4745 omni
2189 4688 2379 4742 morbo
2408 4686 2660 4741 liberare.
2704 4685 2989 4756 Postquam
3032 4688 3194 4758 igitur
3227 4689 3417 4755 edixit,
3450 4706 3518 4743 ne
3544 4691 3611 4743 ad

2011 4782 2426 4835 ostentationem
2459 4778 2550 4832 flat
2571 4818 2586 4842 ,
2634 4786 2691 4832 et
2716 4777 2971 4833 damnum
3002 4780 3184 4835 docuit
3208 4796 3531 4851 emergens,
3566 4784 3611 4835 si

2013 4884 2214 4927 temere
2234 4880 2288 4926 et
2316 4870 2709 4926 inconsiderate
2733 4871 2843 4937 fiat,
2872 4887 3058 4926 rursus
3078 4874 3379 4929 auditorum
3402 4876 3613 4930 animos

2010 4967 2167 5038 erigit
2192 5008 2207 5031 ,
2248 4965 2463 5020 Patrem
2490 4979 2922 5019 commemorans
2956 4976 3115 5034 atque
3156 4968 3343 5022 caelum
3366 5010 3380 5031 ,
3415 4984 3482 5021 ne
3512 4968 3611 5022 da-

2010 5074 2195 5115 mnum
2218 5058 2390 5111 solum
2417 5064 2681 5127 tangeret,
2696 5057 2789 5111 sed
2809 5058 2968 5111 etiam
2990 5057 3164 5112 Patris
3184 5059 3439 5112 memoria
3455 5075 3614 5113 coer-

2010 5162 2174 5210 ceret.
2208 5149 2331 5205 Non
2361 5150 2604 5205 habebitis
2624 5192 2638 5215 ,
2673 5150 2845 5218 inquit
2872 5190 2885 5213 ,
2918 5149 3197 5203 mercedem
3228 5149 3368 5217 apud
3399 5147 3611 5204 Patrem

2010 5255 2227 5299 vestrum
2258 5244 2344 5313 qui
2374 5244 2425 5295 in
2452 5244 2588 5297 cit-lis
2620 5250 2709 5295 est.
2735 5240 2920 5310 Neque
2947 5241 3032 5295 hic
3061 5240 3283 5311 gradum
3306 5242 3485 5307 sistit,
3514 5243 3610 5297 sed

2010 5339 2147 5391 ultra
2178 5336 2450 5405 procedit;
2476 5348 2829 5403 magnamque
2847 5334 2926 5387 eis
2948 5334 3106 5403 hujus
3133 5334 3245 5387 vitii
3270 5334 3611 5389 aversionem

2011 5427 2168 5481 indit.
2210 5424 2671 5493 Quemadmodum
2718 5424 2860 5478 enim
2900 5440 3058 5491 supra
3093 5424 3405 5491 publicanos
3434 5426 3610 5479 ethni-

2010 5534 2209 5589 cosque
2238 5517 2451 5587 posuit,
2502 5525 2561 5570 ut
2609 5515 2917 5569 conditione
2958 5530 3309 5583 personarum
3355 5514 3478 5568 illos
3516 5516 3607 5584 qui

2011 5611 2126 5664 iure
2153 5611 2488 5664 imitarentur
2516 5607 2721 5677 pudore
2748 5607 2987 5661 afficeret
3015 5625 3028 5661 :
3059 5609 3126 5661 ita
3155 5607 3242 5662 hic
3271 5622 3484 5677 quoque
3512 5608 3608 5677 hy-

2010 5701 2243 5770 pocritas
2266 5710 2547 5754 memorat.
2578 5698 2631 5753 2.
2663 5697 2788 5752 Cum
2810 5699 2954 5766 facis,
2987 5698 3178 5767 inquit.
3205 5700 3606 5767 eleemosynam,

2011 5792 2113 5846 nali
2146 5790 2261 5843 tuba
2288 5806 2466 5841 canere
2496 5799 2612 5841 ante
2641 5799 2687 5841 te
2710 5830 2723 5849 ,
2771 5790 2899 5841 sicut
2942 5788 3221 5859 hypocrin
3251 5788 3463 5857 faciunt.
3499 5787 3612 5843 lloc

2011 5887 2133 5937 dicit
2162 5928 2174 5941 .
2206 5901 2309 5937 non
2341 5882 2481 5951 quod
2513 5884 2583 5935 illi
2626 5883 2779 5936 tubas
2808 5882 3093 5945 haberent,
3126 5883 3219 5937 scd
3262 5892 3314 5934 ttt
3349 5893 3599 5948 magnam
