4114 6476
562 439 667 494 ἳτῖἵ
678 464 689 473 ·

565 551 821 606 insaniant
841 547 1106 610 ostendat,
1130 544 1230 600 hac
1250 543 1558 613 metaphora
1586 543 1702 595 illos
1722 541 1926 595 deridet
1953 550 2006 593 et
2026 549 2135 592 tra-

561 644 739 704 ducit;
789 650 946 710 atque
975 639 1140 710 probe
1182 637 1489 712 hypocritas
1535 645 1705 688 vocat.
1740 633 1901 686 Larva
1943 635 2138 700 quippe

561 734 913 803 cleemosyme
957 740 1108 786 erat:
1141 744 1292 783 meus
1331 743 1456 782 vero
1486 726 1862 780 immanitatem
1902 723 2137 776 crudeli-

562 831 828 890 tatemque
873 821 1246 875 meditabatur.
1289 817 1403 872 Nott
1447 817 1585 869 enim
1634 815 1685 868 id
1727 815 1952 883 agebant
1998 814 2136 883 quod

564 910 833 980 proximos
861 911 1259 967 miserarentur,
1290 905 1383 960 sed
1408 915 1463 958 ιιι
1490 906 1586 973 ipsi
1617 905 1779 974 gloria
1801 903 2136 958 fruerentur:

562 1003 702 1069 quod
745 1012 998 1055 extremm
1024 1009 1139 1053 erat
1164 997 1522 1060 crudelitatis,
1552 998 1655 1050 alio
1684 997 1821 1051 fame
1853 1007 2137 1064 pereunte,

566 1092 818 1142 honorem
848 1100 1062 1156 captare
1088 1129 1100 1143 .
1136 1103 1238 1138 non
1285 1088 1398 1153 ejus
1437 1088 1624 1155 inopia!
1661 1088 1956 1142 consulere.
2006 1085 2137 1138 Vera

564 1196 692 1250 ergo
717 1183 1055 1250 eleetnosyua
1081 1195 1186 1232 uou
1211 1189 1288 1232 est
1322 1181 1493 1248 largiri
1524 1188 1745 1243 tantttm,
1775 1179 1865 1231 sed
1900 1188 1954 1231 ut
1983 1194 2141 1245 opor-

568 1282 642 1324 tet
667 1271 814 1335 dare,
843 1281 894 1326 et
924 1281 1138 1340 propter
1170 1271 1397 1338 inepiam
1425 1271 1572 1324 dare.

634 1365 688 1418 2.
735 1365 1014 1420 Ostentatio
1054 1382 1086 1416 η
1125 1364 1321 1418 Christo
1357 1364 1605 1434 prohibita
1630 1379 1651 1415 .·
1693 1361 2006 1415 Humilitatis
2029 1365 2141 1431 [rit-

563 1468 690 1510 ctus.
731 1456 886 1511 Vana:
913 1458 1089 1528 gloriae
1118 1458 1374 1510 damnum.
1402 1488 1468 1500 —
1496 1457 1781 1524 Postquam
1823 1455 1978 1524 igitur
2015 1459 2142 1509 satis

569 1552 686 1605 illos
717 1553 947 1606 traduxit
972 1563 1026 1606 et
1065 1554 1258 1606 notarit
1281 1593 1296 1614 ,
1328 1561 1383 1603 ut
1413 1550 1704 1604 auditorem
1740 1551 1937 1619 pudore
1968 1549 2144 1602 allice-

569 1654 682 1701 ret.
723 1645 832 1711 jam
873 1645 1087 1711 corrigit
1131 1652 1362 1698 mentem
1405 1642 1504 1695 hoc
1543 1643 1727 1694 morbo
1772 1641 2139 1694 laborantem:

569 1749 793 1802 cumque
824 1733 1142 1788 ostendisset
1177 1733 1446 1801 quomodo
1477 1748 1579 1784 non
1609 1732 1722 1784 licri
1753 1731 1992 1794 deberet,
2023 1748 2142 1783 ruro

570 1840 659 1878 sus
700 1826 965 1893 quomodo
1008 1826 1116 1877 lieri
1159 1825 1351 1878 debeat
1380 1822 1633 1876 ost~ndit.
1671 1823 1956 1887 Quomodo‘
1991 1822 2147 1890 igitur

575 1917 685 1968 fieri
713 1917 910 1969 debet?
938 1918 990 1970 5.
1023 1915 1226 1969 Nesciet
1252 1916 1454 1969 sinistra
1499 1927 1584 1967 tua
1626 1917 1745 1984 quid
1789 1916 1912 1984 facit
1944 1915 2147 1968 dextera

574 2017 678 2057 tua.
709 2007 910 2060 Rursus
942 2008 1024 2061 hic
1056 2023 1160 2059 non
1181 2023 1377 2086 manus
1404 2006 1736 2065 subintlicat;
1770 2007 1861 2059 so-d
1885 2007 2150 2073 livperbo-

574 2098 672 2151 lice
703 2097 751 2149 id
789 2099 981 2164 posuit.
1012 2097 1144 2152 Nam
1180 2099 1221 2151 si
1255 2098 1367 2152 lieri
1400 2107 1606 2167 posset,
1638 2098 1803 2166 inquit
1828 2138 1842 2159 ,
1875 2107 1929 2150 ut
1958 2108 2008 2148 ttt
2039 2098 2150 2164 ipse

575 2189 847 2256 ignorares
868 2231 881 2248 ,
916 2187 1042 2242 illud
1071 2189 1228 2242 etiam
1257 2189 1548 2244 curandum
1577 2197 1736 2251 esset,
1766 2189 1923 2242 etiam
1954 2190 1996 2241 si
2026 2205 2149 2255 pos-

574 2289 654 2333 set
685 2282 793 2333 lieri
829 2281 969 2346 ipsas
997 2296 1182 2333 manus
1205 2281 1564 2333 ministrantes
1588 2280 1754 2333 latere
1773 2279 2010 2333 deberet.
2035 2277 2147 2332 Non

578 2380 635 2422 ut
678 2371 888 2438 quidam
937 2371 1115 2424 dicunt
1143 2413 1155 2428 .
1187 2370 1238 2423 id
1273 2371 1448 2438 pravis
1494 2368 1865 2423 occultandum
1903 2379 2150 2436 oportere

577 2461 872 2513 hominibus
898 2479 910 2512 :
943 2462 1146 2513 cunctis
1173 2462 1312 2514 enim
1336 2461 1493 2528 jussit
1523 2460 1793 2513 abscondi.
1822 2459 2019 2513 Deinde
2061 2475 2152 2512 co-

573 2553 677 2619 gita
717 2563 909 2620 quanta
956 2553 1024 2604 sit
1054 2567 1278 2605 merces.
1325 2552 1609 2619 Postquam
1656 2550 1795 2602 enim
1837 2549 2150 2618 supplicium

576 2646 836 2708 edixerat,
869 2645 1096 2699 ostendit
1120 2644 1240 2699 hinc
1267 2643 1655 2710 decernendum
1682 2643 1957 2706 honorem,
1985 2646 2155 2697 utrin-

577 2753 681 2806 que
726 2753 816 2791 eos
845 2738 1119 2805 impellens
1159 2747 1210 2790 et
1245 2736 1307 2788 ad
1333 2736 1612 2789 sublimem
1639 2751 1800 2803 agens
1829 2735 2148 2789 doctrinam.

580 2830 741 2883 Docet
762 2829 956 2897 quippe
985 2837 1040 2882 ttt
1066 2828 1232 2881 sciant
1258 2828 1452 2896 ubique
1477 2829 1640 2881 Deum
1665 2842 1784 2882 esse
1814 2837 2150 2894 praesentem,

578 2936 768 2988 resque
797 2930 1007 2974 nostras
1035 2935 1137 2972 non
1168 2934 1286 2972 esse
1316 2920 1593 2986 praesentis
1623 2920 1743 2972 vitae
1775 2921 2026 2971 limitibus
2051 2920 2155 2972 cir-

576 3009 945 3076 cumscriptas,
979 3011 1069 3061 sed
1101 3008 1386 3061 terribilius
1409 3008 1529 3061 hinc
1557 3022 1653 3060 nos
1673 3017 2013 3074 escepturutn
2038 3022 2156 3061 esse

583 3100 833 3159 tribunal,
855 3109 904 3152 et
930 3099 1160 3152 rationes
1189 3098 1483 3152 reddendas
1513 3098 1623 3152 fore
1645 3111 1855 3151 actuum
1880 3099 2113 3151 omnium
2138 3114 2152 3160 ;

582 3190 806 3256 hincque
839 3189 915 3242 vel
939 3188 1170 3242 honores
1196 3189 1278 3241 vel
1299 3188 1573 3254 supplicia,
1605 3202 1667 3240 ac
1690 3201 1786 3241 nec
1813 3202 2029 3255 parvum
2057 3203 2156 3241 nec

579 3297 824 3349 magnum
851 3296 984 3347 opus
1018 3281 1180 3334 latere
1216 3294 1406 3348 posse,
1440 3280 1563 3333 licet
1605 3279 1843 3332 homines
1872 3279 2035 3332 latere
2070 3279 2118 3333 vi
2140 3310 2152 3320 -

579 3374 784 3426 deatur.
827 3372 946 3425 llzec
995 3373 1190 3440 quippe
1217 3371 1391 3423 omnia
1439 3371 1791 3422 subindieavit
1827 3370 2046 3423 dicens:
2096 3371 2150 3423 4.

586 3461 739 3515 Pater
770 3473 912 3524 tuus,
941 3463 1025 3530 qui
1055 3463 1184 3513 videt
1214 3462 1266 3513 in
1294 3460 1583 3513 abscondito
1609 3501 1622 3523 ,
1656 3459 1829 3512 reddet
1855 3459 1940 3511 tibi
1969 3461 2023 3512 in
2048 3476 2156 3511 ma-

582 3557 761 3622 nifesto
785 3571 800 3606 :
831 3568 1074 3620 maguum
1103 3563 1155 3605 et
1182 3551 1492 3606 honorabile
1524 3550 1786 3605 theatrum
1831 3551 1925 3617 ipsi
1953 3551 2154 3604 consti-

583 3656 735 3698 tuens
759 3686 773 3706 ,
804 3646 887 3696 ubi
918 3645 966 3696 id
994 3642 1132 3712 quod
1159 3643 1516 3712 concupiscit,
1545 3643 1592 3696 ei
1614 3642 1823 3696 abunde
1868 3642 2152 3696 admodum

579 3736 804 3787 dabitur.
855 3735 986 3798 Quid
1039 3734 1154 3786 vis?
1200 3734 1431 3800 inquiet:
1481 3750 1657 3787 annon
1705 3735 1912 3801 aliquos
1958 3734 2153 3788 habere

578 3838 848 3894 gestorum
897 3826 1264 3893 Spectatores?
1295 3825 1431 3878 Ecce
1456 3825 1619 3878 habes
1647 3866 1660 3884 ,
1706 3841 1807 3877 non
1856 3827 2072 3895 angelos
2103 3834 2156 3879 et

578 3918 922 3982 :‘tl‘Citﬂltgt'ittS
967 3926 1167 3968 tantum
1195 3957 1208 3978 ,
1251 3917 1342 3968 sed
1385 3925 1440 3969 et
1481 3917 1843 3972 universorum
1879 3915 2039 3969 Deum
2067 3935 2080 3970 :
2108 3919 2152 3972 si

577 4009 735 4061 etiam
782 4006 1023 4060 homines
1074 4007 1266 4059 lmbcre
1308 4015 1634 4071 spectatores
1675 4009 2042 4074 concupiscis,
2085 4024 2152 4062 ne

580 4099 677 4150 hoc
705 4098 915 4164 quidem
961 4097 1280 4150 desidet-ium
1320 4096 1487 4149 fructu
1530 4111 1751 4150 vacuum
1783 4099 1882 4151 erit
1911 4108 2150 4167 tempore

577 4203 911 4260 opportuno;
948 4191 1053 4241 imo
1084 4189 1130 4240 id
1162 4189 1249 4241 tibi
1279 4204 1399 4240 eum
1429 4187 1614 4252 majori
1643 4176 1857 4242 cumulo
1888 4191 2151 4256 priestubi-

577 4293 680 4334 tur.
717 4282 862 4334 Nunc
902 4280 1041 4331 enim
1072 4281 1113 4330 si
1160 4289 1208 4330 te
1255 4278 1606 4329 ostentat/eris
1634 4322 1645 4336 ,
1676 4278 1812 4344 apud
1854 4278 2036 4331 decem
2067 4279 2149 4332 vel

576 4372 782 4440 viginti,
809 4372 888 4424 vel
921 4380 1130 4423 centum
1161 4368 1401 4420 homines
1433 4378 1634 4419 tantum
1666 4377 1934 4421 ostentare
1968 4378 2016 4422 te
2050 4385 2146 4435 po-

577 4463 737 4522 teris;
768 4463 847 4513 siu
881 4458 1093 4511 studeas
1124 4472 1260 4508 nunc
1291 4458 1473 4517 latere,
1495 4464 1617 4508 luuc
1650 4458 1834 4521 teipse
1860 4457 1997 4510 Deus
2023 4472 2151 4524 prte-

573 4552 789 4608 dicabit,
818 4560 926 4603 toto
956 4560 1214 4617 przescnto
1243 4548 1386 4598 orbe.
1417 4546 1594 4614 Itaque
1635 4547 1677 4598 si
1713 4555 1985 4614 tantopere
2018 4548 2148 4601 velis

579 4642 818 4696 homines
847 4648 992 4708 gesta
1021 4647 1104 4689 tua
1130 4637 1331 4699 videre,
1361 4637 1625 4690 absconde
1649 4652 1786 4689 nunc
1814 4637 1919 4701 illa,
1948 4646 2002 4690 ιιι
2024 4653 2142 4691 cum

575 4732 761 4798 tuajoti
797 4731 995 4782 honore
1025 4738 1114 4779 tuo
1147 4727 1230 4778 illa
1262 4741 1446 4778 omnes
1477 4735 1600 4778 tunc
1629 4727 1857 4786 videant,
1891 4727 1995 4777 Dro
2032 4727 2140 4794 ipsa

576 4821 848 4876 numifesta
883 4821 1154 4879 reddente,
1189 4820 1476 4871 extollente
1504 4857 1516 4876 ,
1550 4826 1601 4870 et
1630 4818 1766 4884 apud
1797 4834 1982 4872 oumes
2011 4835 2143 4887 pra?—

571 4915 803 4967 dicaute.
833 4911 980 4964 Nune
1013 4923 1187 4962 autem
1224 4919 1272 4960 te
1318 4912 1404 4974 qui
1443 4908 1673 4960 viderint
1699 4909 2053 4972 damnabunt,
2089 4922 2143 4964 ιιι

570 5021 718 5056 ι’τιιιςιε
744 5003 925 5071 gloria:
952 5001 1196 5068 cupidmu
1223 5017 1236 5056 ;
1260 5014 1378 5051 cum
1403 5011 1559 5065 parre
1585 5009 1632 5051 te
1660 5010 1967 5052 corOuatuut
1999 5001 2139 5053 vide-

569 5096 720 5157 bunt,
752 5109 854 5145 non
879 5093 1034 5144 tnudo
1062 5105 1164 5142 non
1191 5090 1534 5150 damnabunt,
1567 5089 1656 5141 sed
1683 5091 1840 5141 etiam
1872 5091 2141 5143 mirabun-

569 5198 653 5256 tur
679 5199 885 5239 omnes.
918 5184 1050 5236 Cum
1082 5184 1257 5250 itaque
1287 5193 1338 5234 et
1370 5196 1574 5234 merces
1621 5192 1796 5249 parata
1827 5183 1888 5234 :il
1919 5225 1931 5240 ,
1965 5193 2017 5236 et
2043 5185 2137 5235 :ttl-

525 5294 532 5303 '
567 5277 830 5333 miratioui
869 5277 1074 5328 futurus
1099 5276 1194 5335 sis,
1224 5273 1267 5325 si
1304 5273 1514 5341 paulum
1563 5274 1814 5341 temporis
1838 5287 2134 5340 exspectes,

565 5371 732 5438 cogita
756 5375 962 5435 quanta:
984 5365 1218 5418 stultitia!
1235 5374 1377 5418 esset
1400 5373 1678 5431 utrumque
1699 5366 1852 5416 Sitttttl
1873 5367 2134 5425 :uuittere,

561 5461 686 5512 dunt
717 5474 765 5510 et
794 5474 822 5509 a
847 5458 957 5510 Deo
979 5440 1180 5509 merces
1204 5456 1418 5525 petitur,
1442 5463 1495 5508 et
1524 5457 1630 5508 Deo
1657 5456 1863 5507 vidente
1894 5457 2135 5508 homines

567 5558 853 5602 evocantur
891 5557 1159 5614 gestorum
1205 5556 1548 5613 speetalorcs.
1582 5546 1632 5598 Si
1663 5546 1799 5596 cniut
1833 5562 1926 5596 nos
1952 5555 2133 5599 ostru-

565 5651 678 5693 tare
709 5638 972 5701 volumus,
1007 5637 1146 5690 Patri
1170 5647 1292 5691 ante
1319 5637 1492 5690 omnia
1524 5653 1640 5690 sese
1669 5637 1948 5691 ostendere
1978 5653 2138 5704 opor-

563 5739 636 5782 ti-t
664 5746 677 5790 ;
716 5729 945 5781 maxime
974 5741 1100 5781 vero
1130 5742 1247 5780 cum
1277 5737 1329 5781 et
1360 5727 1646 5781 coronaudi
1689 5735 1740 5780 et
1771 5728 2016 5794 puniendi
2040 5727 2134 5780 do-

561 5820 737 5870 minus
764 5820 828 5872 sit
856 5817 1027 5871 l’atcr.
1049 5816 1202 5872 Certe
1229 5819 1432 5871 etiamsi
1459 5821 1656 5871 nullum
1685 5817 1805 5872 hinc
1826 5824 2136 5886 sequeretur

1299 429 1356 486 ε.
1399 425 1676 484 JOANNIS
1713 417 2210 480 ClllHSOSTOlll.
2245 421 2562 476 AllClllEP.
2605 423 3140 479 CONSTANTINOP.

3724 428 3830 484 9.76

2252 541 2504 594 damnum
2527 582 2542 605 ,
2565 556 2670 594 non
2693 551 2964 610 Oporteret
2986 543 3168 611 gloria:
3195 544 3444 613 cupidum
3470 587 3484 607 ,
3514 545 3616 600 hoc
3643 549 3832 603 relicto

2246 632 2454 686 theatro
2479 633 2752 686 hominum
2781 643 3034 700 expetere
3077 634 3362 688 theatrum.
3412 635 3542 702 Quis
3583 637 3730 691 enim
3759 641 3830 693 ita

2245 724 2407 777 miser
2436 733 2598 785 esset,
2631 735 2685 778 ut
2713 739 2836 780 reue
2863 724 3146 778 festinante
3163 726 3227 778 ad
3251 735 3395 780 recte
3423 726 3682 779 factorum
3713 727 3832 795 ejus

2246 818 2604 885 spectaculum
2656 814 2928 878 accedere,
2963 814 3051 867 illo
3095 815 3299 876 relicto,
3332 830 3621 884 pauperum
3671 827 3831 884 atque

2247 903 2609 962 meudicorum
2662 908 2759 962 sibi
2810 908 3170 975 spectaculum
3215 910 3511 964 statueret?
3553 909 3675 962 Ideo
3723 924 3830 962 non

2248 1003 2407 1054 modo
2435 1003 2670 1071 praecipit
2701 1011 2756 1054 ut
2801 1017 2898 1054 nos
2928 1017 3031 1054 non
3058 1011 3423 1066 ostentemus,
3467 1002 3559 1056 sed
3587 1001 3746 1055 etiam
3777 1013 3832 1054 ut

2247 1093 2415 1147 latere
2457 1094 2783 1147 Studeamus.
2821 1094 2933 1145 Non
2967 1096 3107 1146 enim
3140 1095 3342 1163 ecquale
3370 1105 3482 1158 est,
3526 1110 3632 1148 non
3654 1111 3717 1150 se
3739 1110 3830 1150 os-

2250 1186 2484 1240 tentandi
2512 1186 2742 1239 studiutu
2775 1187 2973 1241 habere
2997 1228 3011 1247 ,
3041 1198 3095 1240 et
3125 1188 3352 1242 latebras
3390 1205 3650 1256 qua-rere.
3681 1191 3733 1242 5.
3771 1187 3833 1243 Et

2250 1293 2362 1328 cum
2398 1278 2553 1330 oratis
2576 1318 2590 1338 ,
2624 1279 2779 1330 nolite
2813 1279 2921 1342 ﬁeri
2968 1280 3095 1330 sicut
3122 1280 3398 1346 hypocrita
3421 1320 3435 1344 ,
3468 1281 3554 1349 qui
3586 1292 3760 1332 ainant
3783 1284 3832 1332 iu

2249 1369 2519 1436 synagogis
2560 1378 2606 1420 et
2630 1369 2682 1419 in
2713 1371 2912 1437 angulis
2953 1373 3230 1438 platearum
3255 1382 3442 1424 stantes
3466 1388 3611 1424 orare
3633 1412 3647 1435 ,
3681 1385 3735 1424 ut
3764 1373 3834 1424 vi-

2251 1457 2463 1511 deantur
2486 1458 2547 1511 ob
2575 1458 2877 1513 hominibus.
2902 1463 3058 1514 Amen
3076 1462 3188 1514 dico
3210 1463 3366 1524 vobis,
3387 1473 3678 1532 receperunt
3707 1479 3835 1516 mer-

2250 1551 2418 1602 cedem
2446 1566 2609 1602 suam.
2645 1551 2696 1605 6.
2729 1550 2803 1603 Tu
2833 1562 2997 1604 autem
3039 1569 3152 1605 cum
3179 1554 3397 1607 oraveris
3415 1593 3430 1618 ,
3465 1555 3599 1606 intra
3627 1555 3678 1606 in
3704 1555 3836 1606 cubi-

2252 1644 2422 1696 culum
2453 1653 2594 1696 tuuut
2620 1685 2632 1708 ,
2666 1654 2713 1697 et
2739 1646 2912 1697 clauso
2944 1647 3093 1708 ostio,
3125 1662 3214 1698 ora
3236 1645 3445 1698 Patrem
3480 1657 3621 1699 tuum
3647 1649 3732 1712 qui
3763 1661 3831 1699 est

2253 1737 2303 1789 iu
2330 1737 2641 1792 abscondito.
2685 1739 2912 1793 Rursum
2946 1739 3040 1792 hos
3073 1739 3373 1808 hypocritas
3404 1753 3595 1806 vocat,
3639 1752 3693 1796 ct
3716 1743 3836 1811 jure

2253 1825 2465 1894 quidem
2495 1843 2508 1878 :
2533 1828 2652 1895 quia
2680 1842 2801 1881 cum
2833 1845 2889 1881 se
2916 1830 3078 1883 Deum
3106 1845 3259 1885 orare
3290 1832 3562 1896 simulant,
3595 1833 3836 1887 homines

2255 1917 2707 1985 circumspiciunt,
2741 1934 2843 1973 non
2873 1921 3170 1988 supplicum
3201 1930 3346 1975 veste
3367 1923 3556 1984 induti,
3589 1925 3682 1977 sed
3712 1925 3839 1976 ridi-

2255 2009 2494 2061 culorum
2545 2010 2838 2065 hominum.
2882 2014 2979 2078 Qui
3025 2016 3167 2068 enim
3210 2016 3275 2068 ad
3323 2017 3730 2086 supplicandum
3781 2037 3837 2074 se

2255 2110 2519 2169 prirparat
2539 2142 2554 2165 ,
2582 2103 2831 2157 onmihus
2853 2105 3074 2170 relictis,
3109 2107 3251 2160 illum
3283 2109 3514 2164 intuetur
3542 2125 3727 2175 unum,
3751 2114 3837 2179 qui

2258 2203 2430 2260 potest
2457 2195 2716 2262 postulata
2749 2197 2895 2250 dare.
2927 2198 3077 2265 Quod
3107 2200 3150 2252 si
3184 2201 3275 2251 illo
3303 2201 3508 2264 relicto,
3542 2203 3838 2257 circumeas

2259 2298 2444 2337 errans
2469 2326 2483 2349 ,
2516 2296 2569 2338 et
2598 2286 2829 2354 ttttdiquc
2877 2291 3308 2359 cirrumspiciens
3330 2333 3344 2352 ,
3389 2292 3564 2346 vat-uis
3595 2295 3838 2346 immitius

2246 2377 2530 2432 obscedes.
2567 2379 2674 2431 lloe
2700 2384 2843 2438 enim
2883 2391 2936 2435 tu
2975 2382 3204 2436 voluisti.
3233 2384 3356 2439 Ideo
3388 2399 3494 2438 non
3525 2385 3675 2450 dixit,
3705 2386 3834 2438 tales

2261 2467 2504 2524 homines
2540 2474 2834 2526 mercedem
2869 2492 2971 2526 non
3016 2488 3328 2543 accepturos
3365 2493 3519 2539 esse,
3546 2480 3640 2532 sed
3689 2495 3838 2534 rece-

2262 2571 2435 2637 pisse;
2461 2571 2510 2623 id
2533 2580 2615 2625 est
2637 2613 2651 2634 ,
2683 2572 2940 2640 recipient
2964 2574 3174 2641 quidem
3199 2615 3210 2635 ,
3241 2576 3332 2630 St‘d
3362 2592 3391 2629 τι
3415 2577 3605 2645 quibus
3630 2578 3838 2632 deside-

2261 2671 2398 2713 rant.
2438 2660 2553 2714 Non
2581 2663 2722 2716 enim
2758 2663 2856 2716 hoc
2895 2664 3032 2717 licus
3073 2666 3301 2726 volebat,
3331 2666 3423 2721 sed
3450 2669 3694 2735 cupiebat
3730 2671 3838 2737 ipse

2259 2769 2410 2806 suam
2435 2755 2672 2822 praebere
2703 2757 3021 2810 mercedem.
3058 2759 3132 2811 llli
3165 2775 3293 2814 vero
3322 2762 3619 2814 mercedem
3655 2762 3723 2813 ab
3750 2761 3839 2813 ho.

2263 2845 2494 2899 minibus
2524 2859 2829 2915 quaerentes
2852 2888 2868 2911 ,
2897 2866 3001 2901 nou
3035 2851 3102 2902 ab
3144 2851 3234 2903 illo
3263 2862 3530 2906 tuerentur
3556 2854 3800 2920 accipere
3823 2897 3838 2913 .

2265 2947 2482 3006 propter
2511 2955 2667 3007 quem
2691 2940 2820 2993 nihil
2851 2939 3108 2995 fecerunt.
3127 2943 3204 2997 Tu
3232 2960 3356 2997 vero
3378 2946 3507 2999 mihi
3533 2946 3839 3000 consideres

2263 3031 2416 3083 velim
2450 3031 2538 3086 llei
2584 3032 2959 3102 benignitatem
2981 3078 2995 3098 ,
3029 3041 3282 3103 quoniam
3309 3042 3372 3093 de
3398 3039 3588 3106 quibus
3619 3055 3646 3092 a
3691 3039 3841 3093 nobis

2264 3133 2478 3189 rogatur
2505 3123 2657 3177 bonis
2681 3165 2696 3184 ,
2726 3126 3025 3179 mercedem
3055 3141 3112 3180 se
3141 3129 3385 3180 daturum
3429 3131 3724 3196 pollicetur.
3759 3131 3840 3183 γε-

2264 3221 2513 3279 tuperans
2561 3213 2719 3282 igitur
2757 3215 2912 3276 illos,
2956 3219 3043 3285 qui
3090 3235 3192 3270 non
3241 3228 3296 3271 ut
3338 3219 3490 3273 decet
3535 3220 3635 3274 hoc
3666 3220 3841 3276 ofﬁcio

2262 3315 2500 3365 utuntur.
2531 3316 2641 3362 tum
2668 3323 2696 3361 a
2729 3308 2864 3375 loco,
2894 3319 3000 3363 ltlttt
3032 3311 3099 3364 ab
3129 3311 3339 3375 aﬂ'ectu,
3370 3329 3490 3367 eum
3521 3315 3841 3370 ostendisset

2261 3398 2379 3452 illos
2408 3399 2690 3453 admodum
2721 3401 2970 3456 ridiculos
3000 3419 3138 3461 esse.
3162 3406 3416 3474 optimum
3447 3409 3705 3463 orationis
3735 3424 3843 3463 mo-

2262 3488 2386 3543 dum
2428 3489 2663 3552 iuducit,
2698 3503 2751 3545 et
2796 3509 2978 3546 rursus
3028 3497 3328 3549 mercedem
3360 3497 3541 3551 tribuit
3569 3542 3580 3561 ,
3607 3499 3792 3554 dicens
3828 3519 3838 3553 :

2261 3581 2409 3635 Intra
2435 3586 2486 3636 in
2517 3585 2800 3637 cubiculum
2829 3599 2986 3638 (utrm.

2331 3677 2382 3730 5.
2413 3678 2589 3743 Qualis
2611 3681 2891 3748 requiratur
2910 3682 2959 3732 in
2983 3682 3207 3732 oratione
3227 3681 3502 3735 humilitas.
3531 3684 3709 3737 Oratio
3731 3701 3840 3738 cum

2259 3769 2529 3820 voluntatis
2559 3769 2725 3821 studio
2754 3771 3041 3822 emittenda.
3079 3770 3344 3825 Precautis
3373 3789 3471 3826 non
3502 3791 3600 3827 ros:
3626 3776 3841 3845 requiri-

2261 3871 2359 3912 tur.
2390 3891 2458 3899 —
2482 3861 2614 3927 Quid
2646 3862 2819 3929 igitur.
2856 3862 3042 3931 inquit,
3074 3865 3123 3915 in
3155 3865 3378 3918 ecclesia
3409 3881 3513 3919 nou
3545 3868 3842 3922 orandum?

2257 3951 2394 4006 Sane
2419 3952 2629 4020 quidem
2672 3957 2927 4008 orandum
2949 3997 2961 4015 ,
2995 3957 3086 4008 sed
3119 3972 3238 4010 cum
3272 3959 3534 4012 voluntate
3567 3961 3673 4013 tali.
3711 3961 3837 4014 Nam

2258 4046 2396 4100 Deus
2421 4046 2613 4114 ubique
2637 4062 2754 4100 cum
2789 4050 2873 4109 sit,
2902 4061 3169 4118 gestorum
3197 4065 3414 4120 sceputn
3441 4055 3680 4122 requirit.
3706 4054 3840 4108 Alio-

2255 4139 2379 4204 quin
2411 4138 2455 4190 si
2485 4139 2536 4190 in
2566 4138 2867 4192 cubiculum
2906 4141 3174 4206 ingressus
3203 4142 3276 4194 sis
3299 4183 3312 4206 ,
3342 4143 3664 4211 jauuamque
3691 4146 3838 4199 clau-

2255 4228 2348 4280 das
2371 4269 2386 4290 ,
2417 4229 2574 4295 idque
2609 4231 2671 4280 ad
2703 4232 3107 4284 ostentationem
3152 4234 3342 4297 lacius,
3379 4235 3504 4288 nihil
3538 4237 3626 4289 tibi
3661 4239 3839 4301 januis

2258 4332 2390 4385 opus
2420 4327 2521 4372 est.
2556 4319 2683 4372 Vide
2715 4321 2869 4388 igitur
2909 4331 2961 4374 et
2999 4323 3082 4374 hic
3121 4339 3278 4391 quam
3309 4335 3609 4378 accuratam
3643 4327 3834 4382 distiu-

2254 4410 2484 4463 ctionem
2515 4412 2747 4480 posuerit
2773 4411 2975 4476 dieens,
3010 4411 3075 4465 Ut
3098 4425 3375 4481 appareant
3400 4415 3703 4471 hominibus.
3735 4419 3836 4472 Ita-

2253 4517 2358 4570 que
2403 4505 2607 4558 etiamsi
2645 4504 2833 4573 jauuas
2874 4504 3163 4566 clauseris,
3212 4507 3260 4559 id
3306 4516 3356 4560 te
3399 4508 3510 4562 vult
3551 4521 3833 4580 antequam

2253 4595 2469 4650 claudas
2499 4606 2640 4650 recte
2668 4595 2841 4652 facere
2865 4638 2877 4657 .
2910 4614 3102 4666 nempe
3127 4609 3183 4652 ut
3208 4600 3368 4654 etiam
3398 4604 3590 4657 mentis
3621 4616 3723 4658 tute
3749 4607 3832 4672 ja-

2255 4702 2386 4741 uuas
2414 4689 2644 4742 claudas.
2679 4689 2807 4742 Nam
2841 4705 2970 4741 vana
3012 4690 3176 4758 gloria
3220 4707 3432 4758 semper
3461 4707 3680 4747 tacuutn
3714 4711 3832 4750 esse

2251 4779 2505 4846 optimum
2532 4790 2644 4843 est;
2676 4781 2904 4835 maxime
2933 4797 3060 4834 vero
3089 4784 3139 4835 in
3168 4783 3425 4837 oratione.
3457 4782 3513 4839 Si
3539 4789 3680 4840 enim
3713 4789 3832 4841 abs-

2250 4886 2354 4939 que
2391 4870 2490 4923 hoc
2530 4873 2653 4926 vitio
2693 4883 2870 4926 mente
2910 4888 3182 4934 erramus,
3216 4884 3267 4927 et
3297 4875 3756 4943 circumferimur;
3785 4881 3830 4934 si

2249 4978 2368 5014 cum
2400 4963 2496 5014 hoc
2528 4966 2708 5016 morbo
2741 4965 3117 5033 ingrediantur,
3147 4965 3481 5034 quandonatn
3513 4983 3574 5020 ea
3601 4984 3721 5037 quze
3745 4970 3826 5022 di-

2249 5056 2417 5105 cimus
2460 5054 2771 5109 audiemus?
2807 5057 2886 5110 siu
2935 5073 3030 5108 nos
3069 5057 3156 5125 qui
3198 5059 3553 5127 supplicamus
3584 5070 3636 5113 et
3667 5061 3827 5115 obse-

2247 5163 2456 5199 c:aouts
2478 5187 2492 5209 ,
2525 5165 2625 5200 non
2654 5150 2895 5202 audimus
2917 5191 2929 5213 ,
2958 5150 3223 5217 quomodo
3253 5151 3412 5203 Deum
3447 5161 3501 5204 ιιι
3525 5152 3708 5205 audiat
3735 5168 3824 5208 ro-

2244 5241 2466 5300 gamus?
2495 5242 2736 5292 Attamen
2769 5243 2978 5308 quidam
3019 5253 3140 5296 sunt
3174 5245 3260 5312 qui
3305 5254 3422 5312 post
3465 5253 3539 5297 tot
3576 5255 3825 5315 lautaque

2247 5344 2504 5399 pra-cepta
2536 5337 2603 5388 ita
2635 5337 2851 5401 turpiter
2873 5334 2924 5386 in
2948 5337 3187 5390 oratione
3213 5350 3270 5390 se
3296 5346 3505 5404 gerunt,
3533 5347 3590 5390 ut
3612 5339 3818 5395 etiamsi

2244 5437 2467 5487 Corpore
2497 5424 2683 5478 occulti
2715 5425 2817 5476 sint
2842 5466 2856 5488 ,
2893 5441 3018 5478 voce
3058 5428 3301 5481 omnibus
3331 5441 3390 5480 se
3425 5429 3616 5481 l’aciant
3647 5431 3810 5482 maui-

2245 5510 2435 5582 festus,
2467 5515 2759 5568 s.-urrilitcr
2788 5517 3077 5570 clamantes
3101 5559 3116 5580 ,
3147 5528 3197 5570 ct
3229 5518 3406 5570 habitu
3438 5534 3671 5590 voceque
3701 5535 3822 5575 sese

2245 5602 2493 5655 ridiculos
2533 5606 2862 5660 exhibentes.
2902 5615 3094 5662 Annon
3136 5611 3280 5663 vides
3314 5611 3471 5664 etiam
3506 5611 3555 5663 in
3590 5615 3706 5666 loro
3730 5655 3742 5676 ,
3773 5611 3818 5669 si

2240 5702 2359 5767 quis
2389 5696 2455 5746 ita
2486 5711 2542 5750 se
2572 5708 2741 5764 gerat,
2771 5709 2823 5751 ct
2846 5715 2964 5752 cum
2992 5701 3222 5756 clamore
3246 5703 3523 5770 supplicet,
3549 5715 3820 5771 quomodo

2244 5795 2384 5846 illum
2410 5804 2565 5847 etiam
2597 5809 2752 5862 quem
2793 5802 2941 5862 rogat
2970 5803 3212 5847 :unoveat
3238 5810 3250 5856 ;
3281 5795 3323 5848 si
3354 5803 3526 5849 autem
3556 5797 3739 5861 quiete
3767 5807 3817 5854 et
