4114 6474
266 417 365 474 2⁸27

260 548 384 586 cum
415 530 625 588 decenti
663 529 894 594 habitu,
927 537 1039 584 tum
1078 529 1310 584 maxime
1345 527 1580 585 inflectat
1615 545 1737 586 eum
1767 533 1856 602 qui

258 625 487 696 gratiam
517 621 768 680 conferre
802 620 1018 691 potest?
1045 619 1125 676 Ne
1164 621 1342 690 itaque
1372 619 1554 676 habitu
1581 625 1822 692 corporis
1845 666 1860 691 ,

259 733 437 790 neque
463 717 608 773 vocis
637 716 874 770 clamore
893 755 910 780 ,
942 713 1036 770 sed
1068 715 1358 770 voluntatis
1386 714 1564 771 studio
1593 716 1864 772 orationes

257 813 602 874 emittamus;
645 823 821 879 neque
866 822 988 864 cum
1035 808 1265 878 strepitu
1305 816 1379 863 et
1405 809 1624 872 sonitu,
1671 809 1754 864 vel
1794 809 1860 863 ad

257 903 672 962 ostentationem
695 944 710 970 ,
743 917 814 958 ne
849 901 1124 972 proximos
1167 901 1320 956 nobis
1358 901 1689 971 expellamns
1713 943 1727 968 ,
1765 901 1860 956 sed

255 1010 383 1051 eum
427 994 689 1052 modestia
727 993 911 1057 omni,
940 992 1102 1047 animi
1142 992 1494 1059 contritione,
1525 1002 1581 1048 et
1608 993 1860 1064 lacrymis

254 1087 622 1142 interioribus.
651 1083 757 1142 Sed
787 1084 937 1141 doles
965 1083 1179 1151 animo,
1215 1097 1314 1139 nec
1344 1092 1496 1153 potes
1525 1098 1632 1138 non
1659 1085 1859 1139 clama-

252 1181 356 1236 re?
398 1181 510 1237 lmo
543 1180 774 1236 maxime
799 1179 1028 1234 dolentis
1057 1186 1140 1234 est
1168 1177 1247 1232 sic
1270 1191 1426 1234 orare
1445 1219 1460 1242 ,
1489 1187 1546 1233 et
1571 1178 1859 1234 obsecrare

253 1282 316 1327 ut
356 1272 490 1327 dixi.
535 1271 666 1326 Nam
707 1282 760 1326 et
801 1270 1012 1341 Moyses
1048 1269 1294 1334 dolebat,
1328 1269 1509 1339 sicque
1551 1268 1771 1336 orabat,
1803 1277 1859 1324 et

251 1363 575 1420 audiebatur
599 1381 613 1417 :
643 1361 869 1432 ideoque
898 1361 1034 1417 dixit
1075 1360 1148 1416 illi
1197 1361 1335 1416 Deus
1364 1377 1381 1412 ι
1411 1359 1549 1427 Quid
1573 1361 1764 1418 clamas
1789 1361 1856 1414 ad

251 1473 334 1511 me
376 1455 571 1526 (Exod.
606 1456 695 1511 M.
728 1453 865 1527 l5)?
906 1457 1058 1510 Anna
1085 1469 1299 1524 quoque
1333 1469 1567 1520 rursum,
1599 1468 1720 1508 cum
1751 1469 1854 1508 vox

252 1564 363 1603 non
394 1547 687 1612 audiretur,
718 1547 896 1602 omnia
924 1560 1042 1616 quae
1067 1545 1234 1599 voluit
1261 1545 1586 1614 impetravit,
1612 1546 1732 1616 quia
1761 1560 1854 1599 cor

249 1638 372 1708 ejus
415 1638 677 1694 clamabat
719 1637 797 1712 (ι.
825 1635 950 1708 Reg.
983 1635 1060 1708 1).
1088 1636 1224 1691 Abel
1250 1651 1379 1691 vero
1408 1651 1513 1691 non
1540 1637 1702 1692 silens
1732 1651 1852 1691 mo-

248 1731 357 1793 do,
389 1730 484 1785 sed
526 1730 686 1784 etiam
729 1729 965 1784 moriens
1011 1729 1359 1797 precabatur,
1391 1738 1444 1783 et
1487 1728 1706 1798 sanguis
1735 1728 1852 1798 ejus

249 1823 377 1878 tuba
403 1821 682 1878 clariorem
720 1821 1000 1878 emittebat
1034 1836 1242 1876 vocem.
1286 1820 1580 1893 lngemisce
1611 1822 1769 1891 igitur
1797 1833 1852 1879 et

250 1923 308 1969 tu
334 1914 583 1970 similiter
611 1923 667 1969 ut
696 1914 788 1969 ille
819 1923 1033 1969 sanctus
1063 1931 1076 1965 :
1107 1912 1158 1968 id
1190 1929 1296 1968 non
1329 1913 1584 1984 impedio.
1617 1913 1812 1969 Sciude
1831 1957 1846 1982 ,

246 2017 312 2063 ut
336 2007 593 2078 propheta
626 2006 819 2076 jussit,
851 2021 946 2061 cor
975 2016 1124 2061 tuum
1149 2045 1164 2071 ,
1194 2013 1250 2060 et
1277 2019 1383 2060 non
1410 2005 1727 2060 vestimenta
1761 2015 1849 2060 tua

246 2099 416 2172 (Joel
441 2099 496 2154 2.
529 2100 598 2156 15
629 2101 668 2170 ).
700 2100 776 2155 De
816 2097 1090 2168 profundis
1135 2097 1321 2152 invoca
1366 2097 1571 2163 Deum;
1612 2112 1736 2152 nam
1775 2097 1850 2152 ait

245 2192 340 2248 ille
361 2234 378 2258 ,
409 2190 487 2245 De
510 2189 779 2263 profundis
806 2189 1022 2243 clamavi
1046 2189 1115 2242 ad
1143 2199 1224 2256 te,
1257 2186 1474 2243 Domine
1503 2188 1522 2260 ζ
1540 2186 1688 2242 Psal.
1720 2187 1844 2244 129.

246 2285 304 2354 1)
337 2302 351 2338 :
383 2300 446 2340 ex
488 2284 676 2340 intimo
702 2283 882 2339 cordis
911 2282 986 2338 tui
1019 2269 1209 2338 vocem
1250 2281 1459 2338 attrahe
1482 2324 1496 2348 ,
1531 2280 1616 2338 fac
1643 2283 1845 2337 oratio-

243 2389 370 2431 nem
404 2385 546 2430 tuam
575 2390 695 2431 esse
733 2374 1069 2446 mysterium.
1107 2373 1224 2429 Non
1258 2373 1408 2428 vides
1439 2374 1491 2428 in
1520 2373 1656 2430 aulis
1685 2374 1846 2443 regiis

243 2469 532 2524 tumultum
557 2484 770 2525 omnem
797 2468 1062 2524 eliminari
1082 2509 1096 2534 ,
1130 2476 1182 2522 et
1211 2466 1436 2522 multum
1462 2466 1695 2536 undique
1722 2482 1845 2522 esse

240 2563 552 2619 silentium?
588 2563 652 2618 Et
691 2572 745 2617 tu
787 2563 962 2632 itaque
1001 2561 1151 2631 quasi
1193 2563 1245 2614 in
1290 2560 1490 2628 regiam
1539 2559 1845 2629 ingrediens

240 2669 350 2712 non
381 2664 667 2719 terrenam,
696 2654 789 2709 sed
817 2655 868 2708 in
896 2654 1062 2708 multo
1090 2653 1486 2718 terribiliorem,
1521 2668 1714 2722 nempe
1739 2667 1844 2707 cre-

241 2747 456 2811 lestem,
488 2760 734 2816 magnam
766 2745 959 2799 exhibe
989 2744 1327 2799 modestiam.
1361 2743 1492 2798 Nam
1521 2755 1719 2799 etcum
1746 2759 1844 2798 au-

237 2837 378 2909 getis
410 2834 637 2892 choreas
678 2838 826 2906 agis,
869 2844 921 2890 et
959 2835 1401 2906 archangelorum
1441 2851 1498 2891 es
1539 2837 1717 2890 socius
1741 2877 1755 2900 ,
1786 2845 1844 2891 et

237 2945 364 2986 cum
394 2929 674 2999 Seraphin:
703 2929 850 2984 canis
876 2929 914 2981 ί.
944 2927 1145 2983 Omnes
1186 2943 1346 2997 porro
1387 2928 1471 2982 isti
1510 2939 1684 2984 cattus
1721 2942 1840 2983 ma-

235 3037 403 3092 gnum
432 3021 693 3076 exhibent
719 3021 961 3076 ordinem
984 3061 1000 3087 ,
1031 3034 1152 3074 cum
1185 3020 1408 3074 horrore
1438 3021 1607 3075 multo
1648 3022 1838 3092 mysti-

236 3131 361 3170 cum
395 3115 522 3170 illud
552 3115 720 3169 melos
747 3121 803 3168 et
829 3127 1010 3168 sacros
1043 3113 1271 3182 hymnos
1296 3121 1550 3167 canentes
1579 3115 1689 3183 regi
1722 3114 1839 3168 uni-

237 3220 518 3263 versorum
548 3205 677 3260 Deo.
711 3205 806 3260 llis
836 3205 1012 3272 itaque
1045 3211 1096 3258 te
1119 3204 1421 3257 admisceas
1451 3204 1503 3258 in
1533 3205 1835 3274 precando,

235 3299 630 3371 mysticumque
669 3297 905 3366 ipsorum
941 3304 1186 3350 ornatum
1224 3295 1450 3350 imitare.
1480 3294 1665 3366 Neque
1690 3297 1835 3351 enim

236 3390 546 3448 hominibus
575 3389 845 3460 precaris;
875 3388 968 3444 sed
1001 3389 1112 3443 Deo
1140 3386 1335 3459 ubique
1366 3389 1648 3458 praesenti,
1678 3399 1836 3443 ante-

234 3498 397 3554 quam
440 3497 629 3540 vocem
681 3482 939 3537 emittas’
979 3480 1255 3546 audienti,
1301 3483 1390 3551 qui
1446 3482 1594 3536 novit
1637 3497 1833 3538 arcana

234 3577 453 3632 mentis.
485 3570 541 3631 Si
570 3577 648 3631 sic
673 3576 918 3630 oraveris
939 3617 953 3638 ,
980 3575 1202 3629 multam
1246 3575 1474 3644 recipies
1503 3577 1831 3632 mercedem.

235 3668 415 3733 Pater,
442 3667 634 3738 inquit,
666 3677 800 3733 tuus,
830 3669 916 3737 qui
949 3667 1081 3721 videt
1112 3668 1165 3720 in
1199 3668 1512 3734 abscondito,
1543 3670 1716 3722 rrddct
1745 3669 1835 3724 tibi

230 3763 291 3817 in
327 3762 612 3834 manifesto.
646 3760 760 3815 Non
791 3760 882 3824 ait,
923 3760 1147 3815 Donabit
1177 3761 1296 3824 tibi,
1329 3759 1445 3825 sed,
1478 3759 1694 3816 Reddet.
1727 3763 1832 3819 De-

231 3854 464 3909 bitorem
502 3869 561 3909 se
597 3854 797 3925 quippe
827 3852 920 3907 tibi
961 3853 1270 3921 constituit,
1299 3862 1458 3924 teque
1503 3871 1696 3924 magno
1737 3872 1833 3924 pro

232 3945 340 4002 hoc
364 3946 526 4000 etiam
555 3944 763 4001 honore
792 3944 1029 3999 donavit.
1068 3945 1198 4016 Quin
1228 3945 1369 4000 enim
1410 3950 1524 4016 ipse
1553 3949 1832 4005 invisibilis

231 4045 339 4104 est,
368 4036 486 4092 ideo
509 4035 620 4091 vult
645 4035 944 4090 orationem
969 4045 1112 4089 tuam
1137 4034 1439 4104 hujusmodi
1463 4051 1602 4091 esse.
1631 4038 1832 4094 Deinde

234 4129 401 4184 verba
428 4129 540 4198 ipsa
566 4127 825 4184 orationis
865 4127 1048 4183 refert.
1081 4127 1134 4182 7.
1171 4128 1418 4195 Orontes,
1450 4131 1648 4199 inquit,
1678 4131 1833 4186 nolite

231 4220 452 4276 multum
479 4220 633 4292 loqui,
662 4219 790 4274 sicut
818 4219 1004 4274 etlmici
1031 4221 1242 4288 faciunt.
1275 4218 1406 4274 Nam
1435 4235 1556 4274 cum
1587 4220 1656 4274 de
1687 4221 1830 4275 elec-

231 4327 459 4383 mosyna
489 4311 836 4382 loquebatur,
869 4327 1016 4366 vana:
1055 4313 1238 4380 gurria:
1277 4320 1478 4380 pestem
1512 4322 1714 4366 tantum
1745 4330 1830 4366 se-

232 4405 436 4468 movit,
465 4403 703 4473 nihilque
733 4402 958 4470 amplius
990 4405 1176 4468 ιικὲέτςκῐτ
1206 4446 1221 4466 ,
1252 4420 1425 4473 neque
1455 4405 1620 4469 dixit,
1656 4407 1826 4462 gmie.

232 4511 360 4552 nam
386 4496 782 4567 eleemosynam
821 4494 999 4551 facere
1039 4510 1349 4564 eparaeret:
1383 4497 1530 4552 verbi
1569 4513 1727 4553 causa
1763 4516 1826 4554 ex

227 4588 390 4660 justis
417 4587 706 4650 laboribus,
736 4602 841 4640 non
870 4603 932 4642 ex
972 4588 1174 4657 rapina,
1207 4589 1291 4643 vei
1319 4605 1382 4642 ex
1416 4604 1535 4643 avat
1554 4592 1660 4643 Ξιξτι.
1698 4594 1766 4645 ᾑίμ
1793 4591 1826 4647 d

231 4696 464 4750 namque
485 4680 536 4734 ia
559 4678 806 4735 confesso
830 4677 969 4750 apud
992 4694 1178 4734 omnes
1205 4688 1336 4732 erat.
1367 4681 1622 4746 Superius
1647 4693 1825 4736 antrm

230 4772 360 4829 illud
381 4774 489 4842 jam
517 4778 923 4841 expmgaverat,
950 4785 1070 4824 cum
1094 4770 1393 4825 esurientes
1416 4772 1678 4838 justitiam
1702 4773 1828 4828 bea-

229 4874 320 4920 tos
345 4863 670 4934 praedicavit.
703 4862 860 4918 Circa
888 4863 1184 4916 orationem
1211 4877 1339 4916 vero
1369 4861 1565 4933 aliquid
1598 4865 1828 4936 amplius

229 4954 450 5024 adjicit,
473 4954 862 5022 multiloquium
890 4968 1010 5007 esse
1041 4952 1309 5006 vitandum
1340 4972 1351 5005 :
1377 4969 1440 5006 ac
1468 4958 1822 5022 quemadmo-

229 5049 362 5103 dum
391 5044 460 5101 ibi
494 5046 818 5116 hypocritas,
844 5045 912 5098 ita
936 5056 984 5096 et
1012 5045 1097 5098 hic
1124 5043 1366 5099 ethnicus
1397 5047 1601 5115 irridet,
1632 5047 1826 5119 nitique

228 5153 300 5192 ex
349 5151 694 5207 personarum
742 5135 942 5189 vilitate
979 5135 1276 5190 auditorem
1321 5137 1522 5205 pudore
1561 5138 1823 5197 alliciens.

228 5231 365 5299 Quia
387 5233 530 5287 enim
555 5237 612 5284 ut
639 5229 927 5297 plurimum
958 5228 1057 5281 hoc
1085 5229 1320 5284 maxime
1356 5233 1560 5285 mordet
1582 5242 1632 5287 et
1655 5234 1822 5302 angit,

227 5340 351 5380 cum
377 5323 498 5394 quis
556 5319 784 5389 abjectis
841 5319 1144 5375 hominibus
1171 5334 1529 5390 comparatur,
1556 5326 1679 5381 hinc
1705 5328 1823 5383 illos

226 5415 483 5482 abducit,
521 5413 912 5482 multiloquium
954 5414 1040 5469 hic
1076 5414 1275 5469 [utilem
1315 5415 1690 5485 loquacitatem
1727 5436 1824 5476 vo-

227 5523 392 5572 rans;
419 5516 476 5560 ut
499 5522 619 5560 eum
649 5519 756 5560 non
783 5515 1140 5561 consentanea
1163 5521 1192 5560 a
1217 5506 1326 5562 Deo
1354 5509 1601 5576 petimus,
1633 5525 1824 5580 nempe

230 5599 521 5671 potentiam
551 5607 606 5652 et
644 5597 888 5668 gloriam,
920 5598 1196 5652 victoriam
1228 5598 1296 5652 de
1326 5599 1574 5665 inimicis,
1609 5601 1824 5655 divitia-

231 5706 343 5748 rum
374 5689 651 5746 facultates
669 5729 683 5755 ,
711 5689 1034 5760 domumque
1062 5705 1124 5744 ea
1151 5705 1271 5760 quae
1301 5691 1432 5746 nihil
1461 5693 1614 5749 nobis
1641 5693 1823 5765 profu-

285 5853 304 5884 ⁸
338 5849 456 5909 Alit,
477 5848 721 5901 cantictmt
744 5845 996 5912 Seraphim
1015 5848 1178 5912 canis;
1207 5862 1306 5900 non
1328 5848 1477 5903 male.

288 5917 308 5946 ν
339 5913 562 5975 Quidam,
587 5918 841 5975 antequam
864 5911 1066 5975 precem
1083 5911 1288 5963 emittas.

1411 413 1478 470 IN
1516 413 1925 473 MATTHA-JUM
1967 417 2198 475 ll0.\lll..
2243 420 2385 476 XIX.
2457 447 2462 451 ε

3472 438 3578 495 278

1981 542 2094 586 tura
2141 543 2282 588 sunt.
2332 534 2442 589 Scit
2490 538 2643 604 enim,
2689 541 2889 610 inquit,
2933 543 3111 613 quibus
3153 561 3282 615 aput
3326 548 3574 608 habeatis.

2041 626 2095 679 4.
2130 625 2194 680 In
2223 628 2453 684 oratione
2480 635 2924 699 perseverandum.
2961 635 3088 703 Qua!
3115 639 3180 693 sit
3204 640 3449 699 orationis
3476 645 3580 699 uti-

1971 715 2102 768 litus.
2147 717 2447 788 Adoptionis
2484 721 2668 777 divina:
2702 723 2920 794 fructus.
2958 758 3030 767 —
3074 727 3202 784 Post
3240 730 3357 788 lucc
3395 743 3574 791 autem

1971 805 2180 861 videtur
2225 811 2355 864 mihi
2403 812 2592 882 longas
2640 817 2914 872 orationes
2963 827 3180 884 vetare;
3229 821 3416 893 longas
3466 843 3574 884 non

1967 903 2210 967 tempore
2235 941 2248 964 ,
2282 899 2376 956 scd
2416 903 2753 964 multitudine
2796 919 2851 962 et
2892 909 3222 980 longitudine
3259 917 3572 974 verborum.

1965 989 2423 1049 Perseverandum
2462 997 2606 1051 enim
2634 1010 2717 1053 est
2745 999 2934 1056 eadem
2967 1003 3077 1072 ipsa
3127 1007 3358 1074 petendo
3389 1028 3402 1063 :
3437 1009 3576 1064 Ora-

1964 1084 2109 1150 tioni,
2139 1085 2329 1158 inquit,
2353 1089 2598 1144 instantes
2624 1090 2802 1162 (Rom.
2833 1093 2921 1149 12.
2956 1095 3067 1167 12).
3101 1097 3164 1152 Et
3191 1099 3306 1171 ipse
3326 1101 3575 1158 Christus

1963 1177 2212 1247 exemplo
2254 1179 2468 1246 viduae,
2511 1199 2629 1253 qua:
2679 1185 3162 1246 immisericordem
3201 1202 3256 1248 et
3297 1196 3570 1264 crudelem

1963 1269 2259 1340 principem
2291 1274 2550 1330 orationis
2583 1276 2831 1331 instantia
2863 1278 3011 1335 ﬂexit
3037 1279 3187 1350 (Luc.
3222 1284 3349 1355 18);
3380 1301 3572 1342 exem-

1962 1362 2157 1432 ploque
2183 1365 2340 1420 amici
2373 1366 2518 1422 illius
2542 1370 2631 1439 qui
2658 1370 2976 1439 intempesta
3004 1384 3160 1430 nocte
3183 1377 3345 1443 venit,
3372 1387 3424 1433 et
3445 1378 3574 1434 dur-

1963 1453 2215 1509 mieutem
2251 1472 2279 1509 a
2313 1456 2454 1512 lecto
2493 1459 2801 1525 suscitavit,
2837 1476 2942 1516 non
2973 1477 3042 1517 ex
3071 1466 3344 1528 amicitia,
3377 1466 3470 1522 sed
3502 1485 3571 1524 ex

1960 1548 2356 1615 perseverantia
2387 1547 2534 1618 (Luc.
2571 1551 2660 1620 ll)
2687 1569 2702 1608 :
2728 1549 2858 1606 nihil
2883 1552 3028 1608 aliud
3058 1557 3377 1624 pratscribit,
3405 1574 3568 1630 quam

1959 1651 2146 1692 omnes
2172 1637 2271 1708 ipsi
2299 1640 2608 1711 supplicare
2635 1642 2853 1698 assidue
2881 1654 3154 1714 Oper-tere,
3185 1661 3290 1701 non
3321 1662 3417 1718 per
3445 1665 3569 1703 ora-

1959 1727 2159 1784 tionem
2208 1729 2356 1789 m'dle
2401 1733 2646 1788 versibus
2692 1743 3066 1801 constantem,
3109 1737 3203 1792 sed
3253 1738 3570 1808 simpliciter

1956 1835 2071 1876 rem
2097 1820 2293 1879 cii‘erre
2314 1823 2488 1894 jubet.
2520 1824 2649 1881 Illud
2681 1828 2824 1882 enim
2852 1828 3212 1885 subindicavit
3235 1831 3319 1886 his
3341 1834 3522 1889 verbis
3547 1851 3562 1886 :

1961 1911 2156 1968 Putant
2184 1916 2319 1968 enim
2357 1917 2494 1987 quod
2527 1919 2581 1972 in
2620 1917 2942 1989 multiloquio
2977 1938 3071 1975 suo
3111 1923 3472 1980 exaudiantur.
3507 1930 3564 1982 8.

1958 2003 2041 2059 Ne
2066 2007 2258 2063 similes
2283 2019 2438 2063 estote
2461 2012 2583 2066 illis.
2615 2011 2728 2067 Scit
2751 2014 2886 2067 enim
2918 2013 3076 2070 Pater
3103 2028 3262 2072 vester
3283 2019 3407 2090 quid
3428 2023 3566 2075 vobis

1954 2113 2083 2168 opus
2106 2101 2191 2166 sit,
2223 2111 2493 2170 antequam
2515 2104 2578 2158 ab
2604 2105 2694 2160 illo
2729 2107 2934 2175 petatis.
2967 2107 3034 2162 Et
3059 2109 3102 2162 si
3133 2110 3300 2178 novit,
3331 2112 3561 2182 inquies.

1953 2191 2145 2260 quibus
2171 2208 2304 2263 opus
2331 2193 2616 2264 habemus,
2643 2212 2742 2254 cur
2765 2208 2980 2269 oportet
3002 2215 3160 2256 orare
3178 2200 3202 2254 ?
3220 2202 3335 2258 Non
3361 2213 3416 2260 ut
3436 2221 3561 2261 eum

1953 2282 2146 2340 doceas
2169 2329 2184 2353 ,
2217 2288 2310 2343 sed
2341 2298 2398 2342 ut
2429 2289 2668 2346 inﬂectas
2693 2309 2708 2358 ;
2738 2300 2798 2346 ut
2827 2293 3234 2362 supplicationis
3260 2294 3559 2369 frequentia

1953 2373 2027 2429 illi
2063 2374 2338 2432 familiaris
2374 2381 2569 2435 evadas
2595 2423 2610 2446 ,
2643 2391 2701 2437 ut
2741 2383 3044 2438 humilieris
3067 2427 3082 2449 ,
3117 2393 3174 2438 ut
3215 2397 3559 2456 peccatorum

1951 2476 2162 2522 tuorum
2190 2470 2512 2526 recorderis.
2545 2472 2600 2527 9.
2632 2472 2721 2528 Sic
2749 2475 2905 2546 igitur
2933 2486 3091 2540 orate,
3127 2477 3200 2532 ait
3231 2496 3245 2531 :
3279 2479 3434 2536 Pater
3461 2499 3559 2536 no-

1949 2571 2052 2617 ster
2069 2562 2157 2632 qui
2177 2577 2228 2615 cs
2254 2562 2307 2616 in
2328 2563 2487 2628 m’lt's,
2519 2567 2863 2632 sattctiﬁcetur
2899 2584 3082 2623 nomen
3121 2581 3261 2624 tuum
3294 2571 3392 2642 (tt).
3423 2572 3561 2629 Vide
3605 2613 3615 2621 α

1951 2654 2221 2722 quomodo
2248 2656 2428 2710 statim
2457 2657 2756 2714 auditorem
2787 2660 2955 2716 erexit
2982 2701 2996 2726 ,
3024 2671 3078 2717 et
3108 2678 3268 2718 omne
3311 2664 3558 2722 beneficii

1948 2761 2118 2814 genus
2141 2748 2192 2800 in
2217 2749 2494 2818 prooemiis
2519 2751 2854 2805 memoravit.
2882 2751 3014 2807 Nam
3037 2755 3126 2822 qui
3151 2753 3362 2809 Patrem
3389 2755 3558 2814 Deum

1947 2837 2276 2905 appellavit,
2317 2849 2371 2892 et
2410 2851 2751 2908 peccatorum
2789 2843 3200 2910 remissionem,
3230 2854 3284 2898 et
3310 2847 3555 2916 supplicii

1947 2929 2350 2999 abrogationetu
2378 2971 2393 2995 ,
2422 2940 2478 2985 et
2513 2931 2772 3000 justitiam
2801 2975 2815 2998 ,
2850 2944 2904 2989 et
2947 2937 3427 3000 sanctificationem
3455 2980 3468 3002 ,
3502 2953 3558 2996 et

1946 3021 2396 3090 redemptionem,
2429 3032 2479 3076 et
2515 3023 2748 3078 ﬁliorum
2781 3025 3148 3094 adoptionem,
3182 3039 3236 3082 et
3278 3029 3553 3086 heredita-

1947 3124 2073 3179 tem,
2105 3125 2158 3169 et
2198 3114 2584 3170 fraternitatem
2614 3132 2736 3172 cum
2768 3119 3074 3188 Unigenito,
3108 3133 3156 3176 et
3189 3124 3422 3191 Spiritus
3453 3125 3556 3180 do-

1945 3221 2034 3272 na,
2065 3207 2164 3262 hac
2187 3223 2292 3260 una
2315 3207 2752 3264 denominatinne
2771 3213 3054 3268 confessus
3073 3224 3175 3268 est.
3203 3215 3384 3286 Neque
3407 3219 3554 3274 enim

1945 3298 2110 3352 Deum
2144 3298 2355 3352 Patrem
2386 3299 2504 3368 quis
2535 3301 2808 3369 appellare
2845 3313 3019 3371 poteSI
3045 3347 3060 3371 ,
3093 3307 3192 3359 nisi
3226 3306 3340 3362 haec
3369 3311 3553 3365 omnia

1943 3388 2082 3442 bona
2110 3397 2492 3459 consequutus.
2521 3390 2727 3458 Duplici
2755 3391 2915 3462 igitur
2943 3394 3102 3449 modo
3129 3411 3315 3451 eorum
3341 3399 3555 3456 animos

1942 3481 2135 3551 erigit;
2167 3491 2222 3536 et
2259 3497 2323 3536 cx
2363 3481 2621 3552 dignitate
2651 3483 2766 3554 t-jus
2801 3502 2960 3556 quem
3006 3488 3214 3545 Patrem
3243 3501 3465 3558 vocant,
3498 3505 3553 3548 et

1941 3587 2006 3628 ex
2036 3573 2404 3644 magnitudine
2434 3590 2643 3637 eorum,
2677 3592 2794 3647 qu:e
2824 3593 3102 3649 accepere,
3143 3583 3549 3640 beneficiorum.

1940 3664 2074 3721 Cum
2097 3676 2277 3722 autem
2302 3667 2453 3733 dicit,
2478 3666 2544 3721 In
2570 3669 2728 3735 caelis,
2756 3661 2859 3724 noit
2891 3673 2960 3726 ibi
2991 3672 3157 3728 Deum
3190 3675 3293 3732 hoc
3320 3677 3551 3733 dicendo

1940 3756 2210 3812 concludit
2235 3799 2250 3822 ,
2282 3757 2374 3814 sed
2407 3770 2716 3829 precantem
2745 3761 2811 3814 de
2841 3774 2979 3817 terra
3009 3765 3224 3821 abducit
3249 3809 3260 3830 ,
3290 3781 3342 3823 et
3373 3769 3424 3823 in
3450 3785 3549 3825 ex-

1939 3850 2098 3904 celsis
2136 3849 2268 3905 locis
2307 3853 2660 3922 supernisque
2697 3852 3012 3910 habitaculis
3040 3857 3228 3929 afﬁgit.
3264 3860 3428 3916 Docet
3455 3877 3552 3915 au-

1942 3951 2046 3995 tem
2069 3957 2406 3996 communem
2432 3960 2527 4013 pro
2552 3943 2804 4000 fratribus
2820 3949 3117 4004 orationem
3141 3953 3408 4008 emittrre.
3429 3953 3547 4010 Non

1939 4035 2082 4086 enim
2111 4033 2234 4087 dicit
2261 4073 2277 4096 ,
2312 4034 2470 4088 Pater
2500 4051 2653 4091 meus
2673 4077 2687 4093 .
2718 4040 2806 4107 qui
2843 4056 2902 4094 es
2934 4041 2984 4094 in
3018 4044 3190 4107 etc-lis;
3222 4046 3315 4098 sed
3342 4087 3355 4107 ,
3393 4045 3550 4102 Pater

1939 4136 2127 4192 noster,
2155 4141 2252 4195 pro
2275 4129 2547 4182 communi
2576 4144 2803 4198 corpore
2829 4135 3249 4202 supplicationes
3271 4139 3545 4200 eminens,

1941 4233 2040 4273 nec
2067 4235 2317 4288 umquam
2359 4222 2572 4290 propria
2601 4225 2883 4278 commoda
2917 4236 3199 4298 spectans,
3230 4232 3323 4287 sed
3352 4232 3549 4303 ubique

1939 4313 2189 4382 proximi.
2221 4313 2332 4370 lloc
2358 4325 2536 4369 autem
2569 4318 2731 4372 verbo
2775 4319 2939 4374 inimit
2960 4321 3079 4376 itias
3105 4322 3174 4378 de
3201 4325 3380 4380 medio
3410 4328 3549 4382 tollit

1938 4415 1992 4460 ct
2018 4406 2373 4476 arrogantiam
2413 4408 2687 4476 reprimit,
2721 4409 3087 4484 invidiamque
3115 4415 3356 4473 eliminat
3382 4435 3396 4484 ;
3426 4435 3543 4475 ma~

1940 4507 2072 4552 trem
2098 4513 2226 4553 vero
2248 4498 2486 4552 omnium
2513 4499 2775 4556 bonorum
2800 4505 3080 4560 caritatem
3107 4508 3330 4577 inducit,
3357 4510 3548 4567 huma»

1939 4605 2236 4659 natumque
2278 4604 2457 4643 rerum
2501 4591 2920 4660 inmqualitatem
2950 4598 3200 4667 expellit,
3236 4613 3288 4654 et
3321 4605 3545 4660 multam

1937 4682 2077 4751 regis
2104 4697 2222 4734 cum
2257 4696 2488 4751 paupere
2529 4683 2750 4738 honoris
2776 4688 3136 4755 tequalitatem
3169 4684 3438 4758 ostendit;
3472 4697 3545 4750 si-

1936 4773 2149 4842 quidem
2201 4773 2251 4826 in
2305 4774 2554 4828 maximis
2607 4788 2660 4830 et
2707 4778 2930 4830 omnino
2978 4785 3300 4840 arcessiriis
3352 4803 3544 4843 omnes

1936 4866 2312 4919 communione
2353 4867 2526 4935 juncti
2561 4882 2766 4922 smnus.
2797 4869 2934 4935 QnEd
2963 4874 3104 4925 (nivn
3140 4891 3186 4928 nt
3212 4881 3444 4932 cntneari
3476 4897 3546 4938 ex

1937 4969 2148 5012 terrena
2176 4959 2493 5033 cognatione
2516 5001 2530 5022 ,
2562 4974 2684 5015 cum
2713 4962 3006 5017 secundum
3034 4979 3323 5034 supernam
3352 4987 3543 5028 omnes

1915 5143 1947 5188 ι,
1999 5114 2405 5189 (τὴηῌῖῐξς.νεὶ“ἶλᾶ,
2443 5123 2842 5189 Ραιςγτιοεξεῃη.
2867 5122 3184 5189 _t_t_tum,_tituli
3211 5138 3353 5177 more.
3372 5130 3544 5189 iacent

1936 5179 1983 5245 in
2011 5176 2308 5245 utitiqnibns
2332 5176 2622 5245 Commelini
2639 5186 2713 5245 _et
2739 5180 2937 5238 δῖοι-ειη,
2965 5185 3078 5245 quia
3117 5184 3167 5236 in
3193 5176 3544 5243 latinis'ttditis

1936 5238 2130 5310 homilia
2156 5239 2279 5310 hare,
2298 5239 2680 5310 quatinfrrzecis
2709 5238 3042 5310 manuscripts
3061 5260 3159 5296 una
3187 5252 3322 5301 serie
3345 5238 3543 5310 ponitur

1935 5308 2036 5349 uta
2058 5301 2399 5376 tlhrvscstomo
2421 5301 2588 5374 habita
2612 5302 2718 5359 fuit,
2741 5304 2790 5376 i_n
2811 5305 2932 5376 duas
2945 5301 3096 5357 divisa
3121 5301 3400 5376 t'uit.lati'ni
3427 5301 3542 5376 par;

1933 5375 2008 5434 ro,
2033 5362 2325 5434 utﬂyidetur,
2358 5375 2457 5434 quo
2478 5365 2531 5434 in
2564 5377 2708 5434 unam
2738 5367 3018 5434 Orationem
3053 5373 3341 5422 Dominicam
3377 5362 3542 5426 11ίῖιηί-

1934 5421 2047 5472 liam
2071 5421 2398 5497 Chrysostomi
2417 5424 2676 5497 haberent,
2696 5426 2820 5497 hanc
2837 5429 2899 5497 _in_
2913 5429 3036 5479 duas
3056 5444 3224 5497 partes
3245 5421 3539 5497 diviserunt,

1933 5498 2140 5555 quorum
2164 5492 2412 5555 postrema
2445 5489 2687 5537 Orationis
2718 5490 2974 5540 Dominica:
3001 5489 3383 5555 explicationem
3406 5489 3538 5549 com;

1935 5545 2181 5618 plectitur,
2210 5547 2409 5618 etltanc
2435 5555 2731 5618 postremam
2757 5559 2944 5610 partem
2974 5545 3224 5604 Itonitiiam
3248 5545 3538 5618 vigesiinain

1932 5609 2315 5680 inscripserunt;
2334 5609 2605 5680 secundum
2627 5609 2775 5673 quem
2792 5609 3362 5680 numerumet-quentes
3380 5609 3539 5672 hami-1

1935 5669 2105 5742 [tarum
2125 5671 2314 5742 numeri
2333 5669 2699 5742 continuantur.
2719 5675 2804 5730 Qui
2821 5669 3146 5742 uumeriqitia
3164 5669 3323 5742 usuri;
3347 5669 3540 5733 toribus

1934 5731 2255 5806 Chrysostomi
2275 5731 2377 5781 loca
2395 5731 2599 5782 alierum
2612 5737 2721 5783 ibus
2737 5729 2937 5806 semper
2952 5729 3152 5806 adhibiti
3179 5729 3538 5806 fuertinupost;

1934 5807 2085 5864 quam
2103 5794 2316 5865 decimte.
2336 5807 2475 5865 nona:
2499 5809 2636 5844 suam
2670 5794 2858 5846 seriem
2883 5801 3206 5865 restituinttts,
3235 5794 3394 5865 posito
3413 5794 3538 5860 vero

1935 5855 2255 5928 genuumque
2278 5855 2582 5926 singularum
2598 5871 2820 5928 nurnero,
2847 5867 3075 5928 veterem
3095 5855 3537 5928 illum-adiecturus;

1937 5917 2155 5980 Exempli
2172 5917 2314 5968 eausa
2341 5917 2625 5983 :‘rigesima,
2643 5917 2706 5968 al.
2732 5921 2958 5988 viges-"ma
2977 5924 3157 5985 prima.
