4114 6470
261 407 357 464 ΥΠ

255 539 378 578 eum
408 521 621 579 decenti
660 519 850 575 habitu
875 560 889 584 ,
923 527 1035 574 tum
1074 519 1307 574 maxime
1342 517 1577 574 inllectat
1612 535 1732 576 eum
1764 523 1854 591 qui

253 616 482 687 gratiam
513 613 764 670 conferre
799 611 1015 681 potest?
1041 609 1121 666 Ne
1161 611 1339 681 itaque
1368 609 1550 669 habitu
1578 615 1818 682 corporis
1842 655 1857 679 ,

254 724 433 781 neque
459 708 604 764 vocis
633 707 872 761 clamore
891 745 906 772 ,
939 704 1032 761 sed
1065 706 1354 760 voluntatis
1383 703 1561 760 studio
1590 706 1861 762 orationes

253 804 602 865 emittamns;
642 813 818 870 neque
863 813 985 854 eum
1033 798 1263 868 strepitu
1302 806 1377 853 et
1402 799 1581 854 sonitu
1605 839 1621 863 ,
1667 799 1751 854 vel
1791 799 1858 853 ad

253 894 670 952 ostentationem
692 935 708 961 ,
741 908 810 949 ne
846 892 1121 963 proximos
1163 892 1317 947 nobis
1355 892 1686 962 expellamns
1710 934 1724 958 ,
1762 891 1857 945 sed

250 1001 378 1042 eum
423 985 687 1042 modestia
725 983 870 1041 omni
893 1024 909 1048 ,
938 983 1100 1038 animi
1140 983 1492 1049 contritione,
1523 993 1578 1039 et
1605 984 1858 1055 lacrymis

251 1077 619 1132 interioribus.
649 1074 755 1133 Sed
785 1074 934 1130 doles
963 1074 1177 1141 animo,
1213 1088 1312 1129 nec
1342 1082 1494 1143 potes
1522 1088 1630 1128 non
1657 1074 1856 1128 clama-

249 1172 352 1226 re?
394 1171 508 1228 lmo
541 1170 773 1226 maxime
797 1169 1026 1224 dolentis
1055 1177 1137 1224 est
1165 1167 1244 1222 sic
1267 1182 1424 1224 orare
1443 1209 1457 1232 ,
1487 1177 1543 1223 et
1569 1168 1856 1224 obsecrare

250 1272 312 1318 ut
353 1263 488 1318 dixi.
533 1261 665 1317 Nam
705 1273 759 1318 et
800 1261 1010 1332 Moyses
1045 1258 1292 1324 dolebat,
1325 1259 1507 1329 sicque
1549 1257 1768 1325 orabat,
1801 1266 1857 1313 ct

248 1354 572 1411 audiebatur
597 1371 611 1407 :
641 1352 868 1422 ideoque
895 1351 1032 1407 dixit
1074 1351 1146 1406 illi
1195 1351 1333 1406 Deus
1362 1367 1378 1402 ι
1409 1348 1546 1416 Quid
1571 1351 1762 1406 clamas
1787 1350 1855 1404 ad

247 1465 331 1502 me
373 1446 569 1518 (Exod.
605 1447 694 1501 14.
727 1443 864 1518 15)ἳ
905 1447 1056 1500 Anna
1084 1458 1296 1514 quoque
1331 1458 1564 1509 rursum,
1597 1457 1717 1497 eum
1749 1458 1851 1498 vox

248 1555 361 1594 non
391 1538 686 1602 audiretur,
717 1537 894 1593 omnia
922 1551 1040 1606 qua:
1065 1535 1231 1589 voluit
1259 1534 1584 1603 impetravit,
1611 1535 1730 1605 quia
1759 1549 1852 1588 eor

246 1629 370 1699 ejus
412 1629 676 1685 clamabat
718 1627 796 1702 (l.
824 1626 948 1698 Reg.
981 1626 1059 1698 l).
1087 1626 1221 1681 Abel
1248 1641 1377 1680 vero
1405 1640 1511 1680 non
1537 1627 1700 1681 silens
1729 1641 1850 1680 mo-

246 1722 354 1784 do,
385 1720 483 1776 sed
525 1721 686 1775 etiam
728 1719 964 1775 moriens
1010 1719 1357 1788 precabatur,
1389 1728 1443 1773 et
1485 1717 1704 1788 sanguis
1733 1717 1851 1786 ejus

247 1814 375 1869 tuba
401 1812 681 1869 clariorem
719 1811 998 1868 emittebat
1033 1826 1241 1866 vocem.
1284 1810 1578 1882 lngemisce
1609 1812 1767 1881 igitur
1795 1821 1851 1868 et

248 1914 305 1961 tu
331 1905 582 1962 similiter
609 1913 666 1960 ut
695 1905 788 1960 ille
817 1913 1032 1959 sanctus
1061 1921 1075 1954 :
1105 1902 1157 1958 id
1189 1918 1295 1958 non
1328 1903 1582 1973 impedio.
1615 1903 1810 1959 Scinde
1829 1946 1845 1971 ,

244 2008 308 2054 ut
334 1998 593 2070 pr0pheta
625 1997 786 2066 jussit
804 2037 818 2062 ,
851 2011 945 2051 cor
974 2006 1123 2051 tuum
1148 2035 1163 2061 ,
1192 2003 1248 2050 et
1276 2009 1382 2050 non
1409 1994 1725 2050 vestimenta
1759 2005 1848 2049 tua

245 2090 414 2162 (Joel
440 2090 496 2145 Ξ.
527 2091 597 2146 13
628 2091 667 2162 ).
699 2091 775 2146 De
815 2088 1089 2158 profundis
1133 2087 1319 2142 invoca
1365 2087 1569 2152 Deum;
1611 2102 1734 2142 nam
1773 2086 1849 2140 ait

244 2183 339 2239 ille
359 2225 376 2248 ,
407 2181 486 2236 De
510 2179 778 2254 profundis
805 2179 1020 2233 clatttaei
1045 2179 1114 2232 ad
1142 2189 1222 2246 te,
1256 2176 1474 2233 Domine
1502 2177 1522 2249 ζ
1539 2175 1686 2232 Psal.
1718 2175 1843 2232 129.

245 2276 303 2346 1)
337 2293 350 2329 :
381 2291 446 2332 ex
488 2275 675 2330 intimo
702 2273 882 2330 cordis
911 2272 986 2328 tui
1018 2258 1207 2328 voce'm
1249 2271 1458 2327 attrahe
1481 2313 1495 2338 ,
1529 2269 1615 2326 fac
1642 2271 1844 2326 oratio-

243 2381 368 2423 nem
403 2375 546 2421 tttam
575 2379 695 2422 esse
733 2364 1068 2436 mysterium.
1108 2363 1223 2418 Non
1257 2363 1407 2418 vides
1439 2363 1490 2417 in
1519 2363 1655 2419 aulis
1685 2363 1845 2432 regiis

243 2461 532 2515 tumultum
557 2474 770 2515 omnem
796 2458 1062 2514 eliminari
1082 2499 1096 2524 ,
1129 2465 1181 2512 et
1210 2456 1435 2512 multum
1461 2455 1694 2526 undique
1721 2471 1844 2512 esse

240 2554 552 2610 silentium?
588 2554 651 2609 Et
691 2562 744 2608 tu
787 2553 962 2622 itaque
1000 2551 1150 2621 quasi
1192 2553 1244 2605 in
1289 2549 1489 2616 regiam
1539 2548 1844 2618 ingrediens

240 2660 350 2702 non
380 2655 667 2709 terrenam,
697 2645 789 2699 sed
817 2645 867 2698 in
896 2644 1062 2697 multo
1090 2642 1486 2706 terribiliorem,
1521 2657 1714 2711 nempe
1738 2656 1843 2696 ete-

241 2737 456 2801 lestcm,
488 2750 734 2806 magnam
766 2735 959 2789 exhibe
989 2719 1327 2788 timdestiam.
1360 2732 1492 2786 Nam
1520 2743 1574 2787 et
1599 2747 1719 2786 eum
1745 2748 1844 2787 an-

238 2827 377 2900 gelis
409 2826 637 2882 ebereas
677 2829 826 2896 agis,
869 2834 920 2880 et
959 2824 1400 2894 archangelorum
1440 2840 1498 2880 es
1539 2825 1717 2879 socius
1740 2865 1754 2889 ,
1786 2833 1843 2879 et

238 2935 364 2976 eum
393 2919 675 2990 Seraphim
703 2919 850 2974 canis
875 2919 914 2970 ι.
943 2916 1144 2972 Omnes
1185 2932 1345 2987 porro
1386 2917 1471 2972 iSti
1509 2927 1684 2972 cintus
1720 2931 1840 2972 ma-

236 3028 402 3084 gnum
432 3011 692 3066 exhibent
719 3010 960 3066 ordinem
984 3051 999 3076 ,
1031 3023 1152 3064 cum
1184 3009 1407 3064 horrere
1438 3010 1607 3064 multo
1647 3011 1838 3081 mysti-

237 3122 361 3161 cum
394 3105 522 3160 illud
552 3105 720 3159 melos
747 3111 803 3157 et
829 3117 1011 3158 sacros
1043 3103 1271 3172 hymnos
1296 3110 1550 3157 canentes
1579 3104 1689 3172 regi
1722 3103 1840 3157 uni-

237 3211 518 3255 rersorum
549 3195 678 3250 Deo.
712 3195 806 3250 llis
836 3195 1012 3263 itaque
1045 3201 1096 3248 te
1119 3193 1421 3247 admisceas
1452 3194 1503 3248 in
1533 3194 1800 3263 precando
1819 3237 1834 3264 ,

235 3291 632 3362 mysticutnque
671 3287 906 3356 ipsorum
941 3294 1187 3340 ornatum
1224 3285 1451 3340 imitare.
1480 3284 1665 3356 Neque
1690 3286 1836 3340 enim

235 3381 547 3438 hominibus
576 3379 845 3450 precaris;
876 3377 968 3433 sed
1001 3378 1112 3433 Deo
1141 3377 1336 3448 ubique
1367 3379 1614 3448 przesenti
1634 3419 1649 3445 ,
1679 3388 1834 3433 ante-

233 3489 397 3546 quam
440 3487 630 3530 vocem
682 3472 939 3528 emittas'
981 3471 1256 3536 audienti,
1302 3472 1391 3541 qui
1447 3471 1594 3526 novit
1638 3486 1834 3526 arcana

235 3569 453 3625 mentis.
485 3561 542 3622 Si
571 3567 649 3622 sic
675 3566 919 3621 oraveris
940 3607 954 3628 ,
981 3565 1204 3619 multam
1247 3565 1475 3634 recipies
1504 3565 1832 3620 mercedem.

235 3660 416 3725 Pater,
442 3659 634 3730 inquit,
667 3668 800 3722 tuus,
830 3659 917 3728 qui
950 3658 1082 3711 videt
1114 3658 1166 3710 in
1201 3657 1513 3723 abscondito,
1544 3658 1718 3712 reddat
1746 3658 1837 3712 tibi

230 3755 290 3808 in
327 3753 613 3825 manifesto.
647 3751 761 3806 Non
792 3751 882 3812 ait,
924 3750 1150 3804 Donabit
1179 3750 1297 3813 tibi,
1329 3749 1447 3814 sed,
1479 3748 1696 3805 Reddet.
1729 3751 1834 3806 De-

231 3845 464 3900 bitorem
503 3861 562 3900 se
599 3845 798 3916 quippe
829 3842 920 3897 tibi
961 3843 1272 3910 constituit,
1301 3852 1462 3914 teque
1504 3860 1696 3913 magno
1738 3862 1834 3913 pro

233 3935 342 3992 hoc
366 3937 527 3992 etiam
557 3935 764 3992 honore
793 3935 1031 3990 donavit.
1070 3933 1201 4006 Quia
1229 3935 1371 3989 enim
1411 3939 1525 4006 ipse
1555 3937 1834 3993 invisibilis

232 4036 341 4095 est,
369 4026 488 4082 ideo
510 4026 622 4081 vnlt
647 4025 945 4081 orationem
971 4034 1114 4079 tuam
1139 4023 1440 4094 lmjusmodi
1465 4041 1603 4080 esse.
1633 4026 1833 4082 Deinde

235 4119 403 4176 verba
429 4119 542 4189 ipsa
569 4118 826 4174 orationis
866 4117 1048 4173 refert.
1083 4117 1136 4172 7.
1173 4116 1420 4183 Orontes,
1452 4119 1648 4187 inquit,
1679 4120 1834 4174 nolite

232 4211 455 4267 multum
481 4211 636 4283 loqui,
665 4210 792 4266 sicut
819 4209 1005 4264 ethnici
1031 4210 1244 4279 faciunt.
1276 4207 1408 4264 Nam
1437 4224 1558 4263 cum
1589 4209 1658 4262 de.
1688 4209 1830 4264 elec-

233 4318 462 4375 mosyna
492 4302 838 4372 loquebatur,
871 4317 1017 4357 vana:
1056 4303 1240 4371 biori'x;
1279 4309 1480 4370 pestem
1513 4310 1716 4354 tantum
1747 4317 1832 4354 sc-

233 4396 438 4458 morit,
468 4393 706 4463 nihilque
736 4393 959 4459 amplius
992 4396 1182 4456 super.
1208 4436 1222 4456 ,
1253 4409 1427 4464 itaque
1457 4395 1588 4448 a’ivit
1615 4439 1621 4458 ἱ
1659 4396 1828 4452 είιιῖθ-

235 4502 361 4542 nam
389 4487 784 4558 eleetnosynam
823 4484 1001 4541 facere
1041 4499 1350 4554 Ojtftrlcz‘tﬂt
1384 4486 1531 4541 verbi
1571 4503 1730 4541 causa
1765 4504 1828 4543 ex

229 4579 392 4651 justis
419 4578 708 4638 laboribus.
739 4593 843 4630 non
872 4593 933 4631 ex
973 4577 1176 4646 rapina,
1210 4579 1292 4633 νεὶ
1322 4595 1383 4632 ex
1417 4582 1662 4633 avaritia.
1700 4583 1753 4635 iii;
1783 4579 1828 4635 id

233 4686 467 4742 namque
488 4671 539 4725 in
561 4668 807 4725 confesso
833 4666 971 4740 apud
995 4683 1181 4723 omnes
1206 4677 1338 4721 erat.
1369 4670 1622 4736 Superius
1649 4683 1828 4725 autem

233 4763 363 4820 illud
384 4765 492 4831 jam
520 4767 925 4832 expurgarent,
953 4775 1072 4813 cum
1097 4758 1395 4814 esurientes
1419 4762 1680 4827 justiti-im
1704 4763 1829 4818 itea-

232 4865 323 4911 tos
349 4854 674 4925 praedicavit.
706 4853 863 4908 Circa
891 4853 1186 4905 orationem
1213 4866 1342 4905 vero
1372 4850 1569 4922 aliquid
1601 4855 1830 4924 amplius

232 4945 453 5015 adjicit,
477 4944 864 5012 multiloquium
893 4957 1014 4996 esse
1043 4942 1312 4995 vitandum
1342 4961 1354 4993 :
1380 4957 1442 4996 ac
1471 4946 1824 5011 quemade

233 5039 364 5093 dum
395 5035 464 5090 ibi
497 5036 820 5106 bypocritas,
847 5035 915 5088 ita
939 5045 987 5085 et
1015 5034 1101 5087 hic
1127 5033 1370 5087 ethnicos
1400 5035 1604 5103 irridet,
1635 5035 1829 5106 ubique

232 5143 303 5183 ex
353 5140 698 5198 personarum
745 5125 945 5179 vilitate
982 5125 1278 5179 auditorem
1325 5125 1526 5193 pudore
1564 5126 1825 5184 afficiens.

231 5221 370 5290 Quia
391 5224 533 5278 enim
558 5227 617 5274 ut
643 5218 930 5287 plurimum
961 5217 1061 5270 hoc
1088 5218 1324 5272 maxime
1359 5220 1563 5273 met-det
1585 5230 1635 5275 et
1658 5221 1826 5290 angit,

231 5331 355 5370 cum
380 5313 501 5384 quis
560 5309 788 5378 altjectis
845 5309 1148 5364 hominibus
1175 5322 1532 5379 con‘tparatur,
1559 5314 1682 5368 hinc
1709 5315 1826 5371 illos

229 5405 486 5471 abducit,
525 5403 915 5472 multiloquium
957 5402 1044 5457 hic
1079 5402 1279 5458 futilem
1318 5404 1693 5475 loquacitatem
1730 5424 1827 5463 vo-

229 5512 396 5562 cans;
422 5505 480 5549 ut
503 5511 624 5549 cum
655 5509 760 5549 non
787 5503 1144 5548 consentanea
1167 5510 1196 5548 a
1221 5495 1329 5550 Deo
1358 5497 1605 5565 petimus,
1637 5513 1827 5568 nempe

232 5588 527 5662 potentiam
555 5596 613 5642 et
648 5586 893 5657 gloriam,
924 5586 1200 5640 victoriam
1233 5586 1300 5640 de
1330 5587 1578 5653 inimicis,
1613 5590 1828 5642 divitia-

233 5697 346 5738 rum
378 5678 656 5735 facultates
674 5718 688 5745 ,
715 5678 1039 5748 domumque
1067 5693 1128 5732 ea
1155 5693 1275 5748 qua:
1305 5679 1435 5735 nihil
1465 5681 1618 5736 nobis
1645 5681 1826 5753 profu-

289 5843 308 5910 ξ
341 5839 462 5910 Alit,
482 5837 725 5910 canticum
748 5833 1001 5901 Serapltim
1021 5836 1156 5888 canis
1163 5849 1186 5910 :_
1192 5907 1200 5910 _
1211 5851 1312 5910 non
1331 5837 1482 5892 male.

290 5908 311 5938 ν
343 5904 567 5966 Quidam,
593 5907 845 5964 mttequam
877 5912 1072 5964 precem
1089 5904 1292 5952 emittas.

1407 403 1474 460 ΙΝ
1513 403 1922 462 MATTHA‘ZUM
1963 405 2194 464 nomn.
2239 408 2381 465 XIX.
2454 435 2458 441 ’

3468 425 3575 480 278

1977 531 2090 575 tura
2137 532 2278 578 sunt.
2329 523 2439 578 Scit
2487 526 2640 591 enim,
2686 528 2886 597 inquit,
2929 530 3107 601 quibus
3150 547 3278 602 aptis
3323 535 3570 593 habeatis.

2039 615 2092 668 Δ.
2127 613 2190 669 In
2220 617 2449 673 oratione
2476 622 2921 686 perseuerandum.
2957 623 3085 690 Quae
3111 625 3176 680 sit
3201 627 3446 684 orationis
3473 631 3577 684 uti-

1968 703 2099 758 litus.
2145 706 2444 777 Adoptiont's
2481 710 2666 765 divina:
2699 711 2917 782 fructus.
2955 745 3027 754 —
3071 714 3198 772 Post
3237 716 3354 774 lucc
3391 729 3571 777 autem

1967 795 2177 850 videtur
2222 799 2351 854 mthi
2400 802 2590 870 longas
2637 805 2910 860 orationes
2960 814 3177 871 vetare;
3226 807 3413 878 longas
3463 829 3570 870 non

1964 893 2207 956 tempore
2232 930 2245 952 ,
2279 888 2373 945 sed
2413 891 2750 951 multitudine
2793 906 2847 950 et
2889 898 3219 966 longitudine
3257 903 3569 960 verborum.

1963 978 2420 1037 Perseverandum
2459 986 2602 1039 enim
2631 998 2714 1041 est
2742 987 2931 1043 eadem
2964 990 3074 1059 ipsa
3124 993 3355 1060 petendo
3386 1014 3399 1050 :
3434 995 3573 1050 0m—

1961 1073 2106 1140 tiont',
2137 1073 2326 1146 inquit,
2350 1077 2595 1132 instantes
2621 1078 2798 1150 (Rom.
2831 1081 2918 1136 12.
2953 1082 3063 1153 12).
3099 1085 3161 1139 Et
3188 1086 3302 1158 ipse
3322 1087 3572 1145 Christus

1961 1167 2210 1236 exemplo
2252 1167 2426 1223 vidua:
2450 1212 2466 1235 ,
2508 1187 2626 1241 qum
2677 1173 3159 1232 immiset'ieortlem
3198 1189 3253 1235 et
3294 1182 3567 1250 crudelem

1961 1258 2256 1329 principem
2289 1262 2548 1318 orationis
2579 1264 2828 1319 instantia
2860 1266 3008 1322 ﬂexit
3033 1267 3184 1337 (Luc.
3218 1270 3346 1342 l8);
3377 1288 3568 1328 exent.

1959 1351 2154 1421 pioque
2180 1353 2338 1409 amici
2370 1355 2516 1410 illius
2539 1357 2628 1427 qui
2655 1357 2973 1427 intempesta
3000 1371 3157 1416 nocte
3179 1363 3342 1430 venit,
3369 1374 3420 1420 et
3441 1364 3570 1420 dor-

1961 1442 2212 1498 mientem
2249 1460 2277 1498 a
2311 1444 2451 1500 lecto
2491 1447 2799 1512 suscitavit,
2834 1463 2940 1503 non
2971 1465 3038 1504 ex
3068 1453 3340 1515 amicitia,
3374 1453 3467 1508 sed
3499 1471 3567 1510 ex

1959 1535 2354 1604 perseverantia
2385 1535 2531 1606 (Luc.
2568 1539 2658 1609 ll)
2685 1556 2700 1596 :
2725 1537 2857 1594 nihil
2881 1539 3025 1595 aliud
3055 1543 3375 1610 pratscribit,
3403 1560 3564 1616 quam

1957 1639 2145 1681 omnes
2171 1626 2268 1697 ipsi
2297 1628 2606 1698 supplicare
2633 1629 2851 1686 assidue
2878 1641 3152 1700 oportere,
3183 1648 3288 1688 non
3318 1649 3414 1704 per
3443 1651 3565 1690 ora-

1957 1715 2157 1772 tionem
2207 1717 2354 1776 mille
2399 1720 2644 1775 versibus
2690 1730 3064 1788 constantem,
3107 1724 3201 1778 Sed
3251 1725 3566 1795 simpliciter

1954 1824 2069 1865 rem
2095 1807 2291 1868 etferre
2313 1811 2487 1882 jubet.
2518 1811 2648 1868 Illud
2679 1815 2822 1869 enim
2851 1815 3210 1872 subindicavit
3233 1818 3318 1873 his
3339 1819 3519 1876 verbis
3544 1837 3559 1873 :

1959 1900 2155 1956 Putant
2183 1903 2318 1957 enim
2355 1905 2492 1974 quod
2525 1906 2579 1960 in
2618 1905 2940 1977 multiloquio
2975 1925 3069 1962 suo
3110 1909 3471 1967 exaudiantur.
3505 1917 3562 1968 8.

1956 1991 2039 2048 Ne
2064 1996 2256 2051 similes
2282 2007 2437 2051 estote
2459 1999 2581 2054 illis.
2614 1998 2726 2055 Scit
2750 2001 2885 2054 enim
2915 2000 3074 2057 Pater
3101 2015 3260 2060 rester
3281 2005 3406 2077 quid
3426 2010 3564 2062 vobis

1953 2102 2082 2157 opus
2104 2090 2190 2155 sit,
2221 2100 2492 2158 antequam
2513 2092 2577 2146 ab
2603 2093 2692 2148 illo
2729 2094 2932 2163 petatis.
2966 2094 3032 2150 Et
3057 2096 3102 2150 si
3131 2098 3298 2166 n0vit,
3329 2099 3558 2169 inquies.

1951 2179 2142 2248 quibus
2169 2197 2302 2251 opus
2329 2182 2614 2252 habemus,
2641 2200 2740 2241 cur
2763 2195 2978 2256 oportet
3001 2202 3158 2243 orare
3177 2187 3201 2241 ’ἲ
3219 2189 3334 2244 Νοιι
3359 2200 3416 2246 ιιι
3435 2207 3560 2247 eum

1952 2271 2145 2329 doceas
2168 2317 2182 2343 ,
2215 2276 2308 2332 sed
2339 2286 2396 2330 ut
2427 2278 2706 2346 inﬂectas;
2737 2288 2796 2334 nt
2825 2280 3233 2350 supplicationis
3259 2281 3558 2355 frequentia

1952 2361 2026 2418 illi
2062 2363 2336 2422 familiaris
2373 2369 2568 2424 evadas
2593 2410 2608 2434 ,
2641 2379 2700 2424 ut
2741 2370 3043 2426 ltumilieris
3066 2414 3082 2436 ,
3115 2381 3173 2425 ut
3213 2384 3558 2443 peccatorum

1951 2465 2161 2510 tuorum
2189 2458 2511 2514 recorderis.
2545 2461 2598 2515 9.
2631 2461 2720 2516 Sic
2748 2462 2904 2534 igitur
2933 2473 3091 2528 orate,
3126 2465 3199 2519 ait
3230 2483 3243 2518 :
3279 2465 3433 2523 Pater
3460 2485 3558 2522 no-

1948 2558 2052 2605 ster
2069 2550 2156 2620 qui
2175 2566 2227 2604 cs
2254 2551 2306 2604 in
2326 2551 2486 2616 ca’lis,
2518 2555 2861 2620 sanctiﬁcetur
2898 2572 3080 2610 nomen
3120 2568 3260 2610 tuum
3293 2558 3390 2628 (tt).
3422 2559 3559 2616 Vide
3603 2600 3614 2608 ~

1949 2642 2221 2710 quomodo
2247 2645 2427 2698 statim
2457 2645 2755 2701 auditorem
2785 2649 2955 2703 erexit
2981 2689 2996 2713 ,
3023 2659 3077 2704 et
3107 2665 3266 2704 omne
3309 2651 3558 2709 beneficii

1947 2749 2118 2803 genus
2140 2737 2191 2788 in
2216 2738 2493 2806 pt'omtni'ts
2518 2739 2852 2793 memoravit.
2881 2739 3012 2794 Nam
3036 2741 3124 2810 qui
3151 2740 3361 2796 Patrem
3388 2742 3557 2800 Dcnnt

1947 2825 2276 2894 appellavit,
2317 2837 2371 2880 et
2411 2838 2750 2896 peccatorum
2789 2830 3161 2884 remissionem
3184 2873 3200 2897 ,
3229 2841 3284 2886 et
3309 2834 3554 2903 supplicii

1947 2917 2350 2988 abrogationem
2377 2958 2392 2983 ,
2422 2927 2478 2972 et
2513 2919 2772 2988 justitiam
2801 2962 2814 2985 ,
2850 2931 2904 2976 et
2946 2924 3427 2988 sanctiﬁcationem
3455 2967 3469 2990 ,
3501 2939 3557 2982 et

1946 3009 2396 3078 redemptionem,
2429 3019 2478 3064 et
2515 3011 2748 3065 filiorum
2779 3011 3148 3083 adoptionem,
3181 3025 3235 3069 et
3278 3016 3552 3072 heredita-

1948 3113 2074 3167 tem,
2105 3113 2157 3157 et
2198 3101 2584 3158 fraternitatem
2614 3120 2736 3159 cum
2768 3107 3074 3176 Unigenito,
3107 3120 3156 3163 et
3188 3111 3422 3178 Spiritus
3452 3111 3556 3166 αθ.

1946 3211 2034 3261 na,
2065 3195 2163 3250 hac
2187 3211 2291 3249 una
2316 3195 2752 3252 denontinatione
2770 3199 3054 3255 confessus
3073 3211 3174 3256 est.
3203 3203 3383 3273 Neque
3407 3206 3554 3260 enim

1946 3287 2110 3341 Deum
2145 3286 2356 3340 Patrem
2386 3287 2505 3356 quis
2536 3288 2808 3357 appellare
2845 3301 3018 3358 potest
3045 3334 3059 3358 ,
3092 3294 3192 3346 nisi
3225 3293 3340 3348 luce
3369 3298 3553 3351 omnia

1943 3377 2082 3430 bona
2110 3385 2492 3447 consequutus.
2521 3377 2726 3446 Duplici
2755 3378 2916 3449 igitur
2943 3381 3102 3436 modo
3129 3398 3314 3438 eorum
3341 3386 3555 3442 animos

1943 3470 2136 3540 erigit;
2167 3480 2221 3525 et
2259 3485 2323 3524 ex
2364 3470 2621 3540 dignitate
2651 3471 2766 3541 rjus
2801 3489 2960 3542 quem
3006 3475 3214 3532 Patrem
3243 3487 3465 3544 vacant,
3498 3490 3552 3535 et

1942 3576 2006 3616 ex
2036 3562 2404 3633 magnitudine
2435 3578 2643 3624 eorum,
2677 3579 2794 3633 qua:
2824 3579 3102 3635 accepere,
3143 3569 3549 3626 beneficiorum.

1941 3653 2074 3710 Cum
2097 3665 2277 3710 autem
2302 3655 2453 3722 dicit,
2479 3653 2544 3710 In
2569 3656 2729 3724 aclis,
2756 3649 2860 3710 no‘it
2891 3659 2960 3712 ibi
2991 3659 3158 3714 Deum
3190 3661 3293 3718 hac
3319 3663 3551 3719 dicendo
3643 3665 3654 3670 ’

1940 3745 2251 3811 concludit,
2282 3746 2375 3802 sed
2408 3758 2716 3817 precantem
2745 3749 2811 3801 de
2841 3761 2979 3804 terra
3010 3751 3224 3807 abducit
3250 3795 3260 3816 ,
3290 3766 3342 3808 et
3373 3755 3424 3809 in
3450 3771 3548 3811 ex-

1941 3838 2098 3892 celsis
2137 3837 2269 3893 locis
2308 3841 2661 3910 sopernisque
2697 3840 3012 3897 habitaculis
3041 3843 3228 3914 afﬁgit.
3265 3846 3427 3902 Docet
3454 3864 3551 3902 au-

1943 3939 2047 3983 tem
2070 3944 2406 3984 communem
2433 3948 2527 4002 pro
2553 3931 2804 3988 fratribus
2820 3936 3118 3990 orationem
3141 3939 3408 3994 emittrre.
3428 3939 3547 3994 Non

1941 4022 2083 4074 enim
2112 4020 2236 4075 dicit
2263 4061 2278 4084 ,
2314 4022 2471 4076 Pater
2501 4039 2654 4079 meus
2674 4065 2688 4081 .
2719 4027 2807 4094 qui
2844 4043 2903 4081 es
2934 4029 2984 4080 in
3018 4029 3190 4092 ett-lis;
3223 4032 3315 4085 sed
3342 4073 3356 4092 ,
3394 4031 3550 4086 Pater

1941 4124 2129 4180 uoster,
2157 4130 2253 4182 pro
2277 4117 2548 4170 communi
2576 4132 2804 4185 c0rpore
2830 4122 3250 4188 supplicationes
3271 4125 3545 4185 eminens,

1942 4220 2043 4260 nec
2069 4223 2319 4275 umquam
2361 4210 2573 4278 propria
2602 4211 2884 4265 commoda
2917 4223 3200 4284 spectans,
3230 4218 3325 4273 sed
3353 4217 3549 4289 ubique

1941 4301 2192 4371 proximi.
2223 4301 2334 4357 lloe
2359 4313 2536 4356 autem
2570 4305 2733 4359 rerho
2776 4306 2940 4360 inimit
2961 4308 3080 4362 itias
3107 4309 3175 4364 dc
3202 4311 3381 4366 medio
3411 4314 3550 4368 tollit

1940 4404 1993 4448 et
2020 4394 2375 4463 arrogantiam
2415 4395 2687 4463 reprimit,
2722 4395 3089 4469 invidiamque
3117 4401 3398 4470 eliminat;
3426 4421 3544 4460 ma-

1942 4496 2073 4540 trem
2101 4500 2228 4540 vero
2249 4485 2487 4539 omnium
2515 4486 2777 4542 bonorum
2802 4491 3082 4546 caritatem
3109 4494 3331 4564 inducit,
3358 4495 3550 4552 burna-

1941 4592 2238 4646 natumque
2281 4591 2459 4629 rerum
2503 4577 2920 4646 inaequalitatem
2952 4585 3202 4652 expellit,
3239 4600 3290 4640 et
3322 4589 3546 4645 multam

1939 4670 2080 4739 regis
2106 4683 2224 4721 eum
2259 4682 2490 4737 paupere
2531 4669 2752 4723 honoris
2778 4673 3138 4740 aequalitatem
3171 4669 3440 4743 tiStcndit:
3474 4682 3546 4735 si-

1937 4760 2151 4831 quidem
2203 4760 2253 4813 in
2307 4760 2556 4814 maximis
2609 4772 2661 4816 et
2709 4763 2932 4816 omnino
2981 4771 3302 4825 llt‘CCSS:ll‘ilS
3355 4787 3546 4828 omnes

1938 4852 2315 4908 communione
2355 4853 2527 4922 juncti
2563 4867 2768 4907 sumus.
2800 4854 2937 4920 Quid
2966 4859 3106 4910 enim
3143 4876 3189 4913 tt.
3215 4865 3447 4916 Clllﬂ03"ii
3479 4882 3549 4923 ex

1938 4957 2150 5000 terrena
2178 4945 2494 5020 cognatione
2517 4988 2532 5009 ,
2563 4960 2686 5001 cum
2715 4947 3009 5002 secundum
3037 4963 3324 5019 supernam
3355 4971 3546 5012 omnes

1917 5131 1949 5174 λ
2001 5101 2407 5174 (ajhttreqverila,
2445 5108 2846 5174 rate-rttoster....
2871 5107 3187 5174 _t_ttnnt,_tituli
3214 5123 3356 5162 more.
3375 5114 3546 5174 jacent

1939 5165 1986 5231 in
2013 5162 2310 5231 tuitionibus
2333 5162 2624 5231 Commelini
2641 5172 2716 5231 Aet
2742 5165 2940 5223 storelli,
2968 5171 3080 5231 quia
3119 5170 3170 5221 in
3197 5162 3547 5228 latinis'tz‘dit—is

1939 5224 2133 5296 humilia
2159 5225 2281 5296 haec,
2299 5226 2683 5296 qua:_in_t§rtecis
2711 5224 3045 5296 manuscript'is
3065 5245 3163 5282 una
3190 5237 3326 5286 serie
3348 5224 3546 5296 ponitur

1937 5294 2038 5335 uta
2060 5287 2400 5362 ghryIStgstoino
2422 5287 2590 5362 habita
2615 5289 2721 5346 fuit,
2745 5291 2793 5362 in
2814 5291 2936 5362 duas
2949 5287 3099 5342 divisa
3124 5296 3235 5362 fuit.
3249 5287 3403 5347 Latini
3431 5312 3545 5362 por-

1936 5361 2010 5421 ro,
2036 5348 2327 5421 utnvidetur,
2360 5362 2459 5421 quo
2479 5351 2534 5421 in
2566 5363 2712 5421 unam
2740 5353 3022 5421 Orationem
3056 5359 3345 5421 Dominicam
3381 5348 3546 5410 licini-

1937 5407 2050 5459 liam
2074 5407 2400 5482 Cltrysostomi
2419 5411 2678 5482 baberent,
2699 5412 2823 5482 lianc
2841 5415 2903 5482 _in_
2917 5415 3040 5464 duas
3060 5429 3231 5482 partes
3249 5407 3542 5482 diviserunt,

1936 5484 2142 5540 quarum
2167 5477 2415 5540 postrema
2447 5475 2689 5523 Orationis
2720 5476 2979 5526 Dominica:
3005 5475 3386 5540 explicationem
3410 5475 3542 5533 eum;

1938 5532 2184 5603 plectitur,
2213 5539 2266 5579 et
2289 5533 2412 5581 hanc
2438 5542 2734 5603 postremam
2761 5545 2948 5596 partem
2978 5532 3226 5590 Itomtliam
3252 5532 3542 5603 vigesimatn

1935 5596 2318 5665 inscripserunt;
2336 5596 2608 5665 secundum
2630 5610 2778 5658 quem
2796 5596 3366 5665 numerum,scquent'es
3383 5605 3543 5657 homi-

1938 5656 2108 5727 liarum
2127 5657 2317 5727 nume-ri
2337 5656 2702 5727 concinnantnr.
2723 5661 2808 5716 Qui
2825 5656 3151 5727 uumeriqttia
3168 5656 3204 5727 Ξι
3217 5667 3327 5727 serit
3350 5656 3545 5718 mribus

1937 5718 2258 5791 Chrvsostomi
2278 5716 2380 5766 loca
2398 5717 2725 5768 offerentibus
2742 5715 2941 5791 semper
2956 5715 3157 5791 adhibiti
3183 5715 3542 5791 fuerimupost;

1937 5794 2088 5851 quam
2106 5780 2318 5851 decima}.
2339 5791 2478 5851 nonfe
2503 5794 2640 5830 suam
2674 5780 2861 5831 seriem
2888 5787 3211 5851 restituitntts,
3241 5780 3399 5851 posito
3417 5780 3542 5845 'vt-ro

1938 5840 2258 5915 genuinpque
2281 5840 2586 5912 singularum
2602 5857 2824 5915 numero,
2852 5854 3080 5915 veterem
3100 5840 3542 5915 illum'adjcctmt'a'.

1940 5903 2160 5967 Exempli
2175 5903 2318 5954 causa
2344 5903 2630 5968 {rigesimm
2649 5903 2710 5955 al.
2737 5908 2963 5974 rigesfma
2981 5910 3162 5972 prima.
