4114 6534
644 410 749 466 279

645 524 913 593 mnjuncti
935 524 1121 588 simus,
1145 527 1196 575 et
1218 533 1375 573 nemo
1394 520 1513 588 plus
1533 518 1700 572 altero
1720 516 1986 587 quidpiam
2010 514 2221 580 habeat,

644 632 749 671 non
790 614 937 669 dives
978 627 1245 684 paupere,
1277 628 1381 665 non
1425 611 1583 665 herus
1619 623 1808 674 servo,
1841 624 1945 664 non
1977 609 2227 678 princeps

642 706 890 769 subdito,
922 720 1027 760 non
1059 719 1149 760 rex
1193 704 1393 767 milite,
1434 718 1537 757 non
1580 700 1927 773 philosophus
1961 700 2221 765 barbaro,

644 813 744 854 nec
788 795 1003 867 sapiens
1048 796 1248 851 idiota?
1286 795 1542 849 Omnibus
1572 793 1767 863 quippe
1803 806 1963 847 unam
2008 792 2224 863 largitus

639 901 725 945 est
750 891 1077 946 nobilitatem
1101 890 1139 951 ¹,
1172 903 1290 943 cum
1321 888 1557 941 omnium
1588 886 1830 940 similiter
1865 885 2022 940 Pater
2046 885 2223 940 vocari

640 981 889 1051 dignatus
915 982 1004 1035 sit.
1037 980 1319 1048 Postquam
1362 978 1519 1047 igitur
1558 976 1695 1031 hanc
1735 975 2064 1031 nobilitatem
2103 991 2219 1031 me-

640 1072 907 1138 moravit,
950 1086 1155 1125 necnon
1204 1085 1491 1137 supernum
1532 1070 1769 1134 donum,
1822 1068 2038 1123 honoris
2084 1068 2223 1123 inter

637 1165 828 1221 fratres
853 1162 1162 1234 puritatem,
1193 1171 1351 1232 atque
1376 1162 1681 1225 caritatem,
1715 1170 1991 1230 postquam
2015 1174 2044 1213 a
2078 1168 2215 1214 terra

637 1254 851 1309 abduxit
876 1262 930 1309 et
953 1254 1086 1308 czelo
1107 1251 1295 1319 alluit,
1320 1252 1591 1307 videmnus
1612 1250 1734 1320 quid
1759 1250 2012 1321 deinceps
2032 1260 2219 1321 petere

634 1346 814 1415 jubeat
844 1362 857 1398 :
892 1359 1012 1399 nam
1057 1344 1160 1399 hoc
1194 1359 1404 1413 quoque
1440 1343 1637 1398 dictqu
1678 1343 1854 1398 omnis
1882 1344 2090 1399 virtutis
2115 1342 2215 1399 do-

634 1436 858 1489 ctrinam
881 1436 1115 1490 inserere
1138 1438 1295 1489 valet.
1312 1434 1441 1489 Nam
1463 1434 1777 1504 quiPatrem
1796 1434 2003 1489 vocavit
2018 1434 2212 1502 Deum,

632 1536 685 1579 ct
725 1525 933 1581 Patrem
964 1540 1297 1581 communem
1322 1564 1337 1590 ,
1372 1524 1493 1594 jure
1529 1525 1683 1580 talem
1724 1526 1974 1581 exhibeat
2010 1527 2209 1593 vitam,

635 1632 735 1685 qua
774 1616 873 1671 hac
915 1618 1229 1672 nobilitate”
1273 1617 1517 1686 indignus
1568 1632 1670 1671 non
1714 1618 1985 1681 videatur,
2024 1628 2082 1673 et
2120 1635 2214 1689 par

630 1708 773 1761 dono
808 1707 1039 1762 studium
1078 1717 1315 1779 prmstct.
1348 1708 1539 1763 Verum
1578 1708 1680 1763 hoc
1717 1723 1820 1763 non
1851 1718 1933 1763 sat
1970 1710 2046 1764 illi
2074 1708 2208 1776 fuit;

630 1798 723 1871 sed
753 1798 895 1853 aliud
924 1799 1070 1853 addit
1096 1801 1162 1853 ita
1187 1801 1407 1869 loquens
1433 1819 1445 1854 :
1472 1800 1825 1867 Suncti/icctur
1844 1817 2023 1855 nomen
2045 1811 2207 1855 tuttur.

631 1890 794 1960 Digna
818 1892 1050 1961 precatio
1074 1893 1189 1961 ejus
1214 1893 1299 1962 qui
1333 1893 1495 1946 Deum
1524 1902 1675 1947 vocat
1697 1892 1904 1949 Patrem
1929 1893 1970 1958 ³,
1999 1902 2051 1948 ιιι
2076 1893 2208 1948 nihil

631 1992 774 2051 petat
804 1993 927 2039 ante
956 1983 1127 2039 Patris
1154 1985 1374 2054 gloriam
1401 2027 1414 2050 ,
1442 1985 1537 2039 sed
1579 1986 1755 2040 omnia
1788 1996 2069 2056 postponat
2094 1987 2210 2057 ejus

627 2073 889 2129 laudibus.
919 2074 1053 2130 Illud
1078 2076 1241 2137 enim,
1272 2076 1650 2145 Sancti/iretur,
1681 2076 1781 2131 hoc
1806 2076 1904 2132 sibi
1937 2078 2067 2141 vult,
2096 2078 2210 2147 glo-

626 2166 881 2222 rilicetur.
913 2165 1024 2223 Sibi
1058 2182 1285 2236 namque
1320 2170 1591 2237 prOpriam
1630 2167 1786 2221 habet
1824 2168 2048 2236 gloriam
2093 2170 2204 2237 ple-

623 2274 768 2324 nam,
794 2259 869 2313 sic
896 2273 1109 2328 semper
1135 2266 1455 2312 manentem.
1484 2258 1736 2312 Orantem
1763 2272 1890 2313 vero
1910 2259 2061 2327 juhet
2085 2274 2206 2328 pre-

620 2350 728 2403 cari
753 2388 768 2411 .
801 2359 856 2402 nl
885 2364 977 2418 per
1009 2349 1164 2404 vitam
1196 2360 1432 2404 nostram
1475 2350 1801 2419 glorilicetur
1832 2350 2012 2420 :quod
2043 2351 2202 2404 etiam

619 2458 778 2511 supra
806 2442 1016 2496 dicebat
1048 2460 1061 2495 :
1091 2440 1274 2495 Luceat
1306 2442 1394 2495 ius:
1415 2452 1576 2496 vestra
1604 2458 1773 2495 coram
1802 2442 2115 2508 hominibus,
2149 2454 2203 2497 ut

616 2534 815 2586 rideant
840 2549 992 2601 opera
1019 2536 1145 2587 bona
1174 2542 1353 2599 castra,
1379 2542 1423 2586 et
1448 2532 1731 2603 gloriﬁcent
1762 2532 1965 2586 Patrem
1986 2544 2203 2588 vestrum

614 2624 700 2691 qui
725 2624 776 2676 in
805 2625 942 2677 ca'lis
967 2633 1038 2677 cst
1066 2622 1276 2693 (Matt/1.
1307 2624 1359 2678 5.
1394 2624 1479 2691 lli)
1531 2621 1660 2677 Nam
1689 2621 1969 2693 Seraphini
1994 2624 2199 2694 glorili-

612 2725 795 2769 rantes
828 2715 1011 2781 Deum,
1042 2716 1120 2769 sic
1154 2713 1399 2769 dicebant
1428 2730 1440 2766 :
1472 2712 1712 2779 Sanctus,
1742 2723 1965 2780 sanctus,
1994 2725 2198 2770 sanctus

612 2804 761 2861 llsai.
794 2808 846 2858 b'.
877 2804 952 2874 5).
985 2805 1162 2875 Itaque
1194 2804 1342 2866 illud,
1373 2803 1753 2871 Sancti/iretur,
1787 2804 1836 2857 id
1861 2813 1962 2868 est,
1994 2805 2195 2873 glorili-

609 2906 777 2949 eetur.
803 2895 1019 2965 Largire
1049 2894 1202 2947 uehis
1222 2936 1236 2959 ,
1268 2895 1468 2962 inquit,
1499 2904 1553 2947 ut
1582 2896 1651 2947 ita
1681 2910 1809 2963 pure
1839 2896 2109 2961 vivamus,
2138 2905 2197 2950 ut

610 3000 704 3055 per
729 3001 823 3039 nos
852 2995 901 3038 te
930 2998 1115 3037 omnes
1144 2984 1459 3052 gloriﬁcent.
1494 2984 1545 3039 ld
1572 2985 1711 3054 quod
1742 3000 1925 3040 rursus
1954 2984 2195 3054 philoso-

607 3074 744 3144 plii:e
769 3084 850 3128 est
875 3074 1143 3142 perfectae,
1168 3076 1327 3129 vitam
1355 3076 1425 3129 ita
1452 3075 1971 3143 irrepreltensibilem
1999 3076 2053 3130 in
2081 3093 2197 3131 om-

605 3166 765 3219 nibus
789 3164 1043 3219 exhibere
1064 3204 1078 3227 ,
1115 3174 1170 3218 ut
1210 3164 1450 3220 videntes
1489 3166 1681 3235 singuli
1729 3168 1955 3222 Domino
1985 3183 2081 3238 pro
2112 3168 2194 3223 his

606 3256 814 3311 laudem
840 3255 1092 3312 referant.
1124 3255 1210 3311 {0.
1236 3257 1482 3311 Adveniet
1503 3273 1712 3327 regnum
1739 3267 1899 3313 tuum.
1925 3259 2036 3314 Hoc
2060 3274 2191 3329 quo-

604 3365 706 3419 que
744 3350 877 3420 grati
912 3348 1167 3419 probiqne
1197 3350 1286 3402 lilii
1316 3348 1515 3403 dictum
1557 3360 1638 3404 est
1662 3391 1676 3415 ,
1709 3350 1797 3420 qui
1838 3366 1943 3406 nou
1989 3351 2189 3407 haereat

603 3425 759 3495 minus
786 3439 886 3494 sub
911 3448 1183 3507 aspectum
1209 3440 1539 3505 cadentibus,
1568 3455 1739 3509 neque
1767 3444 2043 3511 praesentia
2074 3459 2187 3497 ma-

601 3531 685 3600 gni
718 3531 990 3600 quidpiam
1017 3545 1136 3586 esse
1169 3540 1343 3599 putet;
1374 3531 1467 3585 sed
1495 3531 1562 3585 ad
1597 3542 1797 3600 patrem
1826 3547 2038 3602 semper
2068 3544 2185 3588 ten-

599 3622 720 3685 dat,
754 3632 806 3677 et
843 3621 1015 3676 futura
1052 3632 1323 3691 ex5pcctet
1349 3664 1363 3686 ,
1394 3623 1533 3692 quod
1575 3638 1638 3678 ex
1682 3625 2005 3679 conscientia
2048 3625 2184 3680 bona

598 3713 788 3773 oritur.
822 3720 874 3767 ct
900 3728 966 3768 ex
995 3712 1169 3767 anima
1197 3730 1224 3765 τι
1258 3714 1483 3767 terrenis
1512 3712 1671 3767 rebus
1700 3715 1968 3783 expedita.

666 3805 719 3859 5.
743 3805 1021 3859 Adventum
1042 3805 1185 3876 regni
1207 3803 1304 3857 Dei
1324 3804 1571 3874 quomodo
1592 3803 1945 3858 desideraverit
1965 3803 2179 3863 Paulus.

606 3893 776 3949 Virtus
800 3912 899 3949 non
924 3911 985 3949 ex
998 3895 1166 3948 studio
1188 3906 1358 3948 nostra
1374 3902 1589 3972 tantum,
1609 3894 1698 3947 sed
1717 3894 1862 3946 ctiam
1883 3911 1945 3947 ea:
1964 3911 2185 3963 superna

594 3988 759 4057 gratia
785 3987 982 4053 pendet.
1005 4016 1072 4025 —-
1091 3985 1203 4040 lloc
1227 3987 1367 4039 enim
1394 3984 1589 4039 Paulus
1618 3985 1839 4054 singuiis
1867 3986 2054 4042 diebus
2082 3986 2180 4042 de-

593 4076 855 4130 siderabat
874 4117 888 4139 ,
930 4075 1153 4144 ideoque
1178 4074 1389 4129 dicebat
1421 4092 1433 4127 :
1465 4072 1533 4127 Et
1562 4075 1661 4143 ipsi
1698 4075 1947 4142 primitias
1973 4078 2181 4145 spiritus

594 4174 825 4226 habentes
878 4172 1283 4239 ingemiscimus,
1340 4170 1660 4238 adoptionem
1719 4169 1936 4236 ﬁliorum
2003 4188 2179 4242 excpie-

596 4273 818 4325 ctantes,
866 4261 1256 4329 redemptionem
1304 4258 1529 4328 corporis
1570 4260 1729 4311 nostri
1774 4258 1949 4327 (item.
1980 4260 2034 4313 8.
2063 4260 2176 4328 9.5).

591 4356 689 4421 Qui
733 4354 875 4407 enim
907 4351 1009 4406 hoc
1038 4366 1218 4405 amore
1261 4362 1446 4418 captus
1484 4360 1596 4413 est,
1648 4365 1818 4421 neque
1859 4348 2016 4419 hujus
2055 4349 2178 4404 vita:

592 4445 745 4497 lmuis
773 4443 941 4497 iuliari
973 4450 1163 4513 potest,
1198 4456 1368 4510 neque
1394 4441 1554 4495 rebus
1582 4440 1823 4495 adversis
1851 4441 2007 4509 dcjici
2039 4458 2053 4494 :
2082 4441 2179 4498 sed

591 4556 652 4590 ac
682 4538 723 4591 si
757 4538 807 4589 in
833 4536 976 4590 uelis
1003 4544 1323 4595 versaretur,
1347 4532 1414 4589 ab
1441 4542 1665 4601 utraque
1694 4532 1793 4586 bac
1821 4532 2179 4602 iumqualitatc

594 4626 842 4680 immunis
869 4635 973 4679 est.
1000 4622 1120 4676 Fiat
1143 4625 1369 4675 minutas
1393 4632 1475 4676 tua
1508 4625 1633 4676 sicut
1661 4624 1713 4676 in
1740 4621 1864 4676 ario
1881 4633 1927 4676 et
1946 4623 1999 4675 in
2020 4631 2173 4677 terra.

599 4716 837 4770 Vidit-tiu“
867 4716 1121 4783 Optimam
1152 4714 1382 4767 seriem?
1409 4713 1565 4767 iussit
1599 4713 1741 4767 enim
1770 4712 1945 4767 futura
1975 4728 2173 4768 concuo

593 4810 819 4877 piscaria,
850 4815 898 4858 et
931 4805 995 4858 ad
1024 4805 1160 4858 illam
1184 4803 1663 4874 peregrinationem
1693 4802 1940 4859 festinare
1965 4820 1977 4857 :
2001 4802 2176 4860 donec

592 4912 767 4956 autem
802 4898 851 4952 id
879 4898 1113 4959 eveniat,
1146 4898 1231 4951 hic
1256 4896 1510 4966 degentes
1535 4910 1743 4962 curare,
1772 4905 1827 4949 ut
1856 4911 1951 4967 par
1974 4898 2172 4953 cmlesti

594 4991 801 5045 vivendi
845 5003 1013 5059 genus
1039 4988 1403 5044 exlziheamus.
1438 4985 1567 5040 Nam
1593 4986 1783 5040 cadum
1812 4986 2022 5057 quidem
2043 5030 2056 5054 ,
2088 4989 2172 5043 in-

590 5083 725 5154 quit,
758 5091 808 5135 et
834 5079 1061 5134 ca-lestia
1090 5079 1523 5147 concupiscamus
1553 5085 1763 5147 Oportet
1783 5096 1794 5132 :
1814 5078 1906 5134 sed
1938 5088 1991 5134 et
2014 5090 2171 5134 ante-

591 5188 749 5245 quam
798 5173 851 5226 in
898 5171 1086 5225 etclam
1132 5169 1518 5236 concedamus,
1564 5185 1628 5225 ex
1679 5179 1817 5225 terra
1858 5171 2041 5225 omium
2072 5185 2169 5225 nos

655 5327 672 5358 ί
710 5323 891 5382 λιητυιη
917 5335 1061 5373 imam
1084 5322 1285 5385 largitus
1297 5327 1369 5370 est
1387 5321 1731 5386 cognationem;
1756 5324 1912 5371 minus
1928 5332 2081 5373 recte.

655 5390 675 5418 ί
712 5386 893 5442 λείη-ειη
927 5386 1215 5445 cognatione.

657 5450 677 5479 ³
717 5466 738 5493 ι
757 5443 1088 5517 sancti/iretur
1112 5456 1282 5495 nomen
1284 5448 1502 5517 fuitin.»
1533 5443 1691 5508 Digna
1718 5445 1940 5517 precatiq
1950 5445 2054 5508 ejus
2086 5447 2169 5507 qui

594 5518 749 5559 nam:
771 5505 968 5557 invenit.
994 5508 1068 5557 sic
1090 5518 1264 5555 omnes
1284 5505 1403 5569 Editi
1427 5514 1479 5553 et
1501 5505 1807 5569 mariuscripti
1830 5505 2030 5569 Codices
2048 5505 2169 5569 prte-

592 5579 671 5621 ιιει⁸
696 5582 809 5641 etim
831 5582 929 5641 quo
944 5581 1063 5617 usus
1081 5576 1154 5641 est
1186 5567 1797 5641 Georgius'trapewntids,
1816 5569 1904 5641 qui
1926 5567 2161 5641 ita-legit:

589 5628 919 5692 Sanctiﬁcetur
928 5642 1097 5679 nomen
1106 5636 1261 5692 tuum.
1281 5628 1640 5692 nignaprarsus
1650 5639 1707 5677 eo
1715 5628 1797 5688 qui
1810 5628 1964 5678 Deum
1978 5628 2166 5692 patrem

590 5687 847 5756 rqq‘ctt'arit
878 5692 1045 5740 oratio.
1072 5689 1249 5739 Placuit
1272 5687 1393 5753 ergo
1414 5687 1485 5741 illi
1513 5687 1661 5740 lectio
1677 5687 1978 5756 (ηερε-,ηυξ
1998 5690 2163 5751 habet,

587 5750 669 5809 ait
694 5767 831 5864 τοξῃδν
861 5765 950 5804 ων
968 5766 1109 5815 uarie!
1124 5766 1315 5810 ιιιοιηςς
1329 5750 1356 5813 ξ
1365 5766 1474 5818 ea.
1502 5758 1553 5802 οι
1574 5759 1663 5810 νει.
1681 5750 1842 5814 ιιτουιιι
1867 5750 2030 5810 dubita
2044 5765 2166 5815 ινιτι-

587 5820 726 5864 lel‘t‘it
763 5828 772 5839 '
795 5852 806 5863 .

586 5820 806 5865 terenda.

1362 403 1427 460 ‘S.
1467 400 1740 461 JOANNIS
1776 399 2255 458 CllRYSOSTOMl
2293 402 2609 459 ARCHIEP.
2644 404 3178 464 CONSTANTINOP.

3818 411 3917 467 281‘.

2335 514 2511 571 facere
2545 515 2729 586 jubet,
2774 526 2829 574 et
2856 519 2909 575 in
2942 528 3083 575 terra
3115 526 3392 576 versantes
3420 534 3483 575 ac
3510 523 3553 576 si
3586 521 3641 577 in
3668 523 3800 578 cado
3827 523 3915 578 des

2332 620 2579 676 geremus
2602 648 2618 676 ,
2667 607 2744 664 sic
2772 609 2948 665 omnia
2992 610 3170 667 facere
3207 620 3265 668 et
3304 611 3504 677 dicere,
3534 623 3699 684 atque
3728 612 3828 669 bac
3853 614 3917 670 de

2331 713 2489 753 causa
2516 699 2797 757 Dominum
2826 702 3029 772 precari
3055 714 3325 775 oportere.
3356 705 3496 763 Nihil
3524 709 3668 764 enim
3702 712 3918 781 impedit

2330 791 2635 860 quominus,
2666 793 2768 849 etsi
2812 794 2863 848 in
2908 804 3047 850 terra
3080 795 3415 863 habitemus,
3461 800 3525 854 ad
3564 814 3917 870 supernarmn

2329 878 2584 937 virtutum
2612 881 2945 939 sedulitatem
2983 899 3047 939 ac
3084 886 3412 957 diligentiam
3441 890 3763 960 attingamus
3790 909 3801 944 :
3827 890 3921 945 sed

2330 985 2614 1041 possumus
2638 972 2725 1028 hic
2754 974 3087 1041 habitantes,
3120 977 3271 1047 quasi
3296 978 3405 1047 jam
3434 980 3483 1033 in
3515 981 3651 1035 creto
3675 995 3918 1037 essemus

2327 1064 2505 1119 omnia
2523 1065 2718 1122 facere.
2731 1066 2881 1135 Quod
2900 1068 3057 1139 igitur
3082 1069 3232 1133 dicit.
3258 1070 3560 1141 huiusmodi
3586 1075 3914 1143 estzQuem-

2326 1154 2611 1211 admodum
2642 1157 2711 1212 ibi
2747 1160 2923 1215 omnia
2954 1156 3069 1215 sine
3112 1161 3495 1231 impedimento
3526 1164 3659 1220 linat
3680 1205 3696 1230 ,
3746 1180 3916 1235 neque

2324 1247 2499 1314 angeli
2545 1248 2704 1303 modo
2742 1249 2990 1313 audiunt,
3038 1250 3199 1307 modo
3219 1250 3368 1323 jussa
3407 1264 3791 1320 contemnunt,
3825 1256 3914 1310 sed

2326 1335 2378 1390 in
2410 1338 2657 1393 omnibus
2681 1339 2878 1395 cedunt
2901 1351 2955 1395 et
2978 1342 3369 1413 obsequuntur;
3402 1360 3524 1400 nam
3552 1348 3647 1414 ait,
3670 1347 3914 1405 Potentes

2321 1427 2517 1491 virtute,
2540 1428 2780 1497 facientes
2802 1433 3001 1488 verbum
3022 1434 3158 1489 illius
3175 1432 3347 1506 (Psal.
3372 1434 3489 1492 102.
3508 1436 3603 1507 20)
3624 1439 3737 1494 :sic
3754 1440 3912 1496 etiam

2322 1519 2477 1573 nobis
2501 1519 2804 1576 hominibus
2824 1522 3017 1593 largire
3040 1532 3096 1578 ut
3118 1541 3223 1579 non
3250 1541 3315 1582 ex
3338 1526 3559 1583 dimidio
3580 1528 3912 1586 voluntatem

2322 1615 2463 1662 tuam
2496 1607 2783 1675 faciamus,
2826 1612 2918 1667 sed
2961 1613 3137 1667 omnia
3168 1623 3225 1670 ut
3247 1616 3329 1671 vis
3358 1616 3697 1687 impleamus.
3730 1619 3898 1675 Viden

2288 1698 2585 1766 quomodo
2612 1702 2857 1757 modeste
2886 1718 3043 1773 agere
3068 1704 3295 1772 doceat,
3342 1707 3631 1763 ostendens
3659 1710 3913 1765 virtutem

2319 1804 2425 1845 non
2450 1805 2515 1846 ex
2548 1801 2733 1846 nostro
2774 1793 2950 1848 studio
2980 1804 3181 1849 tantum
3202 1837 3217 1863 ,
3267 1795 3364 1853 sed
3394 1799 3555 1854 etiam
3583 1816 3650 1856 ex
3677 1816 3909 1873 superna

2318 1884 2485 1953 gratia
2517 1884 2787 1954 pendere?
2815 1886 3053 1958 itemque
3088 1890 3251 1945 tutius
3280 1891 3426 1946 orbis
3452 1892 3869 1949 sollicitudinem
3895 1937 3909 1957 ,

2318 1988 2414 2027 nos
2434 1976 2521 2044 qui
2549 1990 2763 2030 oramus
2787 1977 3025 2048 singulos
3050 1993 3239 2050 gerere
3266 1980 3524 2051 prmcipit.
3551 1981 3739 2052 Neque
3764 1985 3908 2039 enim

2314 2052 2479 2130 dixit,
2529 2065 2647 2121 Fiat
2691 2067 2935 2123 voluntas
2966 2079 3051 2123 tua
3095 2070 3292 2136 inme,
3336 2080 3428 2127 aut
3454 2072 3507 2127 in
3540 2073 3729 2139 nobis;
3776 2073 3907 2139 scd,

2316 2154 2523 2226 Ubique
2556 2167 2817 2213 terrarum
2838 2200 2853 2223 ,
2883 2168 2941 2214 ut
2983 2176 3135 2215 error
3161 2162 3419 2217 avellatur
3446 2173 3500 2218 et
3543 2164 3740 2218 veritas
3766 2164 3906 2219 iuse-

2314 2259 2492 2314 ratur,
2524 2252 2804 2321 omnisque
2834 2253 3064 2322 nequitia
3090 2254 3397 2309 eliminetur
3419 2296 3434 2321 ,
3456 2255 3635 2310 virtus
3663 2266 3908 2310 revertao

2313 2346 2416 2403 tur,
2447 2350 2607 2410 atque
2635 2341 2685 2394 in
2710 2341 2795 2394 illa
2817 2341 3037 2397 colenda
3060 2342 3190 2398 nihil
3213 2342 3466 2413 deinceps
3483 2344 3694 2400 dill'erat
3712 2345 3905 2399 caelum

2310 2445 2337 2483 a
2370 2439 2532 2488 terra.
2570 2430 2702 2487 Nam
2746 2431 2789 2486 si
2834 2433 2962 2487 illud
3003 2433 3121 2499 liat,
3169 2435 3365 2504 inquit,
3416 2435 3547 2490 nihil
3576 2451 3806 2505 superna
3837 2437 3908 2490 ab

2313 2523 2653 2579 inferioribus
2682 2522 3093 2595 discrepabunt,
3141 2527 3349 2582 etiamsi
3397 2536 3582 2581 natura
3613 2528 3902 2591 differant.

2309 2630 2431 2669 cum
2476 2616 2679 2671 scilicet
2707 2618 2925 2686 angelos
2955 2617 3091 2672 alios
3122 2619 3275 2672 nobis
3308 2629 3446 2673 terra
3477 2619 3772 2675 exhibebit.
3812 2621 3903 2675 Η.

2307 2703 2503 2758 Panem
2532 2716 2759 2759 nostrum
2786 2706 3130 2776 quotidianum
3160 2709 3228 2761 da
3252 2710 3395 2782 nobis
3421 2710 3587 2765 hodie.
3617 2710 3755 2777 Quid
3782 2720 3901 2775 est.

2304 2792 2502 2849 Panem
2554 2800 2824 2850 ἐπιούσιονῖ
2866 2796 2921 2851 ld
2967 2806 3087 2863 cst,
3133 2799 3521 2868 quotidianum.
3571 2800 3707 2869 Quia
3752 2804 3901 2857 enim

2302 2886 2509 2942 dxerat
2532 2930 2546 2954 ,
2578 2887 2699 2941 Fiat
2726 2889 2955 2944 voluntas
2981 2900 3066 2944 tua
3086 2932 3102 2955 ,
3144 2893 3275 2945 sicut
3318 2894 3370 2946 in
3408 2894 3533 2948 calo
3563 2903 3610 2948 et
3638 2897 3691 2950 in
3722 2906 3857 2951 terra
3879 2914 3901 2951 :

2304 2976 2654 3047 hominesque
2684 2978 3057 3050 alloquebatur
3084 2996 3245 3037 carne
3277 2983 3489 3040 indutos
3512 3027 3529 3051 ,
3566 2996 3622 3043 et
3652 2991 3895 3045 necessi-

2303 3067 2393 3121 tati
2424 3076 2625 3122 natura:
2650 3069 2935 3139 subjectos,
2966 3072 3057 3141 qui
3085 3087 3191 3127 non
3223 3074 3432 3142 possint
3453 3077 3699 3134 eamdem
3731 3095 3895 3151 quam

2298 3158 2470 3226 angeli
2500 3157 2978 3226 impassibilitatem
3007 3160 3206 3217 habere
3226 3179 3239 3215 :
3263 3175 3520 3235 prmcepta
3551 3167 3769 3237 quidem
3793 3185 3898 3225 nos

2297 3246 2518 3317 exsequi
2555 3249 2740 3316 jubet,
2784 3251 3007 3320 perinde
3030 3261 3191 3323 atque
3230 3268 3292 3309 ea
3317 3255 3542 3325 implent
3567 3267 3622 3312 et
3649 3258 3759 3325 illi;
3793 3260 3893 3316 sed

2296 3338 2589 3396 inﬁrmitati
2619 3354 2822 3397 naturae
2851 3342 3109 3416 deinceps
3155 3359 3276 3401 sese
3298 3350 3708 3427 accommodat.
3753 3352 3891 3407 Nam

2291 3433 2621 3503 diligentiam
2642 3476 2655 3500 ,
2701 3438 2899 3506 inquit,
2938 3438 2990 3491 iu
3021 3437 3144 3493 vitm
3176 3426 3417 3494 inStituto
3446 3454 3627 3510 parem
3655 3456 3887 3514 expeto,

2292 3524 2383 3578 sed
2422 3539 2525 3577 non
2564 3525 3079 3594 impassibilitatem;
3126 3542 3297 3597 neque
3341 3529 3483 3584 enim
3529 3530 3581 3585 id
3627 3534 3892 3600 permittit

2293 3624 2495 3669 natura:
2541 3616 2779 3685 tyrannis
2804 3634 2816 3669 :
2841 3630 2978 3687 opus
3013 3618 3154 3673 enim
3204 3619 3362 3675 habet
3396 3623 3705 3678 necessario
3738 3625 3884 3682 cibo.

2291 3704 2370 3758 Tu
2398 3719 2524 3760 vero
2555 3705 2682 3760 mihi
2700 3706 3023 3763 consideres
3061 3708 3223 3763 velim
3250 3750 3265 3776 ,
3306 3711 3466 3766 etiam
3499 3712 3552 3768 in
3582 3718 3887 3785 corporali-

2290 3796 2389 3851 bus
2420 3797 2703 3866 plurimum
2732 3798 3121 3866 spiritualitatis
3161 3802 3361 3857 inesse.
3394 3802 3577 3875 Neque
3604 3808 3751 3862 enim
3784 3824 3887 3879 pro

2291 3894 2549 3962 pecuniis.
2582 3908 2753 3964 neque
2783 3909 2879 3963 pro
2902 3894 3125 3961 deliciis,
3154 3912 3325 3966 neque
3350 3913 3447 3967 pro
3470 3900 3700 3955 vestium
3726 3916 3883 3957 sum-

2287 3984 2483 4053 ptibus.
2533 3985 2613 4039 vel
2663 3999 2758 4054 pro
2800 3984 2906 4038 alio
2949 3986 3197 4055 quopiam
3240 3988 3435 4057 simili,
3485 3988 3580 4045 sed
3612 4005 3713 4061 pro
3741 4007 3883 4063 pane

2287 4082 2489 4130 tantum
2525 4075 2681 4145 jussit
2724 4077 3019 4131 orationem
3062 4079 3266 4143 emitti,
3309 4089 3363 4135 et
3406 4096 3503 4151 pro
3528 4097 3667 4152 pane
3694 4086 3883 4155 quoti-

2284 4168 2464 4229 dimo,
2499 4169 2567 4222 ita
2602 4180 2654 4222 ut
2685 4169 2752 4223 de
2780 4171 3016 4226 crastino
3049 4172 3260 4227 solliciti
3291 4190 3397 4229 non
3423 4176 3615 4235 simus.
3644 4179 3881 4253 Ideoque

2286 4257 2508 4319 addidit,
2540 4256 2734 4309 Panem
2756 4264 3008 4325 ianuam,
3057 4262 3107 4316 id
3134 4272 3237 4330 est,
3268 4266 3658 4334 quoddisnum.
3689 4270 3879 4340 Neque

2288 4344 2388 4400 hoc.
2418 4354 2700 4401 contentus
2726 4348 2826 4403 luit
2856 4350 3055 4419 verbo,
3098 4352 3190 4407 sed
3220 4364 3273 4409 et
3314 4356 3454 4412 aliud
3496 4358 3741 4425 addidit,
3788 4360 3878 4414 Da

2285 4436 2425 4491 nobis
2448 4438 2614 4503 hodie,
2649 4440 2717 4493 ita
2745 4449 2801 4493 ut
2828 4454 2933 4495 non
2957 4442 3193 4498 nlleriori
3216 4443 3320 4499 diei
3347 4446 3597 4503 crastina
3620 4461 3748 4504 cura
3774 4465 3877 4506 nos

2286 4536 2647 4598 torqucamus.
2673 4528 2839 4601 Cujus
2864 4532 3006 4587 enim
3050 4533 3157 4589 diei
3203 4537 3378 4591 nescis
3416 4552 3484 4592 an
3529 4540 3759 4609 spatium
3790 4541 3873 4596 vi-

2282 4634 2438 4674 surus
2463 4621 2569 4683 sis,
2606 4634 2701 4675 cur
2728 4621 3139 4678 sollicitudinem
3173 4624 3376 4681 babes?
3404 4626 3517 4682 Hoc
3542 4628 3789 4699 pluribus
3818 4632 3874 4687 in

2282 4710 2625 4780 sequentibus
2670 4713 2909 4781 prareipit
2942 4715 3124 4769 dicens
3158 4734 3171 4768 :
3208 4713 3383 4771 Nolite
3426 4718 3626 4773 solliciti
3663 4736 3771 4775 esse
3816 4723 3871 4777 in

2280 4802 2555 4855 crastinum
2582 4802 2793 4871 (Malm.
2815 4806 2867 4860 6.
2887 4804 2998 4873 ⁸54).
3024 4805 3144 4859 Vult
3168 4808 3307 4861 enim
3334 4824 3431 4863 nos
3457 4824 3668 4881 semper
3686 4816 3869 4870 acciu-

2280 4902 2396 4948 Cios
2424 4901 2479 4946 ct
2504 4894 2649 4963 quasi
2672 4898 2737 4957 ad
2766 4896 3000 4949 volatum
3029 4896 3305 4966 expeditos
3332 4913 3474 4963 esse.
3499 4910 3703 4957 tantum
3728 4918 3868 4959 con-

2279 4984 2535 5039 cedentes
2562 4994 2781 5051 natur-.r,
2806 4998 3061 5054 quantum
3114 4989 3403 5043 necessitas
3432 5006 3459 5041 a
3491 4992 3645 5045 nobis
3679 4992 3864 5062 exigit,

2282 5072 2483 5129 Deinde
2509 5074 2630 5141 quia
2658 5077 2949 5145 contingit,
2995 5076 3156 5131 etiam
3188 5090 3307 5146 post
3336 5079 3603 5134 lavacrum
3637 5097 3871 5152 regene-

2279 5167 2517 5225 rationis.
2543 5177 2599 5219 ut
2626 5183 2907 5237 peccemus
2934 5186 2949 5222 :
2974 5171 3189 5224 amitam
3219 5170 3304 5225 hic
3322 5187 3537 5243 quoque
3565 5174 3865 5245 benignita-

2278 5268 2383 5313 tem
2412 5258 2670 5312 exhibens
2695 5302 2709 5322 ,
2748 5260 2899 5329 jubet
2946 5275 3039 5330 pro
3084 5272 3421 5331 peccatorum
3449 5266 3767 5320 remissione
3796 5267 3863 5319 ad

2279 5348 2676 5403 misericordem
2712 5349 2876 5403 Deam
2906 5350 3183 5416 accedere,
3211 5362 3265 5407 ct
3293 5354 3371 5409 sic
3400 5353 3582 5408 dicere
3608 5376 3621 5411 :
3648 5354 3734 5410 l2.
3762 5355 3865 5409 Di-

2276 5441 2413 5493 mitte
2454 5439 2592 5493 nobis
2618 5440 2780 5493 debita
2807 5451 2978 5495 nostra
2998 5482 3014 5509 ,
3044 5443 3170 5495 sicut
3202 5454 3247 5497 et
3274 5461 3365 5499 nos
3394 5445 3693 5501 dimittimus
3720 5447 3863 5501 debi-

2276 5531 2463 5584 toribus
2485 5532 2685 5584 nostris.
2719 5531 2960 5587 Vidistin'
2988 5535 3368 5591 misericordiae
3393 5539 3706 5595 cumulum?
3734 5540 3867 5596 Post

2278 5629 2354 5674 tot
2380 5621 2584 5674 sublata
2614 5623 2766 5685 mala,
2807 5632 2923 5693 post
2953 5624 3270 5680 incli'ahilmn
3301 5626 3563 5685 donorum
3595 5631 3866 5702 magnitu-

2273 5712 2470 5777 dinem,
2498 5728 2704 5767 rursum
2734 5724 3014 5783 peccantes
3042 5716 3194 5771 venia
3224 5718 3487 5789 dignatur.
3506 5722 3656 5788 Quod
3682 5734 3865 5777 autem

2282 5803 2393 5858 lm-c
2421 5806 2590 5859 oratio
2614 5804 2849 5864 tidclihus
2877 5818 3163 5880 competat,
3194 5810 3337 5883 legis
3367 5812 3616 5869 Ecclesiae
3645 5814 3862 5882 docent,
