4114 6478
285 451 380 501 ρει

275 585 378 625 rec
395 578 500 623 non
528 563 787 619 orationis
818 558 1113 616 exordium.
1151 555 1393 612 Nondum
1425 555 1622 624 quippe
1647 552 1884 606 initiatus

282 672 392 715 non
424 667 598 730 potest
628 658 791 712 Deum
822 669 1012 708 vocare
1045 653 1280 706 Patrem.
1327 651 1378 706 Si
1422 650 1600 719 itaque
1635 646 1886 702 ﬁdelibus

286 749 402 804 lucc
430 749 686 817 competit
716 746 920 809 oratio,
974 753 1234 812 orantque
1274 741 1541 810 supplices
1587 747 1641 792 ut
1671 747 1884 808 peccata

285 841 390 895 sihi
412 841 746 896 dimittantur
773 857 786 891 :
815 837 936 892 hinc
960 837 1130 907 palam
1156 844 1256 900 est,
1281 849 1452 904 neque
1477 840 1596 902 post
1619 831 1884 884 lavacrum

285 931 399 985 tolli
429 929 754 1000 poenitentia;
790 929 1015 982 lucrum.
1059 927 1168 981 Nisi
1214 926 1354 979 enim
1391 924 1490 976 hoc
1518 923 1885 976 demonstrare

283 1023 474 1087 vellet,
524 1035 627 1076 non
676 1036 805 1074 sane
835 1020 1106 1074 docuisset
1135 1032 1310 1070 orare.
1357 1015 1455 1082 Qui
1502 1027 1630 1068 vero
1668 1021 1884 1082 peccata

283 1122 578 1176 memorat,
625 1112 882 1181 jubetque
923 1126 1106 1166 eorum
1153 1108 1524 1163 remissionem
1569 1116 1770 1176 petere,
1819 1121 1880 1158 ac

282 1207 441 1262 docet
474 1205 744 1276 quomodo
776 1205 912 1259 hanc
943 1202 1310 1257 remissionem
1343 1214 1762 1269 consequamur,
1798 1198 1876 1251 fa-

281 1299 548 1369 cilemque
575 1299 639 1352 ad
669 1298 814 1352 illam
845 1305 990 1363 parat
1021 1295 1179 1356 viain,
1212 1293 1298 1347 hic
1325 1301 1379 1346 ut
1405 1292 1574 1360 palam
1606 1299 1707 1353 est,
1737 1290 1880 1361 quod

284 1390 492 1444 noverit
517 1401 566 1444 et
595 1387 781 1442 doceat
815 1401 969 1456 posse
998 1401 1095 1440 nos
1119 1384 1280 1438 etiam
1309 1392 1430 1451 post
1459 1384 1727 1436 lavacrum
1761 1397 1886 1452 pec-

281 1491 401 1534 cata
432 1481 648 1534 abluere
669 1520 684 1544 ,
717 1478 853 1533 hanc
883 1476 1286 1548 supplicationis
1330 1475 1499 1543 legem
1532 1473 1738 1527 induxit
1765 1489 1778 1533 ;
1814 1473 1886 1526 ita

286 1583 342 1624 ut
373 1571 496 1625 dum
526 1577 741 1639 peccata
772 1577 1032 1623 memorat
1052 1609 1066 1632 ,
1114 1582 1212 1621 nos
1248 1566 1313 1619 ad
1348 1565 1588 1619 modeste
1619 1563 1899 1635 agendum

286 1665 539 1728 inducat;
571 1663 697 1718 dum
729 1679 858 1718 vero
883 1663 1032 1730 jubet
1061 1661 1180 1715 aliis
1207 1661 1483 1716 remittere
1507 1701 1521 1723 ,
1555 1675 1769 1714 onmem
1804 1660 1886 1711 in-

281 1760 542 1829 iuriarum
595 1760 906 1810 memoriam
952 1771 980 1809 a
1015 1755 1166 1808 nobis
1211 1753 1485 1816 eliminet;
1533 1752 1659 1806 dum
1706 1763 1886 1806 autem

288 1865 386 1921 pro
424 1851 505 1904 bis
534 1849 781 1903 omnibus
822 1864 880 1902 se
924 1847 1075 1901 nobis
1107 1845 1315 1900 veniam
1356 1858 1734 1898 concessurum
1766 1858 1889 1898 esse

287 1941 591 2011 pollicetur,
624 1940 758 1994 bona
794 1956 890 1994 nos
932 1955 1025 2006 spe
1054 1937 1235 1992 fulciat
1256 1979 1269 2000 ,
1302 1951 1363 1990 ac
1394 1937 1532 1990 circa
1562 1934 1886 1990 ineffabilem

289 2033 385 2088 Dei
414 2032 833 2086 miscricordiam
869 2046 964 2084 nos
993 2028 1357 2099 philosophari
1387 2027 1598 2082 doceat.

360 2125 411 2179 6.
447 2123 513 2179 Ut
551 2124 664 2177 aliis
693 2123 988 2176 dimittimus
1011 2164 1025 2186 ,
1057 2122 1128 2174 sic
1172 2119 1444 2172 dimittitur
1484 2119 1644 2172 nobis.
1678 2149 1744 2156 —
1779 2117 1889 2170 Hoc

287 2226 468 2272 autem
519 2217 745 2269 maxime
789 2213 1181 2268 observandum
1225 2219 1306 2265 cst
1329 2253 1343 2276 ,
1373 2225 1493 2266 eum
1518 2252 1531 2272 ,
1555 2225 1674 2263 cum
1711 2210 1761 2263 in
1795 2224 1888 2261 su-

291 2306 546 2376 pradictis
599 2305 821 2374 singulis
871 2317 1084 2356 onmem
1149 2302 1396 2355 virtutem
1457 2309 1884 2363 commemoret,

291 2399 342 2450 in
377 2397 475 2451 hac
505 2397 663 2450 etiam
712 2395 1023 2464 injuriarum
1068 2395 1496 2449 recordationem
1530 2393 1810 2461 complccu
1835 2393 1885 2455 ",

291 2504 414 2542 nam
447 2486 765 2542 sanctiﬁcari
798 2503 892 2552 per
923 2503 1021 2540 nos
1049 2501 1242 2540 nomen
1277 2486 1391 2554 ejus
1417 2485 1481 2538 ad
1517 2484 1810 2551 perfectura
1839 2493 1891 2538 et

288 2581 750 2636 accuratissimum
782 2581 900 2633 vita:
933 2578 1230 2632 institutum
1263 2577 1529 2648 pertinet;
1564 2586 1618 2630 et
1647 2577 1892 2629 volunta-

295 2680 400 2730 νειιι
430 2672 546 2742 ejus
593 2672 702 2726 ﬁeri
752 2670 980 2740 idipsnm
1027 2684 1214 2724 rursus
1244 2667 1535 2738 signiﬁcat;
1581 2675 1633 2720 ct
1680 2666 1891 2720 Patrem

295 2781 454 2834 posse
487 2765 650 2820 Deum
682 2779 872 2819 vocare
905 2763 1186 2832 inculpata:
1213 2762 1333 2815 vitae
1361 2759 1745 2816 demonstratio
1772 2767 1852 2814 est
1876 2775 1890 2824 ;

294 2861 348 2914 in
380 2859 571 2930 quibus
601 2859 849 2913 omnibus
878 2858 978 2911 hoc
1005 2854 1511 2926 comprehenditur,
1558 2853 1698 2923 quod
1731 2867 1892 2921 opor-

299 2960 407 3005 teat
437 2952 567 3004 iram
594 2950 662 3004 de
700 2950 908 3018 injuriis
948 2958 1258 3016 conceptam
1301 2949 1604 3009 remittere;
1660 2954 1894 2999 attamen

296 3043 380 3098 his
405 3051 686 3097 contentus
715 3057 819 3094 non
846 3041 972 3103 l'oit;
1009 3039 1100 3094 sed
1125 3037 1415 3092 esteudere
1438 3038 1622 3090 volens
1643 3044 1894 3105 quantam

295 3134 396 3188 hac
433 3133 499 3187 de
538 3149 594 3187 re
633 3142 784 3201 gerat
827 3130 1274 3193 sollicitudinem,
1327 3128 1555 3197 idipsnm
1598 3126 1897 3195 specialiter

297 3225 518 3294 repetit;
567 3237 628 3276 ac
677 3233 793 3291 post
823 3223 1117 3276 orationem
1154 3220 1354 3273 nullum
1387 3219 1529 3270 aliud
1565 3232 1721 3286 quam
1756 3216 1894 3269 istud

296 3324 556 3370 memorat
591 3325 912 3383 prmceptum
937 3355 950 3377 ,
998 3312 1075 3366 sic
1114 3312 1294 3364 dicens
1319 3329 1331 3363 :
1359 3310 1419 3362 Si
1445 3310 1576 3361 enim
1607 3306 1898 3358 dimiseritis

300 3408 588 3462 hominibus
619 3416 824 3475 peccata
856 3422 1050 3467 eorum,
1084 3403 1294 3455 dimittet
1322 3401 1458 3454 vobis
1485 3411 1531 3453 et
1564 3399 1717 3452 Pater
1745 3408 1900 3450 vester

297 3501 508 3555 celestis
537 3498 752 3567 (Matth.
785 3498 837 3553 6.
868 3496 976 3568 Η).
1006 3496 1185 3565 Itaque
1213 3512 1239 3548 a
1274 3494 1428 3548 nobis
1453 3492 1768 3562 principium
1798 3499 1896 3553 est,

298 3590 635 3662 etjudicinm
677 3590 744 3644 de
790 3588 943 3666 nobis
989 3579 1264 3642 ferendum
1312 3586 1363 3638 in
1407 3593 1590 3638 nostra
1623 3584 1783 3638 situm
1816 3591 1901 3636 est

304 3693 588 3754 potestate.
618 3683 748 3736 Nam
779 3697 847 3736 ne
876 3681 958 3734 vel
989 3695 1051 3734 ex
1083 3678 1311 3746 stupidis
1334 3675 1597 3746 quispiam
1628 3675 1793 3743 possit
1818 3673 1901 3728 vel

303 3779 356 3832 in
388 3792 545 3847 parva
577 3775 657 3830 vel
689 3775 739 3828 in
767 3789 954 3842 magna
989 3789 1046 3826 re
1075 3771 1333 3840 conqueri
1363 3769 1489 3823 dum
1516 3767 1805 3836 judicatur,
1830 3775 1901 3827 te,

307 3883 481 3930 reum.
516 3864 706 3919 calculi
739 3863 940 3917 ferendi
973 3861 1248 3915 dominum
1281 3859 1432 3922 facit;
1465 3867 1518 3913 et
1544 3858 1902 3926 Quemadmo-

310 3961 459 4023 dum,
493 3957 686 4026 inquit,
719 3965 772 4009 tu
804 3954 870 4008 de
902 3965 952 4007 te
984 3954 1097 4022 ipso
1138 3951 1494 4019 judicavcris,
1527 3965 1625 4018 ego
1651 3949 1719 4002 de
1748 3961 1795 4002 te
1822 3949 1908 4017 ja-

308 4051 522 4106 dicaho.
570 4049 625 4104 Si
666 4062 929 4103 conservo
956 4045 1254 4108 dimiseris,
1304 4059 1331 4096 a
1376 4057 1461 4097 me
1493 4057 1673 4111 parem
1706 4040 1907 4094 referes

309 4145 558 4214 gratiam,
587 4156 907 4211 quamquam
937 4155 1020 4193 res
1050 4154 1153 4192 non
1188 4136 1330 4204 paris
1353 4135 1419 4187 sit
1451 4133 1794 4188 conditionis.
1827 4133 1904 4184 Tu

311 4236 452 4288 enim
482 4233 622 4303 quod
653 4232 968 4287 remissione
994 4243 1172 4298 egeas,
1201 4226 1451 4282 remittis.
1471 4223 1611 4277 Deus
1636 4239 1761 4276 vero
1787 4239 1910 4278 cum

315 4325 464 4381 nullo
513 4340 648 4395 opus
697 4324 923 4385 habeat;
974 4331 1026 4373 tu
1075 4332 1374 4379 conservo,
1424 4316 1566 4370 Deus
1615 4330 1807 4377 servo;
1861 4327 1912 4370 tu

316 4426 689 4474 sescentorum
724 4431 846 4470 reus
879 4423 1250 4484 peccatorum,
1292 4412 1430 4465 Deus
1475 4426 1604 4465 vero
1648 4415 1915 4480 impecca-

319 4511 438 4565 bilis
466 4525 588 4565 cum
633 4509 720 4562 sit.
764 4509 1010 4562 Attamen
1057 4507 1134 4559 sic
1173 4505 1261 4560 illc
1306 4505 1726 4560 misericordiam
1763 4521 1913 4559 suam

317 4603 569 4659 ostendit.
601 4601 732 4656 Nam
763 4615 883 4655 cum
918 4609 1096 4668 posset
1128 4598 1241 4651 sine
1274 4597 1372 4650 hac
1406 4600 1574 4667 posita
1605 4599 1914 4652 conditione

320 4696 497 4751 omnia
541 4694 635 4749 tibi
678 4701 894 4763 peccata
938 4690 1276 4751 condonare;
1328 4693 1440 4745 vult
1486 4701 1662 4745 tamen
1713 4701 1762 4746 te
1796 4691 1918 4746 inde

321 4788 482 4843 ctiam
515 4785 833 4840 beneficium
871 4784 1112 4850 accipere
1133 4823 1148 4846 ,
1191 4781 1340 4836 mille
1373 4783 1464 4837 tibi
1509 4783 1743 4854 undique
1772 4800 1919 4838 man-

323 4877 622 4932 suetudinis
650 4885 704 4930 et
737 4871 1084 4928 humanitatis
1114 4871 1428 4926 occasiones
1470 4874 1780 4928 ministrans
1804 4915 1818 4936 ,
1868 4883 1922 4928 ct

324 4967 466 5041 quod
495 4968 546 5022 in
571 4976 622 5021 te
648 4965 940 5020 belininum
963 4973 1044 5017 est
1067 4963 1373 5026 eliminatis,
1400 4963 1530 5017 iram
1553 4964 1917 5031 exstinguetis,

321 5075 373 5118 et
406 5059 638 5130 undique
673 5067 726 5112 te
769 5057 1010 5112 membro
1054 5066 1141 5110 tuo
1174 5055 1564 5126 conglutinans.
1613 5056 1748 5122 Quid
1794 5073 1923 5126 ergo

325 5154 508 5209 dicere
537 5150 747 5222 possis?
778 5165 844 5202 an
874 5157 925 5202 te
957 5148 1080 5200 mali
1107 5147 1377 5218 quidpiam
1403 5163 1430 5199 a
1456 5147 1698 5217 proximo
1729 5147 1920 5217 injuste

328 5259 544 5316 passum
569 5242 730 5300 esse?
761 5240 883 5296 llaec
899 5240 1097 5309 quippe
1123 5249 1244 5292 sunt
1270 5247 1482 5308 peccata
1505 5253 1520 5302 ;
1546 5253 1665 5291 nam
1694 5238 1735 5290 si
1756 5240 1917 5306 juste.

405 5473 420 5502 ι
455 5467 650 5532 quidam
674 5473 779 5515 Mss.
819 5465 949 5514 hunc
975 5465 1132 5514 locum
1157 5466 1224 5513 sic
1269 5462 1451 5512 habent
1484 5467 1647 5511 Grazee
1682 5475 1694 5509 :
1736 5470 1820 5512 sat
1863 5475 1932 5523 pa.

343 5557 451 5581 ιτοπι
471 5545 537 5593 ιιὴ
557 5544 807 5593 caputh
833 5565 844 5583 ,
867 5542 978 5577 τςῖιτό
1004 5541 1100 5577 ιστιν
1124 5538 1181 5576 ὅτι
1198 5538 1275 5575 καθ’
1301 5537 1452 5574 iam”
1476 5541 1545 5574 τῶν
1574 5537 1758 5586 simu-4w
1781 5535 1932 5582 ὀλωλιίο

342 5621 404 5658 pw
444 5605 684 5658 tempova
703 5606 787 5658 ,τ’ζς
817 5601 949 5658 ituri;
966 5631 976 5646 ,
1011 5601 1122 5649 ταύτῃ
1156 5601 1214 5637 καὶ
1245 5599 1288 5657 τρ
1320 5602 1546 5658 μ·ιηςιμιαιιῐν
1577 5596 1778 5658 repit-1.51..
1821 5593 1936 5642 01ιῖῐέ

342 5648 412 5705 Ln-
449 5648 664 5703 cohverti
687 5648 897 5710 debent,
934 5653 1073 5712 juxta
1105 5649 1360 5708 Georgium
1393 5648 1762 5712 :trapezuntium
1790 5655 1932 5712 :HIIGC

344 5723 504 5765 uatem
534 5713 746 5776 maxime
762 5705 1122 5776 observandum
1136 5705 1494 5776 εδιίηιιοιιίαηι
1505 5706 1710 5776 singulis
1730 5705 1932 5776 quibus-

344 5792 435 5837 que
457 5773 698 5827 sententiis
720 5776 1062 5837 perfectionem:
1081 5769 1558 5827 rirtutis’includens,
1575 5769 1720 5818 etiam
1741 5769 1790 5817 in
1809 5782 1935 5822 orti:-

357 5841 850 5911 redeutibusjnjuritg
888 5857 972 5894 nos
995 5841 1293 5911 prohibuerit
1333 5841 1602 5911 recordari.
1634 5840 1829 5911 Boisius
1853 5843 1933 5911 19-

355 5905 576 5964 ςυηάιιω
599 5905 712 5954 \‘idil
743 5905 793 5954 in
817 5906 1002 5966 Greece,
1029 5908 1105 5954 xzi
1130 5907 1184 5954 τὸ
1229 5908 1291 5968 μή
1316 5905 1620 5968 μνησικακεῖν
1667 5906 1929 5968 aspiciam.

1433 437 1493 492 IN
1537 430 1937 492 MATTIM‘ZUM
1986 431 2214 489 llOillL.
2264 436 2397 492 XIX.

3500 438 3606 495 ηε

2002 565 2277 618 peccatum
2323 556 2525 608 nullum
2560 565 2658 608 est.
2693 556 2756 607 At
2793 565 2842 606 tn
2877 555 3060 608 talium
3104 570 3227 610 vere
3260 564 3603 624 peccatorum

1997 644 2208 698 veniam
2242 647 2618 713 impetraturus
2647 647 2874 710 accedis,
2909 647 3017 700 imo
3042 655 3095 700 ct
3124 647 3289 701 multo
3316 646 3599 716 majorum.

1999 737 2061 789 Et
2098 749 2222 792 ante
2255 739 2462 792 veniam
2489 783 2500 799 ,
2549 755 2650 792 non
2697 740 2970 794 minimam
3004 751 3372 810 consequutus
3397 755 3459 795 cs
3486 756 3606 810 gra-

1998 829 2160 890 tiam,
2202 829 2422 884 edoctus
2468 839 2517 883 te
2567 830 2854 884 humanam
2907 831 3104 887 habere
3149 833 3422 898 animam,
3456 841 3509 886 ct
3538 833 3604 884 ad

1996 934 2210 972 omnem
2267 921 2736 975 mansuetudinem
2784 922 3079 977 institutus.
3139 922 3266 977 Post
3315 923 3429 976 lure
3477 938 3612 975 vero

1997 1027 2187 1080 magna
2221 1013 2381 1066 etiam
2426 1013 2518 1067 tibi
2564 1029 2770 1068 merces
2817 1014 2925 1069 illic
2976 1014 3252 1069 recondita
3282 1015 3418 1078 erit,
3461 1013 3610 1081 quod

1999 1102 2160 1155 nulla)
2187 1117 2212 1153 a
2244 1112 2294 1155 te
2327 1113 2668 1171 peccatorum
2699 1105 2936 1159 rationes
2968 1105 3327 1174 postulentur.
3355 1104 3472 1173 Quo
3504 1106 3604 1174 igi-

1996 1203 2083 1246 tur
2110 1195 2252 1263 digni
2284 1197 2548 1267 snpplieio
2580 1199 2781 1251 erimus
2802 1239 2814 1258 ,
2852 1198 2893 1251 si
2929 1198 3017 1251 tali
3050 1208 3265 1268 accepta
3295 1206 3562 1267 potestate
3590 1241 3604 1259 ,

1997 1286 2222 1340 salutem
2258 1296 2494 1342 nostra‘m
2530 1289 2859 1358 prodamus?
2889 1289 3161 1359 quomodo
3188 1298 3365 1343 autem
3401 1291 3450 1342 in
3484 1289 3612 1341 aliis

2000 1395 2097 1431 nos
2130 1380 2368 1434 exaudiri
2399 1397 2673 1452 rogamus,
2711 1399 2830 1435 cum
2866 1383 3121 1448 nolimus,
3155 1382 3281 1436 dum
3316 1398 3482 1453 penes
3507 1397 3616 1436 nos

1997 1481 2098 1529 est.
2132 1473 2283 1524 nobis
2314 1473 2442 1540 ipsis
2470 1474 2737 1542 parcere?
2767 1475 2846 1528 13.
2885 1472 2951 1526 Et
2973 1491 3032 1528 ne
3058 1490 3148 1529 nos
3175 1474 3388 1527 inducas
3415 1475 3468 1527 in
3498 1484 3606 1526 ten-

1999 1568 2260 1629 tationem,
2293 1566 2382 1619 sed
2408 1566 2562 1621 libera
2590 1583 2680 1621 nos
2711 1585 2740 1618 ιι
2770 1567 2924 1620 malo.
2955 1567 3088 1633 Quia
3111 1577 3250 1620 tuum
3272 1577 3345 1620 est
3370 1583 3603 1637 regnum,

1998 1669 2040 1710 et
2071 1661 2313 1725 potentia,
2342 1670 2388 1712 et
2417 1659 2582 1727 gloria
2612 1661 2664 1710 in
2692 1663 2900 1721 siccum,
2938 1675 3106 1712 (tmen.
3141 1659 3234 1712 llic
3261 1660 3370 1728 jam
3400 1672 3498 1713 nos
3526 1659 3606 1712 vi-

1998 1748 2198 1801 litatem
2249 1758 2484 1801 nostram
2517 1749 2662 1802 clare
2693 1748 2847 1802 ιίοειιι
2875 1791 2886 1809 ,
2939 1761 2988 1802 ct
3026 1759 3289 1810 tumorem
3323 1749 3564 1818 reprimit
3592 1764 3610 1799 ι

1999 1837 2220 1891 hortans
2261 1847 2312 1889 ut
2350 1841 2643 1894 certamina
2679 1840 2969 1910 fugiamus,
3003 1841 3095 1896 st~d
3129 1857 3194 1895 ne
3223 1843 3273 1894 in
3305 1856 3365 1896 ea
3400 1841 3605 1894 insilia—

1999 1947 2138 1985 mus.
2175 1931 2246 1986 lta
2276 1934 2418 1987 enim
2463 1945 2518 1988 et
2556 1934 2710 1989 nobis
2759 1935 2978 1990 victoria
3027 1934 3359 2002 Splendidior
3387 1934 3518 1995 erit,
3553 1942 3608 1988 et

2000 2024 2196 2078 diaboli
2229 2025 2408 2081 clades
2452 2028 2622 2095 magis
2654 2028 2933 2082 ridebitur.
2968 2028 3099 2082 Cum
3135 2027 3397 2082 trahimur
3419 2027 3560 2080 enim
3590 2068 3604 2090 ,

2000 2117 2206 2171 l'ortiter
2237 2117 2486 2173 standum
2532 2129 2648 2185 est;
2701 2135 2806 2174 non
2859 2130 3074 2175 \ocatos
3121 2129 3298 2174 autem
3329 2120 3608 2191 quiescere

1997 2220 2228 2279 oportet,
2255 2226 2316 2266 ac
2340 2220 2550 2280 tempus
2573 2214 2923 2267 certaminum
2948 2221 3280 2282 exspectare,
3305 2222 3362 2268 ut
3381 2222 3434 2268 et
3457 2230 3608 2265 valui:

1999 2302 2183 2371 glorize
2215 2313 2467 2374 expertes
2498 2314 2548 2358 et
2584 2313 2830 2359 strenuos
2862 2320 2960 2358 nos
2993 2305 3368 2360 exhibeamus.
3411 2305 3605 2358 Malum

2000 2403 2178 2447 autem
2210 2393 2296 2448 hic
2327 2394 2598 2449 diabolum
2627 2406 2801 2459 vocat,
2851 2397 3047 2465 jubens
3095 2414 3191 2451 nos
3219 2412 3342 2451 cum
3374 2396 3463 2450 illo
3492 2397 3608 2451 bcl-

2001 2486 2107 2539 lum
2177 2487 2509 2556 inexpiabile
2563 2503 2787 2557 gerere,
2845 2498 2896 2542 et
2944 2488 3238 2544 ostendens
3283 2488 3455 2556 ipsum
3503 2505 3609 2542 lltm

2001 2590 2186 2634 natura
2216 2580 2375 2635 talem
2403 2595 2541 2635 esse.
2573 2580 2770 2634 Malitia
2803 2581 3073 2635 enimnon
3100 2596 3162 2634 ex
3192 2591 3402 2645 natura,
3428 2581 3520 2636 sed
3544 2598 3609 2635 ex

2001 2675 2276 2730 voluntate
2319 2675 2572 2745 gignitur.
2624 2674 2714 2730 llic
2758 2683 2936 2728 autem
2982 2674 3247 2744 prmcipuc
3277 2674 3357 2730 sic
3390 2685 3614 2729 vocatur

2002 2767 2073 2821 ob
2124 2767 2392 2835 ingentem
2445 2767 2663 2821 malitice
2709 2767 3132 2836 magnitudinem
3167 2773 3261 2820 :et
3305 2766 3427 2834 quia
3478 2764 3615 2818 nihil

2003 2859 2163 2912 lassus
2194 2874 2221 2911 a
2256 2859 2409 2912 nobis
2449 2859 2772 2929 inexpiabile
2818 2868 3006 2914 contra
3057 2875 3155 2914 nos
3206 2860 3401 2914 bellum
3443 2857 3613 2928 gerit.

2005 2952 2125 3006 ideo
2154 2967 2259 3004 non
2291 2951 2445 3017 dixit,
2479 2951 2670 3006 Libera
2701 2967 2798 3005 nos
2828 2967 2857 3005 a
2892 2951 3081 3017 malis,
3117 2952 3247 3018 sed,
3282 2953 3320 3004 Α
3353 2951 3489 3003 man
3514 2995 3528 3016 ,
3560 2959 3619 3002 nt

2005 3062 2102 3100 nos
2130 3055 2343 3099 moneat
2369 3060 2434 3100 ne
2460 3053 2648 3100 contra
2670 3046 2975 3114 proximum
3006 3061 3191 3100 amaro
3215 3045 3394 3098 animo
3424 3044 3617 3105 simus,

2006 3138 2215 3192 etiamsi
2263 3137 2400 3190 male
2431 3135 2696 3204 patiamur
2728 3136 2794 3190 ab
2825 3137 2929 3190 illis
2951 3181 2963 3200 ,
3014 3137 3108 3190 sed
3139 3137 3206 3192 ab
3253 3135 3354 3190 illis
3395 3135 3522 3204 ipsis
3550 3133 3617 3187 ad

2006 3227 2280 3282 diabolum
2308 3227 2733 3283 transferendam
2761 3228 3098 3283 inimicitiam
3127 3244 3267 3294 esse,
3295 3238 3476 3298 utpote
3507 3244 3619 3281 ma-

2007 3319 2179 3372 lormn
2213 3319 2453 3371 omnium
2485 3333 2725 3372 causam.
2775 3321 2980 3374 Inimici
3017 3320 3194 3390 itaque
3222 3335 3618 3374 Commemora-

2008 3409 2151 3461 tione
2169 3407 2232 3460 ad
2253 3418 2526 3460 certamen
2554 3423 2654 3463 nos
2673 3426 3002 3478 praeparans,
3028 3421 3079 3464 et
3102 3412 3381 3479 segnitiem
3406 3426 3621 3464 onmem

2009 3513 2037 3551 a
2074 3497 2228 3551 nobis
2258 3498 2605 3565 exscindens,
2642 3517 2827 3554 rursus
2855 3500 3100 3556 ﬁduciam
3133 3502 3325 3572 ingerit
3349 3512 3402 3557 et
3431 3517 3623 3556 sensus

2009 3589 2186 3660 erigit.
2206 3589 2407 3660 Regem
2435 3605 2894 3652 commemorans.
2922 3593 3021 3647 sub
3049 3611 3155 3664 quo
3184 3596 3234 3647 in
3259 3596 3372 3648 acie
3394 3604 3621 3655 stamus.

2014 3690 2067 3734 et
2111 3683 2408 3736 ostendens
2464 3683 2636 3753 ipsum
2699 3700 2818 3738 esse.
2867 3687 3107 3740 onmium
3167 3686 3622 3754 potentissimum.

2013 3770 2179 3824 Tuum
2223 3783 2294 3825 est
2322 3815 2336 3834 ,
2374 3775 2576 3845 inquit,
2623 3793 2864 3847 regnum,
2911 3787 2955 3830 ct
2989 3778 3213 3846 potentia
3235 3819 3248 3841 ,
3283 3788 3326 3830 et
3357 3777 3539 3847 gloria.
3569 3779 3626 3831 Si

2015 3878 2143 3934 ergo
2167 3863 2308 3920 illius
2332 3876 2413 3920 est
2436 3883 2681 3937 regnum,
2704 3884 2861 3921 nemo
2891 3869 3158 3924 timendus
3190 3879 3292 3931 est,
3317 3887 3438 3925 cum
3465 3886 3628 3924 nemo

2017 3959 2086 4011 sit
2114 3957 2202 4028 qui
2232 3960 2497 4014 obsistere
2530 3961 2716 4027 possit,
2749 3972 2804 4014 et
2830 3961 2918 4030 qui
2952 3971 3135 4016 contra
3167 3962 3311 4015 illum
3342 3962 3627 4031 imperium

2021 4057 2222 4105 teneat.
2254 4050 2387 4106 Cum
2420 4053 2562 4105 enim
2594 4052 2754 4106 dicit:
2805 4053 2967 4105 Tuum
3015 4066 3088 4107 est
3132 4071 3362 4124 regnum,
3392 4055 3631 4110 ostendit

2020 4145 2181 4195 etiam
2211 4158 2328 4196 eum
2357 4183 2371 4206 ,
2406 4143 2491 4211 qui
2527 4157 2626 4194 nos
2676 4143 2983 4212 impugnat,
3034 4145 3131 4212 ipsi
3162 4145 3432 4199 subditmn
3466 4161 3588 4201 esse
3611 4189 3628 4211 .

2023 4234 2233 4287 etiarnsi
2281 4244 2466 4287 contra
2500 4242 2645 4286 stare
2692 4233 2938 4287 videatur
2962 4277 2975 4299 ,
3033 4235 3140 4290 Deo
3180 4237 3392 4291 interim
3426 4239 3476 4291 id
3513 4255 3632 4307 per-

2026 4327 2292 4379 mittente.
2320 4324 2451 4378 ‘Sam
2483 4332 2537 4378 et
2573 4324 2685 4392 ipse
2715 4339 2780 4378 ex
2812 4340 3088 4379 servorum
3121 4341 3348 4381 numero
3374 4339 3477 4394 est,
3507 4330 3634 4384 licet

2028 4417 2302 4469 inlamium
2357 4425 2410 4470 et
2459 4417 2847 4484 reproborum;
2904 4433 3002 4472 nec
3057 4419 3200 4473 ausit
3249 4436 3631 4476 conseri-orum

2027 4509 2329 4578 quempiam
2363 4507 2638 4572 invadere,
2675 4508 2775 4561 nisi
2807 4511 2952 4578 prius
2981 4509 3211 4580 desuper
3235 4515 3505 4582 acceperit
3534 4531 3632 4585 po-

2030 4610 2299 4658 testatem.
2336 4599 2535 4667 Ecquid
2566 4599 2689 4653 (lico
2716 4603 3144 4657 conservorum?
3186 4602 3264 4658 Ne
3296 4620 3487 4674 porcos
3513 4611 3634 4676 qui-

2030 4691 2150 4743 dem
2184 4706 2346 4745 ausus
2375 4700 2456 4745 est
2489 4691 2763 4754 invadere,
2797 4691 2970 4748 donec
3005 4695 3115 4762 ipse
3150 4699 3426 4765 permisit;
3462 4715 3636 4768 nequo

2029 4784 2208 4836 ovium
2235 4784 2497 4851 boumque
2519 4798 2728 4852 greges,
2753 4783 2925 4837 donec
2949 4785 3216 4840 licentiam
3239 4799 3292 4844 et
3315 4801 3634 4859 potestatem

2031 4876 2344 4944 accepisset.
2383 4874 2564 4946 Itaque
2594 4876 2803 4930 etiamsi
2838 4876 2990 4946 longe
3024 4877 3286 4934 inﬁrmior
3316 4898 3486 4948 esses,
3516 4885 3638 4952 jure

2030 4965 2340 5021 consideres
2389 4978 2535 5020 tanto
2577 4968 2876 5036 imperante
2907 4984 3065 5038 rege.
3098 4972 3186 5037 qui
3236 4982 3410 5040 potest
3458 4990 3552 5043 per
3587 4987 3638 5030 te

2032 5058 2284 5126 prz‘irclara
2306 5059 2456 5112 facile
2489 5075 2652 5127 opera
2684 5059 2864 5113 edere.
2886 5058 2951 5111 Et
2973 5061 3137 5130 gloria
3159 5063 3209 5114 in
3236 5065 3438 5128 stccula,
3467 5083 3637 5120 amen.

2102 5159 2153 5208 7.
2208 5156 2410 5222 Quanta
2451 5155 2502 5206 in
2555 5153 2657 5206 Deo
2706 5153 3054 5224 benefaciendi
3095 5165 3332 5223 potestas.
3379 5160 3638 5224 Quantum

2031 5252 2213 5304 oblivio
2245 5249 2551 5312 iniuriarum
2583 5246 2783 5300 Christo
2815 5247 2878 5298 sit
2910 5247 3072 5300 cordi.
3109 5247 3228 5300 Non
3256 5253 3422 5319 gratia
3448 5256 3637 5320 solum,

2032 5345 2120 5399 sed
2149 5344 2297 5397 etiam
2336 5341 2570 5407 operibus
2629 5339 2762 5404 ﬁlios
2817 5336 2911 5390 Dei
2951 5356 3057 5391 esse
3099 5351 3317 5408 oportet.
3367 5342 3505 5398 Deus
3549 5363 3641 5401 nos

2035 5438 2148 5506 plus
2177 5451 2325 5505 quam
2358 5441 2502 5501 pater
2533 5442 2575 5483 et
2618 5440 2776 5484 muter
2806 5431 3183 5501 diligit.—.\'on
3213 5436 3354 5488 enim
3387 5444 3435 5488 te
3467 5447 3640 5504 pottst

2035 5530 2207 5584 solum
2231 5528 2298 5580 ah
2322 5523 2695 5594 ingruentibus
2715 5523 2866 5576 malis
2889 5538 3099 5584 eruere,
3132 5525 3222 5577 sed
3249 5527 3408 5578 etiam
3436 5529 3639 5595 glorio-

2034 5637 2150 5674 sum
2180 5617 2625 5686 splendidumquc
2654 5615 2898 5669 reddere.
2947 5615 3096 5668 Sicut
3127 5615 3267 5668 enim
3313 5618 3480 5669 virtus
3523 5618 3642 5684 ejus

2036 5726 2254 5780 magna,
2294 5710 2364 5761 ita
2397 5716 2479 5761 est
2509 5706 2674 5776 gloria
2707 5706 2824 5773 ejus
2868 5703 3150 5757 incﬂ'abilis
3185 5723 3196 5754 :
3232 5714 3284 5757 et
3317 5704 3428 5759 lucc
3455 5709 3636 5762 omnia

2039 5809 2289 5872 perpetua
2323 5809 2486 5863 sunt,
2532 5797 2754 5865 ﬁnisque
2795 5811 2981 5850 eorum
3027 5795 3204 5848 nullus
3245 5808 3342 5849 est.
3395 5797 3642 5852 νὲιιὶπιιιθ

2041 5891 2309 5964 quomodo
2337 5889 2573 5959 nudique
2605 5887 2859 5942 athletam
2891 5885 3118 5950 iuunsit,
3156 5886 3360 5954 ipsique
3389 5886 3638 5943 fiduciam
