4114 6502
521 400 626 456 ‘285

524 517 752 573 indidit?
781 517 973 573 Deinde
994 559 1008 582 ,
1037 525 1093 570 ut
1116 515 1225 585 jam
1255 515 1360 570 dixi
1386 557 1398 581 ,
1435 524 1491 568 ut
1521 512 1767 569 ostendat
1797 529 1854 568 se
1885 511 2104 576 iniuria-

525 627 639 664 rum
685 609 1108 665 recordationem
1135 607 1364 662 maxime
1389 607 1620 661 aversari
1649 614 1702 660 et
1727 605 1849 659 odio
1876 604 2072 658 habere
2092 645 2106 664 ,

514 689 758 770 itemque
803 699 925 754 huic
967 699 1264 769 oppositam
1311 697 1557 751 virtutem
1600 696 1828 750 maxime
1873 694 2106 746 omnium

526 801 796 861 acceptam
824 791 1021 846 habere
1045 833 1059 858 ,
1097 800 1217 862 post
1256 791 1550 846 orationem
1581 802 1763 842 rursus
1790 787 1888 841 hoc
1911 787 2108 840 bonum

530 899 659 952 opus
686 885 1037 948 memoravit,
1071 893 1122 937 et
1150 899 1177 935 a
1208 881 1476 951 proposito
1513 880 1789 949 supplicio,
1822 888 1874 934 et
1916 893 1942 931 a
1984 893 2113 932 con-

527 973 710 1028 stituto
742 976 957 1043 praemio
986 972 1279 1026 auditorem
1326 971 1579 1026 inducens
1607 970 1669 1024 ad
1710 970 2108 1040 obsequendum

529 1064 651 1118 huic
677 1073 957 1134 przecepto.
988 1063 1118 1117 Nam
1144 1063 1217 1117 ait
1247 1081 1258 1116 :
1293 1063 1376 1116 Μ.
1408 1063 1468 1117 Si
1491 1063 1774 1116 dimiseritis
1804 1063 2105 1123 hominibus.

528 1158 674 1210 etiam
707 1155 863 1209 Pater
889 1167 1048 1210 uester
1071 1157 1279 1210 cwlestis
1309 1156 1519 1209 dimittet
1547 1156 1710 1218 vobis;
1862 1156 1906 1208 si
1945 1166 2110 1207 autem

529 1265 627 1301 non
655 1248 977 1314 remiseritis,
1008 1263 1163 1316 neque
1189 1248 1294 1316 ipse
1330 1245 1463 1300 vobis
1495 1249 1727 1299 remittet.
1768 1245 1889 1299 Ideo
1929 1258 2109 1298 rursus

528 1337 686 1392 cmlos
718 1347 770 1392 et
799 1338 1008 1392 Patrem
1040 1349 1444 1400 commemorat,
1477 1347 1531 1390 ut
1552 1355 1615 1390 ex
1649 1337 1748 1390 hoc
1775 1351 1983 1405 quoque
2010 1350 2104 1387 au-

527 1430 751 1483 ditorem
784 1429 984 1498 pudore
1010 1428 1226 1491 alliciat,
1260 1428 1305 1483 si
1338 1429 1464 1482 tanti
1503 1429 1670 1482 Patris
1703 1428 1838 1480 illius
1869 1442 1986 1479 cum
2019 1425 2104 1490 sit,

529 1522 671 1574 ferus
697 1519 917 1581 evadat,
949 1529 1000 1572 et
1028 1519 1092 1572 ad
1123 1520 1311 1573 czelum
1349 1530 1585 1584 vocatus,
1632 1528 1898 1571 terrenum
1939 1531 2108 1571 Siccu-

530 1611 802 1681 laremque
827 1626 1038 1664 sensum
1070 1610 1275 1663 habeat.
1308 1609 1419 1662 Non
1441 1610 1582 1664 enim
1605 1608 1772 1678 gratia
1799 1609 1992 1673 solum,
2019 1606 2109 1659 sed

529 1705 688 1758 etiam
716 1703 960 1772 operibus
991 1702 1127 1755 ﬁlios
1153 1701 1242 1754 Dei
1266 1714 1383 1755 esse
1411 1710 1641 1767 oportet.
1673 1699 1815 1753 Nihil
1841 1708 2013 1752 autem
2037 1712 2114 1751 sae

533 1797 642 1850 Deo
672 1796 895 1849 similem
927 1796 1085 1849 el'licit
1119 1804 1171 1846 ut
1199 1794 1442 1864 malignis
1471 1803 1627 1862 atque
1655 1792 1966 1846 liDdClllibllS
1994 1803 2112 1845 esse

529 1886 873 1956 placabilem;
903 1883 1347 1954 quemadmodum
1377 1896 1427 1939 et
1466 1893 1588 1939 ante
1613 1883 1789 1938 docuit
1815 1924 1828 1947 ,
1874 1897 1991 1936 cum
2034 1880 2116 1934 di-

531 1985 680 2031 ceret
723 1977 892 2044 ipsum
923 1977 1091 2030 Soletn
1118 1992 1271 2030 suum
1302 1976 1427 2029 oriri
1459 1976 1631 2028 facere
1661 1988 1822 2042 super
1847 1973 2016 2027 malos
2062 1978 2117 2026 et

531 2068 720 2121 bonos.
750 2067 1035 2134 Propterea
1070 2083 1162 2134 per
1192 2067 1396 2135 singula
1427 2065 1585 2119 verba
1615 2077 1928 2119 communes
1967 2061 2114 2130 jubet

534 2160 709 2214 facere
735 2161 1001 2212 orationes
1020 2200 1032 2221 ,
1070 2158 1222 2211 Pater
1250 2170 1418 2212 noster
1447 2158 1651 2219 dicens,
1683 2169 1755 2216 et,
1792 2155 1911 2207 Fiat
1941 2153 2117 2206 volun-

533 2261 609 2304 tas
637 2261 743 2316 tuo,
771 2253 896 2303 sicut
926 2251 977 2300 in
1003 2253 1145 2312 caelo,
1182 2260 1227 2301 et
1256 2250 1306 2300 in
1335 2258 1500 2312 terra;
1528 2257 1598 2310 et,
1635 2245 1818 2298 Panem
1847 2245 1912 2297 da
1939 2241 2115 2303 nobis;

532 2350 621 2405 et,
651 2339 862 2393 Dimitte
892 2339 1028 2394 nobis
1059 2340 1224 2392 det-ita
1248 2350 1455 2400 nostra;
1486 2340 1571 2400 et,
1609 2336 1689 2389 Ne
1717 2354 1806 2388 nos
1835 2336 2045 2389 inducas
2065 2335 2118 2387 in

533 2431 894 2496 tentationem;
931 2440 1018 2493 et,
1054 2430 1232 2483 Libera
1266 2447 1354 2483 nos
1386 2446 1402 2481 :
1434 2429 1616 2496 plurali
1650 2444 1746 2481 nos
1778 2442 1984 2495 semper
2017 2442 2116 2479 nu—

535 2539 686 2577 mero
714 2528 785 2577 uti
811 2524 1005 2593 jubens
1028 2566 1041 2586 ,
1073 2535 1128 2578 ut
1161 2538 1226 2577 ne
1257 2523 1533 2588 vestigium
1561 2521 1774 2589 quidem
1805 2523 1897 2574 ira:
1935 2519 2121 2573 adver-

537 2632 626 2669 sus
657 2616 952 2683 proximum
986 2615 1334 2670 retineamus.
1369 2615 1577 2679 Quanto
1611 2613 1786 2681 itaque
1815 2611 1955 2680 digni
1993 2626 2121 2679 sup-

538 2707 697 2775 plicio
730 2706 920 2759 fuerint
967 2706 1000 2758 ii
1045 2706 1132 2774 qui
1179 2714 1293 2774 post
1333 2704 1447 2756 huc
1471 2704 1648 2756 omnia
1697 2717 1799 2754 non
1839 2701 1996 2755 modo
2023 2701 2121 2768 ipsi

539 2813 643 2850 non
676 2797 981 2860 remittunt,
1010 2796 1103 2850 sed
1132 2797 1290 2851 etiam
1323 2796 1485 2850 Deum
1515 2795 1580 2846 ad
1621 2793 1904 2847 vindictam
1950 2792 2123 2845 inimi-

539 2903 720 2941 corum
753 2888 1030 2950 invocant,
1078 2896 1130 2942 et
1172 2887 1320 2956 quasi
1366 2902 1430 2939 ex
1469 2885 1732 2938 diametro
1776 2884 1909 2936 hanc
1953 2883 2120 2950 legem

543 2979 1022 3047 transgrediuntur,
1064 2985 1117 3031 et
1157 2978 1258 3031 hoc
1287 2991 1406 3031 cum
1440 2976 1526 3030 ille
1567 2975 1694 3029 nihil
1738 2990 1842 3027 non
1887 2973 2044 3027 faciat
2073 2982 2126 3027 et

541 3079 812 3136 operetur,
860 3078 914 3121 ut
959 3084 1027 3123 ne
1068 3069 1268 3122 mutuis
1309 3082 1408 3121 nos
1451 3067 1684 3121 dissidiis
1728 3065 2128 3135 disjungamus?

542 3163 673 3228 Quia
700 3163 840 3215 enim
863 3161 1007 3214 radix
1031 3161 1292 3214 bonorum
1316 3161 1551 3214 omnium
1577 3168 1659 3214 est
1682 3161 1894 3224 caritas,
1925 3173 1984 3212 ea
2011 3173 2130 3226 quae

543 3254 711 3322 ipsam
755 3251 1101 3323 pessumdant
1151 3251 1316 3314 tollit,
1362 3261 1415 3304 et
1461 3251 1692 3320 undique
1735 3265 1833 3304 nos
1878 3252 2128 3319 c0pulare

547 3345 743 3400 studet.
773 3345 959 3399 Nullus
987 3345 1127 3397 enim
1155 3353 1254 3406 est,
1285 3345 1462 3398 nullus
1483 3353 1650 3408 certe,
1681 3345 1792 3396 sive
1819 3352 1988 3412 pater,
2017 3343 2130 3396 sive

550 3449 741 3501 mater,
770 3437 880 3490 sive
909 3436 1112 3490 amicus
1131 3477 1144 3499 ,
1177 3435 1290 3489 sive
1315 3436 1487 3504 quivis
1514 3435 1649 3489 alius
1669 3476 1682 3498 ,
1713 3437 1800 3503 qui
1829 3421 1925 3490 nos
1954 3435 2023 3488 ita
2050 3434 2131 3488 di-

552 3529 760 3592 lexerit,
795 3525 961 3594 utqui
988 3525 1110 3581 fecit
1135 3540 1232 3580 nos
1274 3526 1430 3580 Deus.
1461 3525 1695 3594 llludque
1718 3526 1886 3595 palam
1912 3526 2130 3580 omnino

553 3629 635 3672 est
661 3628 712 3673 et
739 3633 800 3671 es
831 3617 1100 3672 beneticiis
1129 3633 1248 3686 quae
1275 3615 1509 3685 quotidie
1537 3616 1783 3681 confert,
1815 3627 1869 3671 et
1898 3632 1962 3671 ex
1999 3634 2134 3686 prtu-

553 3710 722 3778 ceptis
749 3724 866 3778 qua:
887 3708 1177 3762 constituit.
1203 3707 1355 3774 Quod
1378 3707 1422 3761 si
1443 3723 1710 3762 mrumnas
1740 3709 1866 3760 mihi
1891 3707 2133 3776 obiicias,

553 3801 596 3852 si
630 3800 838 3853 dolores
867 3812 1164 3868 eteteraque
1194 3798 1316 3852 vitae
1345 3801 1516 3862 mala;
1548 3799 1716 3868 cogita
1749 3800 1957 3867 quantis
1986 3798 2133 3852 illum

553 3889 790 3956 quotidie
830 3889 1096 3953 otl‘endas,
1139 3904 1311 3958 neque
1353 3889 1487 3943 ultra
1532 3889 1838 3953 miraberis,
1887 3889 1931 3942 si
1975 3888 2133 3942 etiam

557 3980 709 4050 plura
742 3980 823 4032 his
854 3981 989 4033 mala
1021 3990 1073 4035 te
1099 3979 1390 4044 invadant;
1421 3979 1512 4034 sed
1539 3966 1588 4033 si
1619 3980 1758 4034 bono
1783 3979 1956 4048 aliquo
1997 3979 2138 4032 frua-

557 4073 664 4134 ris,
715 4081 839 4125 tunc
883 4085 1010 4124 sane
1052 4082 1264 4141 stupeas
1302 4085 1364 4125 ac
1395 4071 1622 4126 mireris.
1666 4070 1815 4127 Nune
1859 4085 2016 4140 porro
2063 4072 2135 4127 ir-

557 4175 772 4218 ruentes
791 4163 1117 4218 calamitates
1136 4164 1513 4231 conspicimus,
1537 4164 1764 4218 oti'ensas
1782 4173 1980 4227 autem,
2008 4180 2140 4231 quas

559 4256 792 4326 quotidie
819 4254 1164 4319 admittimus,
1194 4270 1297 4307 non
1327 4258 1378 4306 in
1407 4262 1637 4308 mentem
1671 4269 1920 4307 vocamus
1945 4273 1956 4306 :
1992 4255 2139 4307 ideo-

561 4362 664 4412 que
712 4346 923 4414 indigne
974 4344 1210 4398 ferimus.
1264 4343 1416 4410 Quod
1469 4343 1513 4397 si
1577 4345 1735 4398 unius
1777 4344 1880 4399 diei
1930 4354 2144 4414 peccata

564 4444 745 4490 nostra
776 4445 1018 4490 accurate
1046 4434 1454 4504 recngitaremus
1475 4476 1488 4498 ,
1521 4445 1642 4490 tunc
1669 4439 1810 4491 clare
1841 4451 2141 4504 nossemus,

564 4537 885 4598 quantorum
925 4529 999 4582 rei
1031 4542 1268 4580 essemus
1311 4528 1594 4579 malorum.
1623 4529 1798 4597 Atque
1837 4537 1922 4592 ut,
1968 4529 2144 4584 missis

565 4620 683 4673 aliis
713 4635 830 4688 quin
859 4620 1078 4687 quisque
1107 4628 1340 4671 vestrum
1371 4617 1630 4684 admittit,
1661 4620 1748 4672 illa
1781 4630 1994 4688 peccata
2025 4637 2145 4691 qua:

567 4711 725 4766 hodie
750 4708 885 4764 facta
914 4719 1035 4763 sunt
1061 4724 1387 4776 recenseam,
1406 4711 1610 4764 etiamsi
1633 4727 1737 4764 non
1772 4713 1940 4766 norim
1964 4714 2016 4767 in
2040 4728 2146 4783 quo

568 4812 803 4858 vestrum
826 4802 1016 4872 singuli
1047 4803 1413 4870 peccaverint:
1439 4813 1672 4857 attamen
1703 4813 1840 4857 tanta
1883 4815 1963 4860 est
2007 4805 2147 4860 deli-

571 4907 780 4952 ctorum
821 4895 995 4964 copia,
1037 4903 1094 4949 ut
1133 4896 1179 4948 is
1207 4895 1388 4960 etiam,
1426 4896 1513 4964 qui
1540 4905 1787 4950 accurate
1824 4899 1997 4951 omnia
2041 4914 2145 4952 non

573 4988 757 5051 novit,
787 4985 950 5052 possit
981 4993 1157 5040 tamen
1186 5000 1250 5040 ex
1283 4986 1344 5039 iis
1374 4986 1536 5040 multa
1563 5001 1802 5056 carpere.
1852 4987 1979 5055 Quis
2022 5005 2148 5060 ergo

573 5086 812 5132 nostrmn
842 5091 944 5128 non
976 5077 1151 5145 segnis
1181 5075 1274 5130 fuit
1304 5076 1356 5130 in
1395 5077 1637 5131 orando?
1675 5079 1792 5147 quis
1820 5093 1924 5133 non
1966 5080 2014 5134 in
2055 5095 2148 5134 su-

574 5168 811 5235 perbiam
853 5166 1073 5220 incidit?
1109 5168 1225 5235 quis
1268 5183 1370 5221 non
1419 5169 1470 5222 in
1509 5184 1696 5223 vanam
1742 5171 2004 5241 gloriam?
2032 5175 2150 5242 quis

575 5274 680 5313 non
713 5258 778 5312 de
809 5257 980 5311 tratris
1009 5257 1089 5311 sui
1121 5257 1255 5310 fama
1289 5260 1554 5324 detraxit,
1598 5277 1699 5316 nec
1726 5263 1920 5316 malam
1951 5278 2148 5320 concu-

577 5349 885 5418 piscentiam
933 5347 1177 5403 admisit?
1214 5348 1332 5416 quis
1377 5363 1480 5403 non
1526 5351 1806 5420 impudicis
1846 5355 2015 5409 oculis
2063 5371 2150 5410 re-

579 5440 790 5510 spexit?
818 5444 935 5510 quis
965 5455 1069 5492 non
1102 5441 1296 5493 inimici
1327 5454 1445 5494 cum
1475 5444 1633 5497 animi
1675 5454 1821 5500 motu
1847 5446 2152 5503 recordatus

577 5533 699 5586 est?
726 5533 844 5601 quis
873 5547 976 5586 non
1008 5547 1099 5585 cor
1127 5546 1282 5587 suum
1310 5541 1518 5591 tumore
1543 5538 1802 5607 replevit?
1832 5539 1981 5608 Quod
2025 5542 2068 5594 si
2100 5543 2152 5596 in

581 5623 800 5678 ecclesia
831 5638 949 5677 cum
979 5624 1178 5691 simus,
1207 5625 1457 5694 brevique
1495 5635 1732 5697 tempore
1776 5640 1851 5685 tot
1893 5633 2152 5687 malorum

577 5715 654 5767 rei
684 5714 805 5768 facti
838 5729 1050 5779 sumus,
1081 5717 1294 5786 quinam
1321 5717 1518 5771 erimus
1540 5758 1554 5783 ,
1588 5719 1708 5774 inde
1734 5722 1973 5792 egressi?
2011 5724 2053 5777 si
2100 5725 2152 5778 in

580 5817 734 5878 portu
769 5820 844 5866 tot
874 5807 1057 5861 ﬂuctus
1081 5848 1096 5874 ,
1135 5823 1254 5863 cum
1283 5810 1484 5880 egressi
1523 5813 1776 5868 fuerimus
1819 5816 1869 5870 in
1906 5817 2147 5888 euripum

1250 396 1306 452 S.
1349 395 1624 452 JOANNIS
1661 394 2130 452 CHRYSOSTOMl
2174 393 2484 452 AllCHlEl’.
2526 396 3054 458 CONSTANTINOP.

3704 402 3813 458 εει

2223 513 2498 580 malorum,
2536 516 2584 568 in
2618 516 2787 570 forum
2816 517 2953 582 dico,
2977 526 3030 572 et
3061 517 3260 572 urbana
3291 517 3522 588 negotia,
3551 515 3813 571 domesti.

2217 621 2410 676 easque
2436 624 2611 674 curas,
2644 625 2707 661 an
2742 612 3031 678 poterimus
3059 611 3142 666 vel
3175 626 3273 665 nos
3305 612 3446 679 ipsos
3474 610 3811 680 agnoscere?

2216 700 2462 753 Attamen
2495 701 2558 753 ad
2593 710 2663 753 tot
2700 711 2944 771 tantaque
2968 703 3193 757 eluenda
3219 715 3433 771 peccata
3459 701 3814 771 compendio-

2215 807 2328 845 sam
2356 793 2506 846 nobis
2532 802 2583 847 et
2612 793 2814 847 facilem
2839 794 2991 847 nobis
3018 795 3154 849 Deus
3175 796 3312 848 viam
3341 794 3522 858 dedit,
3555 794 3815 863 omnique

2217 881 2397 936 labore
2439 898 2674 935 vacuam.
2709 884 2837 950 Quis
2877 885 3026 938 labor
3064 885 3239 947 enim,
3276 885 3521 953 injuriatn
3555 883 3812 938 inferenti

2215 974 2515 1029 dimittere?
2546 976 2721 1030 Labor
2749 977 2925 1045 utique
2956 987 3036 1031 est
3078 977 3130 1032 in
3169 994 3274 1031 non
3306 975 3628 1031 remittendo
3651 1018 3664 1040 ,
3713 975 3811 1030 sed

2215 1067 2492 1120 retinendo
2518 1067 2875 1131 inimicitiam;
2903 1079 2957 1122 ut
2979 1085 3008 1123 e
3030 1068 3298 1123 contrario
3321 1069 3365 1122 si
3387 1071 3460 1121 ira
3485 1067 3808 1138 deponatur.

2217 1155 2268 1209 id
2311 1172 2550 1226 magnam
2596 1158 2729 1227 parit
2771 1160 3208 1229 tranquillitatem
3233 1199 3248 1224 ,
3282 1173 3474 1229 resque
3516 1156 3810 1212 admodum

2215 1257 2296 1300 est
2324 1248 2517 1302 volenti
2551 1249 2734 1304 facilis.

2289 1341 2338 1395 8.
2391 1339 2594 1394 [δίσκοι-ἱ
2626 1353 2798 1396 rontra
2829 1345 3056 1398 inimicos
3084 1360 3235 1412 quam
3267 1345 3401 1397 mala
3430 1341 3809 1411 rea—Neque

2215 1435 2356 1487 enim
2385 1448 2517 1502 opus
2548 1444 2628 1488 est
2658 1437 2822 1488 maria
2856 1432 3200 1489 transfretare
3225 1477 3237 1495 .
3271 1451 3443 1504 neque
3473 1435 3687 1504 longam
3713 1449 3809 1502 pe-

2218 1524 2630 1592 regrinatitmem
2662 1524 2934 1592 suscipere
2959 1566 2973 1588 ,
3015 1541 3191 1594 neque
3219 1525 3478 1578 montium
3515 1524 3640 1593 juga
3674 1537 3808 1576 enn-

2217 1613 2506 1680 sccndere,
2543 1630 2714 1684 neque
2745 1618 2996 1684 pecunias
3027 1615 3334 1683 impendere
3356 1657 3371 1682 ,
3404 1630 3575 1684 neque
3614 1628 3811 1684 corpus

2218 1719 2510 1766 macerare,
2535 1705 2626 1760 sed
2659 1706 2791 1761 velle
2820 1716 3022 1760 tantum
3052 1707 3275 1771 sul‘licit,
3306 1716 3359 1761 et
3383 1707 3560 1760 omnia
3594 1716 3811 1773 peccata

2219 1800 2516 1852 solvuntur.
2546 1799 2600 1854 Si
2633 1815 2759 1854 vero
2788 1814 2891 1853 non
2921 1801 3091 1853 solum
3126 1801 3239 1868 ipse
3279 1813 3385 1853 non
3411 1800 3684 1863 remittas,
3716 1796 3811 1851 sed

2219 1891 2377 1945 etiam
2411 1891 2571 1944 Deum
2599 1901 2780 1945 contra
2803 1891 2952 1944 illum
2984 1891 3241 1960 preceris,
3265 1904 3423 1959 quam
3446 1899 3629 1959 postea
3658 1903 3812 1958 spem

2228 1979 2424 2034 salutis
2448 1977 2687 2040 habebis,
2705 1991 2811 2044 quo
2834 1986 3073 2045 tempore
3113 1976 3222 2030 Dee
3254 1975 3527 2045 supplicos
3547 1975 3814 2044 illumque

2228 2069 2520 2140 pr0pitiarc
2533 2069 2704 2135 (arpis,
2721 2079 2848 2121 tunc
2865 2067 3043 2134 ipsum
3059 2081 3413 2135 exasperatis:
3440 2065 3699 2134 supplicis
3719 2067 3811 2118 ha-

2228 2160 2339 2214 bitu
2360 2159 2485 2213 {me
2512 2173 2696 2212 vocem
2715 2159 2986 2220 emitteus,
3004 2166 3056 2231 et
3086 2157 3183 2210 tela
3213 2157 3430 2226 maligni
3451 2156 3598 2209 illius
3618 2165 3806 2210 contra

2228 2253 2459 2321 teipsum
2479 2252 2753 2320 ejaculans
2767 2251 2789 2302 ‘l
2810 2251 2931 2303 ldeo
2951 2249 3148 2303 Paulus
3166 2264 3288 2302 cum
3309 2248 3374 2302 de
3388 2249 3638 2302 oratione
3656 2263 3809 2301 meu-

2229 2348 2429 2400 tionem
2453 2344 2672 2407 faceret,
2690 2344 2822 2398 nihil
2847 2343 3016 2412 magis
3034 2341 3341 2409 requisivit,
3363 2356 3526 2408 quam
3547 2339 3684 2408 legis
3706 2340 3807 2391 hu-

2224 2445 2312 2510 jus
2325 2438 2754 2493 observationem
2779 2456 2787 2488 :
2811 2437 3082 2495 Levantcs,
3108 2433 3298 2502 inquit,
3317 2449 3477 2500 puras
3495 2447 3680 2484 manus
3695 2431 3808 2483 sine

2228 2531 2307 2583 ira
2321 2538 2368 2582 et
2388 2528 2809 2594 disceptationeU
2827 2524 3188 2588 .Ttm.?..b’).Si
3203 2523 3347 2577 enim
3362 2538 3484 2577 cum
3503 2523 3810 2575 misericor-

2226 2617 2309 2671 dia
2341 2631 2472 2687 opus
2501 2615 2665 2670 habes
2687 2658 2700 2680 ,
2749 2631 2813 2668 ne
2859 2624 2983 2670 tunc
3013 2613 3223 2682 quidem
3257 2612 3386 2664 iram
3420 2609 3644 2664 remittis
3665 2650 3680 2673 ,
3723 2607 3818 2660 sed

2226 2706 2366 2760 illam
2399 2707 2653 2760 memoria
2685 2705 2881 2759 retines
2907 2745 2920 2768 ,
2952 2706 3050 2757 etsi
3094 2704 3232 2756 scias
3272 2712 3319 2755 te
3363 2709 3544 2754 contra
3589 2699 3817 2766 teipsutn

2225 2797 2455 2866 gladium
2488 2798 2758 2866 impellere
2780 2839 2792 2862 ,
2836 2795 3047 2864 quando
3081 2796 3277 2862 poteris
3318 2806 3437 2848 esse
3475 2791 3817 2848 misericors.

2228 2902 2280 2944 et
2311 2891 2409 2944 hoc
2442 2891 2637 2942 malum
2683 2888 2932 2957 nequitia:
2973 2902 3238 2942 venenum
3269 2884 3550 2940 evomere?
3578 2881 3731 2949 Quod
3775 2881 3818 2934 si

2230 2983 2463 3034 nondum
2505 2981 2846 3035 absurditatis
2887 2979 3105 3047 hujusce
3146 2975 3561 3047 magnitudinem
3602 2973 3818 3037 videas,

2233 3070 2460 3137 idipsum
2492 3069 2628 3140 apud
2659 3069 2903 3123 homines
2933 3067 3129 3122 factum
3152 3067 3353 3136 cogita,
3383 3072 3435 3119 et
3465 3073 3591 3118 tunc
3617 3062 3821 3117 vidi-bis

2232 3162 2569 3217 contumeliae
2595 3163 2699 3214 vim
2729 3175 2989 3228 magnam.
3014 3158 3067 3214 Si
3097 3159 3240 3214 enim
3272 3167 3320 3211 te
3349 3155 3620 3209 imminent
3650 3152 3822 3206 adiret

2231 3254 2491 3322 quispiam
2523 3253 2845 3321 supplicans,
2871 3263 2925 3304 ut
2946 3251 3061 3321 ejus
3087 3249 3410 3313 miserearis,
3438 3246 3631 3302 deinde
3651 3287 3667 3311 ,
3700 3259 3822 3298 cum

2235 3346 2380 3399 humi
2409 3353 2605 3398 stratus
2629 3344 2833 3413 jacerct
2852 3384 2866 3407 ,
2898 3343 3170 3395 inimicum
3197 3341 3432 3399 videret,
3456 3346 3512 3392 et
3540 3345 3590 3390 te
3616 3334 3822 3404 precari

2235 3439 2502 3501 desinens,
2538 3437 2680 3489 illum
2706 3445 3036 3503 percuteret,
3060 3450 3234 3487 annon
3261 3432 3382 3485 hinc
3410 3430 3666 3498 majorem
3692 3428 3824 3479 iram

2234 3527 2584 3597 conciperes?
2615 3525 2727 3580 lloc
2769 3527 2938 3595 cogita
2984 3534 3038 3578 et
3077 3525 3128 3576 in
3163 3523 3270 3576 Deo
3299 3519 3558 3574 accidere.
3594 3516 3728 3571 Nam
3771 3525 3825 3569 tu

2237 3634 2446 3689 quoque
2469 3617 2594 3672 dum
2625 3618 2733 3672 Deo
2760 3616 3026 3685 supplicas
3047 3656 3061 3680 ,
3094 3612 3474 3682 supplicatione
3501 3609 3712 3664 inierint
3742 3623 3824 3661 re-

2241 3712 2361 3765 licta
2385 3750 2399 3771 ,
2433 3709 2704 3762 inimicum
2733 3707 2888 3761 dictis
2913 3705 3162 3760 verberas
3183 3744 3197 3766 ,
3231 3711 3284 3755 et
3322 3701 3415 3755 Dei
3455 3701 3601 3769 leges
3634 3706 3825 3753 contn-

2240 3799 2395 3854 melia
2423 3797 2589 3852 aflicis
2611 3840 2625 3863 ,
2656 3796 2780 3852 dum
2812 3797 2959 3850 illum
3003 3795 3092 3864 qui
3139 3794 3254 3862 lcge
3287 3791 3556 3861 przeccpit,
3589 3799 3646 3842 ut
3694 3789 3826 3843 iram

2239 3891 2496 3943 adversus
2525 3902 2617 3942 eos
2643 3888 2729 3958 qui
2775 3902 2872 3941 nos
2914 3879 3105 3955 injuria
3145 3883 3418 3938 atl‘eceriut
3458 3880 3825 3950 deponamus,

2241 3983 2488 4046 invocas,
2519 3996 2781 4051 rogasque
2809 3990 2865 4033 ut
2894 3980 3173 4050 praeceptis
3210 3978 3321 4033 suis
3355 3976 3619 4031 contraria
3650 3974 3824 4029 faciat.

2242 4074 2356 4129 Non
2385 4088 2511 4143 ergo
2543 4073 2634 4127 tibi
2664 4072 2729 4127 ad
2763 4072 3045 4126 vindictam
3078 4071 3206 4124 satis
3236 4081 3337 4133 est,
3367 4069 3507 4138 quod
3535 4069 3704 4137 legero
3738 4066 3827 4122 Dei

2245 4165 2652 4232 transgretliaris
2673 4205 2688 4228 ,
2721 4163 2814 4216 sed
2843 4172 2895 4216 et
2923 4163 3091 4229 ipsum
3122 4161 3220 4216 hoc
3257 4172 3312 4215 ut
3353 4158 3511 4215 faciat
3553 4159 3830 4230 precaris?

2246 4252 2508 4323 Numquid
2536 4268 2721 4308 eorum
2749 4267 2866 4321 qua:
2895 4253 3145 4322 praecepit
3173 4251 3367 4306 oblitus
3407 4252 3528 4305 est?
3574 4249 3828 4320 numquid

2247 4347 2388 4399 enim
2421 4344 2581 4398 homo
2608 4353 2692 4400 est
2717 4344 2805 4414 qui
2840 4345 2952 4398 hzec
2988 4342 3160 4398 dixit?
3192 4343 3328 4398 Deus
3365 4351 3479 4410 est,
3520 4343 3610 4412 qui
3652 4344 3830 4397 omnia

2249 4437 2424 4502 novit,
2463 4445 2516 4490 et
2544 4427 2630 4505 qui
2671 4435 2784 4489 vult
2812 4436 2956 4505 leges
2984 4449 3109 4489 suas
3147 4443 3393 4490 accurate
3432 4435 3633 4490 servari
3664 4452 3679 4488 :
3713 4443 3830 4486 tan-

2253 4539 2469 4597 tumque
2490 4527 2643 4582 abest
2668 4537 2726 4581 ut
2753 4525 2912 4581 faciat
2937 4527 3024 4580 illa
3049 4541 3166 4597 qum
3197 4525 3434 4595 postulas
3453 4567 3469 4593 ,
3501 4537 3559 4580 ut
3587 4527 3748 4580 etiam
3783 4535 3833 4580 te

2251 4622 2338 4692 qui
2370 4623 2480 4675 haec
2507 4621 2638 4676 dicis
2665 4662 2678 4683 ,
2722 4630 2924 4673 tantum
2955 4619 3076 4688 quia
3114 4619 3249 4674 dicis
3277 4629 3577 4684 aversetur,
3604 4619 3834 4688 odioque

2254 4713 2459 4777 habeat,
2479 4721 2874 4780 extremamque
2894 4710 2988 4763 abs
3013 4720 3062 4763 te
3083 4725 3292 4779 poenam
3317 4719 3541 4780 repetat.
3556 4708 3834 4777 Quomodo

2253 4808 2411 4877 igitur
2455 4807 2522 4860 ab
2565 4807 2652 4860 illo
2689 4805 2942 4875 consequi
2973 4804 3209 4872 postulas
3237 4818 3299 4858 ea
3338 4818 3456 4872 qua:
3485 4817 3693 4858 summo
3723 4812 3832 4856 stu-
3908 4836 3910 4838 -

2251 4898 2340 4952 dio
2363 4898 2528 4952 vitare
2555 4899 2666 4967 ipse
2688 4895 2966 4967 ρι’ωοὶρίιῖ
2990 4893 3093 4950 Sed
3120 4893 3333 4965 quidam
3362 4903 3485 4948 sunt
3513 4894 3600 4964 qui
3626 4892 3691 4947 ad
3721 4903 3834 4946 tan-

2253 4999 2358 5043 tam
2407 4990 2689 5043 amentiam
2740 4995 3147 5057 processerunt,
3196 4993 3253 5039 ut
3300 5001 3404 5039 non
3448 4985 3606 5040 modo
3649 4993 3832 5039 contra

2255 5080 2499 5135 inimicos
2528 5089 2828 5149 precentur,
2855 5078 2949 5133 sed
2975 5078 3134 5132 etiam
3165 5076 3285 5130 [iliis
3314 5077 3548 5145 ipsorum
3575 5077 3714 5130 mala
3745 5077 3840 5130 im-

2255 5183 2558 5242 precentur,
2591 5180 2748 5240 atque
2778 5171 2937 5224 etiam
2965 5169 3008 5223 si
3038 5169 3220 5222 liceret
3248 5169 3481 5237 ipsorbm
3510 5181 3696 5222 carnes
3734 5166 3834 5221 de-

2254 5276 2468 5337 gustare
2495 5265 2721 5328 vellent,
2753 5264 2858 5316 imo
2888 5271 2941 5316 et
2969 5261 3268 5331 degustent.
3312 5259 3387 5314 Nc
3431 5259 3557 5312 mihi
3598 5258 3830 5320 dixeris,

2257 5369 2307 5412 te
2334 5355 2520 5410 dentes
2547 5369 2652 5408 non
2685 5353 2922 5408 inruisse
2950 5351 3002 5406 in
3029 5366 3221 5420 corpus
3241 5351 3356 5420 ejus
3383 5351 3471 5418 qui
3505 5348 3638 5402 ltesit
3667 5366 3680 5400 :
3711 5362 3835 5403 nam

2255 5449 2423 5504 multo
2449 5446 2698 5510 ferocius,
2728 5455 2983 5515 quantum
3012 5444 3062 5497 in
3094 5453 3144 5497 te
3175 5443 3304 5505 fuit,
3340 5443 3391 5496 in
3419 5442 3564 5496 illum
3597 5439 3832 5497 steviisti.

2258 5556 2447 5610 rogans
2473 5538 2702 5607 desuper
2729 5540 2858 5593 iram
2891 5540 2942 5590 in
2974 5536 3120 5590 illum
3165 5536 3412 5602 immitti,
3456 5543 3510 5588 et
3550 5533 3834 5587 immortali

2259 5631 2391 5687 tradi
2436 5631 2727 5700 supplicio,
2773 5645 2998 5698 cumque
3063 5638 3172 5683 tela
3209 5629 3370 5683 domo
3410 5629 3594 5682 everti.
3634 5625 3837 5693 Quibus

2262 5722 2372 5776 haec
2399 5723 2662 5777 morsibus
2708 5721 2946 5791 graviora
2990 5735 3092 5775 non
3140 5719 3300 5774 sunt?
3343 5719 3534 5788 quibus
3571 5718 3687 5771 telis
3731 5734 3835 5771 non

2264 5813 2569 5871 acerbiora?
2612 5814 2728 5870 Non
2762 5815 2873 5871 haec
2905 5824 2954 5870 te
2983 5813 3159 5869 docuit
3186 5811 3466 5876 Christus;
3508 5826 3610 5866 non
3656 5809 3732 5864 sic
3778 5824 3838 5863 es
