4114 6476
427 437 532 495 285

427 557 709 605 cruentare
747 549 925 620 jussit.
974 548 1105 603 Nam
1150 548 1458 619 huiusmodi
1500 549 1693 619 linguae
1736 554 2025 604 cruentatis

430 640 665 696 humano
702 643 960 712 sanguine
1005 642 1187 697 buccis
1228 652 1351 696 sunt
1381 643 1699 697 deteriores.
1742 642 2024 710 Quomodo

430 735 589 808 igitur
619 735 835 790 fratrem
864 737 1247 806 amplecteris?
1273 736 1542 804 quomodo
1565 736 1884 790 sacrificium
1909 746 2024 790 tan-

428 826 558 894 ges?
578 825 845 896 quomodo
870 828 1182 896 sanguinem
1208 826 1533 880 dominicum
1562 825 1886 894 degustabis,
1914 835 2022 879 tam

427 916 601 970 dirum
631 918 810 970 animo
837 933 1098 973 venenum
1128 918 1391 972 servans?
1429 917 1652 986 Quando
1681 918 1824 973 enim
1853 917 1985 972 dicis
2005 959 2020 984 ,

431 1011 683 1079 Discerpe
712 1010 889 1075 illum,
923 1011 1040 1080 ejus
1064 1013 1279 1066 domum
1312 1020 1492 1066 everte
1511 1053 1526 1078 ,
1554 1013 1731 1066 omnia
1763 1009 1942 1078 perde,
1970 1019 2025 1065 et

425 1104 586 1157 exitia
611 1104 754 1159 mille
780 1105 1093 1173 imprecaris
1113 1145 1127 1170 ,
1156 1103 1287 1157 nihil
1314 1103 1381 1158 ab
1404 1103 1668 1158 homicida
1695 1102 1899 1169 differs,
1925 1117 2024 1157 nec

422 1209 452 1246 a
484 1192 592 1248 fera
624 1196 880 1250 humanas
909 1209 1098 1250 carnes
1127 1204 1370 1249 rorante.

496 1285 550 1340 9.
583 1286 732 1341 Hunc
757 1289 930 1356 itaque
951 1287 1198 1341 morbum
1223 1286 1556 1358 deponamus
1580 1295 1738 1354 atque
1765 1283 2018 1350 furorem,

427 1385 481 1431 et
512 1375 936 1432 benevolentiam
961 1419 974 1442 ,
1023 1387 1080 1431 ut
1118 1377 1316 1446 jussit,
1361 1377 1708 1432 exhibeamus
1738 1391 1862 1444 erga
1904 1375 2021 1429 illos

426 1466 516 1536 qui
552 1483 648 1522 nos
679 1468 961 1534 laeserunt,
1006 1476 1066 1522 ut
1105 1468 1307 1522 similes
1338 1468 1504 1522 simus
1535 1467 1708 1521 Patris
1740 1467 1904 1520 nostri
1933 1466 2022 1534 qui

426 1557 480 1611 in
503 1557 648 1612 cailis
673 1568 776 1614 est.
812 1560 1148 1628 Deponemus
1177 1570 1354 1614 autem
1377 1601 1391 1624 ,
1423 1559 1466 1612 si
1513 1570 1727 1628 peccata
1760 1569 1937 1612 nostra
1969 1556 2020 1610 in

425 1651 736 1705 memoriam
769 1665 1118 1716 revocemus;
1161 1651 1204 1705 si
1237 1652 1428 1704 delicta
1458 1651 1639 1703 omnia
1671 1661 1851 1704 nostra
1896 1649 2019 1702 dilic-

422 1753 609 1808 genter
637 1743 1005 1797 examinetnus
1024 1783 1039 1807 ,
1067 1758 1187 1811 qum
1217 1743 1387 1806 intus,
1413 1732 1538 1812 qua:
1585 1740 1711 1796 foris
1737 1783 1750 1805 ,
1801 1757 1920 1809 qua:
1969 1741 2018 1792 in

423 1832 558 1897 foro,
593 1849 710 1908 qua:
737 1834 792 1887 in
819 1833 1064 1888 ecclesia.
1094 1833 1224 1886 Nam
1261 1833 1304 1887 si
1348 1848 1452 1886 non
1496 1833 1654 1887 aliam
1686 1833 1754 1885 ob
1782 1846 2017 1891 causam,

423 1921 492 1976 ob
520 1923 894 1991 negligentiam
925 1933 1138 1990 tamen,
1171 1938 1329 1993 quam
1363 1923 1447 1977 hic
1478 1923 1812 1987 exhibemus,
1842 1933 2020 1977 extre-

424 2012 526 2066 mis
551 2011 694 2082 digni
727 2027 910 2067 smnus
939 2014 1130 2082 poenis.
1165 2013 1296 2067 Nam
1326 2014 1602 2084 prophetis
1630 2014 1981 2082 psallentibus
2003 2055 2017 2078 ,

422 2105 678 2174 apostolis
723 2105 958 2176 hymnos
1003 2106 1355 2169 canentibus,
1405 2106 1510 2160 Deo
1557 2107 1843 2175 loqui-nte,
1893 2105 2021 2160 foris

423 2213 697 2265 vagamur,
732 2207 784 2252 et
814 2199 1152 2252 stecularium
1184 2214 1363 2252 rerum
1399 2198 1682 2252 tumultum
1723 2199 1773 2250 in
1815 2213 1911 2251 nos
1942 2199 2018 2250 in-

422 2289 698 2354 ducimus;
733 2305 904 2360 neque
933 2302 1136 2344 tantum
1165 2292 1358 2361 quietis
1384 2300 1437 2345 et
1465 2291 1660 2346 silentii
1703 2291 2020 2345 adhibemus

421 2382 487 2434 ad
518 2381 608 2436 Dei
639 2379 782 2452 leges
805 2383 1098 2438 audiendas
1124 2426 1138 2449 ,
1171 2394 1428 2453 quantum
1463 2385 1513 2436 in
1557 2383 1781 2436 theatris
1812 2395 2019 2449 specta-

426 2481 570 2528 tnres
617 2475 904 2540 adhibent,
953 2476 1079 2530 dttm
1133 2477 1489 2545 imperatoria:
1537 2477 1704 2529 litera:
1752 2476 2016 2545 leguntur.

424 2563 534 2620 Illic
560 2567 698 2621 enim
729 2579 782 2621 et
809 2569 1056 2622 consules
1085 2578 1138 2622 ct
1165 2567 1430 2638 praefecti,
1473 2577 1523 2622 et
1567 2577 1783 2620 senatus
1824 2574 1878 2621 et
1918 2580 2018 2635 po-

426 2657 579 2724 pulus
607 2666 748 2711 stant
777 2673 965 2713 omnes
995 2675 1114 2712 cum
1144 2660 1322 2728 quiete
1349 2658 1528 2712 omnia
1554 2658 1860 2721 audientes;
1891 2665 1945 2711 et
1972 2657 2018 2711 si

422 2748 543 2816 quis
570 2747 707 2801 inter
733 2749 895 2802 altum
928 2748 1058 2801 illud
1089 2748 1360 2802 silentium
1394 2758 1613 2817 repente
1640 2747 1880 2801 insiliens
1910 2749 2018 2800 cla-

422 2838 680 2903 maverit,
731 2846 912 2906 utpote
942 2839 1028 2908 qui
1078 2838 1454 2906 Imperatorem
1503 2839 1692 2904 injuria
1737 2837 2014 2900 alfecerit,

419 2940 686 2984 extremas
720 2930 815 2984 luit
856 2945 1039 2999 poenas
1074 2946 1086 2981 :
1119 2929 1202 2984 hic
1234 2947 1358 2984 vero
1395 2931 1521 2984 dum
1550 2930 1790 2983 cadestes
1821 2929 1922 2983 illm
1951 2930 2008 2982 lio

421 3030 548 3074 tera!
577 3023 844 3095 leguntur,
875 3023 1078 3076 multus
1102 3023 1334 3092 undique
1365 3024 1535 3077 oritur
1569 3023 1856 3085 tumultus,
1895 3037 2016 3075 ctnn

420 3117 467 3170 is
491 3123 577 3187 qui
607 3118 786 3172 literas
815 3115 982 3174 misit,
1029 3113 1184 3182 longe
1227 3114 1396 3181 major
1438 3113 1505 3165 sit
1556 3112 1878 3180 Imperatore
1904 3154 1916 3174 ,
1964 3119 2018 3165 et

421 3207 685 3264 theatrum
716 3208 1079 3263 honorabilius
1103 3226 1114 3260 :
1139 3224 1242 3260 non
1276 3207 1431 3260 modo
1461 3204 1602 3258 enim
1637 3204 1900 3269 homines,
1931 3205 2023 3259 sed

420 3313 475 3357 ct
498 3303 668 3372 angeli
696 3303 939 3366 adstant;
969 3310 1020 3354 et
1045 3301 1278 3354 victor-he
1305 3300 1542 3369 praemia,
1574 3315 1692 3368 qua:
1722 3298 1871 3352 hisce
1899 3298 2019 3351 liteâ€”

420 3397 495 3450 ris
533 3398 861 3460 nuntiantur,
893 3396 1049 3465 loage
1080 3395 1280 3463 majora
1311 3393 1537 3448 terrenis
1568 3393 1672 3446 illis
1708 3391 2014 3460 triumphis.

420 3487 754 3557 Quapropter
782 3503 887 3563 no_n
923 3487 1166 3542 hornincs
1196 3486 1396 3539 tantum
1421 3527 1434 3548 ,
1468 3483 1559 3538 sed
1600 3495 1651 3538 et
1679 3484 1887 3553 angeli,
1933 3497 2018 3536 ar-

421 3581 693 3651 changeli,
740 3594 794 3637 ct
834 3581 1077 3636 caelestes
1121 3581 1337 3649 populi,
1372 3587 1426 3633 et
1455 3587 1718 3648 quotquot
1757 3579 1918 3632 etiam
1966 3578 2018 3632 in

423 3682 563 3725 terra
611 3682 767 3735 sunt,
820 3671 1037 3726 laudare
1079 3671 1333 3740 jubentur
1380 3688 1392 3722 :
1443 3667 1762 3733 Benedicite,
1810 3668 2015 3735 inquit,

421 3761 670 3827 Domino,
715 3765 882 3816 omnia
912 3780 1063 3829 Opera
1107 3764 1217 3831 ejus
1259 3761 1446 3830 (Psal.
1479 3760 1601 3815 102.
1635 3759 1755 3830 9.2).
1803 3759 2019 3814 Etenim

427 3869 531 3906 non
560 3855 747 3923 exigua
770 3863 894 3907 sunt
919 3853 1005 3906 illa
1033 3869 1150 3921 qua:
1181 3851 1324 3914 fecit,
1350 3850 1442 3905 sed
1468 3866 1679 3903 omnem
1711 3864 2015 3903 sermonem

421 3955 694 4014 superant,
723 3956 880 4015 atque
913 3955 1143 4000 mentem
1176 3945 1684 4015 intelligentiamque
1708 3944 2014 3997 humanam.

425 4037 490 4091 Et
521 4037 634 4090 lucc
662 4037 897 4108 quotidie
926 4036 1214 4106 pra'dicant
1245 4035 1554 4106 prophetm,
1585 4035 1798 4089 diverse
1825 4035 2016 4104 singuli

423 4129 762 4198 splendidum
793 4130 920 4183 illud
952 4140 1206 4199 tropaaum
1237 4129 1594 4184 celebrantes.
1625 4128 1756 4182 Nam
1787 4128 1874 4184 hic
1899 4129 1969 4182 ait
2001 4148 2012 4182 :

423 4220 707 4274 Ascendens
737 4221 786 4272 in
817 4226 974 4274 altum
1005 4221 1251 4288 captivam
1283 4220 1475 4272 duxisti
1519 4221 1853 4287 captivitatem
1876 4261 1889 4283 ,
1933 4235 2017 4272 ce-

426 4312 542 4379 pisti
574 4311 708 4364 dona
739 4312 790 4364 in
820 4312 1104 4364 hominibus
1133 4311 1150 4381 (
1175 4310 1321 4364 Psal.
1352 4311 1439 4364 67.
1478 4309 1541 4364 19
1569 4311 1584 4377 )
1611 4328 1624 4375 ;
1649 4320 1695 4363 et
1719 4350 1733 4374 ,
1774 4309 2018 4364 Dominus

425 4403 569 4470 fortis
593 4414 638 4456 et
667 4414 840 4471 potens
868 4404 918 4455 in
952 4403 1127 4470 prwlio
1169 4401 1340 4471 (Psal.
1379 4403 1467 4456 25.
1494 4402 1572 4472 8).
1598 4402 1693 4456 llic
1718 4417 1842 4455 vero
1867 4401 2014 4467 dicit,

428 4493 489 4546 Et
520 4495 726 4565 fortium
761 4493 946 4546 dividet
973 4493 1134 4562 spolia
1163 4491 1330 4562 (lsai.
1365 4494 1455 4547 55.
1491 4491 1611 4563 Î·).
1651 4493 1729 4546 Ad
1755 4496 1854 4547 hoc
1876 4493 2016 4547 cnim

425 4585 609 4650 venit,
642 4596 698 4638 ut
730 4584 1042 4655 praedicaret
1067 4586 1290 4653 captivis
1316 4585 1688 4640 remissionem
1713 4627 1726 4650 ,
1769 4596 1820 4638 et
1863 4585 2020 4639 czecis

427 4674 570 4729 visus
594 4676 1005 4736 restitutionem,
1033 4685 1086 4728 ct
1107 4675 1173 4728 de
1203 4675 1337 4728 victa
1363 4683 1534 4729 morte
1562 4675 1865 4744 triumphali
1890 4690 2019 4730 voce

423 4764 656 4834 jubilans
707 4765 922 4821 dicebat
955 4785 966 4819 :
1002 4765 1098 4820 (ibi
1125 4775 1230 4828 est,
1278 4783 1412 4819 mors
1433 4808 1447 4832 ,
1477 4768 1685 4819 victoria
1734 4766 1864 4819 tua?
1897 4766 2017 4833 ubi,

427 4855 640 4925 inferne,
672 4858 906 4910 Stimulus
933 4867 1046 4912 tuus
1072 4858 1156 4928 (1.
1185 4857 1301 4911 Cor.
1333 4859 1418 4912 l5.
1445 4859 1590 4926 55)?
1622 4859 1774 4912 Alius
1804 4873 2016 4912 rursum

429 4946 743 5015 profundam
783 4963 966 5016 pacem
997 4949 1368 5019 evangelizans
1398 4949 1611 5003 dicebat
1642 4967 1653 5000 :
1688 4949 2018 5018 Canfringent

429 5038 624 5106 gladios
653 5055 771 5093 suos
801 5039 852 5091 in
879 5048 1048 5093 aratra
1067 5080 1081 5104 ,
1115 5051 1160 5093 et
1191 5042 1392 5094 lanceas
1422 5057 1539 5094 suas
1568 5041 1619 5092 in
1651 5039 1806 5108 [alces
1847 5038 1862 5105 (
1889 5037 2015 5091 Isai.

427 5132 480 5185 2.
513 5134 567 5184 Î¹.
609 5130 729 5186 loel
779 5133 830 5186 3.
865 5129 983 5202 l0).
1015 5131 1080 5185 Et
1106 5131 1192 5186 hic
1219 5132 1434 5202 quidem
1462 5132 1758 5187 Jerusalem
1785 5132 1860 5184 sic
1889 5130 2020 5183 allo-

429 5223 605 5293 quitur
635 5240 646 5274 :
681 5221 878 5277 latore
907 5222 1138 5290 multum,
1177 5225 1284 5292 ï¬lia
1314 5225 1440 5280 Sion
1465 5269 1480 5291 ,
1503 5226 1620 5294 quia
1649 5241 1758 5278 ecce
1789 5240 1878 5276 rex
1907 5232 2020 5276 tuus

1525 436 1587 493 IN
1627 435 2033 494 ÎœÎ‘Î¤Î¤Î—á¾¹ÎžÎŸÎœ
2075 434 2306 492 HOMIL.
2351 436 2467 491 XX.
2510 438 2579 493 al.
2627 436 2771 493 XXI.

3631 443 3733 499 286

2139 551 2269 602 venit
2300 549 2388 602 tibi
2417 558 2703 604 mansuetus
2723 592 2735 614 ,
2781 550 2959 604 sedens
2997 567 3148 622 super
3187 553 3502 624 snbjngalem
3539 566 3585 609 et
3615 559 3735 624 pul-

2133 640 2238 692 lum
2271 639 2520 692 norellum
2551 639 2812 709 (lac/lar.
2847 642 2899 697 9.
2932 641 3023 710 9).
3078 645 3227 698 Alius
3271 661 3397 698 vero
3439 648 3731 702 secundum

2133 729 2248 797 ejus
2279 731 2568 785 adventum
2603 733 2856 799 przcdicat
2886 732 2968 787 his
2999 735 3173 789 verbis
3203 753 3215 786 :
3259 735 3430 790 Veniet
3462 736 3732 801 Dentium,

2130 836 2276 886 quem
2319 836 2403 875 ros
2444 823 2704 891 anterius,
2751 833 2799 877 et
2841 825 2952 892 quis
2995 826 3256 879 sustinebit
3301 828 3433 880 diem
3474 829 3734 899 ingressus

2129 913 2238 981 ejus
2258 914 2284 964 Î¡
2313 912 2580 968 Exsultate
2606 916 2736 968 sicut
2766 917 2909 970 vituli
2938 934 2970 970 a
2996 918 3208 972 vinculis
3231 919 3446 974 absoluti
3473 920 3725 989 (Malae-lt.

2129 1004 2180 1056 3.
2207 1006 2253 1058 l.
2275 1004 2328 1058 á¼“.
2347 1015 2392 1059 ct
2418 1007 2470 1060 4.
2491 1007 2568 1076 9.).
2601 1005 2667 1060 Et
2686 1007 2824 1062 alter
2851 1024 3031 1063 rursus
3051 1009 3116 1064 de
3145 1009 3226 1063 his
3247 1009 3729 1080 obstupesccnsdi-

2128 1098 2283 1153 Cebat
2313 1116 2324 1152 :
2361 1098 2458 1152 llic
2493 1110 2563 1152 est
2602 1098 2744 1154 Deus
2769 1113 2935 1154 noster
2952 1117 2972 1165 ;
3002 1119 3091 1155 nec
3119 1105 3435 1172 reputabitur
3462 1105 3591 1158 alter
3617 1117 3732 1158 cum

2127 1188 2219 1242 illo
2245 1189 2485 1261 (Barac/2
2519 1191 2571 1244 5.
2608 1190 2730 1262 36).
2763 1193 3010 1246 Attamen
3034 1208 3153 1248 cum
3182 1194 3295 1248 lucc
3317 1204 3368 1248 et
3391 1193 3556 1248 multo
3580 1195 3731 1264 plura

2127 1282 2392 1347 dicantur,
2431 1299 2554 1339 cum
2585 1301 2678 1350 par
2719 1294 2862 1339 esset
2902 1271 3157 1348 horrore,
3205 1295 3259 1340 ct
3299 1296 3487 1354 putare
3535 1301 3634 1341 nos
3677 1287 3748 1341 iu'

2130 1388 2267 1429 terra
2302 1390 2405 1430 non
2438 1391 2587 1440 esse;
2633 1377 2782 1445 quasi
2831 1378 2880 1430 in
2932 1377 3110 1430 medio
3155 1375 3271 1430 foro
3316 1377 3726 1441 tumultuamur,

2131 1468 2425 1535 turbamus,
2453 1469 2518 1523 de
2541 1470 2604 1524 iis
2627 1485 2746 1540 qua:
2773 1469 2901 1524 nihil
2926 1469 2991 1524 ad
3017 1485 3115 1525 nos
3137 1479 3381 1540 spectant
3407 1471 3729 1540 garrientes,

2130 1569 2297 1614 totum
2331 1562 2650 1616 insuminms
2681 1561 2922 1616 collecta:
2953 1571 3181 1630 tempus.
3218 1561 3351 1616 Cum
3386 1563 3563 1631 itaque
3593 1574 3646 1615 et
3678 1563 3728 1615 in

2128 1653 2331 1722 exiguis
2356 1662 2411 1719 et
2441 1655 2490 1707 in
2521 1656 2760 1723 magnis,
2795 1663 2848 1709 ct
2886 1655 2936 1707 in
2965 1653 3151 1708 auditu
3179 1663 3234 1708 et
3264 1655 3314 1708 in
3346 1663 3488 1715 actu,
3520 1665 3572 1708 et
3601 1653 3730 1707 foris

2127 1757 2179 1799 et
2226 1747 2360 1799 intra
2405 1746 2728 1810 ecclesiam,
2773 1747 2844 1800 ita
2884 1747 3050 1799 simus
3088 1745 3330 1810 desides,
3373 1754 3570 1813 praeter
3614 1745 3728 1798 ha'c

2127 1839 2304 1891 omnia
2335 1837 2495 1892 etiam
2526 1845 2712 1891 contra
2743 1836 2987 1891 inimicos
3032 1851 3313 1905 precemur
3343 1856 3354 1890 :
3389 1835 3533 1890 unde
3573 1849 3727 1904 Spem

2127 1933 2315 1987 salutis
2347 1933 2661 1987 habebimus
2687 1973 2700 1994 ,
2750 1947 2870 1986 cum
2904 1939 2980 1984 tot
3012 1930 3276 1998 tantisque
3305 1929 3539 1998 peccatis
3569 1928 3725 1982 addi-

2128 2036 2420 2079 tamentum
2450 2023 2593 2078 aliud
2620 2023 3017 2092 gravissimum,
3048 2037 3142 2091 par
3169 2021 3454 2089 prioribus,
3483 2021 3717 2090 iniquam

2127 2131 2318 2184 nempe
2349 2115 2488 2168 illam
2518 2115 2815 2168 orationem
2843 2111 3197 2182 adjiciamus?
3237 2113 3318 2165 An
3352 2126 3480 2182 ergo
3522 2112 3724 2164 miran-

2124 2209 2250 2262 dum
2278 2252 2290 2272 ,
2335 2209 2378 2261 si
2406 2208 2531 2278 quid
2572 2208 2728 2262 nobis
2754 2207 2878 2262 ma'i
2909 2207 3327 2276 inexspectatum
3359 2205 3572 2270 accidit,
3603 2219 3724 2259 cum

2099 2293 2306 2356 contra
2341 2301 2638 2356 mirandum
2670 2312 2811 2356 esset
2841 2301 2884 2354 si
2928 2316 3031 2354 non
3071 2298 3364 2353 acciderit?
3406 2299 3538 2353 lllud
3581 2300 3726 2354 enim

2125 2409 2187 2446 ex
2218 2393 2599 2461 consequentia
2635 2407 2811 2446 rerum
2844 2400 2964 2456 est;
2999 2391 3099 2444 hoc
3126 2401 3302 2443 autem
3347 2402 3538 2459 przetcr
3566 2394 3727 2446 ratio-

2126 2501 2246 2538 nem
2265 2493 2326 2538 et
2350 2485 2805 2553 eXSpectationem
2830 2495 2990 2538 esset.
3010 2484 3218 2537 Etenim
3240 2497 3434 2553 praeter
3465 2487 3724 2541 rationem

2123 2587 2301 2641 esset,
2343 2577 2590 2630 inimicos
2621 2576 2718 2630 Dei
2751 2576 3005 2635 elfectos,
3054 2577 3309 2647 illumque
3341 2579 3403 2631 ad
3440 2580 3570 2631 iram
3605 2596 3728 2647 pro-

2125 2680 2377 2723 vocantes
2398 2669 2512 2724 sole
2534 2667 2633 2722 frui
2653 2680 2704 2723 et
2728 2670 2923 2738 pluviis
2945 2669 3172 2738 aliisque
3187 2671 3454 2735 omnibus,
3483 2671 3728 2725 homines

2125 2761 2454 2815 immanitate
2503 2761 2644 2814 feras
2685 2772 3042 2830 superantes,
3089 2770 3142 2815 et
3186 2761 3320 2814 alios
3363 2771 3548 2815 contra
3591 2761 3726 2814 alios

2123 2863 2362 2918 Stantes,
2410 2868 2472 2906 ac
2505 2853 2729 2921 proximi
2765 2855 2842 2908 sui
2892 2868 3070 2906 morsu
3115 2853 3294 2906 laniati
3339 2853 3594 2921 sanguine
3626 2852 3726 2905 linâ€”

2121 2961 2279 3016 guam
2312 2955 2696 3006 crnentantes:
2733 2957 2851 3016 post
2881 2962 3120 3000 mensam
3167 2947 3307 3000 illam
3354 2946 3679 3015 spiritualcm
3708 2985 3722 3006 .

2122 3047 2175 3092 et
2206 3048 2282 3093 tot
2328 3036 2586 3094 beneï¬cia
2612 3081 2625 3102 ,
2656 3040 3043 3107 innumeraquc
3072 3047 3357 3107 prmcepta.
3397 3019 3519 3091 l'laâ€˜c
3551 3037 3726 3107 itaque

2125 3136 2450 3207 cogitantes,
2493 3133 2642 3186 vii-us
2681 3147 2993 3187 cvomamus
3018 3176 3031 3197 ,
3080 3132 3350 3186 solvamus
3386 3132 3719 3195 lllltltlt'ili;:5,

2124 3240 2173 3283 ct
2203 3243 2407 3297 preces,
2439 3243 2557 3293 qtt'B
2586 3237 2962 3280 consentanea:
2997 3225 3147 3278 nobis
3174 3225 3300 3290 sint,
3333 3224 3634 3288 fundamus,
3665 3239 3727 3280 ac

2125 3326 2239 3380 vice
2270 3326 2614 3379 daemoniaea:
2651 3321 2787 3375 illius
2819 3321 3044 3374 feritatis
3073 3320 3385 3389 angelorum
3419 3330 3728 3373 mansuetu-

2123 3418 2300 3472 dinem
2330 3431 2664 3472 assumamus
2695 3435 2706 3468 :
2741 3425 2792 3470 ct
2831 3414 3274 3482 quantiscumque
3315 3413 3521 3482 injuriis
3560 3412 3729 3465 siums

2124 3512 2331 3580 allecti,
2381 3527 2499 3580 qum
2547 3513 2783 3578 ipsorum
2829 3518 2956 3566 sunt
3002 3516 3179 3560 nostra
3227 3522 3346 3560 esse
3391 3506 3725 3575 cogitantes,

2125 3620 2332 3658 necnon
2376 3604 2678 3659 mercedem
2722 3602 2875 3656 nobis
2922 3616 3021 3670 pro
3069 3600 3170 3652 hoc
3200 3607 3412 3653 servato
3457 3606 3728 3667 pra-cepto

2124 3697 2446 3765 repositam,
2491 3695 2740 3750 sedemus
2773 3696 2939 3758 iram,
2992 3683 3181 3744 fluctus
3227 3690 3582 3758 reprimamus
3609 3729 3623 3750 ,
3673 3696 3728 3741 ut

2126 3796 2444 3857 prmscntem
2489 3787 2652 3840 vitam
2695 3788 2812 3840 sine
2853 3783 3256 3855 perturbatione
3290 3781 3625 3841 emetiamur,
3675 3789 3729 3832 ct

2125 3878 2249 3932 illnc
2276 3876 2618 3932 advenientes
2649 3877 2807 3929 talem
2837 3874 3179 3943 eXperiamur
3208 3871 3510 3932 Dominum,
3543 3871 3728 3939 quales

2124 3984 2222 4023 nos
2251 3983 2374 4038 erga
2405 3983 2696 4024 conservos
2724 3967 2999 4021 fuerimus.
3030 3963 3184 4032 Quod
3227 3965 3269 4016 si
3314 3978 3475 4033 grave
3504 3962 3632 4015 illud
3674 3975 3730 4016 et

2126 4061 2367 4115 terribile
2397 4062 2485 4124 sit,
2512 4061 2628 4114 leve
2653 4058 2879 4127 idipsmn
2902 4068 2955 4112 et
2984 4055 3340 4110 desiderabile
3369 4053 3643 4117 faciamus,
3675 4063 3730 4108 et

2123 4154 2430 4225 splendidas
2470 4153 2676 4208 ï¬duciae
2703 4167 2831 4220 erga
2865 4151 3011 4204 illum
3046 4159 3241 4203 nostra:
3284 4147 3476 4218 januas
3511 4147 3728 4217 aperia-

2124 4265 2277 4312 mus;
2325 4262 2387 4302 ac
2431 4246 2570 4317 quod
2619 4263 2724 4300 non
2759 4247 3032 4313 potuimus
3073 4243 3286 4312 assequi
3332 4241 3653 4296 abstinendo
3697 4258 3727 4295 a

2126 4341 2391 4411 peccatis,
2446 4340 2547 4393 hoc
2581 4352 2930 4407 assequamur
2972 4350 3067 4404 per
3116 4335 3584 4388 mansuetudinem
3627 4349 3729 4386 no-

2124 4445 2288 4491 stram
2319 4450 2442 4504 erga
2475 4447 2569 4486 eos
2598 4432 2685 4501 qui
2717 4433 2766 4484 in
2792 4444 2895 4483 nos
2925 4437 3314 4498 pt'CCm'Crultt;
3366 4443 3538 4497 neque
3580 4428 3726 4481 enim

2122 4545 2282 4599 grave
2322 4527 2448 4582 illud
2489 4525 2572 4580 vel
2617 4524 2896 4578 molestum
2939 4531 3050 4587 est;
3102 4537 3163 4576 ac
3201 4522 3455 4576 beneï¬cia
3497 4520 3728 4575 inimicis

2125 4620 2320 4676 nostris
2349 4619 2710 4683 conferentes,
2744 4617 2964 4668 multam
3005 4613 3159 4668 nobis
3187 4614 3535 4667 conciliemus
3565 4614 3725 4667 mise-

2125 4713 2429 4770 ricordiam.
2464 4713 2552 4767 Sic
2582 4713 2723 4765 enim
2767 4721 2820 4764 ct
2867 4710 2917 4763 iu
2950 4709 3197 4778 prtesenti
3238 4709 3346 4762 vita
3379 4707 3444 4761 ab
3473 4707 3726 4762 omnibus

2124 4806 2439 4869 amabimur,
2489 4811 2542 4856 et
2586 4817 2694 4872 pra:
2737 4801 2949 4854 cartcris
2993 4799 3240 4853 omnibus
3283 4801 3422 4853 Deus
3467 4800 3578 4869 ipse
3627 4815 3727 4852 nos

2123 4900 2324 4954 amabit
2352 4908 2406 4952 et
2435 4896 2716 4951 coronabit
2763 4914 2776 4948 :
2823 4909 3027 4964 nosque
3057 4889 3248 4948 futuris
3275 4894 3524 4947 omnibus
3570 4893 3726 4947 bonis

2123 4991 2429 5061 dignabitur
2478 5007 2490 5040 :
2542 5004 2660 5058 qmc
2707 4988 2909 5040 utinam
2955 5001 3145 5038 omnes
3194 4985 3404 5054 assequi
3458 4985 3740 5053 possimus

2123 5084 2287 5155 gratia
2317 5093 2370 5138 et
2396 5081 2726 5150 benignitate
2756 5078 2964 5133 Domini
2997 5078 3162 5132 nostri
3202 5075 3325 5132 Jesu
3357 5079 3591 5142 Christi,
3655 5090 3739 5138 me

2125 5177 2290 5248 gloria
2317 5187 2372 5231 et
2397 5174 2680 5245 imperium
2711 5173 2761 5225 in
2791 5170 2985 5226 saecula
3014 5169 3356 5225 saeculorum.
3402 5175 3594 5226 Amen.

446 5345 3654 5369 ,._____________________________________________â€”â€”â€”â€”â€”-â€”â€”â€”â€”_.

1611 5435 1958 5496 HOMILIA
2005 5434 2154 5494 XX.
2201 5434 2287 5496 al.
2335 5431 2515 5493 XXI.

425 5573 553 5630 Car.
587 5572 639 5628 6.
675 5589 725 5625 v.
757 5573 842 5629 16.
881 5573 1008 5629 Cum
1049 5585 1214 5629 autem
1257 5575 1501 5644 jejunatis
1523 5615 1537 5639 ,
1571 5575 1725 5629 nolite
1756 5575 1861 5641 ï¬eri
1891 5576 2017 5629 sicut

497 5663 774 5736 hypocrita:
817 5665 997 5719 tristes.
1049 5663 1397 5718 Exterminant
1435 5665 1568 5718 enim
1598 5664 1751 5732 [acies
1777 5679 1929 5730 suns,
1965 5674 2017 5718 ut

495 5766 776 5826 appareant
806 5756 1084 5810 hominibus
1101 5757 1416 5828 jejunontes.

505 5848 550 5902 l.
609 5847 703 5903 Hic
749 5846 935 5903 acerbe
980 5861 1206 5918 gemere.
1244 5857 1298 5904 et
1347 5847 1549 5918 ejulare
1605 5863 1701 5904 nos
1743 5848 2010 5906 convenit.

2128 5572 2242 5627 Non
2267 5572 2438 5627 solum
2462 5570 2605 5626 enim
2629 5569 2935 5642 hypocritas
2953 5572 3245 5637 imitamur,
3268 5570 3360 5626 sed
3381 5571 3540 5625 ctiam
3567 5587 3722 5638 supe-

2126 5681 2309 5721 ramus
2332 5663 2470 5719 illos.
2499 5662 2632 5718 Novi
2661 5664 2822 5726 enim,
2858 5665 2978 5718 novi
3002 5671 3147 5718 certe
3177 5663 3400 5726 multos,
3435 5679 3540 5716 non
3567 5664 3724 5716 modo

2126 5757 2213 5827 qui
2237 5757 2486 5832 jejunant
2509 5766 2561 5810 et
2591 5770 2709 5810 sese
2725 5764 2996 5813 ostentant
3016 5796 3029 5821 ,
3049 5753 3142 5810 sed
3168 5757 3324 5810 etiam
3351 5753 3441 5824 qui
3461 5768 3567 5808 non
3591 5752 3719 5822 jeju-

2124 5859 2319 5908 nantet
2343 5849 2696 5923 jejunantium
2721 5861 3006 5918 personam
3037 5863 3144 5918 pra:
3161 5863 3221 5904 se
3248 5847 3442 5914 lerunt,
3476 5857 3714 5914 peccato-
