4114 6484
468 418 569 474 237

466 552 568 604 que
589 535 701 604 ipso
715 532 1010 603 graviorem
1029 530 1418 585 excusationem
1438 529 1680 584 afferunt.
1703 527 1810 580 lloc
1828 523 1963 578 facio
1982 523 2050 575 in-

469 627 674 693 quiunt,
699 640 766 678 ne
788 624 966 677 multis
991 621 1310 675 offendicula
1339 622 1461 672 sim.
1501 619 1633 685 Quid
1662 617 1834 671 dicis?
1865 615 2048 668 Divina

468 716 552 770 lex
580 725 661 769 est
692 731 807 785 qtne
833 715 931 768 hoc
962 713 1216 783 pra‘cipit,
1261 721 1313 765 et
1341 721 1393 764 tu
1431 709 1802 766 offendiculum
1841 720 2048 761 memo-

468 807 588 862 ras?
618 816 671 860 et
697 808 740 859 si
773 804 1041 860 custodias
1069 805 1206 857 illam
1231 844 1245 864 ,
1278 802 1593 857 offendicula
1614 815 1734 856 esse
1771 812 1924 869 putas
1950 840 1965 861 ,
2005 796 2048 850 si

417 938 420 939 ν
469 914 574 952 non
607 899 894 962 custodias,
935 895 1338 964 sccus?ecqnid
1371 896 1441 949 sit
1503 896 1585 949 his
1661 893 1878 962 ineptiis
1948 888 2044 944 de—

467 992 631 1044 terius
661 990 715 1042 ιι
745 993 932 1043 Annon
958 987 1170 1042 desines
1199 986 1491 1056 hypocritis
1519 999 1636 1039 esse
1667 984 1833 1052 pejor,
1868 983 2042 1051 dupli-

466 1094 687 1148 cemque
731 1078 1029 1148 hypocrisin
1071 1092 1357 1147 usurpare,
1385 1092 1449 1130 ac
1499 1086 1697 1129 tantum
1726 1075 1837 1128 vitii
1887 1088 2043 1128 cacu-

466 1186 586 1224 men
614 1169 951 1238 excogitare?
981 1184 1105 1222 mnu
1133 1169 1247 1222 sine
1270 1169 1469 1235 pudore
1492 1167 1615 1221 dicti
1648 1167 1801 1235 hujus
1824 1167 2042 1234 empha-

464 1265 563 1319 sim
592 1264 885 1333 percipies?
907 1263 1017 1317 Non
1042 1264 1212 1317 solum
1241 1263 1402 1327 enim,
1433 1263 1620 1332 inquit.
1648 1261 1918 1324 simulant,
1948 1260 2040 1314 sed

466 1366 518 1407 ιιι
543 1355 658 1408 illos
689 1353 1051 1408 vehementius
1086 1362 1298 1422 pungat,
1345 1351 1692 1406 Exterminaut
1729 1353 1859 1404 enim
1889 1353 2042 1422 facies

465 1464 609 1507 suas,
643 1447 693 1500 id
735 1457 834 1510 est,
859 1456 1223 1514 corrumpunt,
1259 1444 1500 1513 perdunt.
1531 1443 1586 1496 Si
1626 1454 1798 1497 autem
1832 1443 1930 1497 hoc
1958 1453 2042 1497 est

467 1541 615 1593 faciei
638 1540 1034 1598 exterminatio,
1063 1539 1126 1590 ad
1157 1552 1346 1590 vanam
1385 1537 1606 1606 gloriam
1634 1551 1752 1590 sese
1784 1537 2038 1604 pallidum

464 1632 716 1688 exhibere
736 1673 752 1695 ,
798 1631 922 1699 quid
952 1629 1230 1683 dicendum
1261 1627 1326 1681 de
1356 1627 1687 1690 mulieribus,
1722 1643 1839 1695 qua:
1881 1627 2038 1680 facies

462 1739 585 1778 suas
613 1724 892 1792 pigmentis
921 1731 975 1776 ct
995 1720 1125 1774 fucis
1157 1730 1503 1787 corrumpunt
1528 1719 1593 1772 ad
1627 1720 1910 1786 perniciem
1936 1719 2036 1771 im.

462 1814 771 1882 pudicorum
795 1812 1083 1883 jnvenum?
1116 1812 1191 1864 llli
1236 1812 1376 1864 enim
1403 1811 1501 1864 sibi
1546 1811 1675 1880 ipsis
1705 1819 1904 1862 tantum
1939 1828 2037 1862 no-

461 1915 625 1959 cent:
657 1904 737 1957 ha:
769 1920 896 1956 vero
943 1913 997 1957 et
1045 1904 1144 1956 sibi
1189 1913 1243 1957 et
1272 1902 1331 1956 iis
1361 1902 1450 1972 qui
1502 1903 1641 1970 ipsas
1682 1903 2034 1969 εοιιειιὶιῖὶιιιιι.

461 1997 795 2065 Quapropter
821 2006 872 2049 et
920 1997 1054 2048 hanc
1081 2006 1132 2048 et
1175 1995 1314 2047 illam
1363 2004 1563 2064 pestem
1595 1995 1813 2048 omnino
1859 1993 2038 2062 fugere

463 2105 557 2157 par
582 2097 683 2142 est.
711 2087 824 2141 Non
854 2088 1021 2140 solum
1061 2086 1202 2140 enim
1241 2085 1401 2154 jussit
1445 2101 1547 2138 non
1578 2098 1695 2138 sese
1745 2095 2034 2149 ostentare,

461 2178 552 2232 sed
582 2178 740 2230 etiam
772 2177 819 2230 id
847 2177 1080 2239 stndcrc,
1115 2186 1170 2230 ut
1198 2178 1395 2230 lateant
1425 2192 1438 2228 :
1483 2176 1620 2245 quod
1647 2184 1700 2229 et
1727 2176 1839 2244 ipse
1883 2186 2034 2229 antea

460 2266 675 2322 fecerat.
701 2267 774 2320 De
800 2267 1132 2337 eleemosyna
1161 2281 1336 2336 porro,
1381 2281 1483 2319 non
1511 2267 1822 2336 simpliciter
1847 2268 1912 2320 ita
1944 2283 2037 2336 po-

461 2359 558 2411 suit
584 2374 598 2420 ;
627 2357 720 2410 scd
757 2372 875 2409 cum
898 2357 1118 2410 dixisset
1146 2373 1158 2408 :
1189 2356 1442 2410 Attendite
1471 2373 1532 2409 ne
1561 2358 1924 2427 clecmosynam
1955 2361 2033 2429 fa-

457 2449 602 2500 ciatis
629 2465 796 2501 coram
818 2448 1100 2501 hominibus
1121 2489 1135 2512 ,
1164 2448 1391 2515 adjecit,
1429 2447 1494 2501 Ut
1523 2449 1790 2501 videamini
1832 2451 1893 2500 ab
1924 2450 1992 2501 eis
2015 2465 2035 2511 ;

457 2541 526 2594 de
572 2541 773 2607 jejunio
812 2551 985 2594 autem
1036 2551 1091 2594 et
1137 2541 1376 2594 oratione
1408 2539 1536 2594 nihil
1565 2539 1738 2595 simile
1777 2540 2032 2594 decrevit.

455 2629 564 2682 Cur
597 2630 763 2682 illud?
794 2630 923 2696 Quia
954 2631 1289 2698 clcemosyna
1338 2630 1502 2683 latere
1549 2632 1746 2698 nequit,
1774 2631 2032 2699 jejunium

455 2731 628 2773 autem
650 2731 700 2773 et
721 2722 889 2772 oratio
917 2720 1169 2773 occultari
1204 2730 1394 2789 potest.
1427 2720 1572 2775 Sicut
1602 2723 1776 2788 itaque
1803 2736 1919 2774 cum
1947 2722 2029 2774 di-

456 2811 549 2868 xit.
585 2809 786 2862 Nesciat
809 2812 1009 2862 sinistra
1052 2821 1138 2862 tua
1159 2811 1277 2878 quid
1299 2811 1419 2878 facit
1451 2813 1656 2864 dextera
1678 2822 1762 2864 tua
1784 2853 1798 2876 ,
1832 2828 1935 2865 nou
1964 2812 2032 2866 de

454 2902 701 2954 manibus
728 2901 978 2968 loquutus
1013 2912 1116 2966 est,
1165 2900 1257 2954 sed
1289 2902 1548 2971 signitieat
1576 2914 1822 2969 oportere
1846 2918 2032 2956 omnes

451 2993 650 3056 celari;
682 3002 733 3047 et
763 2991 1057 3060 cumjnssit
1089 2995 1138 3045 in
1169 2992 1467 3047 Cubiculum
1510 2994 1730 3056 intrare,
1765 3009 1868 3046 non
1898 2994 2026 3048 illud

453 3085 745 3154 przescrtim
788 3084 1030 3152 praecipit
1080 3093 1134 3137 ut
1165 3084 1233 3138 ibi
1282 3099 1596 3151 precemur,
1661 3084 1754 3138 sed
1803 3085 2026 3152 idipsum

449 3177 608 3230 etiam
639 3175 984 3230 subindicavit
1016 3193 1028 3226 :
1055 3175 1130 3228 sic
1158 3183 1210 3229 et
1256 3175 1354 3227 hoc
1391 3175 1507 3228 loco
1545 3189 1664 3228 cum
1700 3175 2025 3243 jejuuantem

449 3282 570 3322 sese
595 3266 988 3338 ungerejussit,
1014 3281 1116 3320 non
1139 3266 1355 3320 omnino
1378 3265 1633 3335 praecipit,
1666 3276 1722 3320 ut
1750 3281 1846 3320 nos
1875 3268 2026 3320 inuu-

450 3373 653 3430 gamus,
691 3373 811 3412 nam
840 3372 1027 3411 omnes
1055 3357 1190 3410 hanc
1217 3357 1507 3425 transgredi
1532 3357 1699 3426 legem
1728 3357 2029 3426 deprchen-

450 3456 733 3518 dorcmur;
764 3455 992 3507 maxime
1030 3453 1061 3505 ii
1110 3452 1159 3506 in
1191 3451 1373 3522 primis
1402 3451 1488 3520 qui
1528 3452 1784 3522 jejunium
1811 3467 2026 3508 scrvare

450 3545 695 3607 student,
726 3543 1099 3598 monachorum
1135 3543 1340 3613 populi,
1372 3545 1460 3612 qui
1493 3555 1700 3597 montes
1741 3553 2019 3612 occupant.

449 3635 563 3690 Non
596 3638 767 3704 itaque
799 3633 898 3686 hoc
941 3635 1209 3704 prmcipit;
1258 3651 1438 3690 verum
1481 3635 1598 3705 quia
1630 3635 1765 3703 apud
1818 3645 2024 3690 veteres

450 3742 566 3780 mos
596 3725 712 3789 fuit,
745 3733 800 3778 ut
825 3741 942 3779 sese
973 3736 1230 3796 ungerent
1259 3743 1377 3780 cum
1408 3727 1458 3780 in
1505 3725 1697 3795 gaudio
1742 3735 1797 3781 et
1844 3727 2021 3780 laetitia

448 3827 806 3883 versarentur,
838 3819 979 3887 quod
1008 3819 1058 3871 in
1109 3817 1305 3873 Davide
1330 3828 1383 3873 et
1413 3821 1464 3872 in
1497 3820 1710 3874 Daniele
1757 3820 1899 3874 clare
1944 3820 2024 3872 di-

447 3910 613 3963 scitur
637 3951 651 3976 ,
682 3923 876 3978 ungere
904 3923 962 3961 se
992 3917 1238 3976 Oportere
1267 3909 1418 3975 dixit,
1456 3924 1559 3962 non
1593 3919 1648 3964 nt
1675 3909 1773 3963 hoc
1802 3910 2020 3964 omnino

448 3999 723 4065 faciamus,
767 3998 859 4053 sed
894 4009 949 4052 ut
986 4013 1104 4051 cum
1149 3999 1290 4052 omni
1335 3983 1510 4053 studio
1556 4011 1716 4067 atque
1745 3999 2016 4068 diligentia

449 4092 550 4146 hoc
573 4092 765 4145 bonum
795 4105 1083 4144 servemus.
1110 4093 1276 4159 Atque
1305 4100 1361 4144 ut
1394 4091 1569 4146 discas
1599 4109 1711 4147 rem
1742 4095 1810 4148 ita
1839 4109 1897 4148 se
1925 4094 2018 4149 ha-

446 4182 573 4236 bere
603 4199 614 4233 :
651 4181 738 4235 ille
768 4180 878 4246 ipse
907 4181 994 4249 qui
1021 4181 1121 4236 hoc
1142 4182 1317 4234 verbis
1338 4194 1683 4250 perceperat,
1712 4194 1764 4238 et
1793 4185 1857 4237 de
1881 4184 2019 4239 faeto

443 4282 766 4340 exsequutus
795 4281 908 4332 est;
950 4286 1068 4324 eum
1103 4287 1195 4339 per
1221 4274 1562 4344 quadraginta
1591 4275 1706 4329 dies
1736 4275 2014 4344 jejunavit,

442 4361 729 4432 jcjnnando
752 4361 920 4424 latuit,
944 4378 1114 4431 neque
1139 4378 1258 4418 sese
1281 4367 1448 4426 unxit,
1475 4381 1646 4434 neque
1672 4381 1790 4421 sese
1816 4368 2012 4422 abluit:

441 4465 497 4508 et
545 4465 716 4508 tamen
761 4454 965 4508 etiamsi
1000 4454 1097 4508 hoc
1141 4472 1241 4508 non
1275 4456 1490 4520 fecerit,
1521 4458 1638 4510 sine
1681 4472 1813 4512 vana
1851 4461 2014 4531 gloria

444 4546 675 4599 maxime
702 4546 936 4598 onmium
981 4556 1147 4599 totum
1174 4547 1396 4614 perfecit
1426 4565 1438 4601 :
1466 4549 1605 4616 quod
1655 4551 1814 4603 etiam
1862 4554 2016 4607 nobis

446 4637 704 4703 pra:cipit,
733 4636 1024 4705 hypocritis
1051 4637 1101 4690 in
1135 4637 1365 4691 medium
1392 4637 1653 4705 adductis,
1683 4649 1736 4694 et
1761 4641 2019 4697 auditoria

444 4731 542 4784 bus
584 4729 775 4797 duplici
824 4738 1090 4798 princepto
1129 4730 1180 4783 in
1224 4733 1546 4785 contrarium
1599 4735 1870 4801 avocatis;
1910 4737 2012 4790 ali-

441 4817 568 4889 quid
597 4821 753 4873 etiam
783 4833 874 4888 per
904 4819 1030 4872 illud
1062 4834 1254 4873 nomen
1280 4862 1291 4882 ,
1328 4820 1718 4891 hypocritarum
1748 4825 2010 4891 videlicet,

442 4911 815 4964 subindicavit.
845 4910 1026 4979 Neque
1069 4911 1210 4964 enim
1242 4912 1410 4965 solmn
1435 4912 1574 4981 quod
1605 4929 1687 4968 res
1717 4925 1856 4970 esset
1886 4918 2011 4971 ridi-

437 5004 577 5062 cola,
621 5017 788 5069 neque
831 5002 967 5070 quod
1011 5003 1260 5055 damnmu
1293 5002 1513 5057 inferret
1556 5005 1870 5070 niaximum,
1919 5008 2011 5061 sed

441 5095 603 5148 etiam
632 5093 769 5163 quod
799 5092 1100 5161 hujusmodi
1149 5094 1346 5148 fallacia
1381 5102 1720 5165 temporanea
1756 5099 2010 5153 exhibea-

442 5197 526 5240 tur
555 5234 570 5245 .
611 5203 639 5239 a
670 5202 824 5256 prava
876 5186 959 5239 illa
988 5187 1411 5255 concupiscentia
1454 5189 1684 5243 abducit.
1729 5190 2008 5261 Hypucrita

439 5278 580 5331 enim
607 5277 801 5330 tamdiu
832 5275 1023 5330 clarior
1052 5285 1309 5344 apparet,
1340 5278 1587 5346 quamdiu
1620 5280 1880 5335 theatrum
1927 5298 2011 5337 se-

439 5368 572 5421 derit
600 5386 612 5421 :
645 5369 749 5419 imo
773 5383 897 5420 vero
920 5378 1089 5435 neque
1118 5377 1239 5421 tottc
1263 5368 1396 5434 apud
1415 5385 1621 5423 omnes.
1647 5369 1845 5424 Norant
1870 5375 2008 5426 enim

443 5460 653 5525 plurimi
681 5470 1031 5526 spectatorum
1057 5461 1142 5526 qui
1166 5475 1284 5513 cum
1309 5460 1413 5514 sitit
1444 5462 1512 5514 illi
1542 5463 1713 5532 qualia
1737 5465 2006 5521 simulent.

442 5548 703 5602 Caeterum
731 5550 900 5603 soluto
931 5553 1156 5611 theatro,
1190 5551 1613 5607 manifestissime
1654 5556 1899 5609 omnibus
1926 5573 2010 5612 rc-

444 5643 700 5697 velantur.
735 5643 844 5698 Hoc
872 5645 1024 5714 igitur
1052 5643 1234 5713 gloria:
1264 5645 1482 5715 cupidos
1515 5647 1618 5716 pati
1651 5651 2006 5705 necessarium

505 5801 520 5830 ‘
554 5800 747 5857 Quidam
773 5810 894 5850 λικε..
936 5808 1341 5860 Ι;(έ‹”ι·.ι”‹·ιι›ίι1ἱοιιε
1363 5809 1587 5861 (ιέιιίἰιιδ.

1194 415 1250 472 S.
1290 414 1563 470 JOANNIS
1600 412 2074 469 CHRYSOSTOMI
2112 409 2420 468 AliCllll‘Il’.
2466 416 2988 474 (‘ONS'HNTINOR

3633 435 3734 491 983

2161 539 2379 590 prorsus
2405 539 2504 582 est.
2540 531 2648 584 lmo
2693 534 2854 588 etiam
2887 536 3124 603 plurimis
3151 541 3321 608 palatii
3341 553 3441 605 est,
3475 559 3578 599 non
3619 566 3735 604 esse

2159 619 2278 712 illos
2308 620 2355 673 id
2387 622 2524 690 quod
2570 638 2688 678 esse
2715 626 2993 692 videntur;
3027 632 3118 686 sed
3147 634 3293 688 larva
3324 639 3494 691 solum
3535 642 3728 712 obtegi.

2155 709 2318 762 Multo
2345 714 2509 782 magis
2542 725 2719 769 autem
2752 727 2930 784 postea
2958 723 3251 789 capientur,
3299 729 3513 794 quando
3557 709 3732 786 omnia

2151 801 2292 854 nuda
2322 813 2375 856 et
2403 816 2580 873 aperta
2609 815 2784 861 erunt.
2815 810 3042 865 Aliunde
3067 824 3243 868 autem
3286 834 3492 873 rursum
3526 822 3644 877 illos
3669 827 3734 878 ab

2154 890 2440 960 hypocritis
2471 896 2706 962 abducit,
2735 913 2852 952 cum
2890 903 3122 957 ostendit
3171 922 3272 960 non
3302 925 3586 966 onerosum
3616 932 3735 971 esse

2153 994 2495 1053 pra~ceptum.
2513 986 2693 1057 Neque
2711 991 2850 1043 enim
2867 991 3123 1060 jejunium
3148 1000 3405 1066 extendit,
3428 1020 3600 1072 neque
3623 1007 3734 1058 Ioa-

2150 1075 2266 1144 gins
2303 1075 2413 1131 fieri
2455 1078 2636 1147 jubet;
2672 1082 2764 1135 sed
2811 1100 2878 1138 ne
2910 1086 3021 1153 cjus
3047 1103 3242 1143 Corona
3278 1106 3456 1162 pereat
3514 1099 3730 1152 insistit.

2150 1167 2334 1238 Itaque
2363 1170 2499 1240 quod
2530 1173 2698 1226 solum
2732 1191 3015 1232 onerosum
3044 1181 3272 1249 videtur,
3301 1196 3353 1239 et
3381 1188 3533 1243 nobis
3553 1201 3605 1243 et
3638 1193 3735 1248 bv-

2149 1263 2370 1330 pocritis
2415 1278 2697 1320 commune
2747 1279 2866 1320 est:
2900 1286 3018 1324 nam
3067 1285 3119 1325 et
3165 1275 3235 1330 illi
3282 1277 3557 1346 jejnnant;
3591 1254 3730 1350 quaid

2146 1365 2322 1411 autem
2357 1369 2436 1411 est
2468 1357 2795 1416 levissimum
2841 1364 3073 1435 ipsisque
3119 1371 3411 1438 proprium,
3436 1389 3502 1427 ne
3528 1376 3734 1428 scilicet

2145 1448 2450 1502 laborantes
2479 1466 2674 1506 corona
2718 1455 3005 1520 privrntnr,
3058 1458 3182 1512 illud
3213 1470 3327 1524 est,
3369 1464 3554 1534 inquit,
3589 1467 3730 1535 quod

2139 1539 2304 1608 jnbco
2337 1558 2348 1592 :
2384 1542 2651 1600 laboribus
2695 1546 2827 1599 nihil
2856 1547 3056 1602 addens
3079 1591 3093 1613 ,
3148 1553 3528 1624 mercedesquc
3583 1559 3730 1612 vobis

2142 1634 2399 1703 colligens
2422 1651 2542 1690 cum
2579 1640 2839 1694 tutissima
2869 1644 3101 1706 cautela,
3151 1660 3246 1699 nec
3291 1648 3473 1701 sinens
3513 1652 3726 1704 incoro-

2144 1736 2300 1779 natos
2330 1726 2498 1790 abire,
2530 1728 2665 1783 sicut
2689 1731 2764 1786 illi
2791 1733 3008 1798 abeunt,
3048 1736 3136 1804 qui
3167 1737 3353 1791 nolunt
3393 1754 3505 1803 eos,
3554 1744 3642 1811 qui
3677 1744 3726 1795 in

2143 1816 2434 1886 Olympicis
2465 1819 2602 1876 ludis
2632 1820 2927 1888 decertant,
2953 1826 3165 1892 imitari,
3194 1831 3305 1896 qui,
3338 1839 3484 1884 tanto
3511 1835 3724 1902 populo,

2146 1918 2220 1964 tot
2265 1910 2590 1978 principibus
2641 1916 2986 1981 sedentibus,
3038 1921 3123 1971 uni
3177 1922 3355 1975 volunt
3401 1923 3608 1990 j-lacerc
3637 1928 3725 1993 qui

2143 2014 2394 2054 coronam
2424 2003 2546 2070 ipsis
2580 2004 2793 2072 tribuat,
2824 2007 2946 2061 licet
2986 2009 3072 2063 ille
3113 2009 3265 2081 longe
3286 2014 3356 2066 sit
3391 2014 3638 2068 inferior:
3673 2029 3724 2071 ιιι

2142 2105 2267 2143 vero
2294 2108 2414 2144 cum
2441 2093 2570 2147 duas
2602 2095 2799 2151 habeas
2829 2100 3068 2154 victoria:
3101 2102 3200 2169 ipsi
3231 2108 3591 2160 moostrandae
3608 2123 3726 2162 cau-

2140 2197 2246 2244 sas,
2274 2194 2380 2237 tum
2417 2186 2558 2254 quod
2586 2187 2673 2241 ille
2704 2191 2920 2257 praemia
2952 2193 3255 2260 distribuat,
3283 2206 3389 2250 tum
3418 2199 3556 2267 Quod
3596 2216 3725 2269 spe-

2139 2284 2343 2328 ctantes
2373 2292 2561 2332 omnes
2586 2279 2701 2334 sine
2744 2282 2850 2334 ulla
2881 2287 3282 2351 comparatione
3311 2302 3565 2358 superet,
3602 2293 3724 2347 aliis

2141 2375 2190 2418 te
2218 2376 2475 2434 ostentus,
2506 2370 2595 2438 qui
2617 2384 2718 2424 non
2745 2373 2903 2424 modo
2927 2374 3054 2428 nihil
3079 2376 3167 2430 tibi
3199 2379 3453 2446 prodesse
3481 2395 3720 2450 possunt,

2139 2459 2232 2510 sed
2266 2460 2351 2527 qui
2389 2470 2436 2513 te
2467 2461 2697 2517 maxime
2727 2463 2946 2519 lzetlunt.

2208 2548 2262 2600 2.
2316 2549 2482 2604 Virtus
2525 2555 2799 2621 aliquando
2834 2573 3001 2610 coram
3027 2560 3310 2616 horninibus
3335 2565 3718 2633 glori/imbitur.

2137 2637 2324 2693 Contra
2351 2644 2638 2697 simulatam
2668 2648 2990 2702 virtutcm.——
3013 2653 3279 2717 Attamen,
3309 2656 3498 2725 inquit,
3530 2673 3594 2712 ne
3620 2657 3724 2713 hoc

2134 2748 2346 2802 quoque
2373 2735 2624 2805 impedio.
2653 2736 2784 2792 Nam
2812 2741 2854 2795 si
2905 2741 3207 2799 hominibus
3237 2755 3286 2800 te
3311 2750 3595 2804 ostendere
3625 2767 3720 2804 ve-

2137 2824 2222 2883 lis.
2254 2838 2535 2894 exspecta;
2581 2845 2700 2882 nam
2732 2831 2832 2885 hoc
2859 2849 2956 2902 ego
2986 2837 3074 2889 tibi
3106 2839 3460 2900 abundantius
3491 2854 3716 2911 pra-suto

2137 2916 2224 2980 bo,
2256 2928 2309 2970 et
2333 2936 2450 2972 cum
2481 2935 2670 2991 magno
2695 2924 2858 2977 lucro.
2884 2926 3031 2980 Nune
3046 2929 3185 2982 enim
3214 2940 3262 2984 te
3290 2932 3391 2987 hoc
3416 2935 3483 2988 ab
3509 2951 3570 2990 ca
3601 2952 3720 3005 qua:

2134 3011 2273 3076 apud
2303 3025 2388 3064 me
2411 3020 2491 3064 est
2517 3011 2682 3081 gloria
2707 3014 2929 3081 divellit,
2961 3020 3097 3074 ιιι-ιιι
3123 3021 3172 3074 id
3214 3023 3488 3093 despicere
3530 3037 3580 3081 te
3608 3045 3722 3083 mc-

2133 3117 2254 3154 cuin
2283 3104 2528 3170 copulat;
2581 3114 2706 3159 tunc
2749 3123 2874 3161 vero
2903 3112 3148 3167 omnibus
3178 3113 3369 3169 frueris
3398 3134 3516 3172 cum
3551 3118 3715 3173 liber-

2136 3205 2240 3248 tate
2270 3199 2434 3260 omni,
2473 3212 2571 3252 nec
2600 3214 2816 3266 parvum
2849 3211 2970 3256 ante
2999 3203 3221 3260 fructum
3270 3207 3354 3262 hic.
3396 3221 3716 3281 excepturus

2129 3301 2206 3348 es,
2236 3287 2374 3356 quod
2404 3303 2592 3359 nempe
2617 3304 2827 3345 omnem
2848 3291 3128 3348 humanam
3150 3297 3371 3365 gloriam
3394 3302 3673 3357 conculces
3696 3345 3711 3368 ,

2130 3389 2184 3430 et
2212 3394 2237 3429 a
2274 3381 2420 3447 gravi
2443 3380 2530 3433 illa
2562 3379 2836 3437 hominum
2862 3386 3119 3441 servitute
3140 3389 3401 3456 libereris,
3432 3407 3572 3447 vera:
3604 3396 3714 3448 vir-

2132 3471 2258 3523 tutis
2283 3473 2542 3527 exercitio
2569 3485 2846 3543 praestans.
2886 3477 3032 3533 Nunc
3071 3491 3253 3535 contra
3293 3485 3338 3537 si
3366 3485 3456 3539 illo
3488 3486 3712 3542 affectus

2129 3563 2202 3614 sis
2234 3562 2425 3629 modo,
2457 3573 2512 3619 et
2548 3565 2592 3619 si
2625 3566 2675 3620 in
2702 3567 2914 3623 deserto
2953 3575 3056 3634 sis,
3091 3574 3232 3627 omni
3278 3590 3474 3630 vacuus
3519 3580 3712 3633 virtute

2129 3656 2235 3708 eris
2261 3697 2274 3715 ,
2308 3671 2412 3708 non
2459 3655 2661 3712 habens
2692 3671 3037 3729 spectatores.
3067 3662 3217 3730 Quod
3248 3676 3392 3721 certe
3417 3677 3498 3721 est
3528 3670 3707 3724 virtuti

2127 3759 2372 3813 magnam
2407 3745 2602 3802 inferre
2643 3749 3044 3816 contumeliam,
3068 3753 3109 3805 si
3141 3769 3245 3808 non
3270 3769 3483 3826 propter
3513 3759 3703 3828 ipsam,

2125 3837 2217 3890 sed
2246 3848 2466 3907 propter
2483 3840 2992 3907 fuuarios,:erarios,
3013 3845 3260 3915 aliudque
3287 3849 3493 3905 forense
3523 3855 3708 3923 vulgus

2126 3927 2270 3982 illam
2299 3929 2500 3994 adeas;
2533 3940 2590 3985 ut
2612 3941 2666 3986 et
2695 3932 2943 4002 improbi,
2977 3944 3030 3988 et
3059 3937 3146 4004 qui
3176 3938 3243 3991 ab
3283 3940 3367 3992 illa
3421 3941 3571 4014 longe
3617 3947 3704 3998 di-

2122 4029 2264 4074 smnt
2291 4029 2341 4074 te
2367 4021 2718 4090 admirentur,
2741 4023 3086 4094 inimicoSqne
3114 4028 3226 4096 ejus
3249 4044 3407 4086 vocas
3432 4034 3496 4087 ad
3524 4047 3707 4090 osten-

2124 4113 2374 4169 tationem
2405 4123 2458 4168 et
2481 4116 2841 4184 spectaculum
2875 4134 2888 4170 :
2917 4132 2980 4172 ac
3004 4120 3047 4172 si
3075 4120 3195 4188 quis
3217 4123 3404 4190 pudice
3429 4139 3586 4194 agere
3607 4144 3669 4181 ve
3687 4159 3705 4168 -

2123 4203 2202 4266 lit,
2235 4218 2336 4256 non
2394 4214 2610 4272 propter
2672 4206 2840 4275 ipsum
2896 4209 3158 4274 pndicitim
3224 4211 3444 4277 bonum,
3504 4217 3596 4271 sed
3649 4229 3708 4274 ut

2125 4294 2330 4362 placeat
2354 4293 2651 4364 impudicis.
2680 4297 2743 4350 Et
2764 4309 2818 4350 tu
2839 4313 2964 4366 ergo
2992 4301 3235 4354 virtutem
3282 4318 3384 4357 ιιοιι
3427 4305 3702 4375 elegisses,

2123 4383 2221 4438 nisi
2245 4385 2312 4439 ob
2335 4386 2538 4440 virtutis
2566 4388 2807 4442 inimicos
2832 4407 2844 4442 :
2873 4404 2991 4444 cum
3023 4401 3293 4460 oporteret
3320 4410 3436 4449 eam
3463 4399 3540 4453 vel
3578 4400 3703 4455 inde

2121 4477 2320 4540 mirari,
2353 4477 2491 4548 quod
2534 4479 2775 4534 inimicos
2805 4495 2930 4534 suos
2957 4483 3115 4536 etiam
3161 4484 3462 4544 laudatores
3488 4491 3700 4546 habeat.

2122 4569 2382 4624 Admirari
2411 4586 2536 4641 ergo
2569 4571 2710 4626 illam
2743 4582 2967 4642 oportet.
3005 4583 3060 4629 ut
3106 4593 3198 4645 par
3223 4590 3324 4644 est,
3357 4597 3460 4636 non
3485 4597 3704 4654 propter

2121 4663 2275 4723 alios,
2300 4663 2388 4716 sed
2413 4673 2633 4736 propter
2663 4665 2828 4735 ipsam
2861 4684 2875 4720 :
2906 4667 3332 4739 quand0quidcm
3373 4688 3471 4728 nos
3513 4678 3698 4744 etiam,

2120 4756 2330 4825 quando
2350 4774 2450 4811 non
2476 4769 2690 4828 propter
2721 4776 2817 4814 nos
2842 4761 3006 4831 ipsos,
3039 4764 3131 4818 sed
3158 4775 3374 4834 propter
3397 4769 3530 4822 alios
3554 4787 3703 4825 ama-

2120 4865 2255 4910 mur,
2283 4851 2654 4905 contumeliam
2687 4853 2737 4907 id
2761 4868 2880 4908 csse
2903 4864 3165 4922 putamus.
3192 4855 3302 4912 lloc
3332 4859 3501 4928 ipsum
3521 4861 3698 4932 itaque

2119 4941 2185 4994 de
2211 4942 2402 4996 virtute
2427 4942 2584 4996 etiam
2606 4953 2786 5012 reputa
2811 4961 2823 5008 ;
2855 4961 3024 5015 neque
3055 4955 3270 5018 propter
3290 4950 3430 5018 alios
3462 4967 3579 5007 eam
3605 4970 3698 5010 sc-

2117 5045 2301 5100 quare,
2339 5047 2510 5102 neque
2538 5042 2756 5104 propter
2803 5033 3045 5090 homines
3088 5037 3197 5093 Deo
3223 5013 3532 5110 obsequ‘aris
3556 5085 3570 5109 ,
3601 5044 3696 5099 sed

2117 5134 2333 5193 propter
2363 5125 2524 5178 Deum
2574 5125 2900 5191 hominibus;
2932 5129 2976 5182 si
3023 5146 3148 5185 vero
3170 5135 3490 5188 contrarium
3513 5135 3694 5202 facias,

2117 5215 2237 5270 licet
2262 5217 2504 5272 virtutem
2552 5217 2698 5274 adire
2733 5221 2959 5276 videaris
2983 5265 2995 5287 ,
3027 5225 3243 5292 perinde
3271 5226 3416 5280 illum
3458 5228 3511 5282 in
3564 5229 3693 5284 iram

2115 5310 2414 5375 concitasti,
2440 5325 2500 5366 ac
2527 5312 2570 5366 si
2600 5313 2719 5382 quis
2769 5314 2909 5368 illam
2961 5331 3064 5369 non
3095 5317 3262 5372 adiret
3299 5337 3308 5370 :
3344 5321 3695 5390 quemadmo-

2115 5401 2240 5456 dum
2271 5404 2411 5457 enim
2441 5403 2526 5458 ille
2548 5419 2611 5458 eo
2636 5405 2775 5474 quod
2803 5421 2906 5459 non
2935 5405 3148 5469 faceret,
3183 5408 3539 5480 inobsequens
3561 5412 3656 5465 fuit
3676 5454 3690 5479 ,

2114 5497 2191 5552 sic
2218 5506 2270 5551 et
2312 5506 2363 5550 tu
2393 5512 2458 5551 eo
2495 5497 2634 5567 quod
2666 5515 2768 5552 non
2797 5498 2896 5553 rite
2925 5497 3106 5554 facias.
3133 5501 3218 5556 19.
3247 5500 3418 5557 Nolite
3445 5503 3688 5557 thesauri-

2113 5605 2230 5643 και-ε
2264 5590 2398 5642 vobis
2426 5593 2682 5646 thesauros
2707 5592 2758 5644 in
2794 5601 2947 5646 terra.
2970 5593 3102 5661 Quia
3132 5596 3271 5648 enim
3319 5611 3466 5651 vana:
3509 5598 3694 5667 gloria:

2115 5680 2356 5733 morbum
2389 5681 2610 5751 expulit,
2641 5692 2937 5750 opportune
2981 5684 3089 5752 jam
3129 5683 3197 5739 dc
3237 5685 3535 5740 divitiarum
3563 5702 3689 5742 cou-

2117 5787 2312 5846 tempto
2335 5791 2635 5832 scr-nouem
2659 5776 2872 5832 inducit.
2890 5775 3029 5832 Nihil
3052 5780 3190 5834 enim
3216 5777 3283 5834 ita
3305 5780 3369 5834 ad
3387 5779 3689 5837 divitiarum
