4114 6476
386 396 492 454 ⁸289

384 525 634 567 sinerem
666 508 932 573 concitat.
972 517 1031 563 ut
1067 509 1081 540 '
1114 506 1302 579 gloria:
1341 505 1638 576 cupiditas.
1666 501 1793 560 ideo
1816 517 1974 558 nam-

380 615 493 671 que
524 614 812 658 servorum
845 612 1040 671 greges
1059 637 1075 665 ,
1105 596 1489 653 cunuchorum
1514 594 1766 666 agmina,
1800 606 1974 665 equos

371 713 538 755 aureo
587 703 780 753 ornatu
826 693 1092 764 insignes,
1141 700 1426 764 argenteas
1474 701 1712 752 mensas,
1758 685 1970 754 aliaque

370 790 543 861 magis
566 785 788 842 ridenda
814 785 1120 855 excogitant
1141 781 1388 838 homines
1405 821 1421 845 ,
1447 794 1556 836 non
1589 788 1646 833 ut
1673 776 1972 834 necessita-

373 893 480 938 tem
502 878 776 948 expleant,
800 891 973 947 neque
990 884 1048 930 ut
1068 875 1337 949 voluptate
1358 871 1622 936 fruantur,
1652 867 1748 926 sed
1771 878 1828 924 ut
1850 869 1971 937 plu-

371 973 525 1039 rimis
560 985 681 1028 sese
721 978 1013 1026 ostentent.
1068 966 1326 1036 Superius
1374 965 1533 1035 igitur
1574 971 1779 1018 tantum
1830 961 1972 1016 dixit

369 1061 774 1120 misericordem
801 1076 922 1117 esse
951 1068 1236 1130 oportere;
1262 1057 1349 1112 hic
1369 1071 1498 1112 vero
1526 1053 1682 1111 docet
1709 1063 1968 1126 quantum

367 1157 614 1214 misereri
640 1162 884 1227 oporteat
912 1152 996 1208 his
1021 1151 1200 1209 verbis
1221 1169 1233 1207 :
1256 1148 1431 1206 Nolite
1444 1147 1805 1204 thesaurizare.
1833 1145 1970 1215 Quia

365 1251 514 1307 enim
538 1265 646 1306 non
683 1238 755 1305 ita
779 1247 937 1304 facile
959 1254 1076 1302 erat
1115 1244 1267 1300 initio
1292 1232 1598 1300 divitiarum
1632 1251 1971 1310 contemptus

367 1342 666 1399 doctrinam
711 1339 967 1395 inducere
1013 1344 1231 1408 propter
1269 1335 1376 1390 vim
1421 1333 1633 1399 morbi,
1687 1342 1968 1402 postquam

368 1433 626 1505 paulatim
651 1431 703 1487 id
733 1430 848 1486 vitii
879 1439 1184 1487 resecuerat
1214 1439 1268 1484 et
1295 1427 1363 1483 ad
1394 1427 1694 1482 libertatem
1723 1425 1969 1480 homines

372 1531 736 1587 revocaverat,
785 1520 837 1576 id
887 1522 940 1575 in
986 1529 1222 1576 mentem
1253 1519 1556 1574 auditorum
1589 1518 1862 1580 immittit,
1912 1525 1969 1571 ut

366 1615 477 1685 iam
514 1614 722 1669 facilius
750 1613 1033 1683 accipiant.
1081 1611 1370 1681 Propterea
1400 1611 1574 1681 primo
1619 1609 1790 1676 dixit,
1825 1606 1970 1662 Beati

370 1704 718 1762 misericordes
745 1703 957 1777 (Matth.
983 1703 1154 1782 5.07);
1203 1710 1385 1772 postea
1424 1709 1602 1756 autem
1623 1743 1638 1768 ,
1689 1699 1816 1755 Esto
1844 1715 1969 1755 con-

368 1797 586 1852 sentiens
606 1797 895 1850 aduersario
911 1804 996 1850 tuo
1025 1791 1186 1866 (Ibid.
1210 1810 1260 1848 υ.
1279 1793 1370 1848 25.
1401 1793 1518 1865 40);
1539 1791 1754 1860 deinde,
1776 1792 1835 1848 Si
1857 1792 1968 1866 quis

369 1890 581 1944 coluerit
611 1897 771 1943 tecum
783 1885 986 1959 judicio
1007 1880 1322 1950 contendere,
1347 1894 1394 1939 et
1423 1884 1648 1938 tunicam
1685 1895 1827 1937 tuam
1866 1884 1970 1938 tol-

372 1982 476 2036 lere
498 2021 512 2045 ,
545 1980 610 2033 da
637 1982 681 2034 ei
717 1988 764 2032 et
805 1978 1054 2049 pallium;
1085 1977 1170 2032 hic
1209 1991 1338 2031 vero
1385 1975 1493 2030 illis
1517 1976 1768 2031 omnibus
1798 1974 1970 2046 majus

370 2070 642 2143 quidpiam
689 2069 866 2125 effert.
911 2069 1020 2124 lllic
1047 2070 1190 2138 enim
1220 2067 1395 2132 dixit,
1425 2067 1480 2125 Si
1522 2067 1672 2124 litem
1719 2067 1970 2123 intentari

371 2165 574 2233 videas,
604 2163 706 2220 hoc
732 2163 812 2218 fac
844 2182 858 2220 :
887 2163 1079 2219 melius
1103 2162 1247 2218 enim
1264 2171 1469 2220 estnon
1489 2163 1724 2218 retinere
1748 2173 1802 2218 et
1822 2177 1851 2216 a
1879 2161 1971 2217 lite

371 2257 586 2315 liberari
609 2297 624 2324 ,
652 2273 811 2328 quam
844 2257 1076 2313 retinere
1096 2264 1154 2313 et
1179 2255 1411 2326 litigare.
1445 2254 1542 2311 llic
1569 2269 1698 2310 vero
1725 2269 1824 2311 nec
1873 2254 1968 2310 ad-

373 2351 695 2415 versarium,
736 2364 838 2404 nec
889 2349 979 2405 lite
1030 2347 1444 2405 contendentem
1497 2362 1740 2418 ponens,
1798 2361 1972 2418 neque

370 2443 534 2499 alium
552 2443 856 2514 quempiam
879 2440 1109 2496 similem
1137 2453 1465 2505 memorans,
1487 2439 1794 2494 divitiarum
1833 2453 1969 2494 con-

373 2543 634 2606 temptum
661 2534 938 2588 dumtaxat
963 2535 1136 2598 docet,
1168 2532 1459 2588 ostendens
1486 2547 1545 2587 se
1571 2546 1692 2586 non-
1711 2541 1818 2585 tam
1850 2528 1998 2600 pro-'

372 2635 493 2695 pter
539 2641 634 2680 eos
685 2627 774 2696 qui
826 2641 894 2680 ex
948 2625 1174 2680 aliorum
1227 2623 1597 2680 misericordia
1641 2624 1970 2687 allevantur,

373 2731 534 2788 quam
563 2726 780 2787 propter
821 2731 915 2771 eos
941 2717 1029 2786 qui
1067 2715 1383 2786 largiuntur,
1411 2713 1508 2770 has
1539 2715 1683 2786 leges
1713 2713 1889 2770 ferre:
1917 2722 1975 2768 ut

376 2806 587 2862 etiamsi
631 2821 791 2862 nemo
841 2807 1088 2877 injuriam
1131 2805 1353 2869 inferat,
1400 2820 1560 2860 nemo
1591 2805 1658 2860 ad
1711 2805 1971 2874 judicium

374 2897 584 2961 trahat,
617 2913 736 2968 quas
780 2897 979 2952 adsunt
1023 2896 1158 2952 bona
1207 2904 1650 2962 contemnamus,
1682 2895 1973 2966 egenisque

375 2988 668 3044 tradamus.
695 2988 877 3059 Neque
897 2988 985 3044 hic
1011 2997 1179 3042 totum
1201 2987 1484 3043 conlertim
1508 2986 1704 3058 posuit,
1728 2986 1820 3040 sed
1845 3002 1974 3055 pau-

375 3083 525 3139 latim
559 3100 572 3137 :
603 3083 702 3139 etsi
747 3097 872 3136 vero
902 3082 954 3135 in
981 3081 1198 3136 deserto
1243 3079 1534 3136 certamina
1568 3079 1664 3134 has
1705 3079 1848 3134 circa
1889 3092 1975 3132 τις

377 3190 498 3230 cum
527 3174 576 3228 vi
610 3189 798 3245 magna
821 3171 1175 3238 exhibuisset,
1199 3178 1435 3234 attamen
1469 3170 1521 3224 id
1553 3184 1659 3223 non
1677 3167 1852 3234 affert,
1883 3182 1976 3222 ne-

375 3281 481 3336 que
511 3265 564 3320 in
595 3264 830 3320 medium
857 3262 1074 3316 adducit
1105 3277 1119 3313 :
1151 3259 1385 3315 nondum
1429 3260 1573 3313 enim
1607 3267 1816 3327 tempus
1860 3268 1978 3311 erat

377 3358 494 3414 lucc
521 3357 786 3423 revelare;
816 3357 910 3411 sed
950 3353 1227 3408 ratiocinia
1259 3349 1505 3422 qutedam
1536 3350 1755 3413 excutit,
1784 3363 1976 3404 consu-

378 3449 535 3505 lentis
559 3449 740 3519 potius
759 3461 917 3516 quam
946 3433 1481 3516 legislatoris'munus
1497 3442 1706 3497 obiens.
1733 3441 1868 3496 Cum
1898 3440 1977 3494 di-

376 3535 544 3597 xisset
561 3540 705 3596 enim
728 3579 742 3604 ,
774 3537 948 3592 Nolite
977 3537 1322 3591 lhesaurizare
1358 3536 1410 3588 in
1433 3545 1567 3588 terra
1589 3576 1605 3602 ,
1649 3533 1920 3602 subiunxit
1960 3552 1972 3584 :

345 3631 480 3688 "Ubi
512 3647 687 3703 terugo
724 3641 771 3685 et
798 3631 932 3684 tinea
957 3629 1248 3693 demolitur,
1284 3637 1330 3680 et
1365 3625 1451 3680 ubi
1482 3630 1622 3698 fures
1655 3624 1901 3693 effodiunt
1930 3635 1975 3678 et

381 3728 644 3796 furantur.
677 3720 832 3777 Nune
875 3719 1111 3775 ostendit
1137 3717 1336 3774 terreni
1387 3716 1624 3772 thesauri
1657 3733 1855 3772 noxam
1877 3757 1893 3782 ,
1924 3724 1979 3770 et

377 3813 606 3869 caelestis
635 3813 957 3878 utilitatem,
1001 3821 1111 3865 tum
1140 3825 1168 3862 a
1202 3809 1353 3875 loco,
1397 3818 1505 3862 ttun
1584 3807 1652 3862 ab
1726 3806 1972 3862 adversi-

385 3902 608 3958 tatibus.
686 3901 876 3973 Neque
950 3901 1036 3956 hic
1076 3900 1297 3972 gradum
1325 3900 1486 3965 sistit,
1517 3899 1611 3955 sed
1640 3898 1784 3954 aliud
1818 3898 1976 3953 iudu~

379 3994 454 4048 cit
490 3994 861 4060 ratiocinium;
904 4003 958 4049 et
987 3994 1202 4064 quidem
1239 3994 1408 4063 primo
1437 3992 1670 4056 abillis,
1717 4008 1836 4063 qua:
1869 4007 1977 4045 ma.

379 4086 522 4140 xime
558 4084 771 4159 timent,
807 4085 1101 4139 cohortaris
1127 4085 1267 4138 illos.
1297 4083 1456 4151 Quid,
1487 4083 1677 4154 inquit,
1702 4083 1890 4137 times?
1913 4098 1979 4138 uc

380 4175 715 4230 insnmantur
734 4177 972 4246 pecunia:
999 4177 1043 4230 si
1067 4175 1280 4231 dederis
1294 4162 1723 4247 eleetnosynam?
1753 4176 1826 4230 Du
1851 4190 1980 4245 ergo

378 4268 813 4340 cleemosynam,
873 4281 926 4324 et
971 4278 1097 4324 tunc
1146 4283 1250 4322 non
1291 4267 1641 4324 absmuentnr
1683 4287 1694 4319 :
1730 4267 1980 4338 quodque

383 4358 555 4428 majus
583 4367 685 4424 cst,
711 4375 817 4413 non
847 4359 1007 4414 modo
1029 4375 1134 4415 non
1164 4359 1537 4423 absunteutur,
1573 4359 1666 4413 sed
1693 4361 1852 4414 etiam
1881 4361 1978 4414 ad-

381 4447 729 4506 ditamentum
773 4453 946 4520 majus
969 4452 1280 4519 accipient:
1326 4453 1527 4506 etenim
1571 4454 1704 4506 llOtla
1745 4454 1978 4508 caries-tia

381 4540 719 4610 adjicientur.
759 4542 950 4598 Verum
984 4542 1034 4598 id
1061 4541 1237 4598 adhuc
1284 4559 1390 4599 non
1434 4543 1584 4608 dicit,
1616 4544 1708 4599 sed
1738 4545 1838 4600 sub
1866 4545 1982 4599 lut-c

382 4632 588 4703 adjicit.

459 4724 512 4776 5.
555 4721 758 4794 Duplici
788 4726 988 4779 ratione
1017 4725 1246 4780 Christus
1268 4728 1334 4779 ad
1356 4727 1727 4796 cleemosynmn
1749 4729 1974 4782 adducit.

389 4811 631 4867 Pecunia:
646 4830 799 4884 want
837 4815 1038 4886 digitale
1064 4830 1346 4872 servantur.
1382 4816 1534 4882 Quod
1577 4825 1751 4872 oculus
1780 4820 1982 4888 corpori

386 4915 480 4969 est,
505 4903 558 4958 id
586 4907 760 4957 anima
789 4906 1294 4962 homini—Interim
1320 4921 1446 4962 vero
1472 4907 1520 4961 id
1549 4910 1692 4977 quod
1723 4910 1840 4962 illos
1866 4924 1980 4962 nta-

385 4998 532 5051 xime
554 4995 825 5050 cohortari
865 5006 1090 5066 poterat,
1116 4998 1176 5061 in
1226 4998 1461 5053 medium
1502 4999 1738 5065 adducit,
1787 5015 1983 5068 nempe

388 5087 698 5141 thesaurum
723 5086 979 5142 intactum
1003 5089 1224 5152 servari,
1253 5100 1305 5144 et
1330 5093 1578 5161 utrinque
1600 5090 1720 5145 illos
1740 5091 1982 5145 attrahit.

385 5175 502 5231 Non
528 5179 670 5233 enim
694 5178 826 5232 dicit
848 5187 1074 5245 tantum,
1098 5178 1153 5234 Si
1185 5178 1582 5253 eleemosyuain
1637 5183 1944 5252 erogaveris
1965 5223 1980 5246 ,

386 5283 451 5321 ea
489 5278 750 5332 servatur.
809 5270 903 5324 sed
949 5271 1274 5324 contrarium
1323 5273 1722 5328 comminatur:
1763 5271 1820 5328 Si
1877 5289 1982 5326 non

388 5362 622 5422 dederis,
657 5364 794 5432 perit
823 5364 937 5417 tibi.
986 5365 1048 5418 Et
1097 5365 1216 5420 vide
1258 5365 1576 5421 incll'abilctu
1625 5366 1981 5435 prudentiam.

389 5453 508 5509 Non
535 5453 669 5508 dixit
691 5497 704 5517 ,
737 5455 870 5510 Aliis
894 5456 982 5510 illa
1014 5456 1254 5511 dimittes
1285 5475 1298 5510 :
1327 5459 1447 5526 quia
1475 5472 1620 5527 szupe
1649 5458 1777 5520 illud
1808 5458 1984 5512 immi-

392 5551 551 5604 nibus
579 5565 742 5604 suave
777 5560 888 5615 est;
919 5547 1153 5605 attamen
1183 5551 1300 5604 illos
1328 5550 1545 5605 aliunde
1590 5561 1774 5617 terret,
1803 5564 1978 5606 esten-

390 5641 527 5694 dens
555 5638 768 5696 divitias
802 5655 868 5695 ne
900 5641 1041 5696 illius
1067 5640 1282 5712 quidem
1303 5683 1316 5706 ,
1350 5641 1440 5712 qui
1504 5641 1738 5712 possidet
1758 5685 1772 5707 ,
1825 5657 1940 5697 esse
1969 5681 1982 5707 ,

395 5731 520 5787 licet
569 5733 712 5787 enim
763 5732 999 5787 homines
1043 5733 1106 5787 iis
1162 5748 1264 5789 non
1298 5742 1561 5802 noceant,
1596 5743 1754 5789 erunt
1809 5741 1986 5788 tam.n

477 5855 490 5888 ³
519 5852 630 5901 Sav.
655 5849 778 5898 Ben.
803 5846 912 5896 add.
941 5858 1092 5897 caute.

1313 391 1384 447 lN
1423 386 1845 447 ΜΑΤΤΠΑΖΕΜ
1881 380 2115 442 HOMIL.
2162 383 2280 441 XX.
2322 385 2390 441 al.
2437 385 2577 443 XXI.

3581 391 3688 447 ιηιο

2080 502 2302 557 omnino
2328 504 2418 574 qui
2438 514 2686 572 noceant,
2717 507 2858 562 tinea
2889 506 3096 562 scilicet
3122 515 3174 562 et
3201 520 3402 577 mrugu.
3426 508 3690 577 Quamvts

2078 609 2222 649 enim
2245 597 2396 651 vltari
2421 597 2576 668 facile
2602 612 2762 668 posse
2811 600 3060 656 videatur
3087 600 3201 655 base
3235 600 3520 670 pernicies,
3549 609 3688 658 atta-

2079 700 2202 741 men
2222 687 2650 758 inexpugnabilis
2669 699 2773 754 est,
2801 705 2904 746 nec
2924 689 3171 761 impediri
3205 699 3401 762 potest;
3430 700 3488 746 et
3515 707 3689 763 quan-

2080 778 2276 832 tumvis
2301 779 2507 850 cogites
2531 795 2638 836 nou
2669 782 2874 852 poteris
2900 781 3004 838 hoc
3024 796 3215 838 arcere
3239 782 3516 838 damnum.
3543 785 3684 852 Quid

2079 867 2275 938 igitur?
2301 885 2564 929 aurumne
2592 887 2622 928 a
2653 872 2795 930 tinea
2824 873 3221 944 corrumpitur?
3247 873 3303 930 Si
3329 889 3435 930 non
3464 889 3494 929 a
3519 877 3685 941 tinea,

2079 978 2108 1015 a
2140 961 2346 1018 furibus
2366 974 2512 1020 certe
2536 974 2863 1037 asportatur.
2885 966 3024 1036 Quid
3049 967 3223 1038 ergo?
3250 982 3320 1021 an
3346 981 3536 1023 omnes
3561 982 3685 1039 spo-

2079 1055 2191 1109 liati
2221 1069 2250 1108 a
2277 1055 2483 1112 furibus
2509 1058 2673 1113 sunt?
2697 1058 2753 1115 Si
2782 1073 2889 1113 non
2919 1073 3131 1126 onmes,
3177 1067 3234 1112 at
3263 1058 3500 1127 plurimi.
3532 1057 3686 1114 Ideo-

2076 1159 2180 1216 que
2204 1145 2348 1202 aliud
2373 1147 2442 1203 de
2466 1163 2572 1220 quo
2591 1148 2704 1220 jam
2725 1148 2860 1219 dixi,
2886 1149 3091 1206 inducit
3113 1151 3455 1206 ratiocinium
3471 1150 3683 1208 dicens.

2075 1235 2168 1292 22.
2205 1236 2305 1293 Ubi
2330 1239 2600 1298 thesaurus
2621 1243 2863 1310 hominis,
2882 1243 2952 1298 ibi
2979 1252 3027 1298 et
3042 1259 3131 1298 cor
3152 1245 3284 1315 ejus.
3305 1243 3527 1302 Etiamsi
3551 1245 3685 1302 nihil

2077 1326 2272 1385 borum
2303 1332 2535 1400 accidat,
2564 1333 2756 1404 inquit,
2779 1348 2884 1389 non
2909 1348 3096 1406 parum
3127 1336 3361 1406 accipies
3386 1350 3684 1393 noeumen-

2078 1422 2139 1488 ti,
2168 1423 2212 1477 si
2245 1425 2476 1479 terrenis
2509 1425 2702 1493 affixus
2727 1429 2821 1493 sis,
2856 1439 2912 1482 et
2940 1442 3004 1483 ex
3028 1427 3198 1483 libero
3223 1442 3414 1485 servus
3438 1429 3684 1498 ell'eetus,

2075 1513 2188 1567 etsi
2211 1527 2275 1568 ex
2299 1514 2605 1570 crelestibus
2628 1516 2868 1585 excidas,
2887 1517 3125 1588 nihilque
3136 1533 3200 1572 ex
3218 1518 3540 1575 sublimibus
3561 1536 3686 1590 pos-

2074 1603 2152 1658 sis
2197 1607 2454 1676 eogitare,
2485 1607 2585 1663 sed
2633 1609 2893 1678 pecunias
2929 1624 3162 1682 semper,
3196 1625 3406 1676 usuras,
3452 1612 3681 1678 fmnora,

2077 1694 2249 1762 lucra,
2275 1699 2978 1768 cauponariasilliberalcs:
3020 1717 3129 1773 qttu
3169 1703 3293 1773 quid
3326 1704 3686 1762 miserabilius

2090 1803 2523 1878 fueritlEtenim
2559 1801 2707 1858 omni
2739 1813 2900 1858 servo
2920 1798 3176 1854 miserior
3210 1797 3316 1851 erit
3335 1795 3462 1851 talis
3495 1797 3683 1860 homo,

2087 1898 2377 1969 pessimam
2390 1894 2493 1950 sibi
2520 1891 2858 1967 tyrannidem
2873 1903 3163 1968 arcessens
3178 1889 3217 1952 ’,
3248 1887 3506 1958 quodque
3526 1883 3688 1941 func-

2086 1989 2226 2044 stius
2249 1976 2363 2049 est:
2383 1987 2621 2056 prodens
2655 1983 2896 2038 hominis
2921 1980 3261 2036 nobilitatem
3278 1987 3441 2048 atque
3463 1979 3686 2033 liberta—

2085 2089 2215 2134 tem.
2235 2075 2370 2131 Nam
2391 2083 2833 2146 quantacumque
2851 2072 2948 2128 tibi
2966 2071 3236 2131 dicantur,
3271 2069 3316 2123 si
3343 2082 3498 2123 mens
3517 2082 3684 2138 pecu—

2085 2169 2193 2226 niis
2219 2167 2374 2224 allixa
2396 2165 2581 2231 fuerit,
2599 2165 2736 2220 nihil
2756 2163 2850 2219 tibi
2874 2161 3222 2233 profuturum
3241 2159 3432 2214 audire
3449 2159 3683 2230 petet-is;

2083 2262 2178 2320 sed
2192 2259 2654 2333 quemadmodum
2676 2257 2830 2313 canis
2849 2256 2901 2310 in
2928 2255 3144 2310 tumulo
3178 2254 3399 2324 ligatus,
3419 2251 3684 2321 pecunia-

2083 2371 2206 2412 rum
2224 2353 2512 2426 tyrannide
2530 2351 2750 2424 gravius
2770 2365 2934 2419 quam
2954 2357 3144 2403 catena
3171 2347 3426 2416 quapiam
3445 2341 3686 2397 constri-

2084 2456 2229 2512 etus,
2252 2453 2442 2500 contra
2461 2442 2726 2496 adeuntes
2751 2450 2802 2495 te
2826 2453 3020 2493 omnes
3038 2435 3361 2500 oblatrahis,
3397 2433 3502 2488 hoc
3516 2447 3683 2485 unum

2079 2546 2344 2610 perpetuo
2361 2547 2502 2604 epus
2518 2545 2850 2601 exsequens,
2869 2537 2927 2584 ut
2943 2527 3190 2598 deposita
3207 2539 3500 2581 conserves
3522 2523 3682 2577 aliis:

2080 2643 2192 2698 quo
2209 2626 2337 2698 quid
2359 2639 2600 2694 unquam
2623 2621 2882 2676 miserius
2900 2619 3112 2675 fuerit?
3137 2619 3392 2673 Attamen
3419 2616 3546 2685 quia
3579 2614 3684 2669 hoc

2081 2719 2368 2775 sublimius
2385 2724 2524 2782 erat,
2547 2728 2710 2786 quam
2738 2725 2797 2768 ut
2812 2722 2996 2782 posset
3012 2711 3325 2765 auditorum
3346 2724 3498 2761 meus
3516 2707 3684 2760 attin-

2079 2821 2226 2880 gere;
2247 2821 2420 2875 neque
2435 2795 2752 2884 inde'ortuut
2769 2803 3031 2857 damnum
3051 2815 3081 2854 a
3098 2799 3286 2854 multis
3300 2797 3458 2852 facile
3476 2804 3686 2866 putes-at

2084 2899 2336 2970 intelligi,
2376 2912 2551 2965 neque
2569 2897 2784 2949 lucrum
2809 2909 2875 2949 ex
2903 2902 3221 2962 contemptu
3243 2900 3425 2944 ortum
3446 2889 3682 2958 percipi,

2078 2990 2176 3045 sed
2221 2987 2561 3058 philosophia
2585 3000 2725 3054 opus
2744 2992 2863 3039 erat
2888 2991 2947 3036 ut
2984 2981 3090 3034 hoc
3128 2989 3424 3050 utrumque
3447 2978 3643 3048 pet-spi.
3669 2977 3683 3032 i

2079 3085 2268 3146 posset
2291 3093 2303 3127 :
2325 3074 2427 3127 hoc
2443 3082 2565 3142 post
2587 3073 2673 3126 illa
2713 3071 3094 3126 manilestiora
3111 3071 3294 3139 posuit
3327 3071 3554 3124 dicens:
3581 3067 3686 3121 L’bi

2077 3173 2156 3216 est
2186 3161 2466 3213 thesaurus
2483 3158 2734 3232 hpminis,
2753 3154 2827 3210 ibi
2841 3166 2980 3210 estet
2995 3172 3088 3210 cor
3099 3155 3234 3224 ejus.
3255 3155 3388 3208 Illud
3403 3157 3567 3208 etiam
3585 3169 3684 3223 pn-

2080 3271 2195 3316 stea
2223 3261 2420 3316 clarius
2450 3261 2616 3316 efficit
2672 3275 2700 3313 a
2741 3260 3112 3337 spiritualibus
3142 3261 3207 3317 ad
3255 3262 3528 3318 sensibilia
3573 3277 3692 3316 ser-

2082 3368 2300 3410 monem
2327 3352 2614 3408 traducens
2656 3353 2742 3407 his
2786 3352 2968 3410 verbis
2998 3352 3128 3410 :22.
3180 3353 3414 3410 Lucerna
3462 3359 3693 3426 corporjs

2083 3446 2158 3500 tui
2186 3455 2258 3499 est
2282 3446 2465 3499 oculus
2484 3455 2619 3498 tuus.
2649 3445 2802 3512 Quod
2831 3455 3009 3502 autem
3035 3446 3184 3512 dicit,
3219 3446 3528 3519 ltujttsmodi
3558 3459 3642 3504 est
3673 3469 3686 3504 :

2082 3536 2161 3593 Ne
2190 3535 2433 3592 defodias
2483 3551 2672 3591 aurum
2703 3537 2754 3592 in
2805 3545 2970 3604 terra,
3020 3552 3119 3593 nec
3145 3539 3292 3609 quid.
3317 3541 3420 3594 iam
3471 3541 3687 3597 simile:

2084 3643 2207 3684 nam
2239 3631 2417 3697 tineae,
2436 3631 2659 3700 :urugini
2684 3640 2737 3684 ct
2768 3629 2974 3684 furibus
2999 3630 3113 3686 haec
3129 3646 3446 3703 cougregas.
3469 3632 3692 3688 Etiamsi

2083 3736 2212 3776 vero
2244 3720 2361 3777 haec
2406 3720 2604 3776 damna
2634 3720 2923 3792 effugeris,
2980 3721 3031 3776 id
3078 3731 3258 3777 tamen
3303 3738 3410 3778 non
3442 3724 3689 3794 effugies,

2084 3812 2228 3884 quod
2251 3829 2348 3870 eor
2379 3823 2526 3868 tuum
2561 3815 2612 3868 in
2655 3815 2970 3872 servitutem
3005 3815 3299 3888 redigatur,
3358 3826 3414 3872 ct
3465 3821 3695 3874 terrenis

2087 3906 2336 3977 inligatur
2364 3926 2376 3960 :
2405 3906 2506 3964 Ubi
2533 3909 2666 3963 enim
2699 3910 2849 3980 fuerit
2872 3911 3296 3976 lhcsaurustuus,
3323 3911 3393 3964 ibi
3417 3913 3511 3966 erit
3537 3925 3583 3965 et
3606 3929 3696 3966 cor

2086 4006 2247 4051 tuum.
2282 3997 2337 4052 Si
2368 4013 2528 4066 porro
2553 3999 2604 4051 in
2633 3999 2765 4052 curio
2789 3997 3049 4068 deponas.
3084 4016 3190 4060 non
3227 4001 3370 4056 hunc
3395 4003 3556 4058 modo
3586 4005 3695 4058 fru-

2085 4100 2229 4145 ctum
2255 4091 2512 4160 percipis,
2542 4091 2683 4158 quod
2709 4093 2926 4161 prtemia
2951 4109 3048 4163 pro
3068 4093 3152 4148 his
3177 4107 3361 4164 parata
3393 4112 3697 4166 consequa-

2087 4182 2181 4246 ris;
2206 4197 2390 4236 verum
2421 4183 2507 4238 hic
2519 4184 2624 4250 iam
2648 4182 2953 4238 mercedem
2973 4185 3196 4256 accipis,
3229 4187 3372 4255 quod
3401 4188 3493 4242 illo
3520 4199 3697 4243 trans-

2086 4273 2228 4327 latus
2275 4276 2369 4336 sis,
2412 4273 2554 4345 quod
2603 4273 2842 4330 (tu-iustiti
2892 4276 3068 4348 sapias
3109 4276 3261 4334 etde
3291 4278 3398 4334 illis
3431 4279 3696 4336 sollicitus

2087 4364 2162 4420 sis
2194 4386 2207 4421 :
2243 4367 2415 4435 palam
2453 4367 2592 4420 enim
2625 4376 2707 4422 est
2737 4375 2790 4420 tc
2820 4363 2914 4420 illo
2943 4368 3183 4422 animum
3215 4371 3575 4437 transtulisse,
3605 4373 3693 4428 ubi

2088 4460 2398 4512 thesaurum
2417 4457 2735 4528 deposuisti.
2755 4457 3023 4515 Caeterum
3047 4461 3090 4515 si
3111 4463 3162 4516 in
3192 4471 3331 4518 terra
3354 4463 3694 4536 deposueris,

2087 4550 2355 4603 contraria
2387 4550 2709 4619 experieris.
2756 4551 2909 4618 Quod
2942 4551 2985 4606 si
3022 4552 3116 4607 tibi
3146 4553 3258 4624 jam
3291 4555 3430 4610 dicta
3467 4556 3694 4611 obscura

2088 4642 2215 4706 sint,
2248 4640 2372 4695 audi
2399 4644 2701 4712 sequentia.
2736 4641 2974 4698 Lucerna
3015 4649 3245 4717 corporis
3287 4649 3360 4702 tui
3402 4661 3473 4702 est
3495 4652 3694 4705 oculus.

2089 4735 2152 4790 Si
2179 4735 2335 4803 igitur
2365 4737 2542 4790 oculus
2562 4745 2680 4790 titus
2715 4736 2933 4807 simplex
2960 4738 3134 4807 fuerit,
3163 4750 3322 4794 totum
3343 4757 3527 4813 corpus
3553 4754 3698 4797 tuam

2093 4827 2319 4880 lurida»:
2346 4827 2473 4889 erit;
2505 4826 2595 4884 '20.
2625 4828 2671 4882 si
2699 4844 2814 4882 vero
2838 4831 3016 4884 oculus
3043 4843 3158 4885 tuus
3183 4835 3334 4903 fuerit
3358 4851 3584 4905 nequem.
3617 4851 3695 4887 to-

2091 4927 2197 4973 tum
2227 4935 2412 4990 corpus
2437 4933 2574 4973 tuum
2598 4923 2916 4976 tcurbrosum
2939 4928 3053 4978 crit.
3086 4925 3146 4978 Si
3185 4942 3302 4993 ergo
3332 4927 3519 4986 lignea,
3633 4949 3686 4984 1‘.’

2090 5011 2144 5065 in
2175 5020 2221 5066 te
2246 5021 2339 5076 est,
2369 5010 2584 5067 latebra:
2601 5013 2720 5075 sint,
2751 5014 2877 5082 ipsa?
2899 5016 3113 5076 tenebra:
3157 5027 3363 5086 quanta:
3398 4991 3585 5073 eruni'l
3619 5022 3696 5075 διά

2091 5105 2260 5172 magis
2317 5105 2533 5157 sensilia
2582 5119 2889 5158 serinoiiem
2949 5106 3183 5161 deducit.
3239 5107 3371 5176 Quia
3429 5111 3572 5164 enim
3630 5112 3698 5165 de

2091 5202 2275 5249 tuente
2315 5193 2424 5262 jam
2479 5196 2729 5265 loquutus
2777 5207 2922 5259 erat,
2966 5208 3022 5251 ut
3071 5200 3122 5251 in
3176 5209 3490 5254 servitutem
3537 5202 3695 5256 rei!»

2093 5299 2175 5340 eia
2207 5295 2260 5340 et
2288 5287 2518 5354 captiva,
2551 5288 2601 5340 id
2647 5287 2789 5357 quod
2837 5304 2864 5343 a
2907 5289 3087 5345 multis
3136 5307 3239 5344 non
3280 5291 3435 5346 facile
3488 5304 3694 5361 potet-at

2094 5378 2341 5447 intelligi,
2373 5378 2436 5432 ad
2509 5391 2729 5434 externa
2776 5390 2830 5434 et
2873 5380 3040 5436 oculis
3096 5384 3334 5451 subjecta
3389 5399 3698 5441 sermonem

2097 5471 2369 5534 transfert,
2400 5470 2536 5523 utab
2559 5471 2643 5525 his
2665 5471 2749 5525 illa
2771 5472 3068 5544 intelligere
3095 5484 3334 5546 possutt.
3358 5474 3492 5532 Nam
3523 5478 3564 5530 si
3593 5494 3694 5531 non

2169 5762 2414 5840 t‘ifizlesis
2433 5781 2541 5840 φερε
2566 5767 2613 5818 in
2637 5771 2772 5840 hunc
2804 5775 2966 5824 locum
2990 5775 3215 5840 disputat
3241 5778 3532 5833 Friderieus
3556 5785 3698 5840 l‘irid

2097 5827 2148 5872 in
2176 5827 2592 5881 Adnotatiet’tibus
2616 5831 2740 5885 suis.
