4114 6478
520 378 588 431 2‘3
600 377 618 429 ι

521 489 683 551 nosti,
715 485 1034 559 inquit,quid
1064 481 1337 538 sitmentis
1350 479 1623 542 damnum,
1651 493 1679 529 a
1703 472 1976 544 corporeis
1997 469 2097 525 hoc

522 585 704 637 edisce
739 600 750 634 :
786 581 924 649 quod
957 579 1097 632 enim
1127 575 1314 629 oculus
1345 582 1428 628 est
1455 571 1685 640 corpori,
1717 569 1818 622 hoc
1843 580 1993 619 mens
2016 573 2098 617 est

520 675 734 728 animm.
770 668 1226 739 Quemadmodum
1270 665 1411 719 enim
1454 672 1739 730 numquam
1773 667 1922 726 optes
1965 670 2096 708 auro

520 764 718 826 ornari,
746 772 802 815 et
848 761 1031 815 sericis
1063 759 1206 812 indui
1247 757 1512 817 vestibus,
1540 751 1804 819 simulque
1835 749 2096 804 exemcari

518 855 712 915 oculis,
746 853 837 908 sed
870 852 1056 907 borum
1088 849 1502 904 inenlumitatetn
1549 843 1642 898 toti
1674 840 1974 912 hujusmodi
2003 855 2094 910 ap-

522 946 727 1013 paratui
759 940 1181 1010 anteponendam
1211 937 1486 991 existimes
1512 952 1525 988 :
1562 948 1683 987 nam
1714 934 1759 987 si
1782 934 1951 986 visum
1981 946 2094 1000 per-

518 1036 636 1098 das,
656 1034 778 1087 nihil
800 1027 888 1086 tibi
902 1033 1104 1100 reliqua
1122 1031 1222 1082 vita
1241 1027 1455 1097 prodest
1484 1025 1792 1098 (sicutenim
1815 1023 2092 1077 excmcatis

519 1129 701 1194 oculis,
719 1127 1036 1196 reliquorum
1066 1125 1173 1178 fere
1205 1121 1560 1176 membrorum
1581 1115 2088 1188 operatioabseedit,

515 1221 771 1274 exstincta
805 1219 922 1272 luce
954 1233 966 1269 :
999 1217 1076 1270 sic
1107 1226 1354 1284 eorrupta
1389 1212 1551 1267 semel
1592 1219 1769 1264 mente
1802 1207 2092 1262 innumeris

516 1315 618 1366 vita
651 1312 802 1365 malis
821 1310 1150 1379 replebitur):
1176 1305 1617 1377 quemadmodmn
1644 1319 1772 1373 ergo
1795 1304 2092 1368 incorpore

515 1404 618 1457 hoc
645 1417 914 1464 ceraunis,
941 1411 996 1454 ut
1027 1399 1214 1453 oeulus
1252 1398 1321 1452 sit
1367 1412 1556 1462 sanus,
1590 1396 1666 1449 sic
1690 1394 1758 1448 de
1789 1393 1979 1446 mentis
2003 1405 2092 1444 sa-

514 1495 678 1548 nitate
721 1491 1030 1545 curandum.
1065 1491 1118 1545 Si
1166 1490 1301 1542 hanc
1338 1491 1664 1542 circa-ceruus
1696 1498 1814 1552 quae
1847 1482 1966 1536 aliis
2003 1482 2088 1535 lu-

513 1599 627 1636 cem
659 1584 960 1636 ministrare
986 1579 1164 1644 debet,
1202 1579 1337 1632 unde
1359 1579 1467 1645 jam
1495 1575 1732 1644 asiiicere
1761 1574 2088 1642 poaerimus?

511 1677 657 1730 Sicut
685 1677 824 1729 enim
852 1676 938 1741 qui
967 1673 1166 1728 fontem
1197 1672 1402 1734 aufert,
1448 1669 1662 1722 llurium
1702 1669 1940 1722 exsiccet
1966 1685 1977 1720 :
2011 1666 2090 1720 sic

517 1770 600 1839 qui
632 1780 859 1824 mentem
890 1768 1084 1830 obruit,
1118 1780 1304 1818 omnes
1331 1765 1445 1832 ejus
1474 1762 1524 1814 iu
1557 1760 1652 1815 liae
1686 1763 1789 1814 rita
1815 1759 2085 1829 operatio-

512 1875 606 1914 nes
645 1862 965 1915 obscuravit.
1001 1859 1125 1912 Ideo
1169 1857 1258 1917 ait.
1313 1857 1371 1910 Si
1416 1857 1602 1916 (auten,
1634 1853 1767 1920 quod
1808 1853 1856 1904 iu
1899 1863 1944 1904 te
1991 1858 2084 1915 est,

510 1952 723 2006 teneone
767 1952 882 2013 sint,
929 1952 1053 2019 ipsa
1083 1950 1298 2002 latebra:
1321 1948 1566 2016 quantm?
1594 1945 1723 1999 Nam
1745 1958 1864 1998 cum
1890 1943 2086 2014 guber-

511 2054 667 2096 nator
695 2042 1073 2110 submergitur,
1112 2048 1166 2092 et
1205 2039 1422 2093 lucerna
1466 2036 1839 2104 exstinguitur,
1887 2041 1942 2089 et
1977 2033 2085 2087 dux

509 2135 735 2200 capitur,
765 2149 883 2204 qua:
913 2148 1036 2203 spes
1066 2139 1244 2200 postea
1273 2129 1534 2182 subditis?

579 2228 628 2278 Α.
668 2224 1033 2295 Propugnatur
1059 2222 1342 2274 divitiarum
1367 2219 1634 2289 cupiditas.
1669 2217 1778 2282 Quo
1813 2226 1960 2286 pacto
1997 2217 2082 2269 di-

506 2319 639 2371 vitia:
685 2322 900 2386 fructum
937 2315 1156 2386 pariant.
1182 2343 1242 2355 —
1278 2315 1616 2382 Quapropter
1658 2310 1834 2363 missis
1876 2309 2081 2363 insidiis

509 2424 604 2478 per
658 2410 865 2464 divitias
901 2406 1136 2470 structis,
1178 2408 1387 2478 pugnis,
1425 2403 1607 2457 litibus
1645 2405 1778 2472 (hmc
1817 2401 1957 2454 enim
1995 2417 2081 2455 su-

509 2502 687 2568 perius
749 2485 1102 2552 subindicavit
1147 2496 1332 2548 dicens
1379 2513 1392 2547 :
1445 2492 1628 2546 Trndet
1674 2504 1720 2545 te
1769 2493 2085 2545 adversarius

501 2592 687 2662 iudici,
716 2601 761 2643 et
780 2591 944 2661 judex
969 2588 1194 2640 ministro
1218 2584 1428 2658 [.Hatlh.
1462 2587 1515 2639 5.
1545 2583 1683 2654 25]),
1717 2585 1800 2636 his
1837 2584 2084 2637 omnibus

504 2684 725 2736 smviora
752 2680 1023 2750 proferens
1043 2719 1057 2742 ,
1082 2680 1158 2733 sic
1182 2678 1394 2732 abducit
1419 2693 1448 2730 a
1471 2676 1607 2730 mala
1630 2675 2076 2743 concupiscentia.

505 2771 715 2825 Etenim
749 2771 904 2854 lpnge
942 2769 1179 2826 deterius
1213 2777 1293 2822 est
1331 2781 1561 2822 mentem
1597 2767 1715 2820 huic
1745 2766 1930 2820 morbo
1957 2766 2081 2820 sub-

501 2860 591 2929 iici
617 2901 630 2923 ,
660 2876 815 2928 quam
841 2861 892 2912 in
916 2873 1130 2914 carcere
1151 2858 1341 2923 degere
1368 2874 1379 2908 :
1409 2866 1462 2910 ct
1485 2858 1707 2910 alterum
1739 2857 1950 2925 quidem
1976 2872 2080 2912 non

498 2947 718 3016 Scorpe:-
750 2950 976 3013 accidit,
1009 2949 1232 3002 alterum
1279 2961 1406 3001 vero
1440 2956 1520 3000 est
1547 2961 1758 3015 semper
1782 2963 1900 3000 cum
1925 2961 2082 3015 pecu-

503 3039 711 3096 niarum
743 3041 1036 3107 cupiditate
1066 3039 1422 3107 cenjuncmm.
1450 3037 1804 3104 Quamobrem
1840 3039 1937 3092 hoc
1963 3048 2082 3107 post

504 3132 631 3185 illud
680 3135 862 3201 ροιιὶι,
897 3139 1075 3200 utpote
1105 3131 1315 3206 gravius
1359 3139 1413 3182 ct
1456 3128 1678 3183 omnino
1719 3129 2076 3198 subsequens.

501 3225 632 3280 Pium
677 3227 849 3286 licus,
900 3223 1088 3292 inquit,
1133 3233 1360 3278 mentem
1404 3221 1555 3274 nobis
1588 3221 1808 3285 indidit,
1838 3231 1893 3274 ut
1926 3222 2076 3291 igno-

503 3321 726 3374 rantizun
757 3320 1114 3386 dissipemus,
1164 3325 1215 3370 ct
1259 3301 1434 3368 rerum
1472 3314 1726 3382 judicium
1763 3323 1963 3368 rectum
1995 3322 2045 3366 te

505 3426 724 3465 nczunus
744 3453 758 3476 ,
801 3420 958 3478 atque
989 3418 1172 3462 contra
1199 3409 1374 3462 omnia
1406 3407 1627 3461 mnlcsta
1669 3407 1928 3476 noxiaque
1977 3405 2079 3460 hoc

502 3503 648 3567 quasi
677 3501 782 3554 telo
809 3511 862 3553 et
892 3501 1088 3554 lumine
1120 3507 1358 3560 utentes,
1393 3499 1442 3551 in
1475 3508 1588 3552 tuto
1618 3513 1946 3553 maneamus.
1969 3497 2076 3551 Nos

503 3609 627 3646 vero
649 3593 846 3644 donum
879 3590 978 3644 hoc
1009 3590 1281 3660 prodimus
1313 3590 1382 3642 oh
1409 3589 1649 3657 quwdam
1683 3603 2075 3657 supervacanea

501 3696 553 3738 et
588 3685 810 3737 inutilia.
853 3682 989 3750 Quid
1031 3683 1171 3736 enim
1205 3697 1337 3750 opus
1369 3682 1630 3735 militibus
1669 3695 1799 3734 auro
1837 3683 2073 3743 onustis,

500 3775 710 3844 quando
743 3774 846 3828 ἀμ(
874 3773 1116 3842 captivus
1141 3782 1223 3827 est
1250 3774 1306 3823 ‘?
1333 3772 1474 3841 quod
1505 3773 1710 3826 lucrum
1746 3789 1810 3826 ex
1849 3774 2079 3826 ornatis-

499 3870 632 3920 sima
685 3868 801 3919 navi
827 3910 840 3932 ,
879 3866 1090 3936 quando
1123 3867 1446 3935 gubernator
1468 3865 1776 3919 submersus
1803 3865 1924 3919 est?
1951 3863 2074 3935 quid

499 3963 617 4031 plus
657 3960 852 4012 habeas
896 3974 1120 4026 corpore
1164 3967 1309 4012 recte
1351 3958 1670 4017 constituto.
1703 3959 1748 4012 si
1788 3959 1930 4012 oculi
1969 3959 2077 4012 sint

497 4051 800 4107 exeareati?
841 4051 1299 4118 Quemadmodum
1356 4051 1514 4121 igitur
1557 4051 1858 4117 medicum,
1917 4066 2074 4122 quem

500 4145 634 4199 bene
678 4144 851 4197 valere
891 4153 1122 4212 oportet,
1167 4153 1223 4194 ut
1269 4142 1496 4195 aliorum
1543 4152 1694 4196 curet
1738 4143 1990 4207 morbos,
2032 4144 2078 4197 si

500 4241 618 4308 quis
647 4237 698 4289 iu
725 4239 967 4290 morbum
991 4235 1256 4303 conjiciat,
1282 4243 1335 4287 et
1364 4234 1416 4288 in
1443 4242 1697 4303 argenteo
1720 4234 1858 4288 lecto
1883 4247 2076 4288 aureo-

499 4345 601 4398 qee
630 4328 861 4382 thalamo
895 4327 1073 4395 jacere
1108 4327 1324 4396 jubeat,
1369 4338 1590 4394 prorsus
1637 4325 1875 4379 inutilem
1921 4324 2078 4394 aegris

500 4419 711 4475 reddit:
747 4421 823 4472 sic
869 4421 913 4472 si
969 4428 1243 4488 postquam
1290 4427 1522 4472 mentem
1567 4418 1907 4486 corruperis,
1957 4433 2077 4487 qua:

501 4511 662 4565 animi
703 4511 902 4563 atomis
943 4509 1143 4562 mederi
1185 4512 1382 4577 possit,
1415 4509 1663 4562 thesauro
1694 4507 1932 4564 assidere
1959 4523 2076 4562 eam

499 4602 768 4658 curaveris
794 4645 808 4667 ,
843 4617 946 4656 non
986 4601 1145 4655 modo
1170 4599 1296 4652 nihil
1327 4601 1465 4653 illam
1495 4600 1685 4668 iurasti
1712 4640 1726 4663 ,
1761 4600 1854 4655 sed
1880 4599 2076 4655 damno

500 4694 720 4748 acht-isti
744 4735 758 4758 ,
806 4702 860 4746 et
905 4693 996 4744 toti
1039 4692 1232 4744 animae
1264 4701 1366 4743 tua:
1396 4690 1643 4744 nocuisu.
1670 4689 1913 4746 \‘idistin'
1942 4707 2079 4754 quo-

501 4783 658 4838 ;..ndo
691 4799 780 4844 per
808 4799 835 4850 ις
863 4798 927 4835 ue.
968 4780 1211 4835 homines
1237 4780 1302 4835 ad
1333 4781 1623 4852 nequitiam
1653 4782 1843 4853 ubique
1869 4785 2077 4854 cupldi-

501 4887 609 4929 late
643 4875 905 4937 fervunt",
939 4889 1029 4940 per
1063 4873 1174 4925 'ZTt:
1207 4873 1437 4928 masime
1468 4875 1535 4928 ab
1563 4875 1649 4928 illa
1683 4873 1987 4937 abstrahat,
2023 4884 2078 4930 et

501 4971 563 5021 τ·τέ
599 4971 845 5019 τξιίὶὶὶιίηι
893 4965 1148 5018 reducat?
1192 4965 1327 5029 Cur,
1376 4966 1561 5036 inquit,
1598 4968 1845 5036 pecunias
1881 4983 2078 5022 concu-

500 5062 699 5132 piscis?
750 5075 923 5113 nonne
973 5067 1031 5111 ut
1076 5060 1342 5126 voluptate
1392 5058 1700 5128 deliciisque
1748 5060 1971 5113 fruaris?
2021 5059 2074 5112 ιιι

498 5162 645 5207 certe
680 5153 770 5206 tibi
797 5167 906 5223 non
931 5150 1052 5203 inde
1082 5150 1392 5230 prqveuiet,
1433 5150 1524 5204 sed
1551 5150 1875 5204 contrarium
1908 5167 2076 5220 prcr-

501 5261 612 5301 sus.
659 5241 1110 5312 Quemadmodum
1141 5243 1281 5294 enim
1321 5243 1488 5295 oculis
1528 5242 1726 5295 avulsis
1755 5243 1883 5295 nihil
1917 5258 2076 5297 suave

502 5352 660 5391 sensu
694 5337 1032 5402 ter-cipimus,
1064 5331 1132 5385 ob
1160 5331 1457 5400 bujusmodi
1486 5333 1842 5386 calamitatem
1869 5350 1880 5384 :
1912 5334 2075 5386 multo

498 5429 672 5494 magis
698 5426 749 5477 in
777 5424 970 5478 mentis
998 5424 1274 5478 eversione
1303 5432 1356 5479 et
1385 5426 1621 5480 caecitate
1647 5425 1762 5479 haec
1794 5423 2070 5494 patiemur.

501 5517 614 5585 Qua
655 5515 724 5570 de
763 5531 919 5569 causa
954 5515 1156 5571 defodis
1188 5517 1238 5569 in
1275 5519 1510 5572 terram?
1562 5528 1618 5572 ut
1656 5526 1768 5572 tuto
1794 5519 2076 5573 servetur?

511 5606 702 5661 Verum
746 5606 831 5659 hic
865 5608 1022 5660 etiam
1053 5608 1373 5660 contrarium
1419 5609 1654 5674 accidet,
1702 5609 1888 5678 inquit.
1934 5607 2076 5662 Sicut

569 5768 584 5796 ι
626 5765 734 5829 Alii,
759 5768 950 5830 quando
971 5767 1075 5818 dua:
1098 5768 1308 5831 (amicus
1331 5768 1554 5820 trahitur.

1225 367 1282 423 S.
1323 361 1600 420 JOANNl-S
1627 353 2101 416 CHRYSOSTOMI
2143 353 2458 411 AliCHlEP.
2503 355 3038 414 CONSTANTINOP.

3688 355 3787 414 29!

2207 485 2347 524 enim
2396 484 2518 527 eum
2557 473 2647 541 qui
2695 483 2912 542 propter
2942 489 3129 527 ranam
3174 473 3398 544 gloriam
3445 474 3675 545 jejunat,
3703 476 3785 532 dat

2203 565 2596 635 eleemosynam
2619 605 2632 628 ,
2675 574 2729 620 et
2780 577 3047 634 precatur,
3071 567 3137 621 ab
3165 567 3228 622 iis
3258 568 3386 636 ipsis
3414 583 3534 636 quae
3560 568 3787 626 maxime

2201 659 2377 725 cupit,
2412 675 2440 711 a
2471 674 2604 713 vana
2643 659 2808 728 gloria
2856 662 3076 713 retraxit
3121 661 3270 728 (nam
3315 677 3432 727 cur,
3465 662 3675 732 inquit,
3722 678 3785 719 ita

2202 749 2436 818 precaris
2455 790 2470 816 ,
2499 760 2553 803 et
2573 751 2668 805 das
2694 752 3129 822 eleemosynam'!
3157 768 3334 806 annon
3362 755 3480 822 quia
3512 753 3785 810 hominum

2200 840 2422 910 gloriam
2465 841 2679 911 diligis?
2725 843 2831 895 noli
2878 857 3004 912 ergo
3044 843 3120 897 sic
3155 858 3347 907 orare,
3394 854 3442 897 et
3486 855 3612 898 tunc
3644 837 3783 899 illam

2199 933 2579 1002 consequeris,
2622 933 2675 986 in
2720 933 2897 988 futuro
2943 950 3133 1002 nempe
3169 934 3326 1006 die):
3361 937 3438 990 sic
3465 946 3518 992 et
3547 939 3784 1006 pecunia:

2199 1025 2467 1094 cupidum.
2502 1041 2595 1094 per
2619 1041 2680 1081 ea
2708 1027 2896 1096 quibus
2924 1030 3152 1082 maxime
3174 1028 3441 1095 studebat,
3474 1046 3572 1100 per
3596 1032 3781 1088 eadem

2200 1131 2250 1175 el
2283 1121 2444 1190 cepit.
2472 1119 2608 1186 Quid
2639 1118 2738 1181 vis,
2766 1117 2939 1184 inquit
2966 1135 2978 1170 :
3009 1127 3067 1171 ut
3095 1115 3334 1184 pecunia
3365 1117 3456 1170 tibi
3491 1128 3781 1174 serventur

2199 1223 2250 1265 et
2290 1212 2559 1277 voluptate
2596 1208 2792 1262 fruaris
2820 1207 2876 1260 ’τ
2909 1205 3036 1262 ﬂare
3073 1207 3230 1260 ambo
3265 1207 3359 1261 tibi
3397 1208 3777 1276 copiosissime

2199 1303 2468 1372 pra:bebo,
2500 1302 2544 1356 si
2577 1302 2685 1354 illic
2718 1300 2960 1369 deponas
2988 1314 3201 1363 aurum,
3236 1300 3324 1353 ubi
3351 1300 3578 1368 iubebo.
3607 1303 3781 1368 Aper-

2199 1393 2301 1446 tius
2332 1404 2510 1446 autem
2545 1391 2597 1444 in
2630 1391 2982 1460 sequentibus
3013 1391 3266 1444 damnum
3298 1390 3424 1444 inde
3457 1391 3626 1445 menti
3659 1391 3776 1445 illa-

2196 1490 2306 1533 tum
2335 1480 2589 1545 ostendit,
2621 1494 2741 1532 cum
2773 1479 3052 1547 spinarum
3085 1480 3410 1534 mentionem
3445 1478 3602 1546 fecit;
3639 1480 3776 1534 inte-

2196 1571 2293 1624 rim
2321 1587 2449 1626 vero
2480 1573 2709 1642 idipsum
2744 1572 2831 1625 hic
2862 1587 2964 1624 non
2995 1570 3360 1642 perfunctorie
3385 1571 3770 1638 subindieavit,

2193 1677 2314 1716 cum
2343 1663 2582 1717 ostendit
2610 1663 3020 1717 obtenebratnm
3053 1678 3172 1718 esse
3201 1678 3323 1718 eum
3355 1664 3446 1733 qui
3479 1664 3626 1717 circa
3658 1665 3771 1718 hac

2194 1753 2414 1808 fureret.
2455 1754 2531 1808 Ac
2567 1754 3020 1823 quemadmodum
3063 1754 3096 1807 ii
3137 1753 3225 1823 qui
3269 1754 3320 1808 in
3363 1755 3603 1810 tenebris
3647 1763 3770 1810 sunt

2134 1849 2139 1854 '
2193 1844 2323 1898 nihil
2351 1845 2493 1898 clare
2519 1845 2718 1910 vident,
2746 1845 2838 1898 sed
2866 1846 2911 1899 si
2940 1844 3124 1899 funem
3149 1844 3400 1908 videi-int,
3430 1855 3625 1914 putant
3651 1860 3771 1900 esse

2191 1945 2523 2004 serpentem,
2553 1937 2595 1989 si
2633 1944 2840 1990 montes
2873 1945 2928 1990 et
2962 1934 3145 2001 valles,
3179 1950 3378 2006 pavore
3411 1937 3720 1991 moriuntur
3750 1957 3764 1993 :

2191 2028 2271 2084 sic
2297 2036 2348 2082 et
2380 2027 2468 2082 isti
2499 2040 2619 2096 quae
2645 2026 2950 2081 videntibus
2979 2025 3333 2081 formidabilis
3367 2043 3472 2083 non
3503 2038 3650 2092 sunt,
3678 2045 3766 2085 su-

2190 2127 2372 2189 specta
2404 2119 2600 2172 habent
2628 2135 2642 2170 :
2670 2132 2790 2170 natn
2824 2125 3188 2185 paupertatem
3221 2127 3497 2184 metuunt;
3527 2117 3637 2171 imo
3663 2134 3764 2172 non

2189 2217 2558 2279 paupertatem
2598 2215 2840 2270 tantum,
2874 2207 2968 2261 sed
3005 2206 3085 2260 vel
3121 2205 3237 2262 leve
3271 2207 3562 2276 quodpiam
3597 2209 3766 2261 detri-

2189 2309 2449 2356 mentum.
2481 2297 2687 2353 Etenim
2720 2299 2766 2352 si
2799 2296 3064 2352 modicum
3097 2297 3227 2367 quid
3257 2298 3564 2359 amiserint,
3597 2300 3765 2368 magis

2184 2393 2368 2462 lugent
2411 2408 2474 2446 ac
2517 2393 2830 2446 cruciantur
2867 2405 3029 2459 quam
3077 2391 3110 2445 ii
3157 2391 3246 2459 qui
3296 2392 3602 2446 necessario
3645 2392 3766 2444 cibo

2185 2495 2363 2554 egent.
2399 2481 2540 2537 Multi
2580 2475 2731 2537 certe
2762 2497 2828 2537 ex
2865 2481 3168 2547 huiusmodi
3205 2483 3484 2545 divitibus,
3519 2481 3624 2538 tale
3659 2498 3762 2537 non

2183 2573 2420 2629 ferentes
2447 2573 2824 2639 infortunium,
2850 2574 2913 2628 ad
2943 2573 3189 2642 laqueum
3219 2585 3596 2628 occurrerunt.
3621 2573 3762 2628 Con-

2184 2666 2415 2720 tumelia:
2439 2678 2618 2721 autem
2646 2674 2697 2720 et
2727 2666 2923 2720 danma
2951 2665 3023 2719 ita
3053 2665 3158 2719 illis
3184 2664 3548 2720 intolerabilia
3574 2665 3763 2721 viden-

2187 2765 2292 2816 tur,
2330 2767 2385 2809 ut
2416 2771 2477 2810 ea
2515 2758 2580 2810 de
2613 2771 2776 2810 causa
2816 2757 2942 2809 item
2980 2755 3135 2809 multi
3169 2771 3237 2810 ex
3277 2756 3377 2810 hac
3411 2757 3520 2810 vita
3555 2756 3761 2826 abrepti

2187 2847 2404 2902 fuerint.
2432 2849 2508 2902 Ad
2531 2847 2708 2902 omnia
2733 2849 2929 2916 quippe
2957 2848 3146 2902 molles
3169 2847 3368 2901 divitia:
3391 2848 3760 2913 reddiderunt,

2189 2948 2545 3010 praeterquam
2585 2942 2650 2993 ad
2693 2940 2902 2994 illarum
2940 2940 3319 2995 ministerium.
3356 2939 3586 3006 Quando
3619 2941 3761 2995 enim

2189 3031 2292 3085 illi:
2326 3032 2468 3100 ipsos
2506 3043 2561 3083 ut
2594 3031 2694 3086 sibi
2730 3033 2968 3085 serviant
3001 3033 3350 3100 compellunt,
3391 3043 3517 3086 tum:
3553 3033 3625 3086 illi
3666 3049 3762 3085 au-

2185 3124 2367 3177 dacter
2404 3124 2639 3192 pericula
2685 3126 2872 3178 mortis
2912 3126 3141 3189 adeunt,
3180 3127 3398 3179 verbera
3421 3165 3435 3189 ,
3471 3127 3761 3195 opprobria

2182 3228 2452 3282 nullaeque
2485 3214 2790 3281 ignominim
2822 3231 3010 3284 genus.
3042 3214 3192 3281 Quod
3222 3231 3352 3270 sane
3381 3228 3641 3272 extrema:
3671 3233 3764 3288 ge-

2185 3319 2284 3358 nus
2330 3315 2412 3359 est
2443 3305 2700 3368 miseriae,
2734 3306 2820 3359 ubi
2875 3308 3234 3377 philosophari
3277 3319 3574 3379 Oporteret,
3625 3311 3762 3363 mol-

2182 3393 2414 3450 lissiinos
2451 3410 2596 3460 esse;
2650 3397 2736 3450 ubi
2794 3410 2972 3451 autem
3009 3400 3124 3467 pios
3179 3409 3231 3452 et
3279 3404 3607 3456 verecundus
3641 3416 3762 3456 esse

2181 3503 2279 3558 par
2326 3500 2500 3552 esset,
2555 3490 2623 3541 ibi
2667 3489 3160 3558 impudentissimas
3195 3502 3251 3546 et
3308 3493 3630 3548 laetissimos
3667 3510 3760 3550 ex-

2184 3582 2376 3635 hiberi.
2416 3582 2622 3635 Etenim
2679 3583 2906 3650 idipsum
2965 3584 3067 3636 illis
3120 3585 3410 3652 contingit,
3463 3597 3520 3640 ut
3564 3588 3608 3642 si
3639 3591 3760 3654 quis

2181 3685 2304 3744 post
2335 3676 2470 3728 bona
2505 3676 2811 3730 indecenter
2854 3679 3136 3746 absumpta
3187 3678 3326 3732 male
3368 3678 3622 3745 patiatur.
3669 3681 3761 3736 Ille

2183 3781 2432 3835 namque,
2487 3766 2722 3821 instante
2773 3778 3031 3837 tempore,
3057 3785 3164 3840 quo
3206 3775 3507 3826 necessaria
3548 3783 3631 3827 est
3663 3788 3761 3828 ex-

2179 3871 2372 3924 pensa,
2399 3873 2519 3912 cum
2565 3859 2695 3912 ι.ἕ1ιὶΙ
2744 3861 2911 3928 possit
2957 3861 3093 3914 ultra
3122 3864 3454 3931 impendere,
3506 3865 3758 3919 intolera-

2177 3945 2303 4000 bilia
2343 3947 2548 4016 patitur
2591 3947 2750 4010 mala,
2779 3963 2900 4003 cum
2940 3950 3051 4016 jam
3082 3953 3261 4006 omnia
3310 3953 3445 4008 male
3473 3954 3754 4024 absumpta

2181 4047 2396 4100 fuerint.

2254 4138 2306 4190 5.
2348 4137 2425 4191 Ac
2463 4138 2909 4207 quemadmodum
2943 4139 2994 4193 in
3026 4155 3182 4195 scena
3214 4139 3500 4196 histriones
3532 4143 3583 4194 in
3611 4142 3765 4198 malis

2180 4229 2497 4298 quibusdam
2528 4232 2728 4286 artibus
2760 4233 3030 4295 instructi,
3081 4235 3132 4286 in
3175 4233 3257 4286 bis
3300 4235 3464 4287 multi
3503 4236 3762 4304 stupenda

2181 4337 2236 4379 et
2264 4324 2559 4389 periculosa
2601 4326 2861 4378 sustinent
2885 4368 2900 4389 ,
2934 4326 2982 4378 in
3022 4325 3141 4379 aliis
3182 4341 3309 4380 vero
3340 4327 3556 4381 utilibus
3582 4343 3766 4383 neces.

2183 4418 2442 4486 sariisque
2479 4415 2639 4472 rebus
2681 4432 2899 4486 prorsus
2930 4417 3090 4486 inepti
3136 4432 3198 4471 ac
3241 4418 3450 4471 ridiculi
3497 4427 3619 4472 sunt
3646 4437 3657 4470 :
3686 4421 3765 4474 sic

2183 4521 2237 4566 et
2269 4511 2317 4565 hi
2347 4511 2413 4566 de
2439 4511 2633 4581 quibus
2673 4512 2899 4580 agimus.
2955 4511 3167 4564 Etenim
3215 4509 3505 4565 ltisttinnes
3554 4511 3626 4564 illi
3673 4513 3764 4582 qui

2185 4616 2278 4668 per
2317 4609 2523 4656 tensum
2577 4602 2751 4654 i’unem
2800 4601 3107 4664 amnnlant,
3143 4609 3192 4654 et
3224 4609 3424 4654 tantam
3456 4602 3526 4655 ibi
3558 4602 3764 4658 fortitu-

2182 4694 2359 4747 dinem
2404 4691 2692 4753 exhibent;
2741 4692 2954 4761 quando
3002 4691 3271 4760 quidpiam
3328 4709 3390 4746 ex
3443 4696 3762 4752 necessariis

2185 4784 2341 4838 rebus
2376 4783 2646 4837 audaciam
2670 4781 2892 4852 requirit
2915 4797 2974 4835 ac
3001 4781 3362 4837 fortitudinem
3386 4799 3401 4838 :
3433 4800 3502 4840 ne
3525 4787 3762 4856 cogitare

2182 4875 2396 4946 quidem
2462 4874 2657 4943 aliquid
2715 4881 2954 4943 possunt.
3011 4874 3102 4927 Sic
3157 4873 3380 4938 divites,
3440 4877 3528 4946 qui
3583 4879 3761 4932 omnia

2183 4978 2397 5040 propter
2437 4968 2692 5039 pecunias
2741 4966 2966 5028 audent,
3015 4967 3080 5020 ad
3138 4967 3614 5038 philosophandum
3667 4986 3764 5024 nec

2183 5080 2468 5134 magnum,
2521 5078 2619 5117 nec
2668 5077 2882 5131 parvum
2931 5061 3199 5129 quidpiam
3247 5063 3348 5131 pati
3396 5070 3634 5128 possunt.
3689 5069 3764 5118 Ac

2183 5157 2322 5211 sicut
2348 5155 2421 5208 illi
2452 5155 2703 5208 lubricam
2735 5161 2788 5207 et
2815 5153 3198 5208 infructuosam
3237 5168 3346 5208 rem
3387 5164 3615 5209 traCtaut
3641 5198 3653 5216 ,
3688 5169 3763 5208 su:

2182 5256 2236 5302 et
2268 5246 2319 5301 bi
2349 5247 2579 5316 pericula
2636 5247 2798 5299 multa
2849 5248 3070 5299 tolerant
3099 5255 3150 5299 et
3198 5246 3485 5314 praecipitia
3531 5247 3761 5307 adeunt,

2182 5355 2300 5410 qtae
2325 5354 2504 5392 omnia
2537 5337 2706 5391 inutili
2731 5339 2832 5390 line
2854 5337 3198 5401 clauduntur;
3231 5353 3290 5390 ac
3315 5336 3508 5407 duplici
3539 5338 3766 5407 caligine

2187 5432 2543 5494 involvuntur,
2576 5441 2682 5482 tum
2716 5429 2854 5497 quod
2885 5445 3069 5484 eversa
3113 5437 3292 5484 mente
3328 5429 3587 5482 caementi
3620 5430 3726 5484 sint
3750 5471 3764 5492 ,

2184 5522 2488 5592 tum-quod
2533 5537 2596 5578 ex
2650 5523 2820 5576 fallaci
2870 5519 3282 5576 sollicitudinum
3337 5520 3478 5576 mole
3533 5521 3764 5576 tenebris

2239 5691 2251 5719 ‘
2284 5690 2396 5737 Haec
2421 5688 2647 5738 omnibus
2668 5690 2809 5737 codd.
2838 5688 3118 5737 coneinuut.
3157 5685 3316 5745 Vulgo
3347 5700 3356 5731 :
3399 5685 3524 5745 Quid
3550 5683 3650 5744 vis,
3677 5684 3754 5734 im

2175 5749 2295 5814 quit,
2319 5752 2544 5812 pecunias
2567 5749 2652 5800 tibi
2671 5751 2856 5802 servari
2869 5748 3056 5800 Ραιεηυη
3075 5754 3124 5800 ut
3142 5747 3349 5807 deliciis,
3363 5745 3522 5814 gloria
3542 5753 3588 5798 et
3608 5762 3651 5798 ι·.
3674 5749 3710 5812 f.
3727 5746 3755 5794 Ρ

3708 6469 3735 6473 .-
3814 6467 3955 6478 --υι-η-ιι
3979 6467 4023 6475 Ἦ
