4114 6534
309 457 417 518 293

309 577 626 631 obruantur.
667 572 999 640 Quapropter
1037 579 1105 621 ne
1163 561 1439 634 respicere
1480 557 1697 628 quidem
1751 550 1908 605 facile

313 653 558 738 possunt.
591 661 723 720 Nam
761 662 849 730 qui
899 659 950 712 in
996 653 1234 711 tenebris
1264 659 1349 707 est
1377 657 1618 712 tantum,
1645 642 1761 700 sole
1791 640 1910 696 illu-

312 769 564 818 cescente
584 797 598 824 ,
630 756 699 809 ab
727 755 791 807 iis
841 752 1132 814 liberatur;
1177 745 1268 818 qui
1313 757 1442 798 vero
1468 738 1642 795 oculis
1665 747 1908 792 excaeca-

317 866 401 909 tus
439 860 556 917 ρει,
607 854 780 920 neque
826 848 943 903 sole
989 846 1201 900 luecme
1239 839 1421 895 videt:
1455 834 1507 890 id
1550 832 1692 903 quod
1723 839 1778 885 et
1797 824 1911 920 Δἰιτεί

315 945 610 1015 patiuntur.
639 917 824 1009 Neque
846 938 989 996 enim
1015 933 1140 989 Sole
1164 930 1383 1001 iustitia:
1412 928 1428 958 ¹
1455 924 1692 994 fulgente
1717 929 1771 974 et
1790 917 1913 1015 lior-

315 1009 465 1090 ia'nte
489 1031 747 1094 audiunt,
784 1027 982 1083 divitiis
1017 1023 1207 1080 oculos
1249 1021 1486 1092 ipsorum
1516 1009 1909 1071 claudentibus.

313 1127 662 1193 Quapropter
707 1120 977 1189 duplicem
1029 1113 1298 1171 sustinent
1347 1107 1643 1165 emcitntem
1671 1119 1685 1156 ε
1715 1102 1908 1193 aliam,

313 1191 379 1271 es
415 1191 637 1283 seipsis,
679 1212 864 1273 aliain,
894 1206 1037 1279 quod
1068 1205 1322 1274 Magistro
1349 1215 1450 1256 suo
1477 1212 1583 1253 non
1610 1191 1908 1250 attendant.

315 1305 677 1361 Attendamus
725 1303 906 1370 itaque
954 1299 1242 1367 diligenter
1281 1292 1440 1347 dictis
1469 1290 1645 1352 illius,
1690 1295 1749 1338 ut
1788 1289 1914 1338 sero

315 1399 533 1453 tandem
579 1397 873 1452 videamus.
931 1391 998 1445 Et
1050 1386 1321 1459 quomodo
1359 1379 1546 1438 "ridere
1585 1373 1915 1451 possumus?

315 1490 374 1546 Si
402 1489 579 1543 discns
605 1485 878 1556 quomodo
925 1489 1225 1536 excaecatus
1273 1477 1369 1532 sis.
1419 1471 1702 1543 Quomodo
1757 1469 1916 1539 igitur

317 1592 620 1640 excaecatus
649 1580 746 1633 es?
793 1579 832 1631 Α
886 1575 1022 1630 mala
1063 1566 1518 1639 concupiscentia.
1570 1564 1722 1620 Sicut
1768 1561 1913 1617 enim

319 1674 589 1739 malignus
631 1667 824 1723 unum
851 1666 904 1719 In
937 1663 1192 1734 pupillam
1229 1659 1371 1714 Oculi
1417 1669 1604 1728 puram
1647 1652 1915 1716 influens,

320 1767 401 1819 sic
430 1764 777 1835 pecuniarum
823 1764 974 1813 amor
1014 1756 1236 1810 densam
1280 1752 1477 1806 nubem
1520 1749 1572 1803 in
1620 1756 1800 1802 mente
1827 1754 1914 1798 tua

325 1855 476 1910 fecit.
513 1853 707 1907 Verum
742 1850 879 1904 hanc
906 1847 1104 1902 nubem
1133 1845 1397 1915 dissipare
1423 1849 1478 1896 et
1504 1840 1811 1909 dirumpere
1836 1836 1916 1890 fa-

323 1948 425 2000 cile
440 1954 545 2010 est,
563 1943 607 1997 si
626 1940 829 1997 Christi
854 1938 1116 1994 doctrinze
1141 1936 1351 1991 radium
1369 1933 1702 2003 excipiamus
1723 1946 1739 1995 ;
1759 1929 1806 1984 si
1825 1943 1916 1982 au-

323 2036 535 2090 diamus
563 2035 709 2088 illum
743 2041 1050 2086 molientem
1082 2044 1146 2084 ac
1170 2028 1435 2083 dictante-ru
1463 2043 1477 2079 :
1504 2022 1684 2079 Nolite
1713 2023 1920 2078 thesarta

323 2129 490 2181 risura
523 2126 658 2180 trabis
685 2123 948 2178 thesauros
974 2123 1025 2175 in
1048 2131 1205 2175 terra.
1247 2119 1314 2173 Et
1337 2117 1466 2189 quid
1509 2117 1638 2172 mihi
1680 2114 1922 2185 proderit

323 2211 622 2272 doctrinam
647 2214 855 2279 audire;
883 2227 1005 2268 cum
1051 2227 1080 2264 a
1118 2209 1409 2280 cupiditate
1456 2206 1740 2264 tietinear?
1779 2207 1923 2262 Sane

324 2306 543 2380 quidem
588 2304 838 2374 frequens
884 2303 1148 2380 doctrina:
1191 2301 1403 2355 auditus
1431 2301 1778 2370 cupiditatem
1806 2298 1921 2354 di‘s-

325 2400 538 2454 solvere
559 2398 773 2467 poterit.
798 2395 950 2464 Quod
992 2396 1035 2450 si
1083 2395 1330 2449 detentus
1372 2397 1719 2463 permaneas,
1746 2385 1921 2462 eogiia

328 2489 445 2546 re...
479 2491 620 2545 illam
645 2505 752 2543 non
779 2495 901 2542 esse
936 2486 1172 2556 amplius
1202 2484 1567 2556 cupiditatem.
1605 2484 1736 2551 Qua:
1776 2483 1922 2538 enim

328 2582 596 2656 cupiditas
674 2575 979 2635 durissima:
1017 2569 1263 2633 servituti
1293 2573 1415 2650 esse
1444 2575 1749 2646 subjectum
1778 2616 1792 2638 ,
1840 2583 1925 2645 ty-

329 2672 540 2729 rannidi
570 2671 874 2740 subjicere,
908 2663 964 2724 et
1009 2669 1244 2740 umlique
1289 2668 1534 2737 alligari,
1587 2669 1639 2722 in
1685 2667 1923 2722 tenebris

329 2763 536 2819 versari
561 2773 617 2817 et
649 2762 875 2816 tumultu
925 2762 1139 2830 plenum
1187 2774 1344 2824 esse,
1400 2759 1610 2814 labores
1657 2759 1796 2813 ferre
1840 2758 1922 2811 in-

330 2858 657 2918 fructuosos,
685 2853 806 2907 aliis
835 2852 1088 2921 pecunias
1107 2866 1346 2913 servare,
1375 2866 1517 2919 saepe
1544 2859 1722 2905 autem
1749 2849 1926 2902 inimi-

332 2950 415 3003 eis
434 2948 460 3001 Υ
488 2947 606 3014 Qua
645 2961 774 3015 ergo
819 2944 933 2998 ha-e
977 2942 1406 3013 concupiscentia
1437 2942 1595 3011 digna
1626 2940 1790 2994 sunt?
1821 2939 1929 2995 imo

333 3053 440 3110 qua
469 3051 576 3092 non
603 3035 722 3105 fuga
751 3043 806 3091 et
827 3048 989 3088 cursu
1033 3043 1157 3087 sunt
1200 3027 1592 3102 relinquenda?
1641 3030 1772 3099 Qua:
1799 3045 1928 3084 con-

328 3133 666 3204 cupiscentia
697 3127 980 3184 thesauros
1007 3128 1146 3182 inter
1173 3127 1319 3200 fures
1349 3123 1683 3181 recondere?
1708 3124 1761 3180 Si
1785 3124 1927 3180 enim

335 3225 559 3278 omnino
621 3221 876 3292 pecunias
919 3217 1287 3290 concupiscis,
1342 3218 1460 3272 illas
1488 3233 1555 3273 eo
1582 3217 1811 3272 transfer
1841 3217 1929 3270 ubi

339 3323 565 3385 possunt
618 3322 744 3366 tutae
790 3320 845 3366 et
893 3309 1117 3379 integra:
1160 3311 1404 3363 manere.
1453 3299 1614 3362 Certe
1641 3323 1762 3377 quae
1791 3321 1932 3361 nunc

337 3391 468 3460 iacis
496 3417 600 3457 non
631 3412 754 3456 sunt
778 3401 1210 3475 conettpiscentis
1260 3398 1543 3468 pecunias,
1572 3399 1666 3452 sed
1698 3399 1927 3452 Servilii;

341 3491 448 3548 tem
473 3536 487 3557 ,
519 3493 750 3554 (lamna.
799 3491 1047 3553 mulctas,
1091 3488 1442 3559 doloremque
1469 3493 1809 3559 perpetuum.
1852 3488 1931 3543 Tu

340 3581 490 3646 Veto.
543 3586 587 3639 si
618 3586 735 3654 quis
764 3584 858 3638 tibi
907 3583 1066 3637 homo
1113 3583 1284 3637 locum
1316 3584 1367 3636 in
1400 3586 1539 3636 terra
1573 3581 1932 3637 iniiiolabiletn

343 3677 680 3742 ostenderet,
707 3675 916 3730 etiamSi
944 3662 996 3730 te
1020 3677 1071 3728 in
1102 3673 1372 3729 desertum
1404 3673 1678 3739 educeret;
1711 3677 1933 3744 promit-

343 3766 464 3825 tens
516 3768 756 3838 pecuniis
803 3765 908 3822 tuis
955 3763 1300 3822 securitatem
1349 3765 1362 3821 ξ
1416 3785 1519 3820 nou
1565 3770 1930 3834 cuttctzireris;

343 3878 518 3931 neque
559 3874 872 3927 recusares,
921 3860 1016 3914 sed
1057 3861 1312 3930 pecunias
1357 3860 1427 3914 ibi
1469 3875 1592 3913 cum
1623 3857 1811 3914 litlucia
1840 3859 1936 3916 de-

345 3966 573 4023 ponercs
599 3970 613 4006 z
638 3949 750 4005 Deo
777 3960 978 4014 autem,
1011 3967 1113 4003 non
1139 3949 1353 4004 homine
1375 3950 1425 4002 itl
1453 3949 1544 4004 tibi
1569 3951 1933 4018 promittente,

347 4060 445 4098 nec
475 4045 770 4106 desertum,
799 4042 891 4095 sed
922 4042 1114 4095 czelum
1146 4052 1507 4111 proponente,
1550 4043 1817 4095 contraria
1848 4056 1937 4096 ac-

346 4135 482 4205 eipis
509 4155 516 4183 :
543 4149 864 4203 quamquam
894 4123 1102 4186 etiamsi
1137 4131 1405 4185 tntiSsimc
1426 4124 1642 4198 jaccant
1666 4131 1936 4198 repositas,

352 4237 407 4281 tu
433 4239 719 4294 numquam
750 4223 1108 4280 sollicitudine
1128 4221 1324 4278 vacuus
1347 4237 1467 4278 esse
1494 4223 1686 4293 possis.
1719 4217 1940 4277 Etiamsi

355 4327 495 4398 enim
525 4338 630 4375 non
661 4321 874 4389 perdas,
911 4335 1208 4388 numquam
1233 4316 1649 4370 asollleitudine
1671 4317 1935 4386 perdendi

358 4413 688 4466 libet-aberis.
708 4411 816 4464 Illic
829 4418 1006 4463 autem
1025 4409 1156 4464 nihil
1171 4407 1511 4478 prersustale
1527 4408 1766 4478 patieris:
1782 4419 1946 4479 atque

359 4507 498 4566 quod
521 4515 596 4552 o-st
619 4503 814 4567 umjus,
837 4516 1027 4554 aurum
1062 4500 1639 4560 nondefodiStantuin.
1671 4500 1762 4554 sed
1784 4501 1953 4556 senii»

349 4585 469 4643 nas.
489 4587 725 4657 lalipsnm
739 4589 883 4642 en-m
902 4601 982 4645 est
1000 4601 1053 4657 et
1071 4593 1360 4646 thesaurus
1375 4602 1426 4642 et
1441 4606 1650 4656 semen;
1668 4591 1779 4644 imo
1797 4603 1929 4646 utro

350 4689 456 4743 que
487 4677 674 4742 majus.
714 4673 910 4728 Semen
947 4674 1144 4744 quippe
1193 4693 1298 4730 non
1347 4687 1526 4731 manet
1567 4681 1805 4745 Semper,
1850 4677 1939 4734 ille

352 4780 480 4815 vero
513 4770 799 4818 thesaurus
849 4773 1029 4819 manet
1069 4762 1350 4835 perpetuo.
1395 4768 1624 4822 littrsntn
1657 4769 1939 4824 thesaurus

349 4839 437 4912 iiic
471 4874 573 4909 non
614 4858 898 4925 germinat,
945 4859 1034 4913 ille
1075 4853 1205 4912 vero
1252 4848 1583 4930 immortales
1612 4862 1704 4914 tibi
1735 4841 1939 4916 fruetus

353 4947 511 5016 parit.
541 4947 693 5014 Quod
727 4950 770 5000 si
806 4961 1016 5019 tempus
1061 4949 1190 5004 mihi
1237 4950 1460 5019 obiicias
1484 4994 1499 5014 .
1529 4963 1584 5007 et
1625 4953 1936 5008 dilationem

352 5041 590 5096 tetlitus:
628 5057 842 5110 possunt
874 5057 973 5111 ego
1002 5042 1096 5097 tibi
1129 5042 1503 5099 demonstrare
1541 5042 1742 5116 quanta
1772 5050 1937 5104 etiam

415 5175 431 5210 ¹
467 5175 594 5236 νοτ,
606 5175 831 5240 juslillar,
847 5178 994 5230 deest
1016 5181 1066 5230 in
1089 5182 1394 5245 quibusdam.

1349 442 1416 501 IN
1455 431 1868 498 ΒΙΑΤΊΊΙιΕυΜ
1928 428 2159 486 ηοωι.
2203 428 2322 486 XXI
2361 430 2431 486 al.
2478 426 2642 485 XXII.

3504 427 3610 484 ΞΜ

2019 547 2104 603 hic
2147 548 2419 618 accipias;
2449 555 2646 617 praeter
2688 545 2800 598 l-a-c
2839 554 3018 599 autem
3057 558 3125 598 ex
3161 541 3294 613 ipsis
3341 544 3616 599 M’Ctllaﬂ-

2016 640 2116 696 bus
2143 649 2196 695 te
2223 640 2502 694 confutare
2528 637 2768 701 tentabo,
2802 649 2855 690 et
2883 622 3176 691 Ostendere
3200 644 3254 690 te
3279 636 3470 689 frustra
3501 621 3617 691 inec

2015 731 2271 800 objioere.

2089 824 2142 879 6.
2184 821 2348 877 Multa
2376 822 2517 876 enim
2547 837 2598 876 in
2628 819 2881 891 pmseiiti
2905 819 3009 874 vita
3042 826 3222 890 paras,
3244 820 3442 890 quibus
3461 833 3615 874 num-

2017 931 2175 986 quam
2207 916 2429 980 frueris;
2456 903 2512 970 ct
2536 916 2580 970 si
2612 914 2732 985 quis
2763 922 2814 968 te
2846 914 2946 970 hac
2969 913 3037 970 ile
3071 929 3131 969 re
3155 922 3365 987 arguat,
3395 913 3536 968 titius
3565 923 3619 968 et

2021 1017 2242 1078 nepotes
2271 1007 2570 1078 proferens;
2604 1005 2973 1062 idoneam‘tihi
3000 1005 3198 1061 videris
3226 1000 3619 1073 superfluorum

2021 1099 2263 1155 labor'um
2303 1099 2731 1154 consolationem
2774 1100 3061 1168 reperisse.
3087 1097 3221 1153 (.‘um
3263 1097 3407 1153 enim
3441 1098 3495 1154 in
3520 1111 3621 1152 ex-

2023 1205 2189 1250 trema
2220 1201 2503 1248 senectute
2531 1190 2841 1261 splendidas
2866 1191 3135 1246 construis
3167 1190 3334 1254 mdes,
3363 1205 3482 1259 qua:
3521 1207 3622 1244 an-

2021 1297 2234 1358 tequam
2263 1285 2610 1356 perficiantur
2632 1299 2777 1353 saepe
2807 1274 2862 1337 tu
2891 1275 3131 1341 decedis.
3152 1275 3446 1338 etarbores
3461 1282 3621 1349 seris,

2021 1396 2142 1452 qua:
2187 1391 2306 1451 post
2345 1379 2544 1434 multos
2585 1393 2758 1432 annos
2788 1376 3016 1431 fructum
3046 1376 3287 1431 allatura:
3315 1385 3468 1442 sunt;
3500 1389 3622 1430 cum

2025 1476 2076 1529 in
2127 1489 2258 1544 agro
2301 1471 2522 1528 arbores
2567 1471 2808 1543 plantas,
2855 1485 2975 1542 quae
3007 1478 3129 1540 post
3160 1469 3326 1544 multa
3355 1483 3620 1525 annorum

2022 1566 2287 1636 curricula
2329 1566 2563 1620 fructum
2596 1565 2801 1628 ferent;
2831 1580 2954 1618 eum
2981 1562 3180 1635 pnedia
3218 1560 3353 1620 emis
3380 1573 3435 1618 et
3465 1563 3611 1620 bere-

2023 1658 2240 1724 ditates,
2271 1669 2500 1728 quormn
2532 1655 2827 1710 dominium
2864 1653 3031 1709 multo
3058 1663 3179 1724 post
3207 1663 3448 1723 tempore
3472 1654 3623 1706 habi-

2027 1761 2175 1805 turus
2220 1765 2302 1816 es;
2347 1749 2559 1819 aliaque
2610 1747 2774 1802 multa
2828 1759 3007 1817 partis,
3053 1754 3283 1817 quorum
3335 1761 3624 1816 numquam

2026 1841 2253 1897 frueris:
2279 1855 2347 1895 an
2394 1854 2490 1911 pro
2538 1848 2588 1894 te
2630 1839 2712 1902 vel
2743 1851 2843 1908 pro
2886 1837 3288 1893 successoribus
3333 1837 3447 1891 lia-e
3472 1835 3628 1905 agis?

2024 1935 2307 2001 Quomodo
2338 1935 2498 2005 igitur
2524 1948 2630 1988 non
2659 1939 2918 2007 extrema!
2943 1925 3234 1987 dementia:
3262 1939 3370 1996 est,
3399 1931 3488 1984 hic
3519 1946 3626 1985 non

2025 2045 2168 2100 aegre
2189 2029 2330 2086 ferre
2358 2027 2616 2096 temiioris
2638 2025 2971 2087 dilationem,
3000 2025 3101 2079 etsi
3131 2039 3226 2094 per
3247 2022 3394 2078 illam
3416 2021 3630 2077 dilatio-

2027 2138 2149 2178 nem
2170 2138 2198 2175 a
2225 2119 2474 2176 mercede
2501 2118 2742 2173 laborum
2765 2132 2865 2173 nos
2889 2114 3180 2187 privandos
3202 2125 3325 2172 esse
3345 2124 3628 2184 exspecte-

2027 2221 2179 2273 mus;
2211 2227 2331 2266 cum
2363 2212 2432 2267 de
2458 2212 2594 2266 ca'lo
2624 2222 2803 2265 autem
2838 2209 3033 2280 agitur,
3067 2215 3288 2278 propter
3314 2193 3629 2262 dilationem

2031 2313 2267 2374 torpere;
2296 2318 2419 2357 eum
2448 2312 2626 2358 tamen
2655 2304 2739 2358 illa
2771 2300 2959 2357 dilatio
2995 2300 3168 2371 majus
3194 2296 3288 2354 tibi
3316 2299 3522 2355 lucrum
3548 2299 3608 2353 af
3612 2330 3630 2341 -

2030 2393 2188 2462 ferat,
2220 2409 2322 2450 nec
2344 2393 2411 2448 ad
2439 2394 2578 2448 alios
2627 2401 2762 2446 bona
2812 2391 3163 2454 transmittat,
3209 2387 3305 2446 sed
3353 2390 3447 2446 tibi
3487 2389 3630 2445 dona

2031 2487 2291 2543 tradenda
2321 2485 2624 2542 custodiat?
2654 2484 2857 2539 Preter
2886 2484 2999 2539 haec
3025 2493 3207 2539 autem
3236 2499 3343 2538 non
3371 2483 3528 2552 longa
3549 2492 3632 2538 est

2032 2580 2136 2635 ista
2159 2579 2350 2633 dilatio
2373 2574 2479 2649 (a).
2509 2575 2642 2632 Nam
2674 2575 2740 2629 ad
2771 2577 2915 2632 fores
2940 2584 3028 2631 res
3057 2575 3186 2646 ipsa:
3214 2583 3374 2632 sunt:
3399 2589 3498 2630 nec
3522 2575 3633 2629 sci-

2032 2682 2156 2728 mus
2180 2686 2305 2726 num
2338 2670 2475 2725 forte
2497 2669 2550 2725 in
2579 2669 2678 2724 hac
2705 2667 3049 2739 generatione
3065 2669 3244 2722 omnia
3271 2677 3451 2724 nostra
3473 2666 3634 2722 linem

2036 2761 2277 2819 habitura
2304 2763 2432 2819 sint.
2479 2773 2535 2816 et
2573 2761 2691 2815 dies
2728 2747 2818 2815 ille
2843 2759 3154 2814 tremendus
3183 2759 3254 2815 sit
3280 2758 3634 2823 adventuros,

2036 2854 2363 2911 horrendum
2394 2852 2548 2918 illud,
2575 2864 2629 2909 et
2656 2853 2854 2907 nullam
2887 2866 3236 2924 personarum
3264 2853 3635 2922 acceptionem

2037 2949 2240 3004 habens
2262 2946 2495 3001 tribunal
2517 2954 2862 3000 ostensurus.
2887 2944 3022 3000 Nam
3066 2941 3325 3016 pleraque
3349 2945 3502 3016 signa
3523 2943 3637 3016 jam

2037 3038 2271 3110 perfecta
2291 3047 2437 3102 sunt;
2463 3053 2525 3093 ac
2544 3037 2759 3093 demmn
2777 3037 3114 3107 evangelium
3145 3029 3240 3108 pér
3265 3039 3434 3094 totum
3450 3038 3638 3100 orbem

2039 3130 2384 3201 praedicatum
2407 3129 2533 3193 fuit,
2564 3144 2628 3184 ac
2653 3129 2814 3194 bella,
2845 3138 3004 3184 terra!
3026 3137 3208 3183 motus
3236 3138 3288 3184 et
3317 3127 3486 3184 fames
3509 3143 3638 3184 eve-

2039 3235 2254 3288 nerunt,
2280 3240 2383 3278 nec
2413 3231 2668 3293 magnum
2704 3222 2816 3290 jam
2846 3221 3190 3275 intervallum
3218 3229 3321 3280 est:
3351 3216 3457 3276 Sed
3488 3222 3638 3293 signa

2040 3331 2146 3382 non
2171 3315 2354 3369 vides?
2377 3313 2441 3368 Et
2464 3313 2568 3368 hoc
2597 3314 2772 3382 ipsimi
2802 3327 3054 3382 magnum
3083 3313 3295 3382 signum
3317 3320 3419 3368 est.
3456 3312 3639 3384 Neque

2039 3409 2182 3464 enim
2214 3409 2302 3480 qui
2337 3406 2450 3462 Noe
2479 3415 2718 3474 tempore
2739 3414 2894 3460 erant
2925 3405 3183 3474 prooemia
3207 3406 3477 3478 generalis
3503 3405 3642 3462 inte-

2040 3501 2174 3555 ritus
2205 3498 2482 3561 viderunt;
2514 3497 2606 3551 sed
2640 3495 2854 3551 interitu
2885 3495 3156 3563 ludentes,
3177 3495 3424 3563 edentes,
3446 3512 3644 3554 uxores

2042 3591 2322 3656 ducentes;
2354 3600 2720 3656 consuetaque
2761 3587 2941 3642 omnia
2970 3597 3216 3656 agentes,
3247 3588 3326 3642 sic
3352 3603 3382 3641 a
3411 3589 3642 3645 terribili

2045 3673 2132 3738 illa
2163 3683 2363 3737 ultione
2384 3679 2706 3749 deprehensi
2729 3688 2872 3734 sunt.
2897 3678 3263 3748 Similiterque
3286 3682 3338 3733 in
3367 3678 3641 3748 Sodomis,

2042 3774 2247 3830 deliciis
2293 3788 2510 3842 operam
2554 3761 2767 3829 dantes.
2815 3769 3058 3839 nihilque
3085 3785 3272 3824 eorum
3309 3786 3431 3841 qua:
3461 3787 3642 3839 postea

2046 3865 2180 3918 facta
2208 3873 2334 3918 sunt
2361 3861 2717 3931 suspicantes,
2749 3859 2818 3915 ab
2849 3859 3104 3915 immissis
3134 3859 3447 3914 fulminibus
3487 3876 3640 3914 cout-

2043 3955 2185 4011 bustl
2211 3965 2356 4010 sunt.
2385 3953 2520 4022 Qua:
2548 3952 2729 4008 omnia
2767 3952 3091 4024 cogitantes,
3134 3953 3202 4008 ad
3251 3953 3640 4023 profectionem

2044 4036 2170 4102 itinc
2198 4043 2492 4115 parandam
2515 4056 2662 4100 nosc
2698 4043 3289 4115 overtamus.Etiamsi
3342 4044 3649 4099 communis

2049 4134 2138 4188 ille
2165 4111 2650 4186 citnsutitmatiouis
2690 4142 2795 4182 non
2839 4127 3002 4183 instet
3029 4111 3176 4193 dies;
3219 4128 3352 4183 uuiu
3385 4130 3648 4201 cujusque

2050 4224 2170 4279 finis
2196 4223 2249 4277 in
2277 4221 2454 4292 januis
2475 4228 2576 4286 est,
2611 4223 2726 4274 sive
2745 4231 2910 4275 series
2939 4221 3054 4274 Sive
3073 4220 3291 4288 juvenis
3325 4220 3424 4284 sit;
3473 4238 3649 4294 neque

2049 4327 2174 4373 tunc
2203 4316 2391 4370 olenm'
2420 4330 2602 4370 emere
2631 4312 2832 4377 licebit,
2882 4328 3056 4382 neque
3083 4321 3328 4383 petentes
3361 4316 3652 4380 impetrare

2047 4409 2279 4468 veniam,
2310 4408 2409 4462 etsi
2444 4403 2710 4460 Abraham
2741 4413 3012 4471 precetur,
3055 4404 3154 4459 etsi
3202 4403 3334 4467 Noe,
3377 4407 3476 4460 etsi
3522 4404 3651 4468 Job,

2047 4501 2146 4555 etsi
2181 4497 2385 4553 Daniel.
2438 4497 2618 4550 Donec
2667 4497 2826 4565 igitur
2875 4505 3089 4566 tempus
3116 4496 3395 4561 habemus,
3427 4498 3652 4552 multam

2049 4591 2203 4645 nobis
2233 4604 2479 4658 paremus
2509 4587 2778 4646 fiduciam.
2811 4587 2985 4640 oleum
3016 4585 3170 4640 nobis
3195 4582 3471 4657 copiosum
3501 4604 3655 4642 cotu-

2048 4693 2318 4751 paremus,
2349 4684 2527 4732 omnia
2565 4679 2950 4731 transferamus
2979 4678 3029 4731 in
3053 4678 3266 4741 ca'lutn,
3294 4689 3351 4732 tit
3377 4681 3426 4733 in
3443 4695 3652 4749 oppor-

2050 4783 2177 4827 tuno
2202 4785 2466 4838 tempore,
2487 4783 2594 4836 quo
2611 4769 2846 4846 maxime
2871 4768 2952 4822 his
2970 4784 3214 4833 egemus.
3233 4772 3482 4825 omnibus
3510 4772 3654 4826 frua-

2050 4880 2189 4928 lfttll’;
2218 4862 2387 4944 gratia
2420 4870 2472 4914 ct
2505 4860 2834 4929 benignitate
2865 4861 3070 4913 ltonnni
3105 4861 3276 4915 nostri
3319 4861 3445 4917 Jesu
3486 4861 3650 4918 Chri-

2048 4955 2137 5019 sii,
2164 4956 2248 5010 cui
2280 4953 2450 5023 gloria
2477 4963 2532 5006 et
2557 4953 2839 5021 intpet'imn
2872 4968 3013 5007 nunc
3037 4963 3090 5008 et
3121 4969 3358 5026 semper,
3387 4966 3441 5011 et
3469 4957 3522 5012 in
3545 4971 3651 5012 8a:-

2047 5048 2166 5102 cula
2190 5039 2534 5101 surculorum.
2566 5045 2759 5098 Amen.

2115 5185 2187 5246 (η)
2220 5181 2497 5245 SuSpicatur
2521 5175 2890 5244 Cltrvs'ostomits
2911 5180 3056 5229 linem
3081 5181 3245 5231 mundi
3269 5181 3554 5233 adventare.

706 5303 2893 5328 WW—

357 5517 482 5574 Csr.
521 5522 574 5578 6.
607 5538 657 5576 ν.
691 5517 782 5577 ει.
818 5505 982 5578 Nemo
1026 5525 1184 5594 potest
1221 5521 1417 5580 duob‘its
1447 5519 1668 5582 dominis
1708 5532 1892 5584 servire
1924 5547 1941 5585 :

424 5623 510 5664 aut
541 5613 674 5666 enim
700 5630 856 5666 unum
890 5615 1007 5668 odio
1053 5615 1268 5681 habebit,
1297 5628 1344 5669 et
1369 5619 1582 5672 alterum
1612 5620 1814 5691 diliget;
1857 5633 1942 5675 aut

427 5718 584 5757 unum
614 5705 894 5763 sustinebit.
919 5717 964 5760 et
988 5707 1201 5760 alterum
1227 5717 1526 5763 contemnet.

430 5799 483 5852 i.
524 5796 725 5851 Scrrire
751 5799 978 5865 pecuuire
1004 5799 1280 5852 maximum
1307 5801 1530 5862 malum;
1561 5818 1670 5853 eam
1699 5802 1948 5872 negligere

355 5889 639 5944 niaximum
674 5889 876 5946 bonum.
910 5891 1140 5946 Christus
1172 5893 1314 5945 utilia
1341 5901 1508 5962 parat,
1544 5893 1663 5948 dum
1694 5899 1948 5951 contraria

1537 5364 1882 5450 tiOMtLtA
1919 5389 2101 5450 χχι.
2139 5387 2224 5448 al.
2271 5375 2482 5445 xxn.

3451 5311 3648 5323 —__.

2053 5531 2201 5583 tollit.
2220 5557 2290 5568 —
2315 5526 2473 5581 Vides
2500 5535 2558 5579 ut
2589 5526 2837 5592 paulatim
2868 5541 2895 5578 a
2925 5529 3276 5596 pra-sentibus
3307 5531 3467 5585 rebus
3488 5533 3659 5588 abdu-

2053 5630 2159 5678 cat,
2188 5635 2251 5673 ac
2281 5616 2522 5688 pluribus
2551 5617 2618 5670 de
2646 5627 2956 5687 contemptu
2999 5618 3303 5673 divitiarum
3349 5637 3655 5679 sermonem

2056 5715 2314 5774 instituat,
2363 5720 2419 5764 et
2463 5710 2799 5781 tyrannidem
2854 5711 3160 5780 cupiditatis
3198 5704 3658 5785 dejiciat!Neque

2056 5805 2198 5858 enim
2228 5810 2514 5856 contentus
2546 5802 2628 5864 iis,
2662 5816 2779 5865 qua:
2809 5803 3054 5870 superius
3075 5802 3230 5868 dixit,
3256 5806 3465 5859 etiamsi
3493 5808 3654 5862 multa

2058 5909 2110 5954 et
2148 5903 2400 5971 put-clara
2434 5897 2521 5951 illa
2553 5897 2677 5966 sint,
2707 5897 2809 5954 alia
2837 5895 3018 5968 adjicit
3047 5885 3198 5968 plura
3227 5907 3283 5956 et
3313 5901 3650 5956 terribilium.
