4114 6530
585 420 686 476 295

574 547 707 615 Quid
739 546 881 600 enim
908 543 970 598 iis
1001 552 1116 614 qua:
1147 557 1286 597 nunc
1312 544 1561 596 dicuntur
1602 539 1908 599 terribilius.
1949 540 1990 594 si
2025 555 2152 606 pro-

573 647 691 706 pter
725 637 975 706 pecunias
1002 651 1030 688 a
1057 633 1253 689 Christi
1278 636 1530 688 servitute
1555 631 1801 688 excidere
1824 631 2152 685 debeamus?

571 728 696 799 quid
747 727 1170 791 desiderabilius,
1204 727 1246 780 si
1280 728 1344 780 iis
1386 724 1703 792 contemptis
1749 723 1986 776 strictam
2027 738 2150 790 erga

573 834 691 874 eum
712 819 1133 873 benevolentiam
1165 828 1217 871 et
1243 818 1513 870 caritatem
1543 812 1770 867 habituri
1787 813 1984 865 simus?
2005 813 2151 878 Quod

572 914 712 967 enim
733 929 945 981 semper
967 913 1102 973 dico,
1134 912 1234 964 hoc
1263 918 1315 963 et
1342 923 1479 961 nunc
1496 907 1687 966 dicam,
1709 907 1879 976 ipsum
1899 921 1993 975 per
2011 919 2154 959 utra.

571 1020 673 1072 que
705 1003 994 1057 auditorem
1025 1015 1213 1054 acuere
1240 1000 1302 1069 ad
1333 998 1731 1068 obsequendum
1758 997 1935 1062 dictis,
1967 1005 2020 1049 et
2057 1010 2153 1064 per

543 1096 717 1149 'utilia
740 1103 792 1149 et
816 1109 909 1160 per
931 1093 1117 1145 noxia:
1151 1090 1598 1161 quemadmodum
1630 1090 1860 1159 optimus
1889 1088 2146 1151 medicus,

570 1198 624 1244 et
651 1188 892 1246 morbum
917 1202 978 1241 ex
1006 1185 1341 1256 negligentia,
1376 1194 1425 1238 et
1448 1184 1724 1236 Sanitatem
1757 1195 1823 1235 ex
1849 1179 2147 1232 obedientia

570 1291 1013 1334 eommonstrans.
1047 1277 1179 1330 Vide
1209 1278 1382 1345 igitur,
1410 1282 1660 1343 quantum
1689 1271 1774 1325 hic
1801 1271 2001 1324 lucrum
2026 1285 2147 1322 rur-

569 1388 659 1427 sus
685 1370 946 1432 ostendat,
981 1381 1031 1423 et
1065 1368 1331 1436 quomodo
1359 1362 1506 1419 utilia
1536 1371 1706 1433 paret,
1736 1363 1860 1415 dum
1885 1361 2145 1416 contraria

570 1463 723 1516 tollit.
760 1462 937 1528 Neque
964 1459 1125 1520 enim,
1156 1453 1553 1524 inquit,diviti:e
1579 1453 1698 1507 ideo
1728 1463 1927 1506 tantum
1956 1460 2147 1505 nocent

566 1555 739 1619 vobis,
781 1552 920 1621 qttod
952 1551 1094 1605 iures
1122 1558 1305 1604 contra
1337 1561 1425 1600 vos
1452 1545 1614 1599 armis
1642 1545 1926 1603 instruant,
1973 1551 2144 1610 neque

566 1648 704 1718 quod
737 1655 964 1699 mentem
1004 1641 1220 1696 omnino
1258 1637 1492 1694 tenebris
1518 1635 1821 1698 oﬂundant;
1864 1633 1957 1690 sed
1985 1634 2142 1688 etiam

563 1737 706 1804 quod
737 1753 800 1791 cx
828 1735 1079 1790 servitute
1111 1733 1200 1787 Dei
1223 1730 1581 1798 vosdejiciaut
1605 1771 1619 1794 ,
1649 1727 1950 1782 inanimatis
1983 1741 2144 1795 peru-

567 1831 669 1882 niis
697 1842 791 1880 vos
819 1827 1056 1895 captivos
1088 1824 1375 1885 tradentes,
1409 1830 1462 1874 et
1507 1821 1750 1888 utrinque
1781 1827 2059 1879 nocentes,
2090 1825 2143 1870 et

563 1919 704 1989 quod
731 1935 916 1973 servos
945 1917 1172 1971 efficiant
1205 1931 1388 1968 eorum
1415 1913 1602 1982 quibus
1634 1913 1894 1979 imperare
1921 1910 2141 1963 debere-

548 2028 700 2075 ‘ntus,
727 2023 779 2066 et
805 2010 943 2081 quod
977 2025 1069 2063 vos
1094 2025 1121 2061 a
1150 2011 1402 2063 servitute
1433 2008 1520 2060 Dei
1549 2005 1819 2073 dejiciant,
1861 2004 1943 2056 cui
1976 2002 2141 2056 mavis

563 2120 649 2159 me
688 2104 888 2158 servire
933 2117 1152 2155 necesse
1197 2100 1348 2153 vobis
1386 2106 1484 2152 est.
1516 2086 1968 2164 Quemadmodum
1999 2094 2136 2148 enim

560 2194 671 2248 illic
694 2195 851 2246 etiam
873 2192 1066 2261 duplex
1097 2204 1215 2244 esse
1243 2198 1617 2242 ttocutttentum
1639 2185 1890 2248 ostendit,
1913 2193 1972 2238 et
2000 2183 2137 2252 quod

561 2287 630 2341 ibi
658 2287 1010 2356 deponantur,
1045 2283 1130 2336 ubi
1159 2295 1336 2349 atrngo
1382 2278 1634 2341 corrodit,
1666 2288 1720 2332 et
1757 2277 1897 2346 quod
1927 2277 1996 2330 ibi
2030 2292 2133 2329 non

561 2379 912 2446 deponantur,
943 2375 1028 2429 ubi
1053 2383 1160 2426 tuta
1178 2371 1417 2426 ettstodia
1437 2387 1452 2425 :
1476 2370 1552 2424 sic
1591 2377 1646 2423 et
1688 2368 1788 2422 hoc
1814 2369 1928 2421 loco
1958 2366 2134 2435 dupli-

560 2483 676 2524 cem
708 2482 898 2522 noxam
944 2466 1196 2528 ostendit,
1239 2473 1293 2518 et
1334 2463 1474 2530 quod
1517 2478 1546 2514 a
1590 2463 1697 2515 Deo
1726 2457 2052 2521 abstraham,
2086 2468 2138 2513 et

557 2559 698 2628 qttod
742 2573 1003 2611 ntantouze
1033 2556 1332 2624 subjiciam.
1376 2553 1478 2607 Sed
1522 2569 1626 2605 non
1667 2551 1843 2605 statim
1886 2551 1935 2603 id
1968 2551 2134 2619 ponit,

557 2650 651 2702 sed
683 2649 731 2702 id
765 2649 909 2716 prius
935 2663 997 2702 ex
1025 2645 1394 2700 communibus
1427 2651 1575 2712 parat
1601 2641 1913 2705 ratiociniis,
1951 2641 2028 2695 sic
2051 2641 2136 2694 di-

558 2754 717 2794 cens:
746 2739 908 2791 Nemo
939 2746 1099 2808 potrst
1143 2734 1336 2788 duobus
1376 2732 1593 2786 dominis
1625 2731 1807 2784 serviie
1829 2747 1848 2785 :
1874 2730 2008 2785 duos
2051 2731 2138 2784 Ilio:

557 2830 740 2884 dicens
769 2831 855 2898 qtti
886 2828 1148 2883 contraria
1183 2825 1506 2893 pra-cipiant.
1535 2822 1664 2877 Nam
1690 2824 1734 2877 si
1763 2823 1812 2876 id
1827 2838 1941 2876 -ιιοιι
1969 2831 2131 2888 esset,

557 2936 662 2974 non
691 2920 796 2973 duo
821 2918 1017 2971 forent.
1050 2915 1178 2969 Nam
1213 2913 1555 2969 Multitudinis
1585 2913 1889 2965 credentium
1916 2921 2020 2965 erat
2049 2928 2136 2966 cor

557 3028 713 3065 totum
742 3020 786 3063 ct
813 3011 982 3063 anima
1011 3025 1110 3061 una
1144 3006 1277 3074 (Act.
1311 3006 1365 3060 4.
1408 3006 1496 3074 52)
1519 3022 1530 3058 :
1555 3005 1675 3058 licet
1701 3004 1841 3057 enim
1871 3014 2050 3058 essent
2081 3005 2134 3058 in

559 3102 706 3167 plura
723 3114 942 3168 corpora
960 3098 1134 3160 divisi,
1151 3105 1384 3150 attamen
1399 3095 1678 3149 concordia
1696 3095 1948 3162 plurimos
1969 3106 2130 3148 unum

554 3192 839 3247 alliciebat.
871 3189 1066 3244 Deinde
1089 3188 1174 3242 illa
1203 3188 1498 3250 enmulans,
1520 3186 1677 3239 dicit:
1700 3185 1814 3240 Non
1845 3187 2003 3239 modo
2025 3202 2127 3239 non

554 3286 768 3346 serviet,
813 3283 903 3336 sed
934 3283 1089 3335 etiam
1121 3279 1241 3333 odio
1273 3279 1482 3333 habebit
1532 3287 1583 3330 et
1627 3278 1956 3330 aversabitur
1984 3295 1996 3331 :
2030 3280 2129 3330 Ant

553 3379 684 3430 enim
712 3392 864 3428 unum
895 3375 1010 3426 odio
1039 3371 1252 3432 habebit,
1288 3371 1476 3440 inquit,
1503 3381 1548 3422 et
1575 3371 1787 3422 alterum
1816 3368 2130 3438 diligentia!

552 3483 708 3520 unum
738 3467 1016 3528 sustinebit,
1041 3474 1088 3517 et
1115 3465 1324 3516 alterunt
1352 3471 1647 3514 contemnet.
1683 3464 1757 3513 Ac
1788 3459 1994 3513 videtur
2014 3462 2128 3529 qui-

549 3559 669 3610 dem
703 3557 780 3609 bis
808 3556 1029 3622 idipsum
1061 3553 1287 3616 divisse;
1320 3551 1413 3606 sed
1438 3567 1540 3604 non
1567 3551 1682 3603 sine
1723 3563 1879 3604 causa
1911 3552 1987 3604 sic
2015 3567 2124 3604 rem

547 3647 902 3708 concinnavit,
932 3643 1022 3696 sed
1069 3652 1122 3696 ιιι
1163 3640 1468 3697 ostenderet
1497 3640 1700 3694 facilem
1732 3655 1852 3695 esse
1879 3641 2125 3692 mutatio—

545 3753 666 3791 nem
700 3739 748 3790 iu
779 3737 984 3789 melius.
1008 3734 1082 3789 Ne
1109 3730 1314 3788 diceres
1332 3733 1501 3793 enim,
1539 3731 1714 3786 Semel
1742 3746 1925 3784 servus
1955 3730 2126 3784 factus

533 3845 682 3893 sum,
716 3828 1013 3882 divitiarum
1044 3825 1322 3896 tyrannide
1353 3835 1674 3892 oppressus:
1697 3820 1930 3875 ostendit
1965 3835 2120 3889 posse

530 3921 595 3974 in
622 3919 778 3973 aliam
806 3920 1042 3972 converti
1089 3927 1289 3985 partem
1328 3930 1342 3966 :
1370 3923 1422 3968 et
1451 3912 1580 3966 sicut
1614 3926 1676 3964 ex
1726 3913 1820 3964 ista
1857 3911 1912 3964 in
1947 3911 2112 3972 illam,

519 4012 618 4067 ‘sie
654 4025 719 4065 cx
752 4012 836 4064 illa
879 4009 931 4063 iu
977 4011 1127 4061 istam
1158 4008 1353 4060 venire.
1395 4003 1526 4058 Cum
1555 4018 1681 4072 ergo
1710 4001 1810 4056 hoc
1841 4002 2115 4057 indeﬁnite

537 4103 775 4165 dixisset,
806 4117 910 4168 quo
928 4100 1149 4152 auditori
1172 4096 1437 4159 suaderet,
1457 4104 1514 4148 ut
1538 4108 1744 4162 aequum
1770 4108 1828 4146 se
1849 4093 2106 4146 dictormu

529 4193 759 4261 judicent
793 4201 1020 4260 gereret,
1063 4200 1116 4243 et
1157 4206 1221 4242 cs
1265 4188 1375 4254 ipsa
1405 4199 1583 4238 rerum
1618 4192 1798 4236 natura
1849 4185 2107 4236 calculum

527 4286 716 4345 ferret,
750 4295 1023 4352 postquam
1044 4281 1188 4333 illum
1214 4279 1310 4330 sibi
1329 4275 1744 4330 consentientem
1768 4273 1968 4330 habuit.
1989 4283 2109 4324 tunc

529 4378 764 4444 seipsum
799 4375 1024 4435 revelat;
1067 4371 1336 4440 suiijuuvit
1378 4369 1552 4422 enim:
1585 4366 1704 4419 Non
1753 4367 1954 4432 potestis
2000 4364 2105 4416 Ι)εο

528 4469 710 4522 servire
742 4478 786 4520 et
822 4480 1092 4518 utantona'.
1146 4463 1595 4516 Exhorrescamus
1642 4456 1931 4525 cogitantes
1978 4456 2103 4525 quid

523 4560 792 4615 Christum
822 4552 999 4612 dicere
1020 4556 1306 4623 coegimus,
1341 4554 1409 4606 ita
1444 4560 1499 4605 ut
1525 4565 1644 4604 cum
1671 4549 1777 4603 Deo
1794 4564 1980 4602 aurum
2001 4563 2099 4617 po-

1279 427 1333 482 S.
1374 424 1649 482 JOANNIS
1683 417 2162 481 CIIRYSOSTOMI
2202 420 2514 478 ARCllIEP.
2555 422 3087 482 CONSTANTINOP.

3748 426 3850 483 .396

2263 536 2357 593 sed
2409 539 2631 608 captivis
2682 541 3006 610 quibuslibet
3050 543 3284 596 deterius
3331 542 3529 604 allecti,
3563 558 3846 606 mantonm,

2260 632 2409 699 quasi
2441 637 2666 701 tyranno
2688 632 2897 685 cuidam
2925 635 3119 684 acerbo
3146 634 3337 686 tributa
3376 634 3692 702 pendentes.
3721 636 3848 688 Nam

2258 722 2406 790 quasi
2435 737 2612 778 arcem
2637 723 2917 792 quamdam
2967 724 3201 790 ipsorum
3244 724 3481 777 animum
3511 740 3665 776 amor
3693 741 3847 794 pecu-

2258 815 2462 867 niarum
2494 815 2704 877 invasit,
2733 822 2788 868 et
2808 815 3053 867 mandata
3081 815 3224 868 omni
3250 815 3402 882 plena
3427 816 3706 884 iniquitate
3728 816 3848 869 inde

2255 904 2385 974 ipsis
2413 907 2570 960 mittit
2593 908 2824 976 quotidie
2849 925 2862 962 :
2889 921 3149 977 nemoque
3169 916 3252 961 est
3271 909 3360 976 qui
3383 908 3479 977 ipsi
3505 923 3609 960 non
3639 911 3846 962 obtem-

2256 1005 2424 1061 peret.
2459 996 2536 1052 Ne
2571 999 2745 1065 itaque
2772 998 2824 1052 in
2853 1002 3050 1052 vatiam
3081 997 3487 1066 pttilosOpberLs.
3518 997 3846 1053 Nat‘u'sentcl

2258 1087 2395 1139 Deus
2418 1090 2733 1142 sententiam
2767 1089 2906 1153 tulit,
2941 1089 3180 1160 dixitque
3208 1105 3312 1141 non
3347 1103 3504 1157 posse
3536 1069 3754 1143 lianc-et
3779 1089 3845 1141 il—

2255 1179 2355 1231 lattt
2379 1181 2684 1234 servitutem
2705 1195 2805 1233 una
2823 1196 3163 1233 concurrere.
3188 1179 3266 1235 Ne
3283 1179 3428 1232 dicas
3445 1193 3575 1248 ergo
3593 1188 3669 1241 t'u,
3692 1186 3846 1246 posse

2251 1284 2592 1324 concurrere.
2623 1271 2750 1324 Cum
2771 1271 2912 1324 enim
2945 1271 3032 1324 ille
3061 1287 3268 1337 rapere,
3295 1269 3380 1326 hic
3398 1285 3520 1326 sese
3544 1270 3845 1338 mpeliam

2246 1357 2458 1426 jubeat;
2483 1359 2567 1413 hic
2595 1371 2797 1415 castum
2826 1376 2964 1425 esse,
2998 1363 3084 1415 ille
3106 1361 3385 1427 t‘omieari;
3410 1362 3495 1418 bic
3520 1361 3774 1417 inebriari
3793 1373 3844 1415 et

2251 1463 2449 1502 mensae
2475 1451 2677 1505 deliciis
2710 1454 2832 1517 frui,
2867 1452 2955 1507 ille
2985 1463 3221 1507 ventrem
3267 1455 3564 1520 moderari;
3618 1455 3706 1510 hic
3727 1454 3842 1510 da-

2249 1541 2454 1610 spicere
2486 1546 2785 1611 prteseutia,
2831 1547 2918 1600 ille
2963 1547 3026 1599 iis
3055 1545 3285 1606 Increre:
3319 1547 3405 1602 ille
3431 1547 3545 1614 ipse
3572 1551 3841 1603 marmora

2239 1634 2431 1688 ituirari
2475 1644 2530 1689 et
2580 1647 2796 1692 ornatos
2843 1639 3072 1708 parietes
3117 1648 3275 1706 atque
3303 1638 3604 1706 laquearia;
3638 1639 3724 1694 hic
3753 1639 3841 1692 illa

2248 1724 2524 1795 despicere
2547 1740 2599 1782 et
2624 1728 3015 1799 philosophiam
3058 1731 3236 1784 colere
3273 1748 3285 1783 :
3320 1730 3588 1799 quomodo
3618 1738 3840 1800 possunt

2249 1814 2364 1870 Ita-c
2390 1819 2711 1872 convenire?

2317 1907 2368 1959 2.
2436 1909 2604 1974 Quare
2646 1910 2708 1961 de
2757 1925 2992 1961 mamona
3043 1911 3188 1975 (ιιιηεὶ
3233 1910 3297 1962 de
3347 1911 3551 1962 domino
3605 1913 3840 1978 loquatur

2247 1997 2494 2050 Christus.
2527 1998 2727 2052 Damna
2758 2017 2819 2052 cx
2856 2001 3043 2053 divitiis
3072 2013 3237 2068 parta.
3261 2032 3331 2041 —
3353 2001 3446 2056 llic
3475 2017 3635 2070 porro
3661 2005 3838 2058 donti-

2247 2105 2372 2141 nnm
2409 2105 2706 2144 man-ouant
2754 2093 2979 2156 vocavit,
3023 2109 3126 2148 non
3171 2093 3310 2162 quod
3361 2105 3544 2148 natura
3589 2097 3708 2148 talis
3747 2100 3834 2158 sit,

2244 2181 2334 2231 Sed
2366 2182 2432 2232 ob
2464 2196 2647 2235 eorum
2688 2184 2776 2251 qui
2821 2198 2938 2236 sese
2984 2185 3056 2236 illi
3089 2185 3369 2252 subjceerc
3409 2186 3702 2240 miseriam.
3748 2187 3837 2241 Sic

2243 2273 2402 2325 etiam
2433 2284 2673 2326 ventrem
2703 2278 2858 2326 deum
2911 2286 3086 2340 vocat,
3133 2291 3236 2328 non
3287 2291 3315 2328 a
3357 2277 3614 2346 dignitate
3661 2278 3836 2332 domi-

2244 2365 2440 2424 nantis,
2484 2365 2583 2417 sed
2620 2383 2648 2419 ει
2690 2366 3034 2421 servit-titimn
3080 2370 3326 2429 miseria;
3370 2371 3508 2438 quod
3537 2372 3685 2427 omni
3712 2387 3836 2440 sup-

2243 2455 2399 2522 plicio
2426 2457 2578 2526 pejus
2606 2467 2706 2519 est,
2752 2470 2804 2511 et
2847 2470 2970 2512 ante
3011 2461 3330 2530 supplicium
3363 2471 3535 2530 potest
3562 2465 3835 2531 captivum

2242 2547 2445 2602 ulcisci.
2476 2549 2678 2616 Quibus
2704 2553 2845 2604 cnim
2872 2551 3136 2605 danmatis
3163 2554 3473 2608 miseriores
3500 2571 3606 2608 non
3635 2555 3837 2613 fuerint

2242 2639 2298 2703 ii,
2341 2641 2427 2708 qui
2473 2639 2636 2694 Deum
2679 2639 2956 2694 dominum
3000 2641 3274 2704 habentes,
3317 2657 3344 2695 a
3389 2653 3498 2698 tam
3544 2658 3832 2702 mansueto

2240 2730 2333 2784 ill)
2373 2747 2537 2800 regno
2574 2733 2642 2785 ad
2691 2733 3058 2801 gravissimam
3104 2751 3163 2790 se
3213 2737 3547 2806 tyrannidem
3597 2742 3833 2796 transie—

2241 2832 2364 2874 runt
2387 2822 2688 2892 subigendi,
2727 2839 2844 2876 cum
2876 2832 3080 2880 L’tltillm
3109 2825 3232 2879 hinc
3260 2825 3639 2882 detrimentum
3667 2831 3836 2885 etiam

2240 2911 2292 2966 in
2327 2921 2466 2966 terra
2507 2914 2810 2982 accipiant?
2834 2915 2965 2968 Nam
3002 2916 3122 2969 hinc
3149 2917 3398 2970 damuttm
3428 2921 3635 2987 ingens,
3687 2923 3824 2984 lites,

2239 3003 2518 3067 tuolestite,
2551 3003 2994 3067 concertationes,
3026 3007 3255 3071 labores,
3287 3009 3478 3063 anima:
3508 3012 3744 3076 ca-citas,
3776 3025 3828 3067 et

2236 3096 2375 3162 quod
2403 3097 2638 3148 omnium
2663 3098 3032 3164 gravissimum
3060 3107 3160 3160 est,
3192 3099 3277 3152 illa
3307 3116 3568 3155 mamonae
3594 3119 3706 3158 serv
3725 3106 3830 3162 itus

2235 3200 2264 3239 a
2319 3189 2564 3254 supernis
2623 3188 2774 3240 bonis
2829 3202 2925 3241 nos
2980 3189 3220 3258 dejicit'.
3271 3191 3401 3245 Cum
3451 3193 3608 3262 igitur
3651 3212 3716 3250 ex
3763 3198 3828 3252 iis

2233 3279 2481 3331 omnibus
2519 3280 2835 3333 ostendisset
2890 3291 3082 3349 quanta
3129 3282 3328 3335 utilitas
3367 3299 3428 3337 ex
3479 3289 3829 3352 pecuniarum

2236 3381 2541 3436 eontemptu
2573 3372 2876 3438 proveniret
2903 3382 2956 3425 et
2981 3375 3046 3426 ad
3077 3375 3244 3442 ipsam
3275 3377 3615 3445 pecuniarum
3644 3390 3823 3435 custo-

2231 3462 2393 3525 diam,
2429 3472 2481 3515 et
2520 3465 2583 3516 ad
2629 3464 2820 3517 animm
2861 3467 3206 3531 voluptatem,
3253 3478 3305 3520 ct
3346 3467 3411 3520 ad
3467 3469 3824 3540 philosophia

2231 3558 2644 3622 possessionem,
2673 3565 2725 3608 ct
2751 3557 2814 3606 ad
2845 3557 3053 3625 pietatis
3086 3558 3323 3619 tutelam,
3354 3559 3570 3614 demum
3603 3563 3815 3629 probat,

2231 3645 2395 3712 ipsam
2427 3661 2558 3708 rent,
2590 3646 2657 3700 de
2685 3660 2787 3711 qua
2823 3649 3093 3710 admonet,
3143 3664 3296 3716 posse
3339 3650 3470 3704 lieri.
3513 3651 3635 3706 llzec
3672 3657 3819 3708 enim

2229 3735 2362 3803 legis
2403 3735 2641 3789 l'erettdie
2678 3739 2874 3804 Optima
2931 3740 3068 3791 ratio
3121 3748 3242 3803 est,
3302 3755 3405 3792 non
3455 3741 3614 3793 modo
3666 3747 3816 3799 utilia

2222 3830 2533 3897 pra'cipere,
2565 3829 2656 3881 sed
2685 3828 2843 3880 etiam
2877 3829 3145 3896 possibilia
3178 3829 3435 3894 reddere;
3480 3832 3707 3901 ideoque
3736 3838 3812 3891 sic

2223 3922 2435 3986 pergit:
2481 3919 2569 3972 (Ξό.
2616 3917 2789 3971 Nolite
2835 3920 3035 3971 solliciti
3078 3936 3185 3972 esse
3227 3922 3410 3973 anian
3444 3933 3642 3986 vestrm,
3687 3925 3815 3992 quid

2217 4014 2528 4064 nmndncrtis
2593 4013 2666 4066 Ne
2697 4013 2836 4064 enim
2884 4013 3142 4073 dicerent,
3171 4013 3305 4080 Quid
3347 4015 3515 4082 ergo?
3541 4016 3583 4067 si
3626 4019 3807 4072 munia

2217 4103 2575 4173 projn-iatnus,
2613 4105 2876 4170 quomodo
2913 4105 3091 4156 vivere
3138 4103 3470 4171 poterimus?
3498 4106 3618 4159 huic
3655 4109 3805 4174 obje-

2213 4196 2373 4246 CllOlli
2423 4205 2718 4259 opportune
2749 4194 2998 4249 occurrit.
3029 4190 3176 4246 Sient
3203 4193 3341 4246 cnim
3383 4194 3426 4248 si
3466 4211 3494 4247 a
3542 4197 3802 4265 principio

2213 4284 2452 4346 dixisset,
2498 4283 2671 4336 Nolite
2707 4285 2911 4337 solliciti
2955 4301 3078 4348 esse,
3125 4285 3382 4338 molestus
3423 4302 3605 4340 sermo
3655 4291 3799 4344 visus

2212 4389 2349 4430 esset
2381 4395 2392 4429 :
2426 4379 2503 4432 sic
2535 4384 2810 4446 postquam
2838 4377 3069 4430 ostendit
3095 4377 3381 4445 perniciem
3407 4391 3473 4431 ex
3500 4393 3680 4434 amore
3704 4396 3798 4448 pe-

2208 4470 2377 4524 enniae
2434 4481 2667 4538 partam,
2718 4477 2874 4535 captu
2930 4465 3140 4522 facilem
3195 4478 3376 4535 postea
3433 4467 3795 4524 hortationem

2205 4560 2440 4613 adhibet.
2475 4559 2698 4628 Ideoque
2731 4573 2832 4610 non
2864 4558 3020 4610 modo
3050 4557 3199 4618 dixit,
3239 4555 3413 4610 Nolite
3438 4559 3643 4610 solliciti
3661 4576 3789 4625 esse,

2202 4652 2297 4707 sed
2323 4653 2495 4705 addi-ta
2529 4666 2703 4706 causa.
2739 4651 2816 4704 sic
2843 4659 3166 4718 przecepttuu
3213 4650 3421 4702 extulit.
3472 4649 3601 4702 Cum
3643 4653 3791 4706 enim

2199 4745 2439 4804 dixisset,
2477 4742 2591 4795 Non
2634 4743 2836 4808 potestis
2880 4738 2988 4793 Deo
3033 4741 3216 4792 sort-ire
3263 4749 3309 4791 et
3353 4755 3616 4804 "mutante,
3660 4742 3788 4794 sul)-

2192 4836 2367 4906 juuxit
2403 4852 2413 4886 :
2454 4833 2724 4901 Propterea
2756 4833 2867 4883 dico
2891 4831 3046 4890 vobis,
3080 4830 3230 4880 nolite
3255 4829 3458 4881 solliciti
3483 4843 3604 4882 esse.
3645 4829 3781 4882 Pro-

2194 4939 2383 4994 pterea,
2416 4925 2614 4994 quare?
2647 4924 2867 4990 Propter
2900 4924 3081 4989 ingens
3109 4921 3384 4972 damnum.
3414 4919 3594 4988 Neque
3635 4922 3783 4976 enim

2192 5025 2240 5074 in
2275 5018 2509 5086 pecuniis
2541 5025 2740 5068 tantum
2773 5029 2907 5066 noxa
2937 5021 3036 5072 est,
3081 5012 3176 5064 sed
3215 5012 3374 5064 etiam
3409 5012 3458 5064 in
3491 5013 3778 5081 praecipuis

2191 5116 2336 5179 plaga
2375 5109 2644 5175 inﬂigitur,
2677 5107 2835 5159 etiam
2868 5120 2930 5155 ex
2959 5105 3144 5156 salutis
3180 5104 3487 5165 amissione.
3518 5102 3648 5157 Nam
3678 5121 3776 5159 vos

2183 5222 2208 5252 ει
2262 5201 2367 5254 Deo
2408 5208 2668 5259 creatore,
2706 5205 2970 5260 curatore,
3017 5205 3254 5248 amatore
3297 5195 3573 5259 uepcinut.
3637 5195 3773 5248 I‘ro-

2186 5304 2351 5360 pterea
2377 5290 2491 5344 dico
2515 5291 2670 5354 vobis,
2717 5288 2890 5342 Nolite
2919 5288 3122 5342 solliciti
3164 5305 3288 5341 esse.
3323 5290 3583 5354 Quendam
3621 5291 3769 5343 cuitu

2182 5383 2367 5452 ingens
2406 5391 2778 5436 nocmnentum
2815 5377 3070 5442 ostendit,
3118 5389 3440 5447 praeceptum
3495 5379 3760 5434 extendit.

2179 5476 2292 5531 Non
2321 5475 2477 5530 modo
2503 5475 2642 5529 enim
2668 5475 2802 5526 bona
2831 5473 3026 5542 ejicere
3052 5471 3223 5540 jubet,
3257 5471 3350 5526 sed
3393 5474 3552 5527 etiam
3579 5472 3646 5526 de
3676 5489 3764 5528 ue-

2176 5565 2407 5624 céssario
2449 5568 2567 5622 cibo
2611 5566 2868 5620 snllicitos
2911 5580 3030 5619 esse
3075 5575 3248 5630 vetat,
3291 5564 3473 5619 dieeus
3521 5585 3534 5620 :
3584 5563 3767 5619 Nolite

2173 5661 2375 5714 solliciti
2400 5676 2505 5712 esse
2533 5659 2715 5711 unione
2745 5668 2936 5720 vestras,
2965 5657 3086 5727 quid
3117 5655 3449 5710 manducetis.
3477 5654 3591 5710 Non
3613 5660 3764 5724 quod

2238 5767 2252 5795 ³
2270 5762 2364 5831 _Ed.
2391 5763 2638 5831 Cantabr.,
2673 5764 2811 5824 cujus
2839 5763 3003 5831 Graeca
3030 5758 3376 5831 evpressiinus
3403 5773 3414 5805 :
3441 5765 3485 5827 et
3503 5771 3549 5825 (ιε
3573 5771 3623 5831 _o.
3649 5770 3758 5824 φα.

2177 5820 2746 5935 (qttifenbitmamOuae)
2793 5823 2976 5874 excidit
3012 5837 3042 5871 (ι
3083 5820 3305 5881 Septimis
3343 5820 3496 5879 ιωιὶκ,
3534 5820 3582 5867 id
3605 5820 3764 5883 est“;

2174 5899 2300 5937 serat
2326 5899 2374 5936 ω
2444 5899 2506 5935 et.

525 4660 694 4705 neret.
726 4649 874 4714 Quod
922 4649 964 4702 si
1005 4646 1130 4702 Illud
1164 4643 1436 4706 horribile,
1481 4642 1636 4710 longe
1683 4640 1986 4693 horribilius
2016 4648 2096 4694 est

505 4745 624 4796 hoc
650 4743 819 4808 reipsa
851 4740 981 4801 ﬁeri,
1015 4748 1066 4792 et
1097 4738 1186 4791 Dei
1216 4736 1390 4789 timori
1427 4734 1539 4787 auri
1582 4731 1913 4802 tyrannidem
1941 4741 2092 4785 aute-

520 4836 662 4888 l'erri.
696 4832 829 4900 Quid
859 4831 1047 4900 igitur?
1075 4845 1250 4881 annon
1295 4827 1434 4897 apud
1467 4833 1675 4878 veteres
1720 4822 1944 4890 idipsum
1980 4822 2088 4876 lieri

513 4928 718 4996 potuit?
749 4925 978 4978 Minime.
1013 4921 1286 4990 Quomodo
1327 4931 1453 4988 ergo
1495 4916 1783 4975 Abraham,
1828 4918 2087 4983 quomodo

510 5021 608 5074 Job
642 5020 836 5070 virtute
873 5015 1143 5068 claruere?
1172 5014 1246 5066 Ne
1282 5014 1406 5065 mihi
1437 5011 1630 5065 divites
1679 5025 1961 5072 memores,
1993 5011 2083 5062 sed

508 5111 704 5162 divitiis
736 5109 1052 5161 servientes.
1100 5104 1228 5158 Nam
1260 5105 1358 5158 Joh
1388 5106 1534 5157 dives
1575 5103 1788 5171 quidem
1821 5113 1954 5162 erat,
1991 5110 2079 5155 sel

499 5217 610 5256 non
644 5202 907 5252 serviebat
937 5213 1224 5261 mantonw;
1253 5197 1462 5251 divitias
1489 5195 1716 5250 habebat
1750 5203 1802 5246 et
1848 5197 2078 5250 tenebat.

503 5309 565 5348 ac
592 5293 856 5356 dominus,
890 5306 994 5343 nou
1022 5304 1206 5343 servus
1233 5299 1367 5343 erat.
1398 5289 1598 5341 Etenim
1625 5289 1760 5340 sicut
1787 5287 2076 5339 alienarunt

506 5384 847 5452 pecuniarum
888 5381 1244 5451 dispensator,
1289 5380 1367 5433 sic
1407 5379 1490 5432 illa
1520 5377 1695 5430 omnia
1728 5374 2073 5446 possidebat:

506 5489 610 5528 non
639 5473 793 5523 modo
812 5474 984 5526 aliena
1008 5490 1109 5526 non
1135 5474 1365 5543 rapiens,
1386 5475 1479 5529 sed
1499 5477 1658 5528 etiam
1683 5491 1777 5530 sua
1803 5479 2080 5544 egentibus

499 5563 759 5629 iurgiens.
779 5563 1032 5632 Quodque
1052 5564 1226 5633 majus
1244 5576 1320 5618 est
1345 5580 1358 5618 :
1382 5579 1478 5618 nec
1497 5565 1559 5618 de
1579 5567 1928 5634 praesentibus
1948 5583 2078 5637 gau-

508 5655 684 5716 debat,
717 5667 771 5705 ut
805 5657 887 5706 ille
920 5655 1153 5709 declarat
1183 5657 1366 5710 dicens
1394 5675 1408 5711 :
1442 5656 1503 5711 Si
1537 5659 1744 5710 ltetatus
1774 5675 1912 5721 sum,
1939 5660 2078 5726 quod

506 5749 688 5800 utulttc
715 5748 839 5799 mihi
866 5757 1031 5800 essent
1062 5748 1257 5800 divitia:
1285 5747 1425 5817 (Job.
1454 5748 1542 5801 3|.
1566 5749 1688 5816 ‘25);
1721 5750 1949 5818 ideoque
1976 5750 2080 5804 illis

506 5843 722 5896 omissis
753 5857 855 5896 non
888 5842 1070 5896 doluit.
1101 5843 1164 5894 At
1199 5856 1303 5894 non
1336 5844 1468 5897 tales
1501 5843 1658 5896 hodie
1688 5842 1878 5897 divites
1906 5850 2031 5897 sunt
2061 5857 2077 5896 :
