4094 6480
282 410 389 470 297

284 523 461 582 anima
490 525 617 583 cibo
642 530 812 595 egeat,
838 519 1152 588 incorporea
1185 511 1326 566 enim
1347 518 1464 572 est;
1493 507 1588 564 sed
1606 503 1879 562 communi

287 614 540 688 loquendi
586 629 738 690 more
795 623 924 666 usus
966 617 1069 663 est.
1128 602 1349 659 Etiamsi
1405 600 1547 654 enim
1599 596 1722 653 cibo
1771 609 1879 650 non

287 718 462 781 egeat,
492 723 597 762 non
622 688 794 777 potest
821 701 873 757 in
904 711 1129 767 corpore
1157 707 1398 757 manere,
1440 690 1540 744 nisi
1571 688 1750 758 ipsum
1778 702 1882 740 nu-

289 805 502 859 triatur.
535 801 820 868 Postquam
843 793 947 849 ltoc
966 793 1120 853 dixit,
1152 804 1256 846 non
1283 783 1600 855 simpliciter
1624 781 1881 850 loquitur,

285 894 382 948 sed
413 893 498 945 hic
541 890 703 945 etiam
732 890 899 941 utitur
939 881 1267 943 ratiociniis;
1306 893 1532 948 quorum
1579 874 1681 929 alia
1719 889 1786 927 ex
1818 871 1883 925 iis

285 999 407 1054 qua:
431 980 570 1052 apud
602 995 698 1034 nos
735 985 879 1040 sunt,
908 974 1013 1030 alia
1039 989 1104 1028 ex
1132 971 1251 1025 aliis
1277 968 1538 1036 exemplis
1576 972 1882 1054 sumuntur.

290 1076 366 1130 Ex
401 1074 466 1127 iis
499 1087 617 1142 qnte
643 1068 782 1141 apud
810 1083 910 1123 nos
938 1075 1062 1120 sunt
1101 1064 1179 1118 sic
1215 1062 1328 1116 ait:
1354 1058 1543 1113 Nonne
1572 1057 1743 1110 auium
1767 1053 1884 1125 plus

287 1174 362 1220 est
400 1179 551 1233 quant
585 1178 719 1227 esca,
749 1168 797 1214 et
823 1155 1152 1226 corpus-plus
1180 1168 1333 1223 quam
1357 1150 1704 1205 vestimentum
1723 1147 1749 1200 ?
1781 1145 1884 1214 Qui

290 1256 450 1326 igitur
482 1255 539 1309 id
555 1252 697 1323 quod
729 1251 913 1321 majus
928 1259 1010 1305 est
1035 1247 1203 1313 dedit,
1235 1244 1507 1315 quomodo
1535 1241 1678 1313 quod
1705 1240 1885 1296 minus

287 1358 376 1404 est
423 1362 528 1402 non
574 1343 764 1401 dabit?
801 1342 891 1412 qui
940 1354 1155 1395 carnem
1201 1353 1320 1407 quin
1359 1336 1523 1390 alitur
1560 1331 1882 1396 erormavit,

287 1437 562 1511 quomodo
588 1437 688 1507 ipsi
727 1449 904 1490 escam
931 1448 1036 1486 non
1073 1427 1366 1499 prmhebit?
1391 1424 1516 1480 Ideo
1547 1439 1650 1477 non
1679 1421 1886 1491 simpli-

288 1531 429 1588 citer
468 1529 602 1584 dixit
632 1525 848 1583 :Nolite
881 1523 1088 1578 solliciti
1115 1537 1240 1584 esse,
1268 1517 1393 1589 quid
1429 1513 1764 1575 manducetis,
1795 1519 1887 1564 aut

289 1640 391 1696 quo
426 1620 711 1676 induamini
727 1636 747 1681 ,'
785 1617 879 1672 sed
922 1614 1101 1678 addit,
1134 1610 1369 1680 Corpori,
1398 1616 1471 1672 et,
1501 1606 1731 1696 Anima’
1762 1603 1886 1672 quia

292 1694 362 1768 ex
383 1713 511 1781 ipsis
537 1719 654 1766 erat
676 1706 916 1776 exempla
943 1714 1277 1770 sumpturus,
1311 1713 1406 1768 per
1429 1694 1884 1764 comparationem

295 1803 612 1874 procedens.
640 1799 745 1855 Sed
772 1796 1008 1853 animam
1047 1791 1262 1862 quidem
1292 1789 1459 1846 semel
1483 1785 1652 1850 dedit,
1684 1794 1739 1839 et
1768 1798 1886 1837 tua-

296 1906 388 1948 uet
404 1891 496 1946 illa
512 1898 571 1951 ut
584 1889 708 1946 data
723 1901 826 1955 est;
842 1903 1182 1958 corpusvero
1202 1895 1432 1956 augetur
1447 1884 1716 1956 quotidie.
1733 1880 1890 1950 Quod

294 1992 589 2053 utrumque
605 1990 662 2036 ut
679 1981 936 2046 ostendit,
955 1991 1006 2034 et
1021 1981 1169 2034 illius
1184 1979 1674 2042 immortalitatem,
1693 1974 1891 2045 hujus-

293 2091 403 2142 qne
421 2073 618 2127 fluxam
636 2081 886 2126 naturam
904 2067 1634 2139 declaravit,liaecsubjuugit
1648 2085 1660 2120 :
1673 2066 1742 2119 ετ
1757 2064 1888 2130 Quis

295 2169 456 2224 potest
480 2174 542 2212 ea:
567 2158 708 2212 vobis
740 2157 960 2227 adjicere
991 2165 1198 2208 statura:
1211 2168 1320 2206 stite
1333 2151 1555 2206 cubitum
1583 2145 1783 2202 unum!
1813 2147 1891 2202 De

291 2251 470 2306 anima
499 2259 698 2315 tacens,
740 2265 859 2318 qua:
888 2248 1214 2305 incrementa
1251 2261 1358 2299 non
1388 2250 1625 2313 caperet,
1668 2241 1736 2297 de
1771 2255 1892 2295 eor-

294 2357 426 2414 pore
453 2351 658 2396 tantum
680 2339 933 2395 disseruit
963 2356 976 2392 :
1004 2354 1070 2393 ex
1111 2352 1216 2408 quo
1237 2335 1373 2391 .illttd
1404 2334 1660 2400 ostendit,
1698 2348 1892 2402 nempe

293 2447 400 2490 non
422 2431 544 2488 cibo
563 2429 692 2487 illud
713 2431 914 2500 augeri,
945 2428 1038 2484 sed
1063 2428 1152 2483 Dei
1178 2427 1528 2497 providentia.
1550 2424 1703 2493 Quod
1729 2425 1890 2480 etiam

293 2540 388 2596 per
410 2525 511 2579 alia
539 2524 734 2579 Paulus
758 2525 1133 2578 demonstrans
1156 2521 1401 2576 diccbat:
1427 2517 1593 2591 Igitur
1622 2533 1781 2589 neque
1805 2518 1892 2589 qui

294 2617 514 2687 plantat,
560 2631 718 2687 neque
758 2615 854 2685 qui
889 2614 1042 2686 rigat,
1087 2623 1158 2667 est
1204 2612 1419 2682 aliquid,
1465 2612 1552 2665 sed
1590 2611 1676 2680 qui
1723 2609 1892 2663 incre-

294 2720 518 2770 mentum
546 2708 657 2773 dat,
682 2706 821 2762 Deus
849 2706 929 2776 (l.
967 2703 1086 2758 Cor.
1118 2703 1172 2758 3.
1197 2704 1273 2772 7).
1303 2701 1388 2757 Ab
1417 2702 1482 2756 iis
1505 2701 1666 2772 igitur
1689 2717 1809 2771 qua:
1840 2705 1898 2761 in

295 2804 450 2861 nobis
474 2814 600 2863 sunt
621 2803 697 2859 ita
713 2800 1026 2857 cohortatus
1052 2807 1173 2854 est:
1201 2796 1269 2852 ab
1293 2795 1416 2850 aliis
1437 2807 1564 2850 vero
1590 2793 1890 2864 exemplis:

291 2895 385 2951 26.
439 2895 658 2965 Aspicite
699 2893 927 2947 volatilia
970 2890 1116 2956 cali,
1167 2880 1358 2958 inquit.
1391 2885 1467 2941 Ne
1496 2886 1617 2958 quis
1650 2885 1888 2951 diceret,

293 2988 425 3044 utile
475 2987 627 3041 nobis
665 2999 788 3041 esse
828 2984 874 3039 si
921 2981 1135 3038 solliciti
1169 2981 1358 3044 simus,
1391 2989 1446 3034 et
1477 2994 1506 3032 υ
1544 2978 1834 3049 majoriet.
1859 2993 1891 3031 a

295 3079 490 3139 minori
515 3078 662 3146 ipsos
687 3075 1042 3140 dehortatur;
1070 3088 1099 3126 a
1141 3071 1332 3142 majori
1364 3085 1579 3141 nempe,
1610 3071 1678 3124 ab
1711 3068 1890 3129 anima

293 3180 347 3226 et
393 3183 649 3239 corpore;
698 3183 728 3222 a
769 3165 984 3230 minori,
1013 3166 1079 3220 ab
1108 3166 1315 3219 avibus.
1353 3164 1410 3217 Si
1454 3163 1597 3218 enim
1629 3164 1790 3217 etiam
1822 3163 1890 3220 de

295 3263 453 3332 longe
470 3259 814 3318 inferioribus
836 3267 1035 3313 tantam
1053 3257 1191 3328 gerit
1214 3271 1419 3317 curam,
1445 3253 1714 3325 quomodo
1742 3254 1891 3309 vobis

295 3374 404 3414 non
433 3359 667 3430 idipsum
691 3355 996 3426 praestabit;
1028 3353 1217 3421 inquit.
1250 3351 1314 3405 Et
1342 3350 1458 3405 ltzee
1491 3350 1710 3420 quidem
1742 3349 1888 3411 illis;

293 3460 413 3506 erat
439 3453 635 3522 quippe
662 3449 815 3505 turba
853 3446 1069 3518 populi;
1104 3445 1319 3499 diabolo
1349 3452 1660 3498 autemnon
1687 3443 1766 3496 sic
1799 3456 1888 3497 re-

294 3543 530 3612 spondit,
559 3524 654 3596 setl
683 3539 988 3611 quomodo?
1023 3537 1139 3592 Non
1171 3538 1223 3591 in
1257 3537 1362 3590 solo
1391 3553 1520 3603 pune
1559 3537 1686 3589 vivet
1715 3535 1887 3592 homo.

294 3636 385 3689 sed
424 3634 477 3687 iu
502 3634 638 3688 enini
673 3635 815 3700 verba
839 3630 979 3700 quod
1006 3629 1230 3700 procedit
1259 3630 1320 3684 de
1351 3645 1439 3683 ore
1464 3626 1561 3682 Dei
1589 3625 1806 3700 (Matth.
1834 3628 1887 3683 4.

297 3728 373 3796 ι).
409 3725 504 3780 llic
529 3738 708 3779 autem
736 3723 967 3778 volatilia
991 3732 1272 3786 memorat,
1299 3721 1391 3776 sed
1419 3721 1579 3777 modo
1604 3720 1670 3776 ad
1697 3722 1892 3776 cohor-

295 3819 519 3874 tandum
552 3819 775 3885 optimo,
817 3816 908 3886 qui
950 3816 1001 3868 in
1048 3813 1412 3868 admonitione
1460 3813 1746 3868 maximam
1785 3815 1892 3868 vim

299 3910 505 3966 habent.
543 3907 651 3964 Sed
680 3907 732 3962 in
761 3915 966 3961 tantum
995 3904 1313 3974 insipientia:
1355 3903 1568 3972 quidam
1611 3903 1760 3971 impii
1798 3919 1894 3959 ve-

299 4009 509 4064 nerant,
561 4010 616 4053 nt
657 3999 960 4067 exemplum
1006 3995 1485 4066 reprehenderent.
1529 3994 1712 4064 Neque
1749 3995 1894 4050 enim

299 4091 554 4162 υίαοτιιιίμ
581 4089 909 4160 iuquiebant,
933 4103 1054 4141 eum
1073 4087 1158 4154 qui
1192 4084 1492 4140 voluntates
1515 4087 1795 4151 excitaret,
1826 4103 1892 4141 ex

299 4181 633 4238 naturalium.
653 4197 828 4236 rerum
873 4178 1134 4248 exemplis
1176 4176 1226 4232 id
1253 4193 1432 4248 agere,
1459 4178 1655 4247 quippe
1692 4193 1811 4246 qua:
1841 4177 1894 4233 id

301 4276 534 4333 Emineant
557 4291 624 4328 ex
651 4284 861 4328 natura.

372 4369 427 4424 ὅ.
467 4367 604 4435 Quid
635 4367 796 4436 igitur
819 4365 887 4420 ad
914 4364 1029 4418 haec
1051 4363 1332 4418 dicamus?
1360 4362 1581 4417 Etiamsi
1624 4363 1674 4417 id
1701 4378 1766 4418 ex
1795 4378 1896 4417 na-

305 4472 419 4518 tura
445 4460 569 4516 insit
597 4460 724 4526 illis,
753 4472 912 4529 posse
944 4455 994 4512 id
1023 4456 1181 4511 etiam
1212 4455 1368 4509 nobis
1407 4469 1472 4510 ex
1506 4455 1684 4510 studio
1710 4454 1897 4511 volun-

302 4557 426 4611 tatis
464 4552 744 4609 accedere.
798 4550 915 4605 Non
964 4549 1104 4606 enim
1155 4547 1308 4616 dixit,
1339 4546 1608 4617 lleSpiizite
1656 4548 1894 4603 volatilia

305 4649 575 4718 quomodo
600 4645 800 4708 volent,
848 4642 992 4712 quod
1024 4657 1131 4695 non
1165 4649 1343 4710 potest
1382 4640 1565 4706 homo,
1611 4639 1706 4696 sed
1752 4639 1896 4712 quod

306 4740 424 4796 sine
453 4735 812 4793 soliicitndine
835 4735 1045 4788 alantur
1071 4751 1083 4786 :
1111 4730 1252 4802 quod
1295 4731 1447 4785 nobis
1486 4733 1649 4786 etiam
1678 4732 1822 4796 licet,
1852 4732 1898 4788 si

307 4833 572 4885 volumus.
603 4827 768 4898 quue
813 4823 1230 4895 comprobarunt
1267 4822 1302 4876 ii
1343 4823 1431 4893 qui
1463 4822 1514 4877 id
1541 4837 1707 4889 opere
1743 4825 1898 4879 exiti-

310 4927 558 4980 interuut.
589 4921 927 4989 Quapmpter
956 4930 1167 4970 summe
1193 4914 1516 4971 admiranda.
1550 4924 1633 4969 est
1662 4914 1896 4985 Legisla-

311 5015 440 5072 toris
467 5009 772 5081 prudentia,
801 5008 891 5076 qui
921 5023 1040 5062 cum
1070 5021 1142 5061 ex
1169 5004 1477 5059 hominibus
1504 5004 1745 5074 proferre
1778 5021 1900 5074 pos-

308 5114 388 5161 set
409 5103 737 5171 exemplum,
768 5098 892 5153 etin
921 5097 1154 5151 medium
1183 5093 1450 5150 adducere
1483 5094 1708 5158 ileliam,
1754 5095 1900 5164 Moy-

308 5213 444 5264 sem,
507 5193 793 5257 Joannem,
838 5190 1079 5258 aliosque
1120 5187 1324 5243 similes
1368 5188 1460 5256 qui
1496 5189 1564 5243 de
1618 5187 1739 5242 cibo
1791 5203 1902 5243 non

310 5287 523 5345 solliciti
555 5286 804 5347 fuerant;
845 5292 905 5338 ut
934 5283 1054 5336 illos
1099 5282 1269 5350 magis
1311 5281 1719 5350 perstringeret,
1763 5282 1900 5337 irra-

313 5380 585 5437 tionabilia
621 5377 873 5434 animalia
916 5375 1251 5430 memoravit.
1293 5372 1365 5429 Si.
1393 5375 1535 5428 enim
1569 5375 1744 5444 justus
1781 5376 1904 5432 illos

312 5475 613 5545 atlegasset,
641 5469 820 5525 dicere
845 5466 1159 5539 potuissent.
1182 5464 1428 5520 Nondum
1456 5467 1521 5520 ad
1550 5466 1763 5521 illorum
1790 5468 1904 5522 vir-

316 5575 482 5620 tutem
512 5561 843 5635 pertigimus.
893 5558 1046 5615 Nunc
1091 5565 1270 5612 autem
1320 5573 1439 5612 cum
1485 5556 1607 5612 illos
1636 5560 1904 5626 tacuit,_et

313 5657 550 5713 volatilia
575 5654 690 5709 exuli
717 5650 942 5717 induxit,
973 5663 1188 5704 omnem
1218 5649 1322 5703 illis
1362 5651 1698 5704 occasionem
1730 5654 1905 5707 succi-

311 5753 409 5813 dit.
452 5747 635 5803 hacin
679 5762 738 5800 re
768 5754 999 5799 veterem
1047 5740 1218 5827 legem
1260 5739 1516 5795 imitatus.
1560 5740 1695 5828 liam
1745 5743 1909 5799 Vetus

309 5842 722 5900 'l'estamcutum
746 5831 812 5888 ad
843 5847 995 5902 apem
1037 5820 1219 5901 mittit,
1252 5820 1635 5902 adlot'ntivaut,
1680 5833 1746 5891 ad
1787 5845 1901 5893 tur-

1283 396 1348 452 IN
1386 387 1790 452 lIATTlI.£UlI
1831 385 2058 445 IIUllIL.
2100 383 2245 443 XXI.
2286 382 2357 441 al.
2399 381 2569 442 XXII.

3488 381 3595 440 298

1991 506 2188 566 turcm,
2220 497 2286 553 ad
2317 496 2684 553 hirundinem.
2725 494 2832 552 Nec
2863 509 3091 567 parvum
3136 494 3240 551 hoc
3271 503 3355 551 est
3393 497 3597 554 homini

1991 590 2212 648 honoris
2239 598 2638 662 argumentum,
2661 589 2880 661 quando
2904 604 3027 661 qua:
3051 589 3140 644 illa
3176 603 3243 646 ex
3282 596 3471 644 natura
3499 591 3597 645 lia-

1992 685 2140 751 bent,
2187 700 2286 740 nos
2325 697 2618 755 possumus
2657 698 2734 738 ex.
2753 680 3049 738 voluntatis
3078 680 3307 739 arbitrio
3333 681 3598 737 nancisci.

1991 777 2048 834 SI
2075 780 2235 850 Igitur
2255 776 2467 832 illorum
2494 792 2614 846 qum
2643 761 2866 846 propter
2886 788 2984 830 nos
3012 783 3190 830 creata
3222 782 3367 840 sunt,
3396 784 3600 830 tantum

1992 870 2128 940 gerit
2159 869 2575 940 providentiam,
2603 877 2807 937 quanto
2838 867 3008 938 magis
3037 867 3316 922 nostrum?
3335 868 3384 922 si
3410 881 3604 923 servu-

1991 978 2133 1027 rum,
2161 971 2364 1033 qnanto
2388 962 2560 1033 magis
2592 960 2888 1016 berorum?
2914 958 3038 1015 Ideo
3057 959 3272 1015 dicebat
3298 977 3311 1014 :
3345 960 3606 1032 Respicite

1991 1053 2221 1108 volatilia
2247 1068 2267 1107 :
2293 1068 2394 1108 nec
2421 1051 2648 1120 addidit,
2680 1050 2825 1122 quod
2857 1065 2963 1106 neu
2990 1057 3363 1121 cauponentur
3387 1052 3470 1107 vel
3501 1068 3605 1107 ne-

1991 1144 2305 1215 gotientur:
2342 1145 2456 1198 inec
2496 1143 2695 1214 quippe
2732 1142 3025 1198 admodum
3074 1143 3359 1212 reprobata
3403 1153 3602 1212 erant;

1993 1239 2087 1294 sed
2122 1237 2264 1309 quod
2293 1255 2398 1293 non
2426 1247 2630 1304 serant,
2666 1253 2839 1307 neque
2869 1246 3091 1293 metant.
3121 1237 3259 1304 Quid
3293 1237 3492 1310 igitur?
3523 1239 3607 1293 in-

1992 1330 2360 1399 quies,aunon
2383 1327 2671 1384 serendum
2693 1328 2795 1383 erit
2811 1327 2964 1382 'lNon
2986 1327 3142 1392 dixit,
3159 1345 3263 1382 non
3286 1344 3406 1384 esse
3424 1345 3605 1384 seren-

1994 1425 2142 1485 dum,
2157 1422 2250 1477 sed
2273 1438 2377 1477 non
2396 1421 2681 1478 sollicitum
2695 1435 2816 1476 esse
2833 1429 3086 1489 Oportere
3103 1438 3116 1475 :
3134 1436 3308 1491 neque
3318 1420 3473 1488 dixit,
3495 1437 3602 1476 non

1995 1514 2345 1584 operandum,
2365 1513 2458 1569 sed
2475 1529 2580 1568 non
2598 1512 3003 1582 pusillanimnm
3017 1527 3161 1577 esse,
3179 1526 3353 1582 neque
3369 1527 3491 1568 sese
3504 1514 3606 1567 sol-

1997 1605 2256 1661 licitudini
2266 1607 2362 1661 bus
2383 1621 2675 1662 macerare.
2691 1605 2824 1660 Nam
2839 1605 3091 1660 alimenta
3110 1620 3326 1660 sumere
3341 1606 3602 1675 przecipit,

1994 1699 2090 1754 sed
2107 1700 2318 1767 absque
2357 1697 2738 1753 sollicitudine.
2784 1697 2937 1752 Ilunc
2965 1711 3128 1767 porro
3157 1712 3472 1752 sermonem
3491 1698 3605 1768 jam

1997 1793 2270 1863 prmitiittit
2313 1791 2499 1852 David.
2532 1793 2611 1849 sic
2646 1792 2981 1862 :enigmatice
3025 1790 3298 1860 loquens:
3327 1791 3608 1859 AperiaJu

1995 1901 2203 1939 manum
2255 1894 2394 1937 tuam
2423 1925 2436 1942 .
2494 1895 2537 1937 et
2582 1883 2764 1954 imples
2822 1899 2972 1938 omne
3021 1884 3216 1937 animal
3261 1882 3609 1939 benedictione

2001 1974 2172 2049 (Paul.
2214 1976 2335 2029 fit.
2375 1974 2503 2044 l6):
2537 1984 2592 2029 et
2634 1988 2839 2038 rursus,
2896 1973 2998 2039 Qui
3037 1974 3125 2028 tlttt
3149 1976 3399 2045 jumentis
3442 1991 3607 2029 escam

1996 2067 2248 2138 ipsorum,
2266 2076 2314 2120 et
2331 2067 2486 2138 pullis
2507 2084 2772 2121 corvorum
2790 2067 3139 2121 invocantibus
3150 2085 3265 2121 eum
3284 2067 3458 2138 (Psal.
3479 2067 3606 2124 ΗΘ.

1998 2160 2079 2232 9).
2124 2161 2191 2215 Et
2217 2160 2437 2230 quinam
2468 2169 2616 2226 sunt,
2662 2160 2891 2230 inquies,
2946 2161 3036 2230 qui
3081 2177 3189 2215 non
3236 2161 3451 2214 solliciti
3489 2163 3608 2216 iue-

1998 2253 2164 2309 ruut?
2189 2252 2307 2308 Non
2333 2253 2530 2308 audisti
2568 2263 2698 2323 quot
2726 2253 2866 2307 viros
2894 2253 3249 2324 protulerint?
3278 2268 3455 2308 annon
3483 2269 3607 2308 cum

1999 2345 2104 2400 illis
2123 2345 2234 2415 jam
2266 2346 2579 2401 memoratis
2626 2343 2803 2398 vidisti
2847 2343 3108 2399 Jacobum
3155 2342 3356 2398 nudum
3398 2359 3465 2400 ex
3517 2361 3610 2414 pa.

2000 2448 2151 2494 terna
2180 2439 2344 2493 domo
2377 2437 2711 2508 profectum?
2740 2452 2846 2492 non
2870 2437 3175 2492 audiseum
3207 2446 3514 2505 precantem
3546 2451 3612 2494 ac

1998 2531 2266 2586 dicentem
2299 2549 2312 2582 :
2341 2531 2404 2585 Si
2430 2529 2626 2584 dederit
2653 2529 2777 2582 mihi
2809 2527 2948 2583 Deus
2978 2527 3262 2596 pauentum!
3289 2530 3611 2583 manducan-

1997 2623 2141 2684 dum,
2188 2631 2236 2676 et
2277 2621 2627 2675 vestimentum
2670 2635 2770 2689 quo
2816 2620 3021 2687 operim'
3049 2617 3206 2688 (Gen.
3253 2617 3348 2674 28'.
3390 2619 3523 2689 9.0)?
3555 2619 3612 2677 Id

1995 2713 2139 2782 quod
2172 2727 2279 2767 non
2308 2711 2550 2776 solliciti,
2595 2711 2690 2767 sed
2730 2726 2761 2765 a
2799 2712 2910 2767 Deo
2939 2720 3109 2765 totum
3135 2711 3431 2781 quaerentis
3469 2721 3609 2766 erat.

1999 2801 2115 2862 Hoc
2155 2811 2212 2858 et
2254 2801 2488 2873 apostoli
2545 2800 2766 2856 fortiter.
2806 2811 3053 2872 egerunt,
3099 2801 3353 2856 omnibus
3409 2801 3615 2858 relictis

1998 2895 2379 2958 nihilsolliciti
2414 2913 2429 2951 :
2458 2896 2537 2952 sic
2578 2895 2668 2957 ilbi
2698 2895 2946 2965 quinque.
2978 2893 3165 2960 millia,
3212 2893 3290 2950 sic
3317 2894 3417 2950 tria
3445 2893 3615 2952 millia

2000 2988 2278 3044 ιιοωίηιιιη
2307 2987 2406 3062 (α).
2436 2987 2492 3042 Si
2524 3001 2657 3042 vero
2679 2986 2763 3044 liis
2787 2986 3005 3051 auditis,
3035 2993 3157 3040 non'
3173 2987 3410 3042 sustines
3432 2986 3634 3048 adhuc.

2000 3080 2116 3137 haec
2144 3081 2279 3137 dura
2303 3082 2512 3136 vincula
2543 3080 2776 3144 solvere,
2806 3080 3019 3150 cognita
3047 3079 3241 3136 saltem
3270 3095 3417 3138 etme
3445 3080 3612 3137 inuti-

2001 3171 2172 3235 litate,
2203 3172 2356 3226 solve
2395 3170 2816 3225 sollicitudinem
2850 3189 2864 3224 :
2895 3170 2989 3224 27.
3022 3170 3149 3236 Quis
3174 3172 3310 3224 enim
3348 3187 3413 3226 ex
3449 3170 3610 3240 vobis,

2000 3262 2190 3330 inquit,
2245 3264 2458 3315 sollicite
2491 3261 2724 3332 mgitaus
2773 3269 2934 3328 potest
2979 3262 3205 3328 adiicere
3249 3263 3319 3315 ad
3361 3275 3616 3321 staturam

1999 3369 2143 3408 suam
2174 3350 2392 3405 αώῑιωιι
2417 3351 2616 3405 unum?
2642 3349 2778 3405 Vide
2804 3351 3076 3421 quomodo
3093 3367 3158 3408 ex
3183 3369 3250 3409 eo
3269 3355 3412 3425 quod
3436 3359 3616 3414 mani-

2002 3445 2233 3510 festum,
2298 3443 2348 3497 id
2402 3443 2544 3514 quod
2595 3443 2867 3499 occultum
2923 3453 3042 3499 erat
3084 3444 3293 3501 clarum
3348 3448 3614 3508 effecerit.

2001 3534 2465 3602 Quicmadmodum
2509 3535 2651 3589 enim
2693 3535 2930 3606 corpori,
2971 3535 3165 3607 inquit,
3219 3553 3289 3594 ne
3325 3539 3615 3600 minimum

2000 3627 2216 3698 quidem
2267 3635 2488 3680 statura:
2535 3625 2772 3697 adjicere
2811 3627 3054 3698 cogitans
3096 3630 3296 3698 poteris
3335 3632 3459 3688 :sic
3512 3650 3615 3693 nec

2001 3723 2250 3777 alimenta
2306 3736 2665 3792 congregare,
2727 3723 2941 3777 etiamsi
2991 3731 3042 3777 te
3098 3738 3261 3794 posse
3308 3725 3611 3785 existimes.

2001 3815 2138 3871 Iline
2182 3826 2360 3870 autem
2392 3815 2610 3884 planum
2655 3823 2760 3880 est,
2810 3830 2918 3869 nou
2959 3829 3145 3870 curam
3204 3827 3466 3882 nostram,
3514 3821 3616 3878 sed

2003 3908 2100 3962 Dei
2141 3906 2532 3978 providentiam
2564 3907 2620 3961 in
2649 3905 2714 3961 iis
2738 3907 2900 3962 etiam
2926 3921 3046 3977 qua:
3069 3921 3234 3978 opera
3273 3923 3457 3965 nostra
3495 3911 3616 3968 fieri

2005 4011 2274 4069 putamus,
2303 4009 2472 4053 totum
2503 3998 2767 4069 perficere
2796 4016 2809 4052 :
2843 3998 2911 4052 ita
2944 4009 3001 4053 ut
3027 3998 3076 4052 si
3098 4013 3198 4056 nos
3227 3999 3318 4055 ille
3344 4002 3616 4072 relinque-

2001 4099 2105 4151 ret,
2140 4103 2240 4144 nec
2265 4103 2418 4156 cura,
2451 4103 2551 4143 nec
2595 4087 2936 4155 sollicitudo,
2968 4103 3070 4144 nec
3095 4088 3270 4156 labor,
3319 4107 3422 4148 nec
3463 4093 3615 4151 aliud

2002 4182 2274 4254 quidpiam
2316 4182 2492 4236 simile
2522 4194 2900 4237 successurum
2930 4191 3098 4247 esset,
3140 4183 3233 4238 sed
3275 4185 3458 4241 omnia
3490 4201 3618 4258 pes-

2001 4288 2119 4329 sum
2152 4273 2383 4328 abirent.

2076 4365 2128 4417 4.
2172 4363 2442 4431 Ρνιυεερια
2474 4361 2567 4448 Dei
2590 4361 2794 4433 impleri
2821 4372 3055 4434 possunt.
3078 4394 3149 4406 —
3182 4364 3266 4423 Ne
3289 4368 3470 4440 itaque
3512 4385 3618 4441 pls.

2006 4465 2183 4509 lellltlS
2212 4466 2479 4525 praecepta
2510 4453 2717 4524 impleri
2756 4468 2864 4511 non
2897 4469 3090 4523 insse:
3116 4457 3269 4513 multi
3296 4459 3442 4515 enim
3471 4477 3618 4521 nunc

2006 4547 2168 4603 etiam
2197 4555 2344 4611 sunt,
2372 4548 2461 4614 qui
2491 4545 2580 4601 illa
2602 4555 2926 4617 sequuntur.
2957 4545 3016 4601 Si
3046 4557 3100 4603 tu
3127 4547 3230 4604 hoc
3266 4551 3506 4622 ignoras,
3526 4555 3615 4609 tti-

2008 4637 2079 4693 Itil
2111 4638 2329 4703 mirum,
2375 4635 2645 4706 siquidem
2675 4636 2860 4693 Helias
2889 4653 2950 4699 se
2989 4639 3166 4694 solum
3207 4656 3332 4697 esse
3358 4644 3617 4714 putabat;

2004 4732 2097 4784 sed
2127 4728 2328 4783 audivit
2348 4747 2362 4781 :
2387 4727 2586 4798 Reliqui
2610 4729 2734 4782 mihi
2748 4739 2938 4799 septem
2954 4732 3120 4786 millia
3132 4734 3362 4789 εἰναι-κω
3385 4737 3463 4803 (3.
3483 4736 3618 4811 Reg.

2009 4821 2095 4875 49.
2126 4820 2235 4892 18).
2286 4818 2440 4875 Unde
2469 4821 2686 4891 planum
2717 4831 2821 4885 est,
2851 4824 3012 4878 etiam
3045 4839 3190 4879 nunc
3213 4838 3335 4885 esse
3357 4828 3452 4897 qui
3480 4843 3617 4899 apo-

2004 4913 2249 4968 Stolicam
2297 4911 2498 4968 ducant
2548 4912 2735 4981 vitam,
2784 4909 3240 4986 quemadmodum
3286 4927 3341 4977 et
3374 4930 3500 4975 tunc
3536 4929 3626 4980 ter

2007 5006 2154 5060 mille
2179 5015 2234 5060 et
2262 5006 2544 5077 quinquies
2573 5007 2720 5064 mille
2745 5007 3012 5064 homines.
3047 5007 3324 5067 Siautem
3356 5028 3464 5068 non
3501 5028 3623 5071 cre-

2007 5097 2206 5164 dimus,
2251 5111 2355 5152 non
2407 5097 2532 5170 quia
2569 5098 2767 5160 desunt
2808 5100 2900 5171 qui
2945 5109 3097 5157 recte
3134 5100 3342 5170 vivant,
3371 5103 3465 5159 sed
3494 5106 3622 5174 quia

2012 5191 2170 5275 longe
2197 5189 2265 5246 ab
2295 5191 2401 5247 illis
2430 5193 2708 5260 absumus,
2740 5193 2810 5248 ita
2839 5191 3017 5248 affecti
3045 5207 3255 5249 sumus.
3285 5194 3439 5250 Sicut
3464 5195 3509 5252 is
3531 5197 3628 5267 qui

2010 5284 2191 5339 ebrius
2223 5293 2330 5348 est,
2373 5301 2481 5339 non
2523 5284 2681 5344 facile
2707 5285 2901 5343 credat
2942 5301 3066 5343 esse
3097 5286 3372 5345 hominem
3422 5290 3514 5360 qui
3556 5305 3627 5346 ne

2012 5394 2203 5451 aquam
2234 5378 2447 5451 quidem
2478 5379 2758 5451 degustet:
2790 5381 3003 5438 etiamsi
3030 5382 3134 5438 hoc
3157 5392 3351 5440 nostro
3380 5395 3629 5456 tempore

2012 5470 2166 5527 multi
2216 5471 2602 5527 monachorum
2646 5471 2902 5540 fecerint;
2949 5481 3006 5529 et
3047 5475 3139 5545 qui
3166 5489 3290 5532 eum
3328 5476 3630 5534 innumeris

2015 5563 2123 5618 coit
2154 5563 2487 5618 mulieribus.
2521 5580 2628 5618 non
2658 5565 2851 5622 credet
2892 5565 3050 5622 facile
3095 5581 3218 5625 esse
3263 5567 3630 5640 virginitatem

2018 5785 2030 5795 .
2074 5719 2175 5795 _(a)_
2189 5721 2509 5795 Illaquiutple
2528 5721 2685 5795 millia
2704 5727 2759 5775 et
2781 5724 2874 5795 tria
2895 5723 3049 5795 millia
3069 5725 3424 5795 luctataeque:
3447 5728 3631 5791 quibus

2017 5783 2390 5897 giarluo‘tpntur,
2419 5783 2754 5838 memorantur
2774 5787 2870 5839 sub
2901 5785 3096 5839 initium
3137 5787 3250 5841 libri
3283 5783 3494 5846 Aetnam
3515 5803 3634 5854 apo-
