4094 6478
559 363 662 421 299

549 493 773 535 servare
795 493 810 541 ;
831 490 934 532 nec
957 477 1048 545 qui
1077 473 1249 529 aliena
1279 475 1436 542 rapit,
1468 474 1652 528 credet
1678 488 1798 526 esse
1837 470 2134 540 quempiam

556 571 651 635 qni
674 585 772 628 sua
801 567 954 623 facile
983 567 1269 640 largiatur:
1297 567 1373 621 sic
1399 582 1571 634 neque
1613 566 1644 618 ii
1691 566 1777 632 qui
1821 578 1877 618 se
1903 561 2139 636 quotidie

559 655 704 710 mille
723 655 1168 711 sollicitudinibus
1193 664 1479 716 macerant,
1511 653 1666 708 facile
1693 655 1827 709 hanc
1851 651 2141 719 suscipiunt

562 746 879 804 doctrinam.
912 748 1062 814 Quod
1094 759 1269 802 autem
1303 748 1448 800 multi
1477 747 1583 800 sint
1609 747 1698 812 qui
1738 745 1802 798 ad
1836 745 1973 798 hanc
2019 759 2140 812 per-

560 835 840 895 lectionem
874 837 1204 900 devenerint,
1236 838 1301 888 ab
1332 838 1435 890 illis
1464 838 1592 902 ipsis
1621 838 1990 891 demonstrare
2019 850 2138 902 pos-

557 944 761 995 sumus,
789 930 876 998 qni
903 941 1057 983 :etate
1088 939 1264 987 nostra
1299 928 1434 985 hanc
1461 940 1584 982 sunt
1615 928 1996 997 philosophiam
2020 941 2138 993 pro-

556 1022 703 1081 fessi.
742 1021 846 1082 ξω
879 1020 1024 1073 Vobis
1054 1021 1261 1074 interim
1292 1022 1418 1074 satis
1449 1021 1546 1073 erit
1576 1020 1619 1074 si
1647 1019 1862 1076 discetis
1886 1033 1988 1081 non
2016 1034 2133 1070 ava-

557 1113 692 1172 ritia:
713 1111 942 1174 studere,
976 1112 1270 1180 bonamque
1299 1126 1418 1164 esse
1443 1111 1864 1178 elecmosynam;
1897 1108 1939 1160 si
1966 1107 2138 1162 disca-

557 1207 626 1258 tis
665 1219 729 1257 es
773 1202 925 1256 bonis
957 1203 1152 1256 nostris
1193 1201 1516 1271 erogandum
1565 1215 1703 1259 esse.
1750 1199 1875 1253 ll;ec
1919 1198 2133 1252 enimsi

554 1293 883 1364 oxsoquaris,
929 1292 1140 1356 dilecte,
1187 1291 1293 1346 cito
1337 1291 1401 1344 ad
1448 1292 1530 1344 illa
1569 1291 1870 1364 pervenies.
1919 1288 2132 1343 Interim

554 1400 683 1454 ergo
707 1382 1030 1452 superﬂuam
1076 1383 1221 1437 illam
1263 1397 1507 1451 pompam
1548 1384 1895 1450 deponantus,
1929 1380 2135 1433 rnedio-

554 1476 742 1535 crilate
767 1473 1003 1528 contenti
1030 1473 1216 1536 simus,
1248 1482 1300 1526 et
1329 1473 1594 1525 discamus
1635 1487 1696 1524 ex
1737 1471 1894 1538 justis
1939 1470 2134 1522 labori~

559 1568 655 1621 bus
692 1566 893 1627 omnia,
927 1580 1043 1634 qua:
1073 1563 1299 1618 habituri
1346 1579 1550 1624 sumus,
1603 1561 1924 1630 acquirendo
1973 1575 2091 1614 esse
2121 1578 2131 1613 :

553 1658 978 1728 quandoquidem
1011 1660 1194 1712 beatus
1221 1657 1472 1714 Joannes.
1498 1672 1615 1710 cum
1638 1671 1732 1710 eos
1751 1657 1838 1726 qui
1864 1656 1913 1708 in
1939 1655 2136 1708 telonio

555 1750 810 1805 sedebant
833 1761 887 1804 et
908 1750 1103 1803 milites
1143 1748 1528 1818 alloquebatur,
1569 1749 1670 1800 illis
1699 1745 2136 1800 utcontentisnis

554 1840 831 1912 stipendiis
851 1850 1029 1895 essent
1047 1840 1383 1910 prmcipirbat
1405 1839 1549 1912 (Luc.
1570 1839 1648 1904 5).
1675 1839 1896 1892 Volebat
1921 1836 2132 1905 quidem

555 1932 673 1986 illos
697 1931 764 1985 ad
791 1932 1043 2000 majorem
1071 1932 1226 1984 aliam
1258 1930 1640 2001 philosophiam
1684 1930 1948 1990 deducere
1971 1947 1985 1993 ;
2013 1930 2133 2000 quia

554 2035 681 2077 vero
708 2021 940 2076 nondum
963 2021 1027 2074 ad
1054 2020 1103 2077 id
1126 2015 1279 2075 erant
1306 2021 1502 2082 idonei,
1537 2021 1740 2079 minora
1769 2021 1916 2080 dicit,
1944 2023 2064 2090 quia
2091 2022 2134 2075 si

555 2111 862 2170 sublimiora
881 2111 1239 2173 disseruisset.
1261 2128 1364 2164 non
1386 2111 1489 2166 illis
1506 2111 1878 2175 attendissent,
1899 2121 1951 2166 et
1971 2129 2032 2166 ex
2054 2113 2134 2192 litis

556 2201 848 2258 minoribus
863 2202 1202 2256 excidissent.
1231 2201 1430 2256 Idcirco
1457 2203 1613 2260 etiam
1642 2218 1736 2254 nos
1762 2204 1810 2255 in
1839 2201 1983 2256 hisce
2002 2204 2136 2256 infe-

556 2292 783 2349 r-ioribus
798 2307 892 2346 vos
908 2307 1241 2349 exercemus.
1263 2291 1582 2362 lnterimque
1611 2307 1807 2347 scnnns
1826 2293 2132 2347 facultatum

553 2383 982 2461 tleponcttdarum
1016 2397 1151 2438 onus
1186 2383 1374 2438 fortius
1410 2398 1552 2449 esse,
1575 2398 1735 2454 quam
1776 2393 1832 2437 ιιι
1875 2398 1970 2438 vos
1997 2384 2135 2438 terre

555 2473 796 2541 possitis;
823 2484 874 2528 et
895 2484 1148 2543 quantum
1171 2473 1327 2528 distat
1349 2475 1538 2528 aulum
1562 2490 1591 2528 ιι
1617 2484 1776 2539 terra,
1805 2483 2009 2531 tantum
2042 2490 2137 2529 vos

560 2584 608 2598 —

1248 361 1288 416 S
1344 358 1618 415 JOANNIS
1654 355 2120 412 CHRYSOSTUMI
2163 351 2471 409 ARClllEi’.
2512 347 3042 404 CONSTANTINOP.

3731 345 3826 400 δυο

2248 466 2445 519 distare
2475 463 2540 516 ab
2567 464 2649 516 illa
2679 461 3034 532 philosophia.
3063 460 3242 529 Itaque
3271 459 3451 512 ultima
3479 458 3669 510 saltem
3701 473 3825 526 pm-

2245 565 2397 624 cepta
2437 569 2741 623 serta-mus;
2780 568 2951 621 neque
2991 551 3132 606 enim
3177 554 3288 605 iizt-c
3339 566 3494 620 parra
3539 549 3826 603 consolatio

2241 659 2325 702 est
2349 666 2361 700 :
2383 647 2590 702 etiamsi
2615 644 2750 714 apud
2770 645 2984 698 Grai-cos
3007 643 3221 711 quidam
3248 644 3397 706 illud,
3418 643 3558 714 quod
3577 642 3824 705 diximus,

2242 740 2518 809 exsequnti
2553 748 2697 801 sunt,
2731 735 3014 804 omniaque
3051 736 3403 804 reliquerunt,
3437 736 3556 788 licet
3603 750 3706 787 non
3739 749 3820 797 ea,

2241 847 2346 899 quo
2392 848 2486 892 par
2529 839 2662 893 erat,
2713 827 3006 896 proposito.
3053 830 3296 880 Attamen
3346 836 3425 879 sat
3459 827 3615 879 nobis
3646 826 3750 878 erit
3787 826 3828 879 si

2242 924 2639 992 elocutosynaut
2690 919 2832 989 large
2865 917 3128 987 spargatis
3163 935 3175 969 :
3209 919 3314 970 cito
3353 917 3493 980 enim
3539 928 3721 987 postea
3765 917 3827 969 ad

2243 1017 2330 1068 illa
2367 1014 2762 1085 perveniemus,
2792 1013 2834 1064 si
2866 1013 2933 1064 ita
2965 1011 3341 1080 procedamus.
3367 1012 3458 1065 Sin
3486 1027 3554 1065 ne
3588 1011 3688 1064 hoc
3716 1013 3827 1078 qni-

2240 1105 2361 1158 (it'lll
2415 1105 2687 1163 faciamus,
2739 1117 2839 1171 qua
2888 1103 3087 1155 erimus
3135 1103 3283 1155 venia
3334 1101 3506 1171 digni.
3564 1105 3652 1170 qui
3697 1102 3826 1169 jussi

2241 1208 2455 1253 sanctos
2502 1201 2699 1252 veteris
2746 1197 2877 1265 legis
2916 1211 3198 1264 superare,
3250 1195 3452 1251 Gra‘eis
3497 1195 3829 1263 philosophis

2243 1295 2474 1360 minores
2505 1291 2817 1346 videamur?
2849 1288 2984 1354 Quid
3013 1288 3327 1351 dixerimus,
3358 1288 3400 1340 si
3429 1302 3550 1340 cum
3575 1288 3750 1356 angeli
3778 1297 3831 1354 et

2244 1386 2331 1436 lilii
2365 1385 2453 1437 Dei
2484 1398 2602 1441 esse
2633 1381 2947 1443 debeamus,
2979 1394 3047 1440 ne
3081 1380 3323 1432 homines
3352 1377 3570 1447 quidem
3603 1392 3723 1431 esse
3752 1377 3827 1444 vi.-

2240 1474 2498 1529 deamnr?
2535 1473 2664 1526 Nam
2695 1487 2881 1540 rapere
2912 1479 2966 1526 et
2993 1469 3164 1524 aliena
3192 1479 3447 1538 expetere
3478 1484 3584 1522 non
3629 1468 3696 1520 ad
3736 1470 3826 1518 ho.

2239 1571 2439 1619 minnm
2483 1563 2967 1654 mansuetudinem.
3003 1561 3098 1616 seti
3141 1560 3207 1614 ad
3249 1560 3480 1615 lerarmu
3527 1559 3828 1612 immanita-

2242 1666 2344 1709 tem
2374 1656 2636 1724 pertinet;
2673 1656 2777 1707 imo
2807 1650 2933 1705 feris
2961 1652 3255 1707 deteriores
3283 1651 3518 1721 suntqui
3551 1651 3722 1704 aliena
3753 1650 3831 1702 in-

2244 1748 2463 1800 vadunt.
2497 1745 2643 1800 Fet-is
2675 1759 2904 1813 namque
2933 1742 2979 1796 id
3008 1759 3037 1798 a
3068 1753 3250 1797 natura
3289 1743 3513 1796 inditttm
3554 1750 3642 1796 est
3671 1760 3685 1794 :
3734 1756 3828 1803 nos

2239 1851 2416 1892 autem
2450 1837 2534 1907 qui
2567 1838 2772 1890 ratione
2793 1835 2965 1889 ornati
2993 1848 3196 1894 sumus.
3221 1844 3275 1888 et
3297 1842 3489 1900 pra-ter
3512 1843 3756 1885 naturam
3781 1833 3829 1883 in

2242 1929 2625 2000 ignobilitatem
2655 1927 2976 1990 delabimur,
3008 1941 3108 1995 qua
3151 1925 3390 1979 fruemur
3415 1925 3568 1977 venia
3592 1924 3616 1963 7
3643 1922 3832 1978 Consi-

2238 2022 2492 2076 derautes
2521 2020 2676 2088 igitur
2710 2028 2993 2086 proposuit:
3034 2016 3190 2072 nobis
3228 2013 3580 2082 philosophia:
3609 2029 3828 2066 u:cnsu-

2238 2128 2360 2173 ras,
2395 2112 2587 2164 saltem
2617 2109 2682 2163 ad
2717 2108 2889 2161 media
2942 2107 3335 2175 perveniamus,
3386 2115 3441 2158 ut
3481 2116 3536 2158 et
3577 2121 3606 2157 a
3656 2105 3830 2158 futuro

2238 2203 2497 2273 Supplieio
2523 2203 2833 2266 liberemur,
2863 2211 2916 2255 et
2951 2200 3217 2269 progressi
3260 2200 3326 2253 ad
3369 2214 3537 2261 ipsum
3572 2198 3837 2257 bonorum

2237 2295 2447 2349 culmen
2469 2293 2823 2347 ascendatnus
2850 2311 2862 2345 :
2890 2307 3008 2361 qua!
3033 2292 3210 2346 omnia
3233 2292 3433 2343 utinam
3459 2305 3826 2358 assequamur,

2238 2385 2408 2454 gratia
2439 2394 2493 2438 et
2523 2383 2849 2451 benignitate
2893 2381 3100 2436 Domini
3143 2383 3308 2437 nostri
3339 2381 3465 2435 .lesu
3492 2380 3716 2445 Christi,
3747 2381 3830 2435 cui

2238 2475 2411 2545 gloria
2441 2485 2493 2528 et
2522 2475 2799 2541 imperium
2829 2475 2878 2525 ιιι
2911 2473 3104 2530 επεοιιιει
3135 2473 3475 2525 δίυςιιιιιτιιιιι.
3504 2473 3698 2524 Amen.

3651 2581 3828 2597 P—

1675 2638 2020 2703 HOMILIA
2069 2639 2276 2704 XXII.
2311 2639 2396 2699 al.
2451 2637 2692 2700 XXIII.

552 2765 680 2819 Car.
733 2765 785 2818 6.
820 2778 868 2814 ν.
899 2761 988 2820 28.
1045 2761 1366 2815 Considerate
1403 2761 1512 2815 lilia
1546 2764 1656 2832 agri
1687 2803 1703 2827 ,
1733 2765 1986 2832 quomodo
2038 2779 2136 2816 cre-

621 2863 806 2915 scunt;
847 2869 945 2905 non
974 2853 1201 2904 laborant
1233 2893 1250 2916 ,
1280 2869 1435 2920 neque
1476 2865 1610 2905 nent.
1644 2851 1768 2905 Dico
1795 2863 1960 2906 autem
1999 2855 2135 2910 robis

621 2943 860 3013 quoniam
887 2959 975 3000 nec
1001 2941 1245 2998 Salomon
1270 2941 1322 2995 itt
1352 2942 1487 2999 omni
1512 2942 1675 3012 gloria
1699 2959 1791 2996 sua
1811 2945 2010 2996 vestitus
2030 2955 2135 2998 erat

627 3036 758 3089 sirut
781 3051 933 3086 unum
957 3049 1018 3086 ex
1045 3033 1167 3085 istis.

624 3127 676 3192 1.
705 3123 808 3178 Gur
840 3123 1066 3178 Christus
1117 3123 1294 3176 ntaluit
1321 3123 1484 3176 lilium
1538 3123 1590 3175 in
1631 3124 1916 3188 exentplmn
1946 3123 2133 3191 afferre

553 3234 702 3285 quam
725 3216 985 3275 animalia.
1014 3215 1087 3267 De
1113 3216 1238 3267 luxu
1256 3215 1466 3270 uestium
1488 3215 1742 3283 superbire
1759 3233 1910 3285 quam
1928 3235 2131 3276 vanum.

552 3307 910 3367 (Ireaturarmu
934 3305 1257 3374 pulchritudo
1282 3306 1583 3376 sapientiam
1631 3305 1724 3359 Dei
1769 3308 2034 3377 pradicet.
2060 3339 2133 3352 ~—

555 3395 837 3463 l'ostqnam
877 3393 944 3448 de
983 3395 1289 3455 necessario
1317 3395 1436 3448 cibo
1467 3397 1599 3449 dixit
1623 3438 1638 3459 ,
1680 3405 1734 3450 et
1761 3399 1999 3455 ostendit
2025 3413 2128 3454 non

551 3498 799 3553 oportere
825 3484 889 3538 de
916 3485 1006 3538 illo
1025 3484 1279 3540 sollicitos
1308 3499 1444 3547 esse,
1474 3485 1538 3539 ad
1567 3485 1763 3542 leviora
1794 3489 1998 3547 transit.
2022 3489 2130 3544 Ne-

549 3590 652 3642 que
678 3575 820 3629 eniin
849 3576 915 3629 ita
948 3577 1244 3630 necessaria
1272 3578 1432 3629 vestis
1450 3585 1550 3640 est,
1581 3588 1637 3632 ιιι
1662 3579 1998 3634 alimentum.
2027 3581 2132 3634 Cur

551 3667 726 3735 itaque
757 3666 842 3719 hic
868 3682 971 3720 non
997 3665 1183 3720 eodem
1217 3668 1378 3722 utitur
1398 3667 1645 3735 exemplo
1675 3671 1950 3724 volucrum
1985 3712 2000 3734 ,
2032 3687 2129 3726 ne-

547 3772 650 3824 que
679 3755 830 3810 aﬂert
858 3755 1011 3810 nobis
1043 3772 1298 3824 pavonem
1333 3797 1348 3820 ,
1378 3766 1471 3810 aut
1496 3771 1722 3828 cycnum
1758 3798 1773 3822 ,
1794 3769 1898 3813 aut
1926 3776 2078 3814 ovem
2107 3762 2131 3815 ἲ

550 3846 678 3899 Nam
726 3847 947 3913 plurima
1005 3845 1125 3899 hinc
1176 3847 1421 3916 exempla
1469 3848 1695 3908 mutuari
1744 3848 1951 3904 li'ebat.
1995 3851 2126 3916 Quia

550 3942 795 4020 utrinque
818 3939 891 3993 rei
920 3939 1332 4009 magnitudinem
1366 3940 1473 3992 vult
1499 3943 1782 3995 ostendere
1807 3983 1820 4006 ,
1856 3953 1962 3995 ttnn
1991 3961 2018 3993 a
2053 3942 2128 3994 vi-

547 4030 692 4083 litate
721 4042 900 4081 corum
933 4044 1049 4096 quin
1082 4037 1226 4081 tanto
1255 4032 1446 4082 decore
1471 4029 1690 4099 fulgent,
1724 4041 1830 4083 tum
1862 4032 1929 4086 ab
1953 4033 2130 4088 excel-

549 4119 707 4173 lentia
739 4127 957 4172 ornatus
990 4119 1110 4172 liliis
1139 4120 1340 4188 tributi.
1377 4120 1497 4174 Ideo
1545 4105 1819 4191 postquam
1862 4122 1998 4178 hanc
2026 4124 2123 4177 dc-

550 4209 888 4282 tcriptionem
917 4207 1274 4274 concinnavit,
1297 4224 1399 4261 non
1423 4211 1648 4276 amplius
1675 4212 1779 4263 lilia
1808 4223 1963 4266 vocat
1990 4215 2123 4280 ipsa,

546 4300 638 4356 sed
675 4300 761 4353 '50.
797 4297 1008 4350 (“mnum
1048 4299 1178 4368 agri.
1224 4298 1405 4366 Neque
1453 4298 1552 4351 hoc
1595 4302 1808 4353 nomine
1846 4312 2125 4356 contentus

546 4400 645 4450 est,
675 4389 766 4443 sed
794 4389 948 4441 aliam
971 4389 1149 4458 adjicit
1169 4389 1442 4448 vilitatem,
1469 4389 1666 4449 dicens,
1695 4392 1841 4454 Quod
1867 4393 2016 4445 hodie
2032 4405 2120 4447 est.

475 4524 479 4530 .
545 4479 724 4547 ἶςυιμιθ
753 4478 916 4541 addit,
948 4479 1078 4534 Cras
1105 4496 1209 4531 non
1230 4487 1328 4537 est,
1358 4479 1450 4533 sed
1478 4480 1614 4548 quod
1638 4481 1794 4548 longe
1826 4482 1977 4536 vilius
2012 4526 2023 4545 ,
2057 4482 2123 4537 In

542 4575 790 4626 rlilmnnm
823 4571 1050 4622 mittitur.
1080 4571 1259 4640 Neque
1285 4572 1593 4641 simpliciter
1613 4575 1764 4636 dixit,
1793 4575 1977 4639 V'estit,
2005 4578 2118 4641 sed,

547 4666 636 4716 Sic
654 4663 807 4716 vestit.
844 4661 999 4713 Vides
1024 4662 1216 4729 ubique
1244 4662 1436 4723 multos
1466 4660 1528 4713 ad
1558 4663 1808 4715 ulteriora
1837 4673 1887 4716 et
1916 4666 2114 4730 majora

545 4767 854 4823 progressus
885 4753 905 4804 ‘l
935 4752 986 4805 ld
1020 4768 1176 4819 porro
1206 4754 1312 4821 agit
1353 4761 1410 4806 ut
1437 4753 1554 4806 illos
1584 4755 1901 4824 perstringat
1933 4775 1942 4810 :
1977 4759 2119 4812 ideo—

542 4861 647 4911 que
677 4843 966 4911 subjnntit,
999 4844 1200 4908 Quanto
1232 4844 1389 4912 magis
1419 4859 1502 4894 vos
1533 4844 1558 4896 ?
1604 4842 1735 4898 illud
1767 4847 1959 4915 quippe
2007 4865 2112 4901 ina-

540 4953 695 5004 gnam
717 4935 1010 5004 emphasim
1041 4936 1294 4988 continet.
1313 4934 1462 4999 Nam,
1483 4935 1595 4999 Vos,
1616 4938 1745 4991 nihil
1774 4939 1913 4992 aliud
1937 4941 2116 4994 subin-

540 5031 713 5095 dicat,
745 5047 904 5098 quam
936 5031 1106 5097 ipsum
1136 5048 1302 5099 genus
1331 5034 1623 5086 humanum
1658 5050 1851 5104 magno
1884 5037 2119 5110 honore,

542 5136 731 5187 magna
769 5136 895 5174 cura
933 5122 1209 5190 dignatnnt
1250 5123 1415 5175 luisse
1452 5140 1462 5174 :
1501 5140 1565 5176 ac
1597 5126 1640 5179 si
1679 5127 1887 5179 diceret
1927 5145 1942 5181 :
1982 5126 2115 5196 Vos,

537 5214 735 5278 quibus
767 5216 1001 5266 animam
1036 5212 1211 5278 dedit,
1241 5214 1438 5282 quibus
1469 5229 1664 5284 corpus
1696 5216 2025 5285 ell‘ormavit,
2055 5226 2119 5275 ad

537 5321 762 5370 «lucrum
798 5319 955 5356 usum
990 5305 1218 5358 \‘isibilia
1253 5309 1432 5360 omnia
1469 5311 1700 5374 ereavit,
1738 5321 1955 5377 propter
1985 5330 2122 5382 quos

538 5396 826 5463 prophetas
863 5395 1010 5451 misit
1044 5407 1098 5451 et
1135 5397 1303 5465 legem
1339 5399 1513 5464 dedit,
1551 5402 1943 5470 innumeraqu
1981 5407 2118 5460 bona

537 5489 797 5552 contulit;
826 5502 1039 5562 propter
1063 5507 1199 5559 quos
1224 5494 1555 5562 unigenitum
1582 5495 1770 5547 Filium
1801 5498 2038 5560 tradidit,
2065 5511 2118 5552 et

539 5581 702 5632 millia
734 5596 829 5648 per
859 5581 1031 5648 ipsum
1061 5600 1281 5640 munera
1315 5586 1537 5656 largitus
1564 5587 1706 5641 est‘.
1744 5588 1804 5649 lit
1834 5596 2114 5661 postipiznn

601 5717 733 5786 '_Hic
766 5717 1005 5764 arllt'lll'h
1050 5721 1267 5786 phrasis,
1306 5728 1350 5771 et
1382 5722 1642 5773 millia.....
1688 5727 1892 5786 (rugitus
1931 5731 1999 5774 rat
2066 5730 2118 5786 ir,

536 5777 728 5828 ductus
762 5788 949 5830 tantum
981 5777 1118 5832 codd.
1159 5783 1364 5844 :egitur.
1767 5777 1795 5794 ⁷

2243 2765 2357 2818 hrcc
2385 2764 2530 2835 clare
2559 2764 2868 2818 ostenderat
2891 2805 2905 2826 ,
2953 2774 3075 2823 tunc
3117 2764 3234 2818 illos
3292 2764 3568 2832 increpat,
3599 2763 3784 2818 dicens
3813 2780 3828 2818 :

2245 2856 2464 2912 Modica.-
2488 2856 2627 2925 ﬁdei.
2655 2856 2800 2914 Talis
2829 2857 3026 2928 quippe
3051 2858 3241 2926 estqui
3272 2856 3493 2912 consilia
3525 2871 3620 2911 sua
3652 2856 3832 2912 oli‘crt:

2245 2956 2521 3017 postquam
2546 2963 2656 3006 rem
2683 2949 2827 3003 clare
2842 2948 3241 3008 demonstravit,
3259 2965 3364 3003 non
3383 2946 3542 3002 modo
3564 2948 3827 3016 hortatur,

2241 3037 2334 3092 sed
2360 3040 2518 3092 etiam
2549 3040 2752 3107 pnngit,
2782 3050 2837 3092 ut
2864 3039 3030 3107 magis
3072 3040 3139 3093 ad
3170 3040 3459 3109 parendum
3493 3039 3651 3095 dictis
3677 3041 3830 3096 exci-

2241 3136 2333 3184 tet.
2371 3129 2466 3184 His
2491 3142 2667 3185 autem
2702 3147 2798 3184 nos
2827 3130 2983 3190 docet
3011 3146 3115 3185 non
3145 3131 3305 3185 modo
3327 3142 3380 3185 ut
3410 3148 3478 3187 ne
3503 3132 3720 3188 solliciti
3749 3133 3828 3188 sio

2239 3236 2374 3284 mus,
2399 3223 2490 3275 sed
2522 3231 2575 3275 ut
2602 3237 2670 3276 ne
2695 3221 3046 3281 admiratione
3090 3223 3364 3292 capiamur
3392 3238 3510 3277 cmn
3541 3223 3830 3293 magnifica

2241 3310 2554 3365 vestimenta
2596 3312 2974 3380 conspicimus.
3019 3310 3148 3364 Nam
3179 3311 3264 3365 hic
3291 3311 3452 3366 decor
3477 3312 3668 3368 ﬂorum
3698 3324 3783 3368 est
3809 3355 3825 3377 ,

2243 3400 2634 3471 herbarumque
2657 3401 2993 3471 pulchritudo
3021 3419 3034 3466 ;
3066 3405 3171 3455 into
3208 3404 3492 3471 pretiosius
3522 3404 3722 3461 lanium
3746 3415 3831 3468 est

2241 3494 2341 3547 hoc
2373 3494 2710 3546 vestimento.
2731 3494 2868 3560 Quid
2905 3495 3062 3562 igitur
3090 3511 3336 3565 magnum
3366 3497 3510 3567 sapis
3539 3497 3606 3549 de
3637 3513 3695 3551 re
3719 3539 3736 3563 ,
3769 3499 3827 3557 in

2239 3599 2340 3651 qua
2366 3584 2432 3634 ab
2465 3583 2627 3635 herba
2677 3583 2832 3650 longe
2867 3587 3185 3654 superaris?
3218 3587 3280 3640 Et
3323 3587 3440 3640 vide
3485 3588 3756 3656 quomodo
3795 3604 3828 3652 a

2239 3675 2498 3743 principio
2529 3686 2849 3743 prtet'eptnm
2902 3678 3018 3731 leve
3061 3676 3319 3747 facltqne
3361 3694 3480 3733 esse
3527 3679 3824 3747 ostendat,

2237 3763 2361 3817 dtnn
2397 3766 2514 3824 illos
2544 3781 2753 3819 rursum
2794 3781 2822 3817 a
2849 3769 3130 3821 contrariis
3175 3779 3228 3822 et
3256 3769 3324 3822 ab
3355 3769 3418 3822 iis
3443 3785 3563 3838 qua:
3591 3771 3828 3825 maxime

2242 3857 2448 3920 timent,
2474 3857 2705 3910 deducit.
2737 3859 2866 3910 (jtnn
2887 3860 3030 3912 etiiin
3060 3859 3316 3924 dixisset,
3357 3860 3684 3915 Considerate
3713 3863 3822 3924 lilia

2233 3949 2344 4017 agri
2373 3989 2387 4013 ,
2427 3948 2701 4014 subjunxit
2735 3967 2746 4001 :
2787 3948 2902 4016 Non
2936 3949 3186 4008 laborant.
3223 3951 3402 4020 Itaque
3435 3969 3530 4005 nos
3557 3969 3584 4004 ιι
3617 3953 3821 4007 labori.

2234 4036 2331 4090 bus
2351 4039 2558 4106 eripere
2601 4041 2820 4093 Volt-ns.
2855 4041 2966 4093 hate
3014 4044 3285 4109 praecepit.
3327 4042 3440 4096 t\'on
3484 4059 3612 4112 ergo
3670 4045 3823 4099 labor

2235 4127 2330 4190 has
2352 4144 2436 4181 res
2462 4146 2563 4182 non
2595 4147 2781 4192 curare
2809 4173 2822 4196 ,
2850 4133 2943 4185 sed
2976 4149 3162 4186 curare
3187 4144 3238 4188 et
3267 4133 3552 4197 sollicitum
3577 4151 3719 4190 esse.
3745 4141 3826 4194 Ac

2233 4220 2677 4287 quenntdnnnlinn
2704 4237 2820 4273 cum
2844 4221 2997 4284 dixit,
3029 4222 3144 4276 Non
3173 4236 3362 4285 serunt,
3381 4243 3487 4279 non
3520 4239 3818 4282 sementem

2231 4308 2459 4373 sustulit,
2490 4310 2581 4361 sed
2611 4326 2790 4374 curam
2825 4312 3037 4368 nimiam
3072 4330 3084 4366 :
3115 4316 3189 4367 sic
3213 4331 3332 4372 cum
3379 4319 3451 4368 ait
3473 4358 3485 4377 ,
3522 4315 3642 4370 Non
3676 4320 3818 4370 ιαιοο-

2231 4412 2364 4462 rant,
2385 4417 2540 4464 neque
2565 4413 2700 4464 nent,
2723 4420 2823 4457 non
2851 4420 2984 4475 opus
3005 4408 3236 4472 sustulit,
3262 4408 3352 4461 sed
3377 4409 3815 4464 sollicitudinem.

2230 4490 2282 4545 Si
2312 4504 2487 4545 autem
2519 4493 2770 4548 Salomon
2804 4496 3012 4550 illormn
3044 4499 3238 4552 decore
3266 4513 3549 4569 superatus
3569 4512 3654 4556 est
3677 4544 3689 4565 ,
3718 4521 3815 4558 nec

2229 4599 2334 4650 que
2360 4585 2521 4637 semel
2555 4597 2642 4638 aut
2687 4585 2765 4640 bis
2796 4629 2808 4652 ,
2863 4589 2954 4640 sed
2993 4606 3087 4654 per
3121 4599 3286 4642 totum
3321 4595 3468 4659 regni
3493 4595 3573 4645 sui
3601 4605 3816 4664 tempus

2229 4674 2425 4744 (tneque
2453 4679 2590 4729 enim
2621 4689 2793 4732 potest
2818 4681 2936 4748 quis
2959 4681 3134 4734 dueere
3169 4685 3336 4749 ipsum
3370 4699 3510 4736 nunc
3541 4686 3635 4747 sic,
3670 4702 3816 4743 nunc

2226 4765 2329 4818 alio
2368 4766 2524 4818 modo
2562 4769 2797 4834 indutum
2829 4771 2991 4825 fuisse
3024 4788 3036 4831 ;
3069 4772 3160 4824 sed
3204 4789 3377 4842 neque
3407 4790 3513 4829 uno
3543 4775 3627 4829 die
3661 4788 3815 4832 tanto

2225 4857 2417 4912 decore
2446 4860 2587 4914 luisit
2621 4879 2634 4914 :
2665 4862 2714 4912 id
2737 4865 2876 4915 enim
2915 4865 3164 4917 indicavit
3189 4867 3369 4921 dicens
3395 4910 3411 4932 ,
3432 4867 3496 4921 In
3521 4879 3621 4921 toto
3654 4888 3815 4940 regno

2222 4953 2359 5016 suo),
2394 4965 2562 5018 neque
2592 4950 2676 5001 uni
2707 4962 2907 5004 tantum
2935 4954 3048 5006 ﬂori
3076 4955 3257 5019 cessit,
3285 4957 3508 5012 alterum
3533 4974 3659 5013 vero
3690 4962 3807 5013 inn-

2224 5048 2361 5092 latus
2382 5051 2484 5103 est,
2518 5043 2608 5095 sed
2639 5044 2884 5097 omnibus
2905 5047 3061 5101 simul
3091 5048 3249 5100 cessit
3276 5051 3618 5119 (quapropter
3647 5052 3680 5104 d
3709 5053 3804 5118 \it,

2223 5129 2366 5182 Sicut
2395 5149 2546 5182 unum
2576 5149 2637 5184 rx
2679 5136 2783 5184 isiss
2812 5152 2829 5184 :
2858 5146 3110 5202 quantum
3161 5142 3300 5210 inim
3337 5142 3497 5192 distat
3548 5143 3747 5196 vetitas
3778 5164 3806 5194 a

2220 5221 2512 5286 mendacio,
2545 5236 2742 5276 tantum
2765 5236 2846 5278 est
2872 5226 3008 5278 inter
3032 5211 3340 5281 testitnenta
3377 5230 3463 5283 illa
3501 5240 3552 5284 et
3581 5232 3678 5285 bus
3704 5233 3779 5285 llo

2221 5327 2306 5365 res
2333 5315 2685 5382 intervallum)
2713 5332 2724 5366 :
2747 5315 2790 5368 si
2817 5331 2945 5385 ergo
2972 5317 3061 5371 ille.
3084 5333 3141 5374 se
3169 5321 3362 5373 victum
3391 5322 3666 5377 coolessus
3694 5334 3802 5392 est,

2219 5404 2453 5456 omnium
2492 5407 2577 5470 qui
2612 5421 2859 5474 umquam
2887 5406 3035 5461 fuere
3064 5425 3246 5478 regum
3283 5412 3751 5482 splendidissimus
3784 5457 3800 5480 ,

2218 5481 2550 5563 quandonain
2580 5505 2632 5549 tu
2653 5497 2862 5551 vincore
2888 5499 3086 5566 poteris
3111 5541 3126 5562 ,
3157 5510 3248 5554 aut
3276 5503 3339 5556 ad
3375 5501 3518 5557 illum
3545 5503 3801 5560 decorem

2227 5584 2303 5634 vel
2331 5585 2590 5641 tantillum
2621 5590 2875 5643 accedere
2904 5591 2925 5639 ?
2959 5591 3090 5646 Hinc
3127 5609 3222 5646 nos
3266 5594 3488 5648 instituit
3517 5607 3570 5648 ut
3602 5614 3670 5652 nc
3702 5598 3800 5652 ltu-

2214 5675 2442 5741 jttsniudi
2486 5687 2734 5732 decorem
2777 5697 3023 5749 umquam
3054 5685 3372 5740 ambiamus.
3409 5686 3538 5742 Vide
3584 5687 3798 5759 γνειιιὶη

2217 5781 2336 5818 netn
2361 5766 2475 5834 ejus
2501 5783 2513 5819 :
2546 5779 2667 5839 post
2687 5771 2980 5839 victoriam,
3009 5774 3058 5826 in
3085 5777 3352 5834 clibanuut
3374 5779 3617 5832 mittitur.
3640 5780 3795 5847 Quod
