4094 6492
291 433 394 492 SOI

293 557 344 611 si
366 566 492 623 erga
517 549 705 607 istluec
729 553 786 602 et
811 542 880 600 ad
906 539 1105 600 nullius
1128 533 1386 593 momenti
1413 544 1567 586 usum
1608 528 1751 583 Deus
1778 537 1894 580 tan-

295 657 407 704 tam
433 621 656 701 exhibet
677 635 1104 712 providentiam,
1134 624 1407 701 quomodo
1438 633 1492 680 te
1521 621 1752 693 negliget
1777 633 1894 673 om-

296 740 445 794 nium
490 733 728 794 maxime
755 726 1120 784 necessarium
1147 716 1348 780 animal
1366 716 1392 770 τ
1415 713 1594 783 Quare
1628 725 1760 782 ergo
1781 718 1890 764 tam

298 829 520 902 pulchra
550 824 673 879 fucit
699 821 786 877 illa
813 819 837 874 ἵ
859 817 928 875 Ut
953 829 1105 872 suam
1128 809 1442 867 ostenderet
1465 803 1806 876 sapientiam,
1838 809 1895 855 et

297 895 406 989 i'im
432 918 688 992 potentia:
712 929 827 970 sum
854 954 870 978 ,
897 925 1005 982 quo
1031 906 1265 975 undique
1289 902 1407 973 eius
1432 900 1655 992 gloriam
1668 895 1892 992 ediscat

297 984 449 1075 nuis:
470 1011 654 1081 Neque
681 1007 826 1063 enim
853 1001 977 1059 Curti
1023 1005 1226 1053 tantum
1262 1001 1505 1049 enata-ant
1549 987 1767 1081 giarium
1794 984 1894 1039 Dei

300 1110 320 1180 (
352 1105 498 1163 Psal.
533 1079 626 1158 ts.
654 1099 751 1172 2),
796 1094 890 1152 sed
944 1093 1108 1151 etiam
1153 1098 1295 1152 terra
1328 1084 1555 1180 :idque‘
1585 1079 1892 1152 signiﬁcans

297 1171 462 1256 Ilavid
489 1171 737 1249 dicebat:
768 1185 999 1243 Laudat:
1027 1179 1326 1245 Danuvium,
1359 1175 1501 1247 ligna
1524 1171 1810 1242 fructifera,
1842 1178 1891 1222 et

294 1305 468 1353 omnes
490 1281 669 1356 αὐτὶ(
699 1278 847 1344 Psal.
874 1275 1001 1332 148.
1031 1274 1066 1330 9
1163 1269 1282 1326 Alia
1302 1267 1448 1324 enim
1495 1279 1589 1356 per.
1617 1263 1845 1356 fructum
1870 1298 1887 1323 ,

295 1348 398 1440 sua
419 1395 516 1452 per
535 1348 978 1446 magnitudinem,
1002 1365 1104 1420 alia
1126 1377 1223 1433 per
1251 1348 1890 1452 pulchritudinemgrca-

299 1473 399 1529 tori
423 1442 650 1531 laudern
663 1461 934 1519 emittunt.
963 1456 1165 1523 Magna!
1198 1463 1414 1523 quoque
1452 1445 1582 1505 illud
1611 1442 1890 1513 sapientiae

297 1572 377 1626 est
402 1570 456 1617 et
486 1553 764 1630 potestatis
788 1552 1020 1622 signum,
1051 1559 1173 1602 cum
1199 1543 1361 1598 etiam
1389 1555 1450 1595 ea
1481 1554 1601 1608 quae
1631 1534 1888 1594 vilissima

298 1665 423 1715 sunt
450 1626 603 1725 (quid
630 1649 773 1704 enim
797 1645 956 1699 vilius
986 1640 1078 1696 illo
1095 1637 1237 1710 quod
1261 1633 1421 1690 hodie
1445 1645 1549 1697 est,
1581 1643 1704 1685 cras
1724 1626 1889 1682 mini-

299 1765 385 1810 me
407 1750 431 1804 ?
456 1721 649 1820 {tanta
673 1743 893 1798 decorat
938 1732 1350 1808 pulchritudine,
1402 1727 1460 1820 Si
1505 1726 1673 1820 igitur
1703 1721 1888 1820 freno,

298 1811 668 1913 quod-nullius
705 1845 837 1887 usus
866 1835 950 1884 est
975 1868 990 1892 ,
1049 1824 1102 1879 id
1149 1820 1379 1886 dederit,
1411 1816 1561 1913 lquid
1590 1814 1735 1876 enim
1773 1811 1892 1913 pull-

299 1904 545 1996 ebritudo
567 1926 683 1998 ejus
711 1923 777 1978 ad
800 1921 935 1993 ignis
959 1917 1274 1974 alimentum
1295 1909 1510 1968 confert
1538 1908 1592 1974 ἲ)
1616 1904 1889 1978 quomodo

298 2021 526 2093 tibi,qui
554 1997 691 2088 opus
718 2014 908 2080 habes,
933 2025 1038 2066 non
1059 2005 1251 2064 dabit?
1276 2003 1334 2060 Si
1361 2001 1506 2075 quod
1533 2000 1775 2093 omnium

295 2087 564 2171 Iissinium
590 2087 674 2166 est
697 2103 1034 2162 abundanter
1058 2097 1303 2160 ornavit,
1349 2103 1403 2149 et
1429 2093 1533 2148 hoc
1559 2104 1666 2149 non
1693 2088 1760 2144 ad
1782 2087 1887 2142 ali-

297 2220 456 2278 quem
496 2216 648 2259 usum
669 2241 686 2267 ,
711 2195 808 2256 sed
830 2194 898 2250 ad
924 2187 1374 2263 magnificentiam
1405 2227 1421 2249 ,
1448 2182 1618 2237 multo
1644 2179 1814 2250 magis
1837 2187 1889 2236 te

297 2269 537 2367 omnium
563 2289 1012 2366 pretiosissimum
1046 2283 1100 2343 in
1125 2281 1190 2343 iis
1223 2320 1239 2348 ,
1270 2293 1388 2350 qum
1429 2276 1496 2331 ad
1537 2287 1694 2331 usum
1726 2269 1892 2342 perti-

301 2401 451 2458 nent,
481 2385 789 2443 honorabit.

366 2455 719 2552 2.quoniam
751 2477 914 2547 igitur
948 2471 1169 2528 multam
1199 2463 1433 2522 ostendit
1467 2460 1563 2528 Dei
1599 2455 1892 2529 providen-

301 2578 450 2642 tiam,
478 2550 533 2629 ἐι
558 2576 835 2640 increpare
879 2565 998 2620 illos
1024 2569 1210 2633 postea
1239 2553 1564 2627 oportebat,
1594 2550 1683 2604 hic
1707 2557 1887 2604 tamen

298 2639 520 2726 lenitate
540 2639 742 2730 utitur,
776 2676 881 2717 non
911 2653 1338 2713 incredulitatem
1364 2690 1378 2714 ,
1409 2646 1504 2703 sed
1533 2645 1797 2701 modicam
1822 2639 1888 2696 ii-

296 2763 418 2820 dem
439 2761 543 2816 illis
571 2761 860 2828 imputans.
894 2752 956 2808 Si
981 2751 1114 2804 enim
1142 2747 1333 2816 [anum
1356 2741 1470 2814 agri
1493 2781 1506 2802 ,
1533 2737 1723 2809 inquit,
1753 2734 1892 2828 Deus

296 2856 368 2912 sic
401 2853 566 2915 vestit,
608 2826 766 2902 multo
796 2847 955 2916 magis
1006 2857 1113 2905 vos,
1159 2836 1369 2891 modica:
1415 2831 1556 2902 ﬁdei.
1581 2828 1744 2898 Atqui
1773 2826 1888 2881 huic

296 2947 470 3003 omnia
503 2948 614 3015 ipse
635 2948 903 3010 operatur;
925 2950 1047 2989 nam
1074 2930 1259 2986 Omnia
1284 2943 1373 2998 per
1396 2927 1564 2994 ipsum
1587 2925 1723 2993 facta
1749 2927 1886 2979 sunt,

295 3049 342 3104 et
369 3039 476 3092 sine
504 3007 613 3105 ipso
640 3007 830 3104 factum
851 3024 1072 3082 estnihil
1092 3022 1276 3090 (Joan.
1307 3019 1357 3082 l.
1387 3017 1444 3082 3)
1464 3007 1887 3105 :attameu‘nihil

296 3097 608 3202 usquam'de
691 3124 1094 3179 commemorat.
1113 3109 1421 3169 Sulliciebat
1436 3106 1578 3162 enim
1592 3100 1807 3157 interim
1821 3097 1889 3152 ad

296 3189 766 3278 demonstrandam
787 3209 1161 3270 auctoritatem
1191 3216 1340 3257 suam
1368 3240 1383 3264 ,
1411 3196 1554 3265 quod
1576 3193 1790 3247 diceret
1818 3189 1887 3243 ad

296 3311 507 3383 singula
542 3314 806 3380 praecepta
835 3319 850 3354 :
881 3297 1105 3353 Audistis
1142 3292 1261 3361 quia
1288 3290 1477 3343 dictum
1512 3293 1586 3338 est
1625 3279 1887 3380 antiquis:

297 3368 592 3477 εροναιαεὶπ
618 3368 733 3451 ἀίεό
760 3393 897 3448 vobis
943 3388 1158 3457 (Matth.
1198 3386 1251 3439 5.
1280 3377 1488 3436 21.22.
1519 3377 1653 3443 sqq.)
1695 3368 1890 3477 uena.

296 3461 400 3565 uite
423 3491 636 3548 mireris
655 3501 777 3547 cum
806 3485 859 3541 in
883 3478 1245 3547 sequentibus
1261 3491 1385 3535 sese
1405 3470 1766 3534 occultat,aut
1790 3461 1890 3517 hu-

301 3555 428 3642 mile
453 3587 726 3656 quidpiam
753 3583 820 3635 de
847 3593 905 3632 se
934 3574 1187 3644 loquitur.
1226 3566 1400 3625 Unum
1430 3562 1631 3632 quippe
1671 3555 1891 3612 interim

298 3684 542 3746 curabat,
576 3688 633 3733 ut
651 3681 902 3742 acceptus
929 3677 982 3724 et
1003 3660 1289 3736 probabilis
1317 3658 1422 3713 illis
1446 3666 1627 3713 sermo
1646 3657 1813 3715 esset,
1828 3661 1892 3703 ac

303 3793 403 3849 per
429 3772 609 3830 omnia
636 3765 964 3826 ostenderet,
999 3775 1056 3814 se
1084 3773 1188 3811 non
1216 3767 1338 3809 esse
1361 3751 1471 3805 Deo
1499 3742 1890 3849 adversarium:

301 3830 395 3930 iud
434 3882 557 3929 cum
605 3863 764 3917 Patre
799 3853 1226 3913 consentientem
1273 3853 1331 3900 et
1367 3838 1713 3897 concordem.
1739 3830 1894 3899 Quod

303 3961 463 4014 etiam
514 3957 600 4011 hic
646 3954 789 4006 facit.
820 3947 946 4002 Post
974 3951 1052 3997 tot
1078 3940 1221 3994 enim
1267 3944 1547 3990 sermones
1585 3929 1898 3996 frequenter

305 4054 453 4108 illum
483 4050 535 4104 in
559 4044 793 4101 medium
817 4034 1057 4098 adducit,
1085 4030 1354 4086 admirans
1383 4027 1499 4092 ejus
1525 4018 1840 4090 sapientiam
1874 4055 1890 4080 ,

307 4139 700 4215 providentiam
723 4137 776 4188 in
803 4128 1052 4193 ontriibus
1079 4166 1094 4187 ,
1119 4123 1172 4177 in
1191 4116 1486 4188 majoribus
1513 4122 1567 4168 et
1594 4112 1645 4164 in
1670 4108 1894 4163 minori-

308 4204 428 4293 bus.
457 4233 588 4290 Nam
609 4244 729 4285 cum
753 4227 821 4282 de
845 4219 1181 4290 Jerusolyma
1212 4213 1448 4274 diceret,
1488 4204 1761 4262 civitatem
1787 4212 1902 4251 ma-

307 4329 395 4400 gni
418 4324 559 4396 regis
574 4323 740 4393 ipsam
770 4313 972 4373 vocavit
1009 4328 1024 4364 :
1054 4319 1107 4362 et
1129 4319 1252 4362 cum
1277 4301 1470 4358 cmlum
1504 4303 1898 4400 con-umempra-

307 4379 431 4484 iet,
462 4379 664 4474 solitim
712 4409 803 4463 Dei
831 4401 1119 4474 appellavit
1147 4417 1162 4450 :
1193 4402 1250 4452 et
1270 4407 1397 4449 cum
1426 4389 1494 4444 de
1521 4384 1710 4484 mundi

311 4472 627 4576 nisti-titione
651 4501 808 4556 verba
838 4472 1055 4562 faceret,
1083 4490 1182 4559 ipsi
1205 4500 1417 4542 rursum
1448 4479 1625 4535 omnia
1646 4472 1902 4531 adscribit

312 4569 496 4673 dicens
518 4617 533 4654 ι
559 4596 659 4666 Qui
682 4593 838 4650 solem
858 4603 1004 4649 suum
1025 4583 1145 4638 oriri
1169 4579 1289 4651 facit
1308 4592 1460 4646 super
1479 4573 1641 4638 malos
1661 4581 1706 4624 et
1722 4569 1900 4633 bonos,

315 4661 358 4753 si
403 4697 532 4770 pluit
566 4661 724 4764 inger
741 4691 913 4762 justas
935 4693 982 4739 et
1021 4675 1286 4770 injustosl
1317 4673 1456 4770 Ibid.
1487 4687 1538 4724 ιι.
1570 4668 1636 4723 45
1670 4665 1711 4735 ).
1750 4663 1817 4718 Et
1846 4661 1900 4770 in

315 4761 556 4844 ora-tione
585 4761 664 4840 sic
685 4783 868 4839 dicere
903 4773 1088 4831 docuit
1115 4789 1129 4824 :
1165 4769 1299 4835 Quid
1326 4765 1434 4835 ejus
1470 4769 1543 4816 est
1571 4771 1781 4827 regnum
1810 4794 1826 4816 ,
1856 4761 1903 4806 et

317 4879 558 4954 potentia,
576 4885 625 4930 et
643 4872 829 4945 gloria.
849 4867 946 4924 llic
962 4877 1171 4934 quoque
1191 4860 1263 4914 de
1281 4858 1421 4910 illius
1446 4848 1774 4923 providentia
1797 4845 1910 4947 dis-

317 4936 502 5028 serens
519 5009 535 5033 ,
559 4976 614 5022 et
637 4936 926 5019 ostendens
949 4959 1121 5026 ipsum
1139 4952 1222 5006 vel
1243 4952 1296 5004 in
1325 4946 1499 5018 parvis
1519 4944 1777 5012 optimum
1793 4936 1907 5004 upi-

318 5071 473 5130 ticcm
494 5075 635 5124 esse,
652 5058 748 5122 ait,
773 5053 990 5108 Faenum
1013 5048 1122 5119 agri
1145 5044 1306 5101 vestit.
1325 5047 1398 5098 Ac
1417 5053 1676 5108 nusquam
1701 5045 1906 5103 patrem

319 5171 474 5213 suum
489 5159 662 5213 vocat,
679 5149 770 5204 sed
785 5147 999 5201 illorum
1017 5160 1030 5196 :
1054 5150 1110 5194 ut
1125 5149 1180 5193 et
1196 5140 1298 5195 hoc
1324 5135 1528 5193 honore
1550 5135 1906 5208 pernmveret,

319 5258 370 5302 et
409 5259 531 5302 cum
575 5249 780 5314 patrem
820 5249 974 5291 suum
1017 5239 1198 5301 postea
1226 5228 1466 5294 diceret,
1516 5237 1620 5276 non
1666 5219 1911 5286 indigna-

321 5346 523 5393 rentur.
548 5313 606 5388 Si
634 5345 764 5387 vero
790 5328 858 5383 de
886 5325 1077 5380 vilibus
1098 5333 1150 5375 et
1172 5317 1486 5376 necessariis
1497 5313 1779 5372 sollicitum
1794 5324 1914 5363 esse

324 5445 428 5482 non
454 5433 718 5495 oporteat,
732 5435 833 5491 qua
851 5413 1192 5473 excusatione
1209 5410 1348 5479 digni
1369 5416 1490 5468 sunt
1513 5405 1600 5474 qui
1622 5403 1691 5458 de
1712 5399 1914 5470 magni-

325 5519 438 5577 ficis
467 5492 650 5575 curam
687 5509 916 5569 habent?
945 5509 1052 5561 imo
1079 5506 1249 5574 potius
1273 5517 1375 5570 qua
1405 5495 1746 5558 excusatione
1770 5492 1913 5561 digni

323 5623 472 5678 sunt,
502 5609 591 5682 qui
616 5622 722 5659 non
759 5601 1051 5658 dormiunt,
1073 5607 1134 5652 ut
1151 5597 1323 5650 aliena.
1363 5594 1499 5650 bona
1521 5590 1728 5659 rapiant
1763 5585 1786 5638 ἲ
1825 5586 1914 5639 51.

333 5702 501 5758 Nolite
516 5679 634 5771 ergo
657 5698 858 5752 sallicitt
875 5711 1002 5759 esse,
1021 5692 1240 5744 dicentes
1264 5702 1282 5739 :
1303 5685 1440 5752 Quid
1467 5679 1880 5733 momlucalvimus
1899 5715 1914 5738 ,

321 5793 549 5862 ausqmd
571 5791 812 5852 bibemus,
836 5798 920 5840 aut
943 5802 1040 5854 quo
1062 5781 1380 5851 operiuntur?
1397 5777 1480 5832 5‘3.
1517 5774 1638 5828 Uu'c
1661 5774 1790 5825 enim
1813 5787 1917 5823 om-

319 5891 408 5942 nia
429 5885 604 5938 mundi
625 5894 791 5945 qeutt‘s
821 5880 1094 5948 inquirunt.
1119 5864 1579 5938 Vidcu'qttomudo
1598 5877 1787 5919 rursus
1804 5864 1920 5918 illis;

1284 415 1351 473 IN
1389 409 1797 470 MATTIUEUM
1840 407 2053 466 IIOMIL
2090 406 2260 465 XXII.
2303 407 2376 463 al.
2416 405 2611 464 XXIII.

3493 398 3604 460 502

2004 534 2059 580 et
2083 525 2252 595 magis
2279 522 2634 594 increpaverit
2658 566 2673 586 .
2724 533 2779 579 et
2805 521 3156 580 declaravcrit
3174 565 3193 591 ,
3222 538 3284 578 se
3303 523 3437 580 nihil
3460 531 3593 579 ohe.

2001 632 2183 672 rosum
2209 617 2290 671 vel
2317 618 2508 672 durum
2539 615 2866 687 praecepisse
2892 614 3091 683 lSicut
3118 616 3280 686 igitur
3303 631 3424 670 cum
3452 615 3589 672 dice

1998 718 2080 764 net
2103 749 2118 774 ,
2141 707 2206 764 Si
2241 708 2455 779 diligitis
2492 708 2760 779 diligentes
2810 723 2916 774 vos,
2948 708 3079 763 nihil
3121 708 3365 779 auagnum
3389 707 3585 779 facitis,

1999 820 2119 857 nam
2147 813 2193 856 et
2210 805 2398 858 ethnici
2423 804 2519 858 hoc
2537 806 2735 877 faciunt
2760 803 2975 877 (Matth.
3004 804 3055 860 5.
3079 805 3172 860 46.
3198 805 3317 874 ΓΙ),
3334 803 3405 858 ab
3418 803 3595 861 ethni-

1995 911 2185 950 corum
2210 896 2729 950 connuemoratione
2756 895 2903 961 ipsos
2931 894 2999 952 ad
3037 886 3261 951 meliora
3303 897 3596 952 excitavit:

1995 988 2074 1041 sic
2116 995 2172 1042 et
2201 1002 2344 1046 nunc
2384 987 2505 1041 illos
2548 988 2600 1041 in
2651 986 2889 1042 medium
2934 985 3194 1054 adducit,
3227 988 3598 1058 perstringens

1995 1094 2090 1134 cos
2110 1120 2125 1144 ,
2158 1089 2211 1137 et
2237 1078 2531 1133 ostendens
2553 1118 2568 1143 ,
2619 1092 2678 1132 se
2708 1079 3069 1133 necessarium
3097 1093 3130 1144 a
3156 1079 3312 1134 nobis
3355 1079 3597 1136 debitum

1995 1171 2227 1240 exigere.
2259 1169 2315 1224 Si
2337 1170 2479 1224 enim
2509 1170 2627 1240 plus
2653 1185 2812 1239 quam
2841 1168 3050 1226 scribas
3077 1179 3132 1225 et
3166 1169 3466 1235 Pharismos
3501 1185 3599 1240 ex.

1997 1238 2179 1319 liibi2re
2205 1273 2449 1333 oporteat
2480 1238 2644 1332 ,Iqua
2679 1277 2836 1339 pinna
2880 1263 3026 1332 digni
3072 1262 3274 1317 erimus
3305 1303 3321 1326 ,
3349 1265 3440 1332 qui
3488 1238 3598 1319 non

1995 1356 2158 1411 modo
2187 1356 2310 1410 illos
2339 1371 2445 1409 nun
2475 1370 2815 1424 superamus,
2847 1355 2939 1409 sed
2962 1365 3016 1409 et
3043 1355 3096 1409 in
3119 1355 3453 1410 ethnicorum
3479 1357 3599 1412 vill-

1993 1453 2109 1503 tate
2131 1462 2432 1509 manemus,
2455 1455 2511 1501 et
2538 1446 2749 1501 illorum
2765 1447 3255 1516 pusillanimitatem
3286 1449 3600 1504 imitamur?

1992 1536 2101 1594 Nec
2135 1538 2268 1594 satis
2297 1539 2483 1593 habuit
2511 1540 2822 1609 increpasse
2846 1581 2863 1604 ,
2909 1539 3003 1595 sed
3031 1555 3155 1594 cum
3188 1540 3596 1610 perstrinxissot

1995 1629 2134 1696 illos,
2153 1630 2440 1685 excitasset
2454 1643 2517 1684 ac
2547 1629 2750 1700 pudore
2779 1627 3046 1687 atl‘ecisset
3072 1645 3197 1686 cum
3226 1633 3588 1700 vehementia,

1993 1720 2212 1777 aliunde
2252 1720 2376 1777 illos
2403 1720 2717 1776 consolatur
2739 1721 2928 1776 dicens
2959 1740 2974 1778 :
3003 1721 3115 1780 Scit
3139 1723 3273 1781 enim
3320 1721 3478 1778 Pater
3505 1739 3591 1776 ve-

1992 1823 2095 1870 ster
2122 1816 2371 1882 ccclesiis,
2396 1815 2518 1882 quia
2565 1815 2646 1870 his
2691 1815 2924 1869 omnibus
2951 1817 3208 1887 indigetis.
3258 1814 3374 1870 Non
3403 1815 3541 1870 dixit
3571 1861 3586 1879 ,

1992 1906 2106 1963 Scit
2128 1907 2291 1972 Deus,
2319 1906 2436 1971 sed,
2461 1906 2574 1962 Scit
2604 1904 2784 1972 Putat,
2818 1917 2871 1961 ut
2897 1906 3017 1961 illos
3045 1907 3113 1960 ad
3146 1907 3406 1974 majorem
3436 1923 3589 1977 spem

1993 1998 2183 2068 erigat.
2206 1998 2262 2054 Si
2283 1999 2427 2054 enim
2458 2008 2611 2068 pater
2635 2009 2720 2054 est
2748 2039 2766 2065 ,
2795 2008 2850 2054 et
2877 2008 3028 2069 pater
3057 1999 3181 2055 talis
3209 2042 3225 2065 ,
3261 2017 3365 2054 non
3395 2001 3596 2070 poterit

1993 2090 2278 2161 deSpicere
2309 2091 2446 2146 lilios
2469 2090 2521 2145 in
2555 2092 2816 2146 extremis
2841 2091 2998 2146 malis
3024 2102 3304 2147 versantes
3334 2110 3346 2145 :
3379 2092 3597 2162 quando

1995 2196 2064 2238 ne
2106 2181 2353 2237 homines
2393 2182 2610 2253 quidem
2652 2191 2832 2252 patres
2873 2182 2978 2242 hoc
3009 2184 3302 2253 patiuntur.
3331 2184 3598 2254 Aliudquo

1995 2274 2178 2345 postea
2209 2273 2414 2329 inducit
2444 2273 2806 2330 ratiocinium.
2835 2274 3115 2343 Quodnam
3147 2275 3275 2329 illud
3307 2275 3330 2328 ?
3358 2275 3492 2341 Quia
3517 2277 3596 2332 his

1996 2365 2228 2423 omnibus
2267 2364 2524 2437 indigetis.
2558 2364 2672 2419 Hoc
2715 2373 2896 2420 autem
2926 2364 3043 2419 vult
3085 2364 3412 2435 signiﬁcare.
3455 2364 3596 2425 Num

1993 2456 2263 2527 superflua
2282 2464 2412 2511 sunt
2439 2457 2552 2510 lucc
2582 2497 2596 2519 ,
2632 2465 2690 2510 ut
2713 2455 3015 2525 duapiciat?
3041 2455 3206 2525 Atqui
3228 2471 3295 2510 ne
3321 2457 3373 2510 in
3401 2470 3595 2526 super-

1995 2547 2116 2602 fluis
2145 2548 2358 2618 quidem
2387 2548 2652 2616 despexit,
2683 2556 2740 2600 ut
2773 2547 2824 2601 in
2849 2548 3026 2602 freno:
3051 2563 3193 2602 nunc
3217 2555 3468 2603 autemet
3500 2564 3595 2604 ne-

1994 2640 2230 2695 cessaria
2262 2647 2408 2695 sunt.
2442 2638 2624 2709 Itaque
2648 2638 2794 2709 quod
2825 2649 2979 2708 putas
3005 2653 3221 2693 causam
3245 2653 3368 2693 esse
3395 2638 3596 2693 sollici-

1997 2730 2218 2795 tudinis,
2245 2731 2295 2786 id
2318 2732 2440 2786 dico
2465 2730 2714 2785 idoneum
2742 2745 2862 2785 esse
2886 2729 2951 2785 ad
2979 2729 3298 2800 abigendam
3340 2729 3432 2783 tibi
3459 2729 3596 2785 hanc

1993 2823 2427 2883 Sollicitudinem.
2455 2822 2608 2889 Quod
2630 2823 2672 2877 si
2699 2822 2869 2889 dicas,
2895 2821 3020 2877 Ideo
3048 2837 3135 2877 me
3162 2821 3449 2876 sollicitum
3475 2837 3598 2879 esse

1993 2924 2226 2984 oportet,
2255 2917 2378 2986 quia
2407 2916 2712 2971 necessaria
2736 2923 2899 2970 sunt:
2923 2929 3024 2985 ego
3048 2923 3234 2982 contra
3266 2913 3593 2984 respondeo:

1994 3005 2117 3061 ideo
2147 3022 2214 3060 ne
2240 3007 2504 3061 sollicitus
2531 3008 2626 3072 sis,
2656 3007 2781 3076 quia
2826 3006 3131 3062 necessaria
3162 3015 3309 3059 sunt.
3341 3004 3400 3060 Si
3447 3006 3594 3060 enim

1991 3097 2262 3166 superﬂua
2309 3110 2488 3154 essent
2507 3141 2523 3167 ,
2559 3114 2737 3168 neque
2761 3098 2840 3153 sic
2860 3097 3257 3181 desperandum
3287 3107 3431 3154 esset
3454 3140 3469 3164 ,
3498 3097 3594 3151 sed

1992 3188 2368 3244 confidendum
2398 3205 2461 3245 ea
2494 3191 2588 3244 tibi
2614 3189 2944 3258 suppeditari
2976 3204 3133 3256 posse
3159 3207 3170 3237 :
3194 3203 3318 3256 qma
3347 3203 3475 3240 vero
3506 3204 3597 3240 nu-

1976 3280 2226 3347 _cessaria
2257 3291 2404 3345 sunt,
2430 3296 2535 3338 non
2579 3277 2719 3339 ultra
2740 3274 3019 3344 ambigere
3043 3281 3279 3342 oportet.
3297 3270 3434 3335 Quis
3454 3269 3604 3325 enim

1993 3372 2403 3445 paterncgligat
2425 3367 2522 3423 lilii
2579 3364 2697 3418 suis
2723 3361 3030 3416 necessaria
3055 3357 3600 3430 praebereYIdeoque
3659 3415 3662 3418 ,

1997 3461 2216 3514 omnino
2239 3461 2380 3513 Deus
2402 3458 2451 3512 id
2484 3456 2711 3512 daturus
2732 3464 2835 3510 est.
2861 3453 2995 3509 Nam
3025 3453 3139 3522 ipse
3163 3462 3366 3507 natura:
3387 3461 3602 3507 creamr

1995 3567 2097 3614 est.
2117 3562 2170 3607 et
2189 3553 2313 3622 quid
2342 3551 2441 3620 ipsi
2473 3547 2837 3605 necessarium
2857 3548 2931 3603 sit
2952 3555 3204 3601 accurate
3228 3544 3398 3600 novit.
3417 3543 3601 3614 Neque

1996 3645 2138 3699 enim
2165 3644 2348 3698 dicere
2378 3642 2553 3713 possis
2585 3683 2599 3707 ,
2628 3643 2808 3712 ipsum
2848 3639 3072 3709 quidem
3110 3652 3232 3692 esse
3257 3648 3463 3706 patrem
3498 3679 3512 3703 ,
3546 3647 3601 3691 et

1999 3735 2302 3795 necessaria
2349 3750 2470 3790 esse
2500 3749 2562 3790 ea
2607 3748 2730 3805 quae
2779 3731 3178 3803 requiruntur,
3219 3727 3312 3784 sed
3356 3728 3602 3798 ignorare

1999 3843 2122 3884 cum
2140 3825 2382 3898 nosipsis
2404 3841 2643 3897 egemus.
2667 3823 2800 3879 Nam
2830 3824 2920 3894 qui
2949 3836 3197 3877 naturam
3227 3822 3400 3889 ipsam
3429 3820 3601 3884 novit,

2001 3931 2055 3976 ot
2074 3930 2286 3977 creator
2312 3919 2427 3991 ejus
2457 3930 2560 3985 est,
2593 3919 2848 3987 ilhmque
2873 3915 2975 3970 hoc
2997 3915 3157 3969 unum)
3181 3912 3428 3968 Sormavit
3456 3953 3472 3974 ,
3507 3927 3603 3967 ne-

2000 4014 2311 4068 cessitatem
2339 4011 2479 4079 ejus,
2509 4019 2570 4064 ut
2601 4011 2773 4079 palam
2798 4019 2906 4073 est,
2932 4007 3125 4062 melius
3153 4006 3303 4060 novit
3326 4020 3488 4074 quam
3518 4013 3598 4068 tu,

2002 4103 2093 4173 qui
2124 4103 2177 4157 in
2207 4102 2528 4156 necessitate
2548 4099 2873 4155 constitutus
2887 4112 2966 4154 es.
2989 4097 3124 4152 Nam
3149 4097 3248 4166 ipsi
3280 4095 3358 4150 sic
3387 4095 3605 4164 placuit,

2006 4204 2062 4248 ut
2105 4195 2157 4248 in
2196 4191 2506 4262 huiusmodi
2535 4192 2860 4246 necessitate
2885 4203 3054 4244 esses.
3081 4188 3196 4243 Non
3231 4202 3363 4257 ergo
3386 4196 3607 4240 cautra-
3658 4205 3666 4210 ι

2008 4292 2117 4344 rius
2141 4290 2245 4344 erit
2271 4290 2334 4343 iis
2363 4303 2483 4359 qua:
2519 4285 2729 4352 voluit,
2759 4284 2831 4339 ita
2861 4293 2921 4338 ut
2949 4291 3002 4340 te
3029 4284 3082 4338 in
3115 4283 3439 4337 necessitate
3471 4296 3608 4336 con-

2005 4383 2215 4444 stitnat,
2248 4389 2350 4434 eta
2385 4378 2705 4436 necessariis
2728 4375 2921 4447 privet.

2080 4478 2136 4529 5.
2191 4475 2431 4528 Anxietas
2456 4471 2586 4525 nihil
2612 4471 2838 4540 prodest.
2887 4467 3232 4523 Providentia:
3262 4465 3376 4526 Dei,
3406 4463 3612 4519 Christo

2009 4578 2256 4633 monente,
2300 4565 2579 4634 ﬁdentium.
2615 4562 2707 4616 Dei
2733 4562 2928 4616 auxilio
2954 4564 3083 4614 bona
3120 4559 3319 4628 agimus
3348 4557 3612 4609 «πυρήια-κ

2009 4660 2086 4716 Ne
2130 4662 2306 4729 itaque
2349 4654 2561 4711 solliciti
2591 4654 2791 4714 simus;
2822 4667 2996 4721 neque
3043 4651 3187 4704 enim
3221 4648 3348 4719 quid
3385 4647 3616 4717 amplius

2012 4766 2445 4822 consequemur,
2491 4763 2653 4818 quam
2705 4745 2847 4817 quod
2901 4760 3001 4800 nos
3036 4744 3180 4799 curis
3222 4740 3616 4796 distundanms.

2012 4848 2147 4904 Cum
2198 4847 2344 4900 enim
2398 4842 2554 4898 nobis
2593 4843 2706 4894 sive
2745 4839 3012 4903 sollicitis,
3045 4837 3158 4890 sive
3201 4851 3303 4890 non
3347 4833 3617 4894 sollicitis,

2015 4942 2124 4997 imo
2157 4939 2330 5009 potius
2360 4952 2464 4991 non
2496 4932 2741 4988 sollicitis
2763 4971 2780 4998 ,
2817 4929 2868 4985 id
2897 4936 3134 4999 prmstet,
3180 4926 3307 4996 quid
3351 4924 3444 4978 tibi
3484 4939 3616 4978 am-

2017 5034 2155 5105 plius
2189 5046 2255 5084 ex
2290 5025 2650 5084 sollicitudine
2677 5021 2938 5082 manebit,
2961 5035 3120 5091 quam
3169 5017 3310 5087 quod
3361 5031 3546 5086 pinnas
3588 5031 3618 5068 a

2018 5126 2188 5193 teipso
2207 5118 2506 5189 superﬂuas
2520 5112 2794 5184 exegeris?
2814 5112 2996 5181 Neque
3017 5110 3158 5164 enim
3186 5109 3305 5177 quis
3323 5106 3391 5161 ad
3413 5106 3620 5160 lautum

2017 5215 2319 5272 convivium
2363 5223 2715 5272 accessurus,
2764 5207 2831 5261 de
2872 5204 3008 5258 cibis
3057 5215 3310 5268 umquam
3351 5199 3618 5254 sollicitus

2018 5309 2140 5369 erit;
2169 5320 2345 5375 neque
2366 5305 2411 5357 is
2435 5303 2525 5373 qui
2555 5301 2622 5354 ad
2656 5300 2855 5353 fontem
2886 5294 3113 5357 accedit,
3144 5291 3211 5346 de
3237 5301 3363 5360 potu
3390 5292 3494 5344 erit
3524 5307 3630 5343 an-

2024 5403 2160 5455 xius.
2193 5398 2269 5454 Ne
2300 5399 2478 5466 itaque
2515 5409 2634 5458 nos,
2662 5393 2856 5461 quibus
2883 5389 3185 5443 afﬂuentior
3236 5383 3391 5440 adest
3441 5397 3621 5437 rerum

2024 5495 2177 5562 conia
2199 5533 2215 5556 ,
2263 5505 2423 5560 quam
2450 5489 2502 5543 in
2532 5487 2679 5541 mille
2716 5483 2952 5538 futilibus
2989 5490 3042 5536 et
3069 5478 3336 5534 conviviis
3359 5517 3375 5542 ,
3429 5490 3624 5546 nempe

2035 5588 2130 5644 Dei
2162 5567 2695 5657 providentia,qnas1
2724 5592 2992 5649 pauperes
3021 5573 3401 5643 pusillanimes
3423 5570 3620 5624 simus.

2030 5681 2168 5736 Cum
2201 5674 2531 5746 supradictis
2567 5673 2711 5725 enim
2733 5670 2882 5723 aliud
2930 5669 2982 5721 in
3007 5665 3221 5721 cunctis
3239 5662 3404 5716 rebus
3425 5660 3625 5715 fidcndi

2027 5773 2409 5836 argumentum
2429 5758 2886 5831 suggerit,tliccus
2904 5773 2916 5808 :
2935 5755 3022 5808 53.
3048 5752 3281 5817 Qumrite
3295 5763 3513 5817 regnum
3528 5761 3628 5798 τωο

2026 5853 2221 5915 lorum,
2248 5863 2294 5906 ct
2311 5851 2609 5906 [mountain
2629 5848 2945 5917 adjiciantur
2963 5841 3127 5898 vobis.
3157 5840 3458 5909 Postquam
3476 5824 3628 5882 enim
