4094 6488
351 415 458 480 5υὸ

345 545 524 592 tamen
547 548 671 591 cuin
699 541 779 589 tot
809 536 1060 604 tantaque
1082 530 1225 587 dicta
1251 532 1379 597 sint,
1407 548 1511 589 nos
1534 533 1601 588 de
1623 533 1706 587 bis
1732 534 1943 589 solliciti

342 640 555 693 sumus,
585 623 818 682 caelestia
845 632 1025 678 autem
1047 637 1154 677 non
1175 637 1457 690 curamus,
1475 624 1572 678 sed
1598 616 1841 678 ordinem
1867 625 1949 679 in-

339 716 636 782 vertimus,
694 716 946 786 utrinque
988 723 1177 770 contra
1221 729 1380 784 supra
1433 715 1574 770 dicta
1627 725 1944 786 pugnantes.

340 809 622 880 Perpende
646 823 875 878 namque
915 824 930 862 :
971 806 1101 862 dicit
1130 807 1260 862 ille:
1308 805 1385 861 Ne
1411 807 1633 864 omnino
1657 809 1944 876 praesentia

341 903 630 972 «litteratis;
664 910 962 957 nos-autem
994 898 1081 954 illa
1123 897 1340 953 assidue
1366 899 1677 969 quaerimus.
1710 899 1946 967 Qumrite

340 994 602 1058 ca-lestia,
643 991 845 1062 inquit;
889 1005 988 1045 nos
1029 998 1206 1045 autem
1249 1000 1318 1045 ne
1349 1004 1513 1059 parvo
1539 990 1755 1060 quidem
1796 991 1943 1047 hune

344 1084 502 1137 unius
525 1084 698 1153 spatio
724 1083 811 1136 illa
841 1097 911 1152 qu
931 1082 1169 1147 rritnus;
1206 1081 1302 1137 sed
1329 1092 1583 1152 quantam
1621 1083 1691 1139 de
1720 1085 1945 1138 mula-

343 1175 502 1230 ribus
519 1175 926 1231 sollicitudinctr
963 1173 1299 1239 exhibemus,
1332 1182 1533 1229 tantam
1566 1177 1617 1230 iit
1650 1176 1938 1246 spirituali-

342 1269 444 1324 bus
483 1267 856 1338 negligentiam
886 1265 1241 1335 ostendimus,
1263 1267 1382 1341 imo
1423 1267 1594 1323 multo
1631 1270 1891 1339 majorem
1921 1288 1937 1325 :

341 1359 438 1414 sed
466 1365 572 1414 non
601 1373 814 1428 semper
843 1358 958 1414 hare
986 1358 1140 1414 nobis
1184 1371 1441 1429 prospere
1467 1360 1798 1430 precedent;
1842 1376 1940 1417 ne-

341 1467 446 1519 que
472 1466 686 1521 semper
714 1451 784 1505 ita
817 1460 1040 1520 possunt
1066 1451 1307 1508 evenire.
1348 1451 1490 1507 Ecce
1517 1451 1706 1508 decem
1749 1453 1939 1511 diebus

341 1542 754 1607 contemnimus,
785 1556 912 1597 ecce
941 1540 1146 1611 viginti,
1176 1557 1304 1596 ecce
1330 1551 1564 1598 centum.
1607 1543 1800 1598 Annon
1846 1559 1940 1598 ne-

339 1650 494 1690 cosse
521 1650 740 1705 prorsus
768 1645 851 1691 est
879 1635 1049 1699 obire,
1093 1646 1147 1691 et
1178 1636 1230 1691 in
1253 1637 1542 1706 iudicantis
1568 1653 1759 1693 manus
1799 1640 1938 1694 inci-

339 1726 507 1782 dere?
532 1726 637 1781 Sed
666 1725 848 1781 dilatio
871 1727 1291 1782 consolationem
1318 1726 1494 1783 aﬂ‘ert.
1524 1729 1590 1782 Et
1609 1745 1728 1799 quae
1752 1739 1940 1786 conso-

342 1816 490 1882 latio,
522 1831 643 1872 eum
674 1817 912 1887 quotidie
952 1824 1295 1888 «spectatur
1321 1819 1642 1890 supplicium
1677 1829 1733 1876 et
1770 1821 1937 1877 ultio‘t

335 1906 392 1963 Si
423 1908 556 1962 velis
585 1908 724 1963 enim
747 1924 811 1962 ex
835 1908 936 1963 hac
961 1908 1216 1964 dilatione
1243 1909 1668 1966 consolationem
1698 1911 1933 1984 aliquam

337 1999 600 2068 accipere,
632 2001 815 2068 accipe
856 2015 998 2064 eam,
1045 2015 1163 2070 qua:
1203 2002 1533 2069 pmoiteutize
1579 2002 1785 2059 fructus
1829 2014 1932 2071 est,

334 2089 787 2145 emendationem.
818 2090 950 2145 Nam
995 2091 1038 2145 si
1081 2107 1148 2146 ex
1180 2106 1248 2147 eo
1277 2093 1416 2162 quod
1457 2094 1591 2150 ultio
1634 2095 1930 2159 dill'eratur.

335 2181 566 2251 aliquam
613 2181 829 2250 prodire
877 2190 1033 2251 putas
1072 2183 1515 2251 consolationem,
1548 2186 1718 2241 multo
1763 2188 1934 2258 maius

337 2272 541 2329 lucrum
572 2282 656 2328 est
700 2290 803 2328 non
845 2275 1082 2330 incidere
1121 2275 1175 2330 in
1217 2276 1499 2332 ultionem.
1545 2277 1767 2335 Utamur
1804 2296 1935 2352 ergo

336 2365 434 2420 hac
463 2366 740 2432 dilatione,
786 2375 843 2420 ut
880 2367 1100 2421 omnino
1125 2367 1195 2424 ab
1226 2368 1626 2426 imminentibus
1657 2373 1829 2441 panis
1869 2373 1934 2426 lio

337 2459 606 2513 beremnr.
650 2457 726 2512 Ex
760 2457 824 2512 iis
849 2459 991 2513 enim
1031 2473 1151 2528 qua:
1192 2469 1453 2529 praecepta
1498 2470 1621 2516 sunt
1664 2461 1798 2517 nihil
1846 2464 1931 2519 vel

334 2565 620 2605 onerosum
653 2551 734 2604 vel
764 2551 1048 2605 molestum
1080 2561 1191 2615 est;
1219 2551 1313 2606 sed
1345 2553 1522 2606 omnia
1555 2553 1625 2607 ita
1667 2555 1847 2623 pervia
1876 2565 1931 2611 et

333 2641 530 2707 facilia,
573 2651 631 2695 ut
657 2642 698 2696 si
730 2651 1028 2712 promptam
1065 2642 1238 2697 solum
1266 2643 1592 2699 voluntatem
1619 2645 1927 2713 aderamus,

333 2735 511 2787 omnia
556 2733 828 2787 valeamus
878 2732 1167 2801 perlicere,
1215 2735 1428 2789 etiamsi
1477 2736 1709 2791 millibus
1761 2738 1930 2794 simus

335 2823 568 2893 peccatis
592 2822 830 2878 obnoxii.
859 2822 1131 2878 Manasses
1157 2825 1302 2878 enim
1331 2824 1658 2880 exsecranda
1695 2827 1929 2884 facinora

329 2928 517 2979 ausus,
574 2913 664 2984 qui
716 2913 973 2968 adversus
1022 2923 1205 2969 sancta
1257 2903 1446 2971 manus
1493 2916 1828 2982 extenderat,
1875 2927 1932 2974 et

327 3005 754 3060 abominationes
781 3004 834 3058 in
861 3004 1120 3076 templum
1153 3004 1454 3071 induxerat,
1480 3007 1826 3081 czcdibusque
1847 3026 1930 3065 ur-

334 3094 454 3151 bem
485 3097 802 3166 replevetat,
851 3099 1122 3166 multaque
1161 3097 1265 3151 alia
1314 3098 1512 3154 iecerat
1557 3115 1677 3170 qua
1716 3101 1926 3157 veniam

331 3199 438 3245 non
469 3187 810 3244 merebantttr
853 3186 928 3262 (ι.
972 3187 1103 3260 Reg.
1149 3185 1246 3260 2|)
1279 3210 1293 3245 :
1325 3199 1561 3247 attamen
1607 3202 1728 3263 post
1767 3197 1924 3251 talem

330 3289 639 3350 tantamque
691 3281 1062 3351 iniquitatem,
1116 3281 1295 3336 omnia
1349 3284 1435 3339 illa
1488 3287 1690 3340 scelera
1736 3287 1919 3346 abluit.

323 3370 610 3442 Quomodo
634 3381 685 3426 et
706 3389 806 3441 qua
837 3371 1082 3427 ratione?
1109 3373 1211 3428 Per
1243 3375 1607 3444 paenitentiam
1634 3393 1698 3433 ac
1726 3381 1922 3433 bonum

327 3464 679 3534 propositum.
1234 3525 1254 3558 θ

402 3555 456 3610 5.
484 3553 603 3609 Non
624 3563 694 3608 est
729 3566 982 3608 peccatum
1000 3556 1135 3624 quod
1152 3553 1455 3625 paulumne
1472 3575 1572 3612 non
1593 3560 1761 3616 cedat.
1787 3560 1924 3618 Dens

329 3662 432 3700 non
475 3647 653 3698 invitos
693 3645 872 3699 solvat.
904 3645 1170 3711 Quomodo
1207 3663 1353 3714 orare
1381 3649 1649 3704 debeamus
1681 3662 1734 3705 ut
1761 3669 1921 3708 exau-

332 3740 555 3795 diumur.
585 3740 870 3793 Assidm’tas
893 3751 1133 3806 quantum
1163 3742 1366 3796 bonum.
1394 3773 1465 3782 ——
1491 3738 1606 3798 Noli
1643 3753 1726 3800 est
1757 3746 1922 3809 enim,

329 3847 439 3885 non
468 3839 549 3884 est
571 3841 716 3885 certe
752 3838 1044 3898 peccattnn.
1082 3831 1222 3901 quod
1266 3848 1368 3886 non
1395 3834 1550 3888 cedat
1575 3835 1621 3889 vi
1661 3838 1925 3903 pmniteu-

332 3919 451 3984 tI:e;
481 3921 588 3974 imo
615 3923 790 3990 potius
815 3923 999 3990 gratia:
1019 3921 1238 3976 Christi.
1270 3923 1400 3978 Nam
1430 3925 1474 3977 si
1505 3925 1665 3980 modo
1693 3942 1923 3983 Conver-

331 4020 526 4075 tamur,
558 4012 644 4066 illc
677 4012 829 4065 nobis
863 4013 1016 4067 adest
1050 4014 1340 4082 opitulator
1374 4033 1385 4069 :
1417 4031 1480 4070 ac
1509 4017 1551 4070 si
1585 4019 1714 4071 velis
1754 4020 1926 4075 bonus

332 4114 472 4163 esse.
503 4118 662 4157 nemo
687 4103 936 4171 impedit;
973 4105 1078 4158 imo
1111 4107 1285 4173 potius
1326 4117 1408 4160 est
1435 4109 1524 4177 qtti
1554 4109 1815 4179 impedire
1834 4127 1925 4166 co-

335 4203 492 4250 netur
510 4195 773 4260 diabolus,
805 4211 976 4264 neque
1002 4205 1197 4266 potest,
1227 4207 1278 4250 te
1305 4199 1504 4267 Optima
1533 4199 1783 4270 eligente,
1814 4204 1921 4257 sic-

336 4301 439 4353 que
471 4288 634 4342 Deum
654 4287 718 4340 ad
744 4288 1092 4356 patrocinium
1118 4288 1438 4344 attrahente.
1469 4291 1560 4346 Siti
1586 4302 1640 4346 tu
1663 4295 1920 4361 nolueris,

337 4379 430 4433 sed
474 4380 744 4445 rcsilieris,
789 4380 1058 4448 quomodo
1100 4381 1192 4434 tibi
1246 4384 1696 4450 patrocinabitur?
1742 4387 1926 4458 Neque

337 4474 481 4526 enim
513 4472 559 4524 vi
591 4485 675 4525 aut
707 4473 1041 4537 necessitate,
1075 4471 1167 4526 sed
1200 4473 1451 4528 libentem
1479 4484 1529 4529 te
1557 4477 1668 4530 vult
1697 4478 1922 4535 salutem

339 4564 608 4633 consequi.
643 4563 772 4616 Nam
815 4563 858 4616 si
896 4572 948 4618 ttt
975 4579 1188 4618 servum
1221 4563 1448 4620 haberes
1494 4575 1544 4622 te
1573 4568 1698 4622 odio
1728 4570 1927 4626 haben-

342 4665 444 4707 tem
476 4665 529 4707 et
566 4662 920 4718 aversantcm,
967 4668 1216 4723 saepeque
1262 4655 1598 4714 recedentem
1628 4674 1691 4713 ac
1723 4658 1928 4731 fugien-

342 4757 468 4807 tem.
501 4747 672 4800 nolles
715 4757 861 4801 certe
903 4747 1155 4813 retinere,
1186 4747 1288 4802 etsi
1319 4749 1434 4813 ejus
1465 4750 1762 4808 ministerio
1791 4769 1926 4823 opus

341 4837 564 4891 haberes
597 4856 609 4891 :
640 4839 805 4890 multo
848 4839 1014 4906 magis
1056 4837 1216 4898 Deus.
1249 4839 1335 4905 qni
1370 4854 1472 4893 non
1518 4841 1587 4896 ob
1627 4857 1778 4897 suam
1822 4847 1924 4898 ali-

340 4947 495 4998 quam
523 4931 915 4994 necessitatem,
939 4930 1031 4984 sed
1060 4929 1131 4984 ob
1150 4931 1373 4984 salutem
1406 4940 1546 4986 lnam
1574 4937 1749 4991 omnia
1779 4937 1921 5004 facit,

342 5022 502 5076 nollet
529 5033 578 5074 te
617 5023 663 5073 vi
709 5022 957 5075 retinere.
986 5021 1118 5075 Cum
1148 5034 1332 5076 contra
1362 5023 1406 5076 si
1436 5029 1761 5080 voluntatem
1805 5039 1922 5083 tan-

341 5122 451 5166 tmn
480 5113 752 5174 exhibeas,
783 5129 1069 5182 numquam
1100 5122 1149 5167 te
1172 5114 1260 5166 ille
1284 5114 1513 5180 deseret,
1539 5121 1926 5186 quantumlibet

339 5203 582 5257 diabolus
605 5204 887 5258 adversum
915 5204 1130 5257 nitatur.
1166 5204 1343 5274 Itaque
1371 5222 1465 5260 nos
1489 5222 1646 5262 Causa
1674 5212 1924 5279 perniciei

340 5303 535 5348 Itostrm
563 5310 765 5350 sumus.
797 5294 977 5363 Neque
1015 5295 1156 5349 enim
1197 5296 1261 5348 ad
1305 5297 1448 5350 illttttt
1477 5301 1798 5367 accedimus,
1833 5321 1924 5360 ne-

339 5402 444 5455 que
471 5387 739 5455 supplices
769 5387 996 5450 adimus,
1031 5403 1200 5456 neque
1248 5405 1493 5457 regamus
1530 5401 1586 5445 ιιι
1617 5409 1711 5463 par
1737 5407 1878 5452 esset
1910 5417 1923 5454 :

344 5479 435 5536 sed
478 5480 685 5533 etiamsi
719 5479 1055 5542 accedamus,
1098 5480 1198 5533 hoc
1248 5479 1316 5533 ita
1366 5479 1587 5536 iacimus
1627 5487 1774 5554 quasi
1817 5505 1922 5543 non

342 5572 695 5642 impetraturi,
743 5587 841 5625 nec
879 5588 998 5626 cum
1032 5571 1134 5626 [ide
1181 5577 1518 5640 congruenti.
1568 5588 1736 5646 neque
1773 5583 1922 5648 quasi

339 5667 657 5733 exigentes;
703 5663 795 5717 sed
836 5663 1123 5718 oscitantes
1174 5679 1236 5718 ac
1279 5676 1549 5733 torpentes
1591 5669 1766 5722 omnia
1797 5671 1924 5726 lari-

346 5777 480 5815 Ill'lS.
519 5761 670 5828 Atqui
704 5759 842 5813 Dens
879 5761 988 5813 vult
1019 5776 1114 5814 nos
1140 5763 1286 5828 quasi
1317 5762 1590 5832 exigentes
1620 5765 1845 5834 precari.
1872 5774 1926 5819 et

341 5863 467 5908 tum
499 5861 689 5917 ginnas
717 5851 806 5902 tibi
842 5866 1057 5921 magnas
1084 5851 1259 5904 habet.
1295 5852 1388 5905 llie
1415 5857 1611 5924 quippe
1643 5858 1788 5909 solus
1824 5856 1917 5911 de-

1383 417 1448 475 IN
1487 417 1900 477 ATTIIJEUM
1942 417 2170 476 IIOlIlI...
2214 421 2381 482 XXII.
2421 428 2494 484 al.
2540 427 2728 487 XXIII.

3543 435 3650 494 306

2054 537 2211 605 hitor,
2241 543 2457 613 quando
2483 546 2762 617 exigimus,
2803 548 3001 630 gratias
3023 548 3204 620 habet,
3231 559 3288 609 et
3309 567 3372 608 ea
3393 567 3517 624 qua!
3541 569 3648 611 non

2051 643 2238 688 mutuo
2258 635 2508 692 dedimus
2535 638 2732 694 reddit.
2767 639 2833 696 Et
2862 642 2907 696 si
2944 643 3100 699 valde
3142 633 3433 701 Instantcm
3454 646 3649 705 viderit

2050 739 2172 778 cum
2198 727 2288 794 qui
2320 729 2507 800 exigit,
2539 731 2701 786 etiam
2726 746 2812 798 ea,
2859 747 2980 804 qua:
3025 750 3132 790 non
3161 741 3438 808 accepit:
3470 737 3646 807 uoltis,

2034 815 2251 899 solvit;
2282 819 2326 871 si
2357 831 2485 873 vero
2526 822 2766 891 segnius,
2810 822 2904 879 ille
2936 821 3119 882 (ἥσθη
3143 863 3157 892 ,
3193 840 3299 883 non
3343 828 3488 899 quod
3517 828 3650 887 dare

2049 889 2205 974 nolit:
2247 911 2342 965 sed
2389 911 2512 982 quia
2562 889 2790 972 libenter
2823 917 2970 973 videt
2998 930 3098 975 nos
3142 889 3212 977 ab
3247 889 3377 994 ἱραί
3405 926 3645 997 exigere.

2046 999 2279 1071 Idenipte
2300 1002 2393 1057 tibi
2415 1007 2718 1076 exemplum
2749 1010 2929 1064 attulit
2957 1012 3115 1068 amici
3142 1012 3284 1069 illius
3309 1025 3468 1072 noctu
3493 1023 3650 1072 accc.

2045 1092 2244 1159 dentis,
2286 1103 2343 1150 et
2389 1111 2582 1165 panem
2632 1102 2880 1169 petentis.
2933 1119 3142 1160 necnon
3183 1105 3380 1178 iudicis
3419 1109 3508 1180 qui
3547 1118 3648 1166 nec

2050 1183 2218 1238 Deum
2252 1187 2492 1251 timebat,
2526 1204 2627 1246 nec
2673 1191 2921 1250 homines
2960 1197 3324 1254 reverebatnr.
3367 1198 3552 1271 Neque
3590 1201 3645 1258 iri

2044 1279 2306 1347 exemplis
2338 1280 2595 1348 substitit,
2621 1283 2715 1340 sed
2746 1287 2796 1340 id
2827 1287 2942 1356 ipse
2967 1303 3184 1360 quoque
3207 1292 3462 1360 cperibus
3488 1290 3642 1347 ciiiil-

2045 1365 2179 1435 buit,
2211 1373 2428 1451 quando
2455 1371 2788 1434 Pltmttlssam
2820 1382 2964 1437 illam
3007 1384 3290 1441 mulierem
3321 1401 3516 1458 magno
3543 1386 3646 1442 lto-

2045 1473 2287 1520 noratam
2314 1466 2456 1540 dono
2481 1470 2706 1525 remisit.
2738 1471 2791 1527 in
2825 1470 2926 1530 hac
2949 1486 3079 1530 vero
3119 1477 3374 1543 ostendit,
3401 1493 3461 1534 se
3480 1480 3642 1534 etiam

2045 1557 2156 1624 illa,
2186 1574 2305 1628 qua:
2336 1575 2442 1615 non
2469 1575 2766 1633 congruere
2790 1566 3059 1629 videntur,-
3109 1569 3372 1624 instanter
3415 1571 3643 1640 petenti-

2044 1648 2143 1706 bus
2171 1652 2368 1724 largiri.
2402 1653 2522 1710 Non
2551 1667 2643 1720 est,
2678 1658 2848 1728 inquit
2871 1701 2885 1724 ,
2935 1662 3123 1715 bonum
3163 1661 3345 1718 tollere
3368 1670 3551 1732 panem
3577 1665 3642 1734 [i-

2041 1741 2248 1812 liorum,
2279 1755 2326 1799 et
2351 1749 2600 1818 projicere
2623 1751 2832 1805 canibus
2877 1751 3091 1821 (Malm.
3128 1755 3212 1809 15.
3245 1756 3359 1823 26);
3390 1758 3641 1812 Attamen

2040 1833 2189 1890 dedit
2215 1837 2340 1905 quia
2370 1839 2458 1894 illa
2501 1839 2848 1897 vehementer
2888 1845 3122 1913 petebat.
3163 1845 3264 1901 Per
3300 1847 3515 1903 indures
3539 1862 3639 1902 att-

2043 1933 2150 1982 tem
2188 1927 2538 2005 signiﬁcavit,
2585 1948 2645 1987 se
2673 1933 2956 1989 desidiosis
3002 1952 3068 1991 ne
3109 1938 3195 1992 illa
3223 1939 3440 2009 quidem
3483 1939 3636 2006 dare,

2039 2035 2159 2090 qua:
2198 2022 2263 2075 ad
2306 2023 2450 2093 ipsos
2487 2027 2844 2095 pertinebant.
2894 2028 3077 2098 itaque
3127 2031 3201 2086 illi
3249 2032 3379 2087 nihil
3410 2047 3638 2102 accepe-

2037 2119 2181 2176 runt,
2213 2114 2308 2169 sed
2345 2116 2506 2171 etiam
2533 2133 2627 2172 sua
2659 2120 3025 2188 penlidcrut‘it.
3067 2122 3133 2177 Et
3172 2123 3222 2178 hi
3250 2123 3488 2194 quidem,
3511 2127 3636 2196 quia

2040 2217 2146 2257 non
2191 2206 2456 2274 petierunt
2489 2208 2531 2275 ⁸,
2576 2224 2645 2264 ne
2670 2225 2763 2265 sua
2805 2213 3020 2280 quidem
3057 2227 3358 2286 accepere:
3392 2217 3475 2272 illa
3509 2233 3639 2274 vero

2038 2294 2162 2364 quia
2194 2298 2542 2355 vehementer
2567 2300 2776 2368 institit,
2804 2305 2975 2359 aliena
3004 2307 3176 2376 potuit
3205 2307 3307 2362 sibi
3338 2308 3634 2376 vindicare,

2034 2396 2091 2442 et
2115 2401 2250 2459 quze'
2267 2389 2496 2447 liliorum
2517 2405 2670 2448 erant
2686 2397 2909 2449 catellus
2927 2399 3152 2466 accepit.
3174 2398 3404 2454 Tantum
3433 2401 3634 2454 bomnu

2035 2489 2119 2535 est
2143 2482 2448 2536 assiduitas.
2482 2483 2597 2540 Etsi
2637 2488 2780 2541 enim
2807 2489 2956 2543 canis
2996 2489 3181 2555 fueris,
3231 2491 3275 2545 si
3327 2491 3639 2563 frequenter

2036 2573 2222 2640 instes,
2267 2574 2378 2629 lilio
2409 2575 2579 2632 desidi
2622 2582 2970 2649 anteponeris
2999 2601 3012 2637 :
3045 2589 3164 2652 Quin
3193 2584 3337 2638 enim
3369 2600 3476 2640 non
3507 2599 3637 2656 prr-

2037 2661 2161 2745 fecit
2210 2665 2466 2735 amicitia,
2517 2666 2571 2723 id
2619 2669 2845 2740 perfecit
2894 2672 3181 2730 assiduitas
3228 2677 3507 2745 necandi.
3557 2677 3636 2732 Ne

2033 2744 2182 2811 dicas
2217 2756 2397 2827 igitur,
2446 2757 2700 2817 Inimicus
2738 2761 2869 2819 mihi
2916 2763 3185 2832 cstDeus,
3237 2744 3337 2822 nec
3384 2768 3636 2824 exaudiet

2035 2864 2142 2903 me.
2175 2849 2295 2907 Cito
2333 2852 2427 2908 tibi
2459 2853 2825 2924 respondebit,
2868 2856 2913 2912 si
2945 2857 3251 2930 frequenter
3286 2859 3433 2915 illum
3468 2862 3636 2916 inter-

2035 2941 2203 3010 pelles
2244 2950 2300 2998 et
2327 2949 2555 3014 urgeas;
2588 2953 2642 3000 et
2671 2947 2716 3001 si
2756 2962 2862 3004 non
2904 2948 2974 3004 ob
3015 2949 3326 3016 amicitiam,
3377 2962 3524 3008 certe
3563 2955 3637 3007 ob

2031 3035 2401 3093 assiduitatem
2431 3056 2446 3094 :
2476 3054 2540 3095 ac
2569 3055 2744 3111 neque
2766 3041 3066 3112 inimicitia,
3099 3021 3278 3114 neque
3312 3044 3633 3112 importuni-

2034 3137 2136 3196 tas,
2167 3145 2340 3202 neque
2360 3130 2500 3186 aliud
2528 3134 2802 3203 quidpiam
2847 3136 3229 3208 impedimento
3255 3153 3380 3193 esse
3415 3137 3630 3209 poterit.

2030 3219 2109 3277 Ne
2138 3221 2309 3287 dicas,
2347 3223 2463 3278 Non
2509 3239 2626 3280 sum
2660 3226 2886 3296 dignus.
2936 3228 3056 3284 ideo
3095 3244 3201 3283 non
3241 3244 3431 3299 precor
3461 3247 3476 3288 :
3509 3246 3632 3288 nam

2034 3313 2154 3368 talis
2182 3323 2298 3369 erat
2319 3315 2753 3386 Syrophmnissa.
2793 3318 2872 3375 Ne
2901 3320 3070 3387 dicas,
3100 3321 3324 3377 Multum
3370 3321 3588 3394 peccavi
3612 3362 3632 3387 ,

2033 3419 2132 3458 nec
2164 3419 2378 3474 possum
2425 3407 2617 3461 iratum
2662 3424 2853 3479 rogare
2904 3429 2917 3465 :
2967 3427 3072 3466 non
3130 3413 3274 3469 enim
3316 3415 3632 3486 dignitatem

2033 3498 2174 3552 Deus
2211 3508 2436 3568 spectat,
2471 3501 2567 3556 sed
2604 3505 2955 3560 voluntatem.
2986 3506 3118 3561 Nam
3149 3507 3195 3562 si
3236 3507 3529 3580 principem
3569 3511 3634 3564 il-

2033 3589 2140 3643 lum
2165 3593 2254 3661 qui
2285 3607 2385 3648 nec
2414 3592 2579 3647 Deum
2606 3594 2846 3661 timebat,
2870 3611 2970 3652 nec
2993 3598 3236 3654 homines
3261 3602 3631 3667 reverebatur.

2033 3682 2187 3736 vidua
2212 3682 2416 3739 inﬂexit
2436 3703 2448 3738 :
2469 3686 2634 3740 multo
2651 3688 2818 3758 magis
2834 3688 3032 3744 bonum
3048 3690 3148 3744 sibi
3167 3691 3399 3747 attrahet
3417 3696 3629 3749 assidua

2031 3777 2370 3847 supplicatio.
2394 3777 2469 3834 Ita
2502 3789 2560 3833 ut
2580 3779 2789 3834 etiamsi
2809 3795 2914 3835 non
2947 3781 3153 3836 atnicus
3170 3783 3264 3850 sis,
3288 3787 3499 3841 etiamsi
3525 3801 3631 3842 non

2030 3869 2209 3925 debita
2230 3871 2434 3941 exigas,
2457 3872 2666 3926 etiamsi
2681 3879 2900 3942 paterna
2925 3871 3062 3927 bona
3085 3873 3466 3944 absumpseris,
3495 3879 3632 3932 ntul-

2033 3969 2193 4032 toque
2225 3972 2463 4032 tempore
2510 3964 2708 4018 absens
2758 3964 2939 4028 lueris,
2992 3966 3198 4020 etiamsi
3237 3963 3471 4038 degener
3515 3985 3633 4024 ont-

2032 4056 2285 4123 niumque
2308 4065 2646 4125 postremus,
2681 4058 2892 4112 etiamsi
2931 4059 3129 4113 iratum
3158 4060 3630 4135 indignantequ

2031 4146 2320 4200 convenias
2346 4161 2361 4210 ;
2395 4146 2446 4198 in
2477 4147 2715 4200 animum
2756 4147 2975 4204 inducas
3003 4159 3204 4204 tantum
3236 4157 3439 4220 precari
3468 4164 3629 4225 atque

2031 4237 2098 4291 ad
2129 4238 2276 4290 illum
2305 4238 2500 4300 redire,
2541 4247 2594 4292 et
2620 4239 2798 4293 omnia
2841 4241 3095 4308 accipies.
3124 4255 3284 4314 atque
3315 4249 3445 4299 iram
3477 4248 3632 4302 datu-

2032 4329 2408 4398 nationemque
2434 4331 2611 4383 statim
2637 4331 2962 4401 exstingues.
2985 4336 3142 4405 Atqui
3169 4351 3375 4404 precor,
3397 4339 3628 4408 inquies,

2031 4429 2087 4475 et
2118 4419 2246 4472 nihil
2278 4421 2517 4488 prolicio.
2549 4420 2655 4476 Sed
2703 4438 2807 4476 non
2857 4427 3092 4492 precaris
3132 4436 3188 4480 ιιι
3236 4428 3340 4492 illi,
3383 4439 3439 4482 ut
3467 4433 3628 4500 svi-0‘

2033 4511 2326 4581 phoenissa,
2359 4512 2500 4577 dico,
2536 4522 2588 4565 ιιι
2613 4515 2817 4568 amicus
2859 4516 3173 4587 intempesta
3200 4531 3354 4576 nocte
3384 4523 3628 4592 veniens,

2033 4615 2084 4658 ut
2121 4605 2273 4658 vidua
2314 4622 2432 4675 qua:
2475 4605 2783 4676 frequenter
2816 4607 3050 4676 jndicem
3100 4615 3341 4682 urgebat,
3390 4630 3444 4671 ut
3489 4619 3630 4678 illitis

2031 4697 2119 4766 qui
2155 4707 2371 4766 patet-ua
2402 4698 2536 4751 bona
2554 4699 2948 4768 absumpserat.
2973 4702 3106 4758 Nam
3122 4706 3165 4758 si
3192 4707 3268 4761 sic
3293 4721 3498 4774 orares,
3522 4713 3631 4766 cito

2033 4790 2366 4859 impetrares.
2401 4790 2610 4844 Etenim
2652 4792 2860 4847 etiamsi
2889 4798 3210 4852 contumelia
3255 4800 3477 4855 allectus
3509 4803 3577 4856 sit
3612 4819 3627 4868 ;

2031 4890 2082 4932 at
2113 4889 2261 4947 pater
2295 4891 2416 4933 est:
2449 4882 2657 4936 etiamsi
2699 4884 2868 4939 iratus
2902 4898 3004 4952 est,
3051 4896 3106 4941 at
3156 4890 3292 4944 lilios
3332 4904 3476 4948 amat
3502 4914 3513 4948 :
3544 4906 3629 4948 at-

2030 4988 2134 5041 que
2180 4989 2342 5027 unum
2376 4982 2579 5027 tantum
2611 4979 2834 5044 quaerit,
2881 4995 2984 5032 non
3023 4980 3091 5034 de
3131 4986 3472 5041 Contumeliis
3512 5003 3629 5054 ιω-

2033 5080 2128 5118 nas
2146 5065 2380 5133 exigere,
2409 5066 2502 5118 sed
2523 5073 2574 5120 te
2589 5081 2909 5123 conversum
2940 5080 2992 5124 et
3018 5075 3402 5142 supplicantem
3423 5079 3626 5133 videre.

2101 5158 2153 5208 6.
2194 5154 2429 5210 Charitas
2461 5156 2555 5211 Dei
2596 5175 2716 5229 erga
2747 5176 2858 5213 nos.
2903 5161 2982 5214 Ad
3013 5163 3180 5232 ipsum
3205 5165 3496 5223 accedentes
3528 5171 3628 5222 im-

2032 5246 2235 5315 portuni
2264 5261 2538 5317 numquam
2558 5260 2693 5302 sinit.
2726 5281 2798 5291 —
2825 5251 3032 5307 Utinam
3064 5269 3161 5310 nos
3193 5256 3262 5310 ita
3291 5259 3626 5326 ardere-ntus,

2031 5349 2088 5392 ut
2114 5341 2318 5395 viscera
2347 5342 2432 5395 illa
2461 5343 2524 5395 ad
2556 5344 2896 5400 dilectionem
2925 5360 3049 5417 erga
3083 5364 3179 5401 nos
3207 5350 3625 5408 inﬂammantur.

2033 5430 2133 5486 Sed
2157 5431 2290 5498 ignis
2313 5433 2401 5486 ille
2427 5436 2760 5487 occasionem
2785 5438 2957 5491 solum
2983 5440 3236 5507 requirit:
3258 5452 3312 5496 et
3335 5443 3378 5495 si
3408 5459 3626 5514 parvam

2030 5524 2104 5578 illi
2133 5524 2414 5578 scintillam
2451 5526 2690 5594 praebeas
2711 5567 2727 5591 ,
2758 5529 3022 5598 ingentem
3068 5531 3446 5589 beneﬁciorum
3477 5535 3628 5591 ﬂam-

2033 5631 2173 5670 mam
2201 5618 2468 5670 aceendis.
2502 5613 2684 5686 Neque
2712 5621 2854 5672 enim
2888 5623 3026 5690 quod
3057 5626 3378 5680 contumelia
3406 5625 3626 5686 affectus

2030 5709 2120 5768 sit,
2159 5708 2462 5775 indignatur
2487 5748 2500 5770 ,
2532 5711 2624 5762 sed
2654 5712 2778 5778 quia
2823 5721 2875 5763 ιιι
2904 5717 3322 5771 Contumeliosus
3366 5733 3424 5772 es
3451 5760 3465 5786 ,
3491 5729 3544 5773 et
3572 5731 3626 5775 ιιι

2099 5867 2112 5896 ¹
2148 5862 2310 5925 εει-ιι,
2333 5863 2445 5928 quia
2467 5865 2760 5929 negligenter
2784 5868 3033 5930 pelicrmtt.
