4094 6484
555 403 586 456 5
602 394 668 450 07

563 513 742 568 ebrius
767 511 912 565 furis.
936 509 988 565 Si
1012 509 1150 564 enim
1171 521 1267 561 nos
1296 509 1416 561 mali
1439 523 1559 562 cum
1583 508 1770 570 simus,
1797 507 1836 558 si
1858 514 2138 560 contume-

566 601 685 658 liosi
711 603 815 657 sint
847 602 956 662 lilii,
986 615 1080 667 pro
1105 599 1209 652 illis
1240 597 1530 653 dolemus:
1560 605 1757 665 quanto
1783 596 1949 663 magis
1980 595 2136 655 Deus,

568 695 655 763 qui
691 694 874 762 injuria
905 691 1042 745 allici
1067 692 1267 760 nequit,
1299 700 1392 759 pro
1428 691 1596 757 teipso
1630 686 2015 742 'contumelioso
2054 685 2139 738 in-

565 786 853 855 dignatur!
886 785 938 839 Si
972 799 1088 850 nos,
1120 785 1207 852 qui
1237 790 1418 837 natura
1449 783 1715 850 diligimus
1743 797 1756 832 :
1780 780 1945 832 multo
1975 779 2139 846 magis

568 878 676 942 ille,
711 877 791 946 qui
829 877 960 930 ultra
994 887 1230 928 naturam
1261 871 1450 941 diligit.
1479 873 1630 936 Nam,
1660 871 1771 924 Etsi
1799 869 2136 933 obliviscatur,

564 969 753 1036 inquit,
787 970 965 1019 mulier
1009 968 1258 1035 infantum
1303 966 1430 1017 uteri
1466 965 1564 1026 sui,
1593 965 1680 1017 sed
1709 979 1800 1033 ego
1833 979 1933 1016 non
1958 962 2137 1014 oblivi-

563 1076 676 1112 scar
698 1059 787 1120 tui,
821 1059 941 1109 dicit
965 1057 1207 1110 Dominus
1240 1056 1387 1124 (Isai.
1422 1057 1509 1110 69.
1545 1055 1654 1125 15).
1676 1057 2005 1110 Accetlanttts
2038 1054 2135 1123 igi-

568 1162 649 1202 tur
670 1149 733 1202 ad
766 1163 886 1202 eum
913 1158 962 1200 et
989 1150 1226 1202 dicamus
1253 1166 1264 1200 :
1298 1146 1503 1212 Etiam,
1533 1146 1786 1210 Domine;
1817 1163 1932 1198 naut
1964 1155 2008 1199 et
2052 1161 2135 1196 ca-

565 1242 668 1294 telli
704 1242 852 1292 edunt
877 1241 938 1292 de
967 1241 1136 1302 micis,
1170 1252 1281 1307 quo:
1307 1249 1489 1292 cadunt
1516 1241 1577 1292 de
1608 1256 1779 1291 mensa
1823 1239 2136 1290 dominorum

559 1352 764 1387 suorum
795 1333 1000 1402 (Matth.
1031 1334 1112 1387 15.
1143 1333 1233 1404 ‘27)
1287 1332 1613 1386 Accedamus
1643 1333 1814 1398 itaque
1841 1337 2135 1397 opportune

562 1437 615 1481 et
637 1429 936 1496 importune
961 1444 974 1488 ;
1001 1429 1104 1478 into
1122 1441 1246 1478 vero
1274 1440 1556 1492 numquam
1578 1437 1854 1491 possumus
1882 1423 2138 1489 importu-

563 1534 632 1573 ne
682 1519 933 1572 accedere
967 1534 979 1569 :
1014 1522 1367 1585 importunum
1403 1515 1598 1584 quippe
1646 1498 1740 1566 est.
1773 1528 1875 1566 non
1925 1512 2136 1567 aesidue

561 1611 726 1664 adire.
770 1611 896 1663 Nam
941 1625 1059 1663 eum
1085 1649 1100 1667 ,
1128 1609 1215 1675 qui
1249 1609 1374 1660 dare
1415 1609 1610 1675 gestit,
1647 1615 2003 1673 Opportunum
2053 1613 2134 1657 est

560 1719 769 1772 semper
793 1717 995 1771 rogare.
1030 1698 1482 1768 Quemadmodum
1515 1698 1654 1751 enim
1681 1698 1944 1765 respirare
1975 1712 2131 1750 num-

560 1810 717 1864 quam
753 1795 1110 1861 iniportuuum
1141 1802 1222 1846 est
1242 1832 1256 1857 ,
1287 1791 1363 1846 sic
1392 1801 1444 1844 et
1476 1799 1653 1858 petere
1684 1804 1966 1856 numquam
1993 1831 2004 1852 ,
2038 1788 2131 1843 sed

559 1903 662 1941 nan
691 1896 866 1956 petere
897 1897 972 1939 est
1014 1895 1392 1953 importunum.
1439 1875 1648 1936 Etenim
1681 1882 1815 1935 sicut
1839 1882 1934 1936 hac
1959 1881 2130 1949 respi-

559 1981 761 2034 ratione
787 1993 918 2047 opus
943 1979 1196 2031 habemus
1217 2018 1230 2040 ,
1260 1978 1335 2029 sic
1356 1985 1406 2029 et
1430 1976 1544 2042 ejus
1571 1975 1766 2027 auxilio
1795 1987 1810 2027 :
1843 1988 1903 2026 ac
1933 1975 1976 2026 Si
2003 1974 2133 2027 veli-

556 2082 692 2131 mus,
727 2070 874 2123 facile
907 2072 1074 2136 ipsum
1103 2067 1166 2120 ad
1190 2081 1286 2120 nos
1301 2063 1648 2119 attrallemus.
1678 2064 1740 2118 Et
1764 2063 1863 2116 hoc
1894 2063 2131 2117 indicans

557 2163 832 2232 propheta,
862 2160 1240 2227 declaransque
1271 2159 1436 2212 Deum
1464 2157 1528 2210 ad
1553 2155 1809 2211 beneﬁcia
1833 2155 2128 2223 praastanda

555 2267 768 2320 semper
796 2262 1056 2319 paratum,
1091 2247 1297 2303 dicebat
1332 2265 1344 2300 :
1378 2247 1520 2302 Sicut
1564 2247 1844 2300 diluculum
1893 2257 2127 2317 paratum

554 2344 855 2396 invenienms
894 2358 1007 2394 eum
1062 2340 1214 2409 (Osee
1243 2341 1294 2394 6.
1335 2340 1413 2408 5).
1456 2338 1672 2404 Quoties
1709 2338 1849 2391 enim
1895 2337 1958 2391 ad
2003 2336 2124 2392 eum

554 2432 932 2486 accesserimus
952 2474 964 2491 ,
1001 2437 1179 2484 nostra
1209 2438 1600 2498 exspectantem
1629 2426 1945 2482 videbimus.
1975 2427 2127 2493 Quod

551 2523 595 2577 si
627 2522 754 2575 nihil
772 2539 835 2576 ex
857 2525 972 2591 ejus
992 2522 1186 2575 virtute
1207 2536 1303 2574 ecu
1326 2516 1443 2573 lous
1460 2519 1780 2573 seaturiente
1798 2518 2125 2582 hauriamus,

555 2625 730 2668 nostra
759 2617 909 2684 culpa
940 2623 1021 2668 est
1047 2615 1282 2667 omnino.
1318 2614 1426 2666 lloc
1455 2615 1595 2666 enim
1629 2612 1840 2666 Judmos
1877 2612 2126 2666 incusans

550 2698 757 2757 dicebat
787 2721 797 2754 :
830 2700 1180 2755 Misericordia
1219 2712 1386 2754 autem
1430 2718 1540 2754 mea
1577 2712 1630 2754 ut
1676 2701 1827 2754 nubes
1856 2702 2121 2767 matutina,

549 2795 594 2844 ct
618 2793 742 2845 sicut
769 2809 849 2844 ros
868 2809 1012 2844 mane
1039 2795 1370 2859 pertransiet’ts
1405 2790 1562 2859 (Ibid.
1593 2807 1641 2844 υ.
1670 2791 1745 2860 4).
1772 2789 1924 2857 Quod
1943 2799 2120 2844 autem

1272 393 1327 448 s.
1367 391 1642 448 JOANNIS
1679 385 2149 446 cunvsosront
2188 385 2501 445 ARClllEP.
2544 372 3077 446 cossrmmde.

3736 387 3840 442 πιτὸ

2249 504 2405 566 dicit,
2442 503 2742 576 lmjusmodi
2783 517 2868 560 est
2895 525 2908 560 :
2935 508 3044 575 Ego
3092 505 3305 575 quidem
3358 519 3476 575 qum
3523 519 3643 559 mea
3689 516 3839 559 erant

2246 597 2423 650 omnia
2453 598 2671 665 praestiti
2697 616 2710 661 ;
2745 613 2838 651 vos
2867 614 2993 653 vero
3017 639 3030 660 ,
3060 598 3509 667 quemadmodum
3537 598 3616 652 sol
3645 599 3841 653 ardens

2246 697 2628 762 superveniens
2654 702 2707 747 et
2737 695 2931 747 nubem
2963 704 3016 748 et
3045 709 3222 748 rorem
3253 694 3472 762 dissipat
3501 703 3554 746 et
3580 692 3837 757 occultat,

2247 785 2324 838 sic
2354 786 2423 838 ob
2450 787 2664 839 multam
2694 787 2981 855 nequitiam
3010 785 3331 840 ineﬂ'abilem
3381 782 3674 853 reprimitis
3708 784 3841 837 libe-

2247 877 2526 931 ralitatem.
2560 877 2611 930 ω
2638 877 2777 946 quod
2819 887 2992 931 tamen
3030 876 3374 947 providentia:
3400 880 3501 930 est.
3550 876 3684 929 Nam
3716 883 3837 928 ‘ciun

2247 969 2490 1039 indignos
2516 969 2659 1024 videt
2682 984 2779 1024 nos
2802 971 2891 1040 qui
2923 971 3074 1024 bonis
3106 969 3423 1031 afficiantur,
3455 959 3714 1023 beneficia
3747 984 3838 1022 re-

2247 1061 2400 1124 tinet,
2432 1076 2499 1114 ne
2553 1074 2651 1114 nos
2697 1059 2910 1115 desides
2950 1061 3162 1115 elliciat.
3195 1060 3254 1116 Si
3298 1059 3474 1113 aute‘m
3517 1061 3596 1113 vel
3647 1066 3835 1127 parum

2245 1151 2635 1218 convertamur,
2668 1163 2868 1208 tantum
2919 1154 3165 1208 videlicet
3207 1164 3464 1222 quantum
3509 1166 3643 1220 opus
3670 1159 3835 1205 estut

2244 1259 2743 1313 cognoscamus'nos
2765 1260 3031 1314 peccasse,
3059 1246 3174 1314 plus
3200 1260 3356 1313 quam
3390 1243 3560 1297 iootes
3587 1243 3832 1308 scaturit,

2247 1334 2364 1401 plus
2387 1349 2542 1402 quam
2567 1335 2783 1404 pelagus
2813 1335 3007 1388 difﬂuit
3037 1354 3048 1388 :
3081 1343 3136 1389 et
3160 1335 3358 1399 quanto
3387 1333 3586 1401 majora
3607 1347 3834 1400 accepe-

2244 1424 2337 1488 ris,
2371 1433 2516 1479 tanto
2545 1427 2712 1496 magis
2751 1426 2946 1495 gaudet
2976 1446 2988 1478 :
3023 1426 3252 1494 hincque
3280 1424 3345 1476 ad
3379 1425 3525 1494 plura
3567 1422 3742 1476 danda
3776 1421 3834 1476 so

2243 1498 2692 1590 comparani‘ialn
2729 1509 2943 1571 divitias
2979 1533 3102 1570 suas
3143 1522 3378 1570 nostram
3406 1526 3553 1585 putat
3591 1529 3714 1568 esse
3743 1523 3830 1567 sa-

2245 1607 2426 1669 lutem,
2475 1620 2528 1662 et
2569 1610 2734 1677 ipsam
2781 1611 2936 1663 dandi
2970 1611 3268 1678 petentibus
3313 1610 3611 1677 largitatem
3647 1607 3830 1676 εειιιοιΙ

2243 1700 2402 1753 etiam
2434 1700 2631 1754 Paulus
2660 1702 2737 1753 sic
2756 1700 3058 1753 declarabat
3090 1717 3100 1751 :
3137 1696 3365 1752 Dives—in
3383 1715 3574 1758 omnes,
3604 1707 3652 1750 et
3678 1715 3834 1764 super

2244 1805 2413 1842 omnes
2438 1791 2525 1858 qui
2553 1790 2784 1842 invocant
2826 1792 2968 1842 illum
3021 1790 3194 1860 (Rom.
3227 1789 3313 1844 10.
3353 1787 3459 1857 12).
3507 1788 3640 1842 Cum
3685 1789 3829 1848 enim

2244 1898 2346 1934 non
2379 1883 2628 1951 petimus,
2659 1892 2782 1935 tunc
2811 1881 3089 1944 irascitur;
3119 1895 3238 1933 cum
3271 1894 3375 1932 nou
3426 1880 3677 1947 petimus,
3707 1891 3832 1932 tunc

2239 1982 2534 2025 aversatur.
2570 1971 2692 2026 ideo
2720 1988 2918 2040 pauper
2954 1972 3074 2037 fuit,
3106 1983 3162 2025 ut
3194 1988 3289 2025 nos
3320 1972 3519 2025 divites
3548 1986 3828 2035 essemus;

2243 2063 2360 2116 ideo
2392 2062 2474 2116 illa
2503 2065 2679 2117 omnia
2712 2065 2948 2133 pertulit,
2981 2075 3036 2118 ut
3061 2079 3158 2117 nos
3187 2064 3251 2117 ad
3279 2063 3562 2132 petendum
3589 2071 3825 2117 vocaret.

2239 2151 2315 2206 Ne
2347 2153 2521 2220 itaque
2551 2153 2894 2222 desperemus
2918 2170 2931 2206 :
2958 2155 3050 2208 sed
3094 2155 3188 2208 has
3213 2155 3524 2208 occasiones
3551 2164 3604 2206 et
3633 2155 3828 2206 bonam

2239 2258 2387 2311 spem
2426 2243 2677 2298 habentes
2702 2287 2716 2310 ,
2742 2247 2947 2299 etiamsi
2982 2260 3074 2314 per
3103 2246 3341 2314 singulos
3364 2242 3478 2298 dies
3507 2258 3826 2313 peccamus,

2239 2333 2556 2387 accedamus
2584 2346 2852 2403 rogantes,
2883 2336 3245 2399 obsecrantes;
3270 2343 3606 2403 peccatorum
3631 2334 3827 2387 remis-

2240 2427 2444 2481 sionem
2476 2435 2732 2496 petentes.
2763 2428 2851 2483 Sic
2877 2429 3016 2482 enim
3047 2437 3099 2480 et
3118 2428 3183 2480 ad
3209 2426 3535 2496 peccandum
3561 2426 3827 2478 tardiores

2238 2517 2559 2584 eiliciemur,
2593 2532 2646 2572 et
2675 2518 2948 2574 diabolum
2997 2520 3324 2589 depellemus
3345 2559 3359 2582 ,
3401 2534 3464 2572 ac
3495 2519 3585 2572 Dei
3618 2519 3827 2571 miseris

2238 2607 2472 2662 cordiam
2505 2609 2928 2679 provocabimus,
2953 2610 3232 2678 futuraque
3247 2623 3640 2677 consequemur
3663 2609 3820 2671 bona,

2236 2700 2402 2767 gratia
2429 2711 2482 2755 et
2509 2700 2832 2771 benignitate
2868 2701 3076 2756 Domini
3105 2702 3270 2755 nostri
3308 2700 3435 2754 Iesu
3464 2699 3703 2763 Christi,
3737 2699 3822 2754 cui

2235 2785 2405 2858 gloria
2437 2804 2490 2849 et
2521 2795 2800 2866 imperium
2825 2795 2875 2850 in
2905 2797 3098 2851 saecla
3129 2795 3469 2851 surculorum.
3497 2798 3693 2850 Amen.

1655 2987 1998 3052 HOMILIA
2041 2989 2282 3052 XXIII.
2327 2993 2412 3054 al.
2458 2994 2694 3057 XXIV.

691 3114 814 3166 (ῙΑῐι.
858 3099 909 3166 iI.
952 3126 998 3164 v.
1034 3115 1080 3165 l.
1115 3107 1286 3164 Nolite
1301 3112 1552 3180 judicare,
1583 3130 1646 3165 ne
1669 3114 1976 3179 iudicemiui.

618 3207 666 3257 1.
691 3204 860 3267 Illius,
885 3203 1058 3256 Nolite
1084 3202 1338 3270 judicare,
1363 3203 1746 3270 explanatio.—-
1766 3203 1898 3270 Quid
1928 3197 2123 3272 igitur?

547 3304 646 3347 tiou
685 3304 896 3362 oportet
934 3302 1212 3359 pet-cantes
1232 3295 1522 3346 accusare?
1546 3293 1672 3347 Nam
1701 3303 1754 3346 et
1779 3294 1972 3348 Paulus
2022 3294 2122 3347 hoc

548 3388 716 3452 ipsum
753 3385 875 3438 dicit
903 3403 915 3444 ;
946 3387 1048 3437 inm
1085 3395 1134 3438 et
1162 3384 1402 3438 Cliri~tus
1433 3400 1524 3452 per
1551 3385 1789 3447 Paultlm,
1812 3387 1892 3440 his
1911 3386 2118 3440 verbis:

544 3477 640 3535 Tu.
657 3479 774 3545 quid
791 3478 988 3545 judicns
1005 3482 1208 3546 fratrem
1232 3486 1366 3530 tuum
1385 3479 1410 3530 ἔ)
1426 3487 1472 3530 et
1491 3480 1687 3547 tu,quid
1702 3481 1894 3547 spernis
1916 3479 2122 3546 fratrem

543 3579 685 3619 tuum
721 3566 890 3634 (Rom.
939 3568 1024 3619 Η.
1056 3567 1182 3631 l0)?
1212 3567 1292 3624 Et,
1330 3567 1424 3630 Tu,
1448 3569 1557 3634 quis
1574 3585 1643 3632 es,
1673 3571 1980 3638 quijutlicas
1997 3572 2122 3623 alie-

543 3673 664 3710 num
697 3673 886 3711 servum
919 3656 1076 3727 (Ibid.
1101 3671 1146 3708 v.
1178 3658 1230 3727 ὁ)
1250 3658 1272 3710 ?
1296 3658 1357 3711 Et
1385 3659 1572 3711 iterum
1598 3676 1610 3710 :
1648 3659 1822 3713 Nolite
1849 3670 1964 3713 ante
2001 3671 2122 3713 tem-
2180 3675 2188 3684 '

545 3764 636 3816 pus
671 3749 921 3814 judicare,
966 3749 1290 3817 quoadusque
1323 3750 1484 3802 veniat
1524 3750 1768 3804 Dominus
1813 3752 1890 3820 (1.
1919 3750 2035 3804 Cor.
2066 3753 2118 3806 4.

543 3839 619 3903 ες).
655 3837 759 3890 Cur
785 3847 959 3892 autem
996 3839 1116 3891 alibi
1145 3839 1270 3890 dicit
1299 3843 1517 3908 :Argue,
1546 3839 1764 3903 obsecra,
1789 3841 1993 3910 increpa
2026 3842 2118 3912 (ἓ.

543 3928 674 3980 Tim.
701 3928 752 3980 4.
776 3928 870 3996 2)ἳ
896 3937 948 3980 et
969 3929 1110 3984 alibi.
1141 3927 1412 3982 Pcccantes
1437 3930 1603 3984 coram
1629 3933 1855 3985 omnibus
1876 3936 2117 4002 argue“.

546 4007 674 4070 Tim.
706 4017 756 4071 5.
791 4017 882 4087 ‘20)
907 4019 930 4070 ?
955 4029 1006 4071 et
1035 4019 1279 4072 Christus
1305 4019 1464 4073 Petro
1498 4039 1510 4074 :
1554 4019 1721 4085 Vade,
1755 4025 1950 4090 corripe
1975 4025 2119 4078 illum

540 4113 670 4163 inter
696 4119 740 4162 te
767 4120 811 4162 ct
847 4111 1009 4177 ipsum
1040 4112 1199 4162 solum
1233 4127 1250 4163 :
1276 4113 1318 4162 si
1366 4131 1464 4164 non
1498 4115 1732 4176 audierit,
1775 4118 1932 4168 alitun
1961 4129 2118 4172 tecum

540 4201 780 4268 atljtmge;
798 4203 837 4251 si
861 4217 970 4252 vero
992 4217 1142 4269 neque
1153 4203 1222 4252 sic
1239 4201 1702 4261 cessm'itﬂcclesite
1719 4207 1892 4258 nuntia
1908 4208 2116 4276 (Matth.

544 4289 625 4343 l8.
646 4289 860 4357 lii-t7)?
881 4298 932 4341 et
951 4299 1053 4341 tam
1074 4291 1264 4342 multos
1281 4291 1554 4345 constituit
1569 4294 2026 4362 increpantesutec
2044 4314 2122 4352 so.

542 4381 650 4434 lum
685 4381 1035 4448 increpantes,
1067 4381 1158 4432 sed
1189 4381 1342 4433 etiam
1375 4384 1692 4448 punientes?
1723 4385 1851 4439 Nam
1883 4404 2002 4440 eum
2033 4391 2120 4457 qui

549 4473 748 4526 nullum
784 4473 970 4525 horum
1001 4471 1253 4538 audisset,
1278 4473 1434 4543 jussit
1462 4477 1642 4530 haberi
1673 4480 1822 4548 quasi
1849 4480 2119 4537 etlinicum

541 4573 594 4618 et
641 4563 990 4631 publieanum.
1045 4562 1153 4618 Cur
1206 4575 1379 4620 autem
1426 4567 1528 4622 illis
1574 4569 1751 4624 claves
1779 4571 2118 4631 dedit?Nam

540 4659 582 4709 si
619 4654 901 4724 judicaturi
931 4669 1032 4708 non
1050 4666 1189 4720 sunt,
1211 4658 1406 4711 nullam
1435 4658 1704 4715 habebunt
1726 4667 2114 4735 auctoritatem,

544 4757 596 4799 ct
642 4747 832 4798 frustra
879 4747 1071 4814 ligandi
1122 4757 1279 4816 atque
1301 4749 1543 4803 Solvendi
1567 4753 1932 4809 auctoritatem
1961 4769 2113 4813 acce-

545 4848 754 4906 pet‘ttttl.
801 4837 866 4890 Et
905 4839 1133 4907 alioquin
1157 4877 1171 4901 ,
1207 4839 1248 4892 si
1284 4839 1385 4892 hoc
1413 4840 1670 4905 obtineat,
1703 4845 1874 4898 omnia
1906 4863 2115 4916 pessum

544 4932 712 4993 ibunt,
737 4941 788 4982 ct
814 4932 862 4984 in
897 4932 1155 4996 ecclesiis,
1189 4941 1242 4984 et
1268 4931 1322 4985 in
1347 4933 1669 5000 civitatibus,
1695 4947 1747 4989 et
1772 4937 1820 4989 iu
1849 4939 2114 4995 domibus.

542 5023 669 5075 Nam
725 5023 968 5075 dominus
1013 5039 1224 5078 servum
1271 5035 1326 5080 et
1368 5027 1579 5082 domina
1631 5030 1872 5083 ancillam
1904 5074 1917 5095 ,
1971 5045 2119 5101 pater

544 5114 729 5175 liliutn,
759 5116 957 5166 amicus
986 5114 1214 5167 amicum
1243 5117 1341 5169 nisi
1363 5117 1738 5183 judicavcrint,
1767 5121 1994 5190 nequitia
2023 5141 2117 5176 au-

538 5205 762 5273 gebitur.
791 5203 855 5256 Et
900 5204 1022 5273 quid
1068 5205 1207 5270 dico,
1237 5207 1439 5260 amicus
1485 5211 1754 5263 amicum?
1781 5210 2024 5266 Inimicos
2072 5215 2114 5268 si

539 5314 641 5351 ttun
672 5298 988 5366 judiccmus,
1024 5315 1305 5368 numquam
1341 5302 1632 5369 poterimus
1671 5303 1971 5358 inimicitias
2004 5307 2115 5360 Sol-

541 5405 684 5449 vere,
715 5389 808 5442 sed
837 5403 926 5441 sus
965 5390 1136 5457 deque
1175 5392 1353 5444 omnia
1385 5403 1674 5447 vertentur.
1716 5394 1852 5460 Quid
1883 5407 2010 5464 ergo
2049 5398 2116 5450 sit

541 5479 639 5531 hoc
681 5479 818 5546 quod
859 5479 1050 5532 dicitur
1077 5480 1358 5550 diligenter
1387 5484 1723 5538 attendamus
1749 5527 1762 5547 ,
1793 5501 1858 5539 ne
1884 5486 2115 5540 remedia

537 5568 724 5622 salutis
745 5580 796 5622 et
812 5569 952 5638 leges
982 5571 1124 5639 pacis
1147 5581 1286 5639 putet
1316 5574 1572 5642 quispiam
1594 5589 1710 5629 esse
1732 5576 1874 5646 leges
1895 5577 2116 5631 subver-

539 5661 703 5713 sionis
729 5668 783 5713 ct
809 5660 1149 5714 confusionis.
1181 5661 1309 5716 Nam
1342 5665 1404 5717 iis
1433 5665 1520 5733 qui
1550 5664 1892 5734 intelligentia
1916 5666 2112 5732 valent,

531 5750 595 5805 in
624 5753 965 5823 sequentibus
995 5754 1222 5810 maxime
1245 5754 1462 5825 hujusce
1492 5757 1621 5826 legis
1650 5758 1898 5814 virtutem
1931 5767 2114 5813 OStcn-

2233 3112 2310 3166 dit
2336 3113 2521 3170 dicens
2549 3135 2562 3167 :
2589 3117 2726 3184 Quid
2765 3118 2900 3173 vide‘s‘
2942 3120 3188 3188 festucam
3223 3119 3277 3173 iii
3321 3107 3468 3174 oculo
3503 3121 3680 3189 fratris
3722 3121 3818 3185 tm’,

2231 3205 2418 3258 trabem
2436 3217 2599 3261 autent
2621 3226 2732 3277 qua:
2751 3221 2821 3262 est
2840 3211 2891 3292 ευ
2911 3213 3054 3263 oculo
3072 3220 3155 3263 tuo
3172 3226 3270 3263 non
3287 3212 3576 3264 consideras
3601 3211 3818 3280 (Matth.-

2231 3296 2281 3347 7.
2315 3295 2388 3366 3).
2428 3298 2575 3362 Quod
2622 3302 2663 3353 si
2695 3300 2874 3354 multis
2907 3301 3198 3354 tardiorum
3226 3302 3242 3330 ¹
3272 3303 3472 3355 dictum
3499 3302 3678 3356 adhuc
3722 3304 3820 3355 oh-

2227 3388 2433 3441 SCllt‘itlS
2450 3404 2566 3444 esse
2584 3389 2842 3450 videatur,
2867 3406 3019 3447 rema
3045 3392 3303 3461 principio
3330 3394 3542 3448 solvere
3576 3395 3816 3449 tcntaliot

2232 3477 2324 3532 llic
2349 3490 2514 3543 certe,
2544 3487 2599 3534 ιιι
2623 3483 2748 3535 mihi
2776 3483 2988 3553 quidem
3016 3484 3254 3547 videtur,
3285 3500 3390 3538 non
3418 3487 3596 3540 Omnia
3628 3502 3820 3556 pecca-

2229 3578 2276 3621 ta
2301 3570 2453 3637 jubet
2483 3588 2586 3626 non
2611 3573 2883 3641 judicare,
2920 3591 3090 3646 neque
3120 3577 3337 3632 omnino
3366 3589 3507 3632 vetat
3531 3579 3657 3633 illud
3690 3590 3816 3650 age3

2228 3676 2306 3726 re,
2341 3663 2432 3716 sed
2463 3663 2582 3716 illos
2607 3667 2822 3734 respicit
2853 3668 2943 3737 qui
2973 3669 3264 3723 innumeris
3294 3672 3468 3724 onusti
3495 3671 3657 3732 vitiis,
3694 3673 3815 3726 aliis

2226 3753 2295 3807 ob
2322 3754 2451 3807 levia
2489 3772 2710 3826 quaeque
2736 3759 3007 3813 insultant.
3044 3761 3265 3815 Videtur
3283 3772 3458 3817 autem
3485 3763 3570 3818 hic
3597 3761 3812 3820 Iuda-os

2226 3847 2578 3915 subindicare,
2609 3851 2841 3918 quicum
2869 3853 3045 3907 acerbi
3079 3864 3258 3908 essent
3286 3853 3353 3909 de
3379 3855 3539 3910 rebus
3574 3858 3810 3911 minimis

2225 3940 2525 4010 nulliusque
2552 3944 2805 3998 momenti
2837 3946 3062 4013 proximi
3094 3947 3177 3999 sui
3225 3959 3593 4014 accusatores,
3619 3961 3808 4020 magna

2223 4029 2296 4083 illi
2337 4032 2450 4085 sine
2485 4033 2594 4087 ullo
2620 4049 2780 4087 sensu
2809 4036 3028 4088 crimina
3054 4035 3405 4092 admittebant
3437 4056 3449 4091 :
3482 4039 3624 4108 quod
3647 4043 3809 4094 etiam

2225 4122 2274 4174 in
2302 4123 2404 4177 line
2431 4126 2756 4194 exprobrans
2786 4127 2888 4179 illis
2919 4115 3129 4182 dicebat
3161 4147 3174 4182 :
3209 4129 3439 4200 Alligatis
3460 4146 3614 4184 onera
3633 4131 3811 4201 grai-id

2226 4222 2268 4262 et
2291 4213 2629 4280 importabilia
2659 4232 2675 4268 :
2705 4229 2790 4268 vos
2813 4229 2982 4270 autem
3012 4236 3110 4272 non
3138 4223 3281 4274 vultis
3320 4239 3377 4275 ea
3416 4221 3574 4293 digito
3615 4233 3811 4277 movere

2227 4303 2438 4370 (Matth.
2463 4306 2552 4360 95.
2579 4308 2636 4378 4)
2661 4325 2674 4371 ;
2719 4321 2790 4373 et,
2816 4307 3090 4365 Decimatis
3117 4314 3372 4366 mentitam
3399 4326 3444 4368 ct
3472 4315 3733 4380 anethum,
3762 4323 3811 4369 et

2225 4395 2553 4462 dereliquialis
2584 4417 2639 4452 ea
2656 4417 2766 4467 qua?
2787 4403 3019 4470 gratiora
3043 4415 3158 4456 sunt
3185 4405 3329 4475 legis,
3343 4407 3596 4476 judicium
3614 4447 3628 4470 ,
3659 4409 3812 4460 misce

2225 4490 2491 4542 ricordiam
2523 4504 2567 4543 ct
2597 4492 2747 4558 ﬁdem
2775 4492 2931 4563 (Ibid.
2966 4511 3011 4546 ιν.
3043 4487 3154 4564 ‘23).
3179 4495 3388 4550 Iuda-os
3415 4497 3574 4567 igitur
3598 4498 3810 4554 videtur

2226 4579 2276 4632 in
2307 4582 2482 4634 animo
2511 4582 2726 4649 habere)
2748 4585 2855 4653 jam
2885 4596 3011 4640 ante
3057 4587 3176 4640 illos
3205 4587 3502 4655 reprimens
3545 4590 3613 4644 ob
3653 4605 3714 4643 ea
3740 4590 3808 4646 de

2223 4674 2412 4742 quibus
2437 4672 2721 4745 discipulos
2751 4679 3048 4732 accusaturi
3075 4688 3241 4732 erant.
3267 4680 3378 4734 Etsi
3401 4681 3541 4734 enim
3567 4682 3642 4736 illi
3673 4683 3808 4737 nihil

2226 4768 2326 4820 tale
2349 4779 2733 4834 peccaverant,
2763 4766 3003 4839 quaedam
3034 4776 3212 4825 tamen
3244 4772 3370 4841 ipsis
3398 4783 3610 4842 peccata
3658 4777 3807 4830 vitle-

2226 4862 2416 4916 bantur
2437 4878 2575 4928 esse,
2608 4873 2682 4929 ut,
2710 4864 2986 4919 sabbatum
3013 4879 3113 4919 nan
3143 4870 3429 4920 observare
3449 4907 3462 4930 ,
3498 4867 3658 4923 illotis
3690 4885 3808 4923 uta-

2224 4954 2376 5007 nihus
2425 4954 2766 5022 manducare,
2798 4973 2916 5010 cum
2962 4958 3254 5026 publicanis
3285 4960 3630 5023 recumbere;
3660 4960 3806 5030 quod

2221 5051 2274 5094 ct
2303 5043 2423 5095 alibi
2455 5047 2528 5098 ait
2555 5062 2565 5094 :
2603 5044 2910 5100 Ercolantes
2939 5049 3173 5108 culicem,
3197 5059 3244 5101 et
3270 5048 3599 5120 deglutientes
3645 5056 3807 5106 came-

2221 5133 2325 5186 lum
2354 5133 2511 5204 (Ibid.
2545 5154 2589 5191 υ.
2621 5137 2739 5207 24).
2767 5139 3025 5193 Caeterum
3052 5140 3496 5197 communem‘de
3522 5141 3606 5196 his
3632 5142 3804 5212 legem

2220 5225 2512 5314 constituit.
2543 5226 2841 5314 Corinthiis
2869 5244 2993 5284 vero
3021 5231 3259 5285 scribens
3289 5230 3505 5298 Paulus,
3537 5248 3642 5286 non
3668 5234 3805 5287 sim-

2217 5305 2428 5392 plicitér
2498 5321 2748 5390 prohibet
2818 5305 3104 5389 judicare,
3193 5322 3285 5377 sed
3358 5338 3452 5378 eos
3512 5326 3600 5394 qui
3657 5325 3800 5396 ipsis

2217 5427 2485 5482 praeerant
2530 5412 2771 5478 iudicare
2806 5423 2969 5476 vetat,
3019 5426 3075 5466 et
3130 5413 3182 5466 in
3229 5429 3396 5469 causa
3453 5431 3560 5468 non
3621 5423 3798 5470 manl-

2218 5502 2390 5564 l'esta,
2455 5517 2550 5556 nec
2620 5503 2938 5571 simpliciter
3021 5514 3161 5557 vetat
3240 5517 3530 5574 peccantes
3602 5522 3794 5562 emen-

2215 5591 2364 5646 dare.
2417 5591 2600 5660 Neqiie
2644 5599 2773 5647 tunc
2838 5607 3028 5647 omnes
3078 5595 3193 5648 sine
3241 5596 3560 5651 discrimine
3615 5597 3794 5652 incred

2222 5680 2414 5750 pabat;
2443 5681 2535 5732 sed
2565 5679 2854 5748 discipulos
2893 5682 2979 5748 qui
3013 5674 3291 5748 magistros
3334 5694 3617 5751 arguerent
3646 5700 3801 5736 wer-

2288 5771 2306 5800 ¹
2341 5768 2466 5828 Vox,-
2491 5767 2776 5828 tardiorum,
2801 5770 2940 5819 deest
2967 5772 3012 5819 in
3036 5769 3319 5832 quibusdam
3337 5777 3447 5822 list”.
