4094 6538
337 505 438 562 309

247 652 254 656 -
339 618 493 674 cebat
515 656 531 683 ,
572 627 672 670 nec
698 627 803 667 non
832 623 926 666 eos
951 607 1040 679 qui
1087 606 1486 661 innumerorum
1514 602 1590 656 rei
1621 600 1881 655 malorum
1909 637 1924 655 .

343 708 587 764 innoxios
621 703 1041 759 criminabantur
1071 715 1083 752 :
1121 697 1172 752 id
1212 695 1353 767 quod
1379 694 1543 750 etiam
1573 693 1660 746 hic
1685 690 1928 746 Christus

340 799 726 862 subindicavit,
760 807 861 849 nec
908 790 1068 846 modo
1095 787 1472 852 subindicavit,
1501 784 1598 842 sed
1625 793 1681 840 et
1705 783 1927 837 multum

338 892 564 946 incussit
602 891 872 951 timorem,
902 883 1196 953 indixitqne
1224 878 1544 950 supplicium
1598 873 1926 931 inevitabile.

341 983 395 1036 ’2.
425 981 493 1036 In
518 997 614 1051 quo
642 979 774 1033 enim
796 975 1014 1048 judicio,
1044 973 1245 1043 inquit.
1271 968 1644 1043 judicaveritis,
1665 965 1930 1037 judicabi—

344 1086 426 1129 tur
449 1075 511 1128 de
535 1073 690 1127 uoltis.
739 1069 854 1125 Non
881 1069 1022 1124 enim
1055 1066 1206 1120 ilhnu
1247 1063 1593 1126 condemnas,
1621 1059 1808 1129 inquit.
1834 1055 1930 1111 sed

345 1167 592 1234 teipsum,
624 1171 676 1217 et
709 1157 1099 1215 formidandum
1123 1155 1216 1210 tibi
1247 1167 1404 1224 paras
1423 1150 1679 1214 tribunal,
1711 1161 1931 1203 accura-

344 1258 640 1323 tioretnque
709 1251 1037 1306 reddendam
1114 1246 1400 1301 rationem.
1470 1238 1931 1310 Quemadmodum

344 1347 483 1402 enim
535 1347 588 1398 in
641 1342 961 1398 remissione
1010 1345 1376 1408 peccatorum,
1407 1331 1674 1405 principia
1720 1345 1748 1382 a
1778 1329 1933 1384 nobis

344 1445 616 1507 petuntur,
649 1435 724 1490 sic
745 1442 799 1488 et
821 1435 870 1486 in
899 1431 1002 1485 hoc
1027 1428 1247 1497 judicio,
1280 1423 1640 1480 damnationis
1668 1433 1933 1475 mensurae

346 1542 614 1600 ponuntur
642 1545 670 1581 a
703 1527 876 1580 nobis.
929 1523 1042 1578 Non
1089 1522 1232 1577 enim
1259 1519 1586 1589 exprobrare
1612 1521 1824 1584 oportet
1851 1511 1933 1565 vel

343 1622 622 1686 insultare,
647 1619 741 1673 sed
763 1618 1054 1672 admonere
1081 1631 1092 1666 :
1123 1629 1229 1668 non
1261 1611 1599 1671 maledicere,
1629 1606 1721 1662 sed
1750 1604 1931 1660 consi-

345 1715 472 1767 lium
521 1714 648 1767 dare
679 1731 690 1764 :
723 1726 822 1765 nec
859 1715 1174 1778 arroganter
1195 1706 1472 1773 insurgere
1497 1743 1512 1766 ,
1545 1699 1639 1755 sed
1660 1713 1782 1755 cum
1802 1695 1937 1752 dile-

343 1808 525 1860 ctione
577 1804 866 1872 Corrigere.
915 1800 1030 1855 Non
1077 1799 1221 1853 enim
1269 1795 1441 1858 illum,
1489 1792 1582 1849 sed
1616 1801 1667 1847 te
1692 1803 1935 1846 extremo

345 1897 522 1950 trades
551 1894 831 1963 supplicio,
860 1892 985 1946 dum
1015 1907 1120 1943 non
1147 1887 1319 1958 parcis
1345 1885 1420 1941 illi
1441 1883 1659 1955 quando
1686 1880 1928 1952 oportuit

342 1989 410 2042 de
434 1988 574 2041 illius
602 1986 808 2039 delictis
833 1985 970 2037 ferre
992 1981 1332 2035 sententiam.

411 2081 466 2134 2.
498 2079 682 2133 Viden‘
700 2074 967 2146 quomodo
998 2073 1111 2126 haec
1139 2071 1244 2124 duo
1268 2075 1531 2139 praecepta
1555 2076 1608 2121 et
1638 2065 1775 2120 levia
1804 2062 1929 2126 sint,

344 2187 395 2228 et
427 2187 738 2243 magnorum
786 2166 1203 2235 obsequentibus
1232 2177 1408 2217 causa?
1457 2162 1739 2222 bonorum,
1792 2167 1851 2211 ut
1882 2164 1936 2210 et

345 2265 608 2319 malorum
654 2276 758 2315 non
805 2256 1253 2312 attendentibus?
1292 2253 1424 2308 Nam
1466 2262 1521 2306 et
1563 2253 1649 2321 qui
1691 2249 1937 2319 proximo

346 2354 584 2420 dimittit,
611 2368 671 2408 se
701 2353 868 2420 magis
909 2363 1066 2418 quam
1097 2348 1245 2401 illum
1276 2346 1394 2400 sine
1417 2345 1527 2397 ullo
1554 2343 1735 2396 labore
1777 2340 1937 2394 reati-

348 2448 444 2501 bus
471 2446 700 2506 liberat;
734 2452 787 2497 et
817 2441 906 2511 qui
938 2439 1274 2507 indulgenter
1305 2445 1522 2504 peccata
1550 2434 1776 2487 aliorum
1810 2445 1938 2485 exa-

347 2544 515 2594 minat
546 2580 559 2602 ,
608 2551 854 2603 magnum
909 2534 1009 2588 sibi
1058 2533 1233 2587 νθιιὶςιξ
1288 2531 1460 2585 foenus
1488 2531 1503 2560 ί
1537 2545 1601 2582 ex
1649 2527 1736 2580 tali
1775 2526 1937 2578 allato

346 2632 558 2685 calculo
587 2639 754 2698 parat.
789 2625 926 2694 Quid
958 2624 1134 2694 igitur,
1168 2625 1399 2692 inquies,
1427 2624 1472 2676 si
1504 2612 1792 2686 fornicatus
1822 2619 1936 2670 fuc-

350 2727 415 2779 rit
441 2725 463 2776 ?
491 2739 596 2777 non
618 2722 790 2775 dicam
818 2719 1009 2772 malam
1033 2732 1144 2772 rem
1168 2730 1288 2770 esse
1315 2715 1736 2774 fornicationem,
1767 2725 1938 2779 neque

349 2815 634 2883 eorripiam
681 2810 1096 2867 lascivientem?
1134 2808 1358 2877 Corripe
1405 2805 1642 2877 quidem,
1691 2804 1784 2858 sed
1833 2817 1936 2855 non

350 2919 406 2961 ut
453 2905 621 2959 hostis
664 2903 746 2958 vel
788 2901 1036 2956 inimicus
1086 2900 1345 2953 ultionem
1391 2911 1708 2966 exposcens,
1758 2893 1851 2948 sed
1885 2903 1940 2946 ut

352 2998 587 3051 medicus
625 2991 862 3048 remedia
907 3003 1192 3061 apparans.
1242 2988 1428 3055 Neque
1474 2987 1614 3040 enim
1664 2985 1817 3049 dixit,
1863 2980 1941 3036 Ne

350 3089 603 3144 cobibeas
651 3093 986 3154 peccantem,
1037 3081 1153 3143 sed,
1207 3079 1283 3134 Ne
1327 3079 1536 3147 judices
1568 3093 1583 3133 :
1614 3077 1663 3130 id
1704 3085 1806 3139 est,
1865 3074 1941 3128 Ne

353 3182 576 3233 acerbus
598 3179 670 3232 sis
695 3177 879 3246 judex.
908 3175 1159 3243 Alioquin
1190 3182 1366 3227 autem
1392 3187 1495 3225 non
1527 3170 1594 3224 de
1622 3168 1825 3238 magnis
1852 3183 1939 3221 re-

355 3273 452 3325 bus
476 3279 566 3325 aut
589 3269 894 3340 prohibitis,
927 3266 1134 3330 utdixi,
1166 3264 1258 3318 sed
1282 3265 1349 3318 de
1381 3265 1443 3317 iis
1472 3279 1589 3332 quae
1623 3277 1726 3313 non
1761 3259 1945 3313 viden-

356 3374 441 3416 tur
462 3378 583 3416 esse
603 3361 850 3423 crimina,
883 3358 986 3411 hoc
1011 3357 1214 3410 dictum
1246 3355 1361 3408 fuit.
1397 3353 1754 3420 Quamobrem
1793 3349 1942 3403 dice-

357 3457 442 3508 bat
472 3472 486 3508 ε
514 3454 568 3507 '5.
594 3451 730 3518 Quid
745 3451 882 3504 uides
899 3453 1142 3518 festucam
1157 3448 1211 3499 in
1228 3447 1372 3500 oculo
1394 3447 1567 3514 fratris
1599 3446 1671 3496 tui
1692 3446 1717 3496 Ρ
1739 3444 1942 3496 Etenim

358 3544 507 3598 multi
558 3557 702 3597 nunc
745 3541 797 3594 id
843 3540 1078 3603 faciunt,
1130 3538 1219 3607 qui
1267 3537 1312 3591 si
1351 3537 1579 3590 viderint
1623 3534 1944 3589 monachum

357 3633 626 3701 superfluo
681 3631 874 3685 vestitu
935 3629 1175 3683 indutum
1209 3668 1222 3692 ,
1274 3628 1443 3697 legem
1503 3626 1575 3681 illi
1624 3626 1946 3680 dominicam

357 3725 648 3793 objiciunt,
678 3722 804 3777 licet
829 3721 927 3790 ipsi
954 3719 1114 3774 millia
1144 3720 1443 3786 abripiant,
1495 3733 1558 3771 ac
1599 3716 1839 3782 quotidie
1868 3717 1950 3770 di-

357 3818 513 3871 vitias
552 3813 937 3869 accumulent:
978 3821 1034 3866 et
1077 3811 1122 3865 si
1163 3809 1391 3865 viderint
1416 3810 1645 3878 largiore
1689 3809 1766 3863 uti
1792 3808 1945 3872 cibo,

357 3906 536 3962 acerbi
564 3907 764 3960 instant
790 3911 1149 3964 accusatores,
1184 3901 1309 3955 licet
1328 3901 1564 3970 quotidie
1591 3901 1687 3970 ipsi
1716 3899 1949 3968 crapulae.

357 4007 412 4050 et
436 3995 678 4051 ebrietati
710 3994 838 4048 dent
857 4007 1095 4061 Operam,
1126 3992 1433 4062 ignorantes
1466 4007 1525 4046 se
1560 3992 1791 4060 propriis
1811 4006 1949 4044 ouu-

358 4098 471 4141 stos
501 4085 751 4156 peccatis,
790 4083 1047 4151 majorem
1087 4081 1210 4136 hinc
1236 4082 1335 4137 sibi
1359 4083 1532 4152 ignem
1568 4081 1820 4151 colligere
1844 4123 1858 4143 ,
1889 4097 1952 4136 ac

359 4195 480 4234 sese
507 4179 653 4232 omni
688 4177 1030 4234 excusatione
1057 4176 1286 4245 privare.
1321 4175 1469 4241 Quod
1512 4177 1651 4228 etaim
1680 4187 1764 4228 tua
1797 4189 1954 4227 accn-

361 4284 476 4328 rate
503 4273 610 4328 sint
649 4270 1032 4334 examinanda,
1067 4279 1122 4324 tu
1149 4270 1296 4338 prius
1327 4267 1464 4323 hanc
1490 4268 1660 4338 legem
1693 4268 1910 4336 posuisti
1933 4309 1949 4328 ,

359 4379 480 4418 eum
511 4363 581 4417 ita
599 4363 666 4416 de
686 4361 928 4431 proximo
950 4369 1041 4414 tuo
1055 4361 1321 4430 judicasti.
1347 4358 1420 4413 Nc
1448 4359 1624 4427 itaque
1647 4358 1770 4411 illud
1792 4374 1953 4428 grave

361 4469 488 4510 esse
529 4455 842 4516 existimes,
886 4453 931 4506 si
978 4453 1114 4507 tales
1145 4462 1199 4506 et
1243 4452 1355 4520 ipse
1395 4467 1582 4520 ptenas
1608 4451 1828 4504 daturus
1855 4452 1948 4505 sis.

363 4549 416 4601 5.
459 4545 775 4616 Hypocrita,
825 4544 950 4613 ejice
998 4544 1160 4612 primo
1192 4545 1379 4596 trabem
1410 4558 1472 4595 ea‘
1520 4544 1666 4594 oculo
1697 4551 1802 4594 tuo.
1858 4543 1953 4596 llic

366 4643 501 4693 iram
541 4639 655 4692 vult
699 4637 953 4692 exhibere
992 4637 1308 4706 plurimam,
1357 4653 1514 4706 quant
1553 4637 1787 4704 concipit
1826 4652 1951 4706 erga

366 4730 483 4783 iilos
523 4728 612 4797 qui
662 4727 751 4780 tali
798 4742 857 4782 se
897 4734 1088 4794 gerunt
1129 4725 1308 4780 modo.
1341 4726 1472 4779 Nam
1517 4729 1956 4796 quotiescumque

364 4822 478 4874 vult
514 4818 797 4872 ostendere
837 4832 1082 4886 magnum
1131 4832 1249 4871 esse
1284 4826 1555 4882 peccatum
1578 4859 1594 4881 ,
1629 4817 1953 4884 multamque

367 4924 580 4978 plenam
608 4919 662 4961 et
689 4909 941 4961 ultionem
977 4908 1073 4976 ipsi
1106 4917 1362 4975 paratam,
1395 4923 1424 4959 a
1455 4907 1695 4961 convicio
1723 4907 1950 4961 orditur.

365 4997 831 5067 Quemadmodum
870 5008 922 5050 et
947 5007 1130 5051 contra
1161 4996 1308 5050 illum
1335 4998 1422 5064 qui
1458 5009 1674 5050 centum
1704 4998 1956 5051 denarios

366 5093 647 5159 exigebat,
683 5090 968 5156 indignans
1013 5088 1222 5141 (licebat
1271 5106 1283 5139 :
1330 5087 1484 5140 Serve
1532 5104 1760 5156 nequam,
1812 5105 1957 5140 omne

368 5181 591 5233 debitum
610 5179 742 5232 illud
783 5179 954 5231 dimisi
993 5179 1081 5232 tibi
1112 5179 1330 5246 (Matth.
1371 5180 1452 5232 l8.
1481 5178 1550 5233 52
1578 5181 1593 5246 )
1623 5199 1637 5233 :
1669 5182 1746 5234 sic
1775 5189 1828 5235 et
1858 5182 1953 5236 hoc

371 5277 490 5326 ioco
539 5272 694 5336 dicit,
748 5270 1047 5340 Hypocrita.
1096 5271 1210 5326 Non
1255 5273 1395 5327 enim
1441 5288 1620 5326 coram
1660 5277 1794 5341 :equi
1844 5275 1956 5330 ltzec

370 5365 634 5418 sententia
684 5365 930 5424 exhibet,
981 5364 1075 5418 sed
1124 5365 1605 5429 inhumanitatem;
1658 5378 1711 5421 et
1754 5369 1953 5423 larvam

369 5455 584 5522 quidem
618 5454 965 5509 humanitatis
991 5470 1100 5518 pne
1131 5471 1189 5509 se
1212 5454 1333 5519 fert,
1368 5471 1663 5511 ex.remam
1700 5475 1824 5513 vero
1866 5477 1957 5515 ne-

371 5545 592 5614 qu;tiam
634 5557 883 5604 exercet.
931 5546 1055 5599 dum
1087 5545 1352 5614 superflua
1402 5548 1646 5614 proximo
1671 5551 1957 5619 opprobria

370 5645 531 5704 atque
571 5634 792 5689 crimina
841 5635 1064 5703 affingit,
1113 5646 1166 5690 et
1215 5637 1390 5689 iocum
1436 5638 1670 5707 magistri
1715 5641 1953 5707 invadit,

371 5729 459 5797 qui
525 5742 630 5780 non
675 5728 865 5798 dignus
925 5740 1006 5782 est
1052 5744 1171 5783 esse
1220 5729 1508 5797 discipulus
1551 5747 1563 5784 :
1607 5734 1953 5800 quamobrem

373 5820 703 5888 hypocritam
737 5821 884 5873 illuni
908 5821 1133 5873 vocavit.
1165 5819 1292 5873 Nam
1317 5822 1404 5888 qui
1437 5823 1485 5874 in
1508 5823 1696 5878 alienis
1719 5823 1787 5879 ita
1817 5841 1957 5881 acer-

439 5930 452 5960 ¹
492 5927 600 5985 Alii,
624 5943 840 5988 umquam
866 5927 957 5979 sibi
975 5930 1120 5981 rmitc
1143 5930 1458 5992 largitionem.

1295 488 1362 545 lN
1398 483 1801 544 ΜΑττιιεωι
1845 478 2074 538 llObilL.
2119 477 2286 534 XXlll
2335 481 2406 533 al.
2452 478 2639 534 XXIV.

3537 482 3639 535 3l0

2041 595 2140 650 bus
2165 610 2240 654 es.
2289 604 2344 648 ut
2372 595 2533 650 etiam
2575 595 2762 665 exigua
2791 595 3006 659 videas,
3038 598 3308 664 quomodo
3352 598 3402 651 in
3433 599 3542 652 tuis
3569 601 3639 653 ita

2039 686 2311 757 negligens
2339 685 2506 752 fuisti,
2542 697 2599 742 ut
2623 689 2784 742 etiam
2808 704 2998 759 magna
3021 701 3417 746 trauscurreres
3443 692 3468 744 ?
3494 690 3643 762 Ejire

2041 782 2258 846 primum
2305 779 2496 834 trabem
2527 781 2591 834 de
2619 783 2768 835 oculo
2795 791 2901 835 tua.
2947 781 3134 837 Vitlcn‘
3158 782 3300 851 quod
3347 798 3451 838 non
3495 791 3640 839 vetet

2033 872 2295 938 judicare,
2325 875 2419 926 sed
2446 873 2634 939 jubeat
2660 874 2890 942 primum
2923 874 3122 943 ejicere
3152 875 3358 930 trabem
3388 891 3454 928 ex
3482 873 3640 928 oculo

2038 973 2151 1027 tuo,
2181 972 2235 1018 et
2265 973 2392 1018 tunc
2434 965 2661 1019 aliorum
2686 974 2863 1020 errata
2889 966 3180 1035 corrigere.
3213 965 3344 1019 Nam
3366 981 3465 1021 sua
3492 968 3644 1036 quis-

2038 1070 2144 1122 que
2174 1054 2344 1123 magis
2391 1055 2536 1108 novit
2569 1071 2728 1122 quam
2770 1056 2944 1110 aliena
2966 1099 2981 1121 ,
3017 1067 3073 1110 et
3117 1055 3320 1125 majora
3352 1057 3495 1110 videt
3522 1056 3642 1124 plus

2039 1159 2196 1213 quam
2228 1146 2468 1209 minora,
2510 1162 2676 1216 seque
2719 1146 2889 1217 magis
2935 1158 3080 1201 amat
3109 1163 3269 1217 quam
3311 1149 3637 1218 proximmn.

2041 1234 2223 1305 Itaque
2246 1237 2290 1290 si
2311 1252 2494 1291 curam
2518 1252 2712 1308 gerens
2739 1239 2790 1293 id
2825 1238 2978 1305 facis,
3008 1241 3080 1293 tui
3108 1256 3290 1295 curam
3315 1257 3439 1305 cere
3467 1244 3635 1311 prius,

2041 1329 2130 1382 ubi
2157 1338 2211 1382 et
2232 1330 2427 1383 clarius
2451 1339 2506 1384 et
2551 1329 2724 1400 majus
2750 1338 2833 1385 est
2864 1340 3162 1400 peccatum.
3195 1331 3346 1397 Quod
3372 1333 3415 1385 si
3448 1335 3639 1386 leniet-

2040 1425 2211 1492 ipsum
2253 1423 2552 1477 contemnis
2576 1465 2590 1486 ,
2624 1425 2798 1490 palam
2849 1410 2948 1478 est'
2985 1433 3039 1479 te
3082 1440 3187 1479 non
3220 1423 3341 1479 ideo
3368 1427 3439 1480 de
3477 1426 3641 1480 fratre

2042 1524 2130 1568 tuo
2153 1515 2397 1584 judicare
2416 1557 2431 1578 ,
2475 1516 2616 1585 quod
2643 1517 2758 1585 ejus
2789 1532 2972 1572 curam
2997 1532 3154 1587 geras
3176 1557 3190 1580 ,
3223 1518 3318 1572 sed
3343 1519 3486 1586 quod
3514 1517 3640 1571 odio

2043 1609 2241 1663 habeas
2283 1621 2337 1663 et
2372 1609 2652 1668 dlll‘amare
2689 1610 2842 1663 velis.
2883 1610 2937 1665 Si
2969 1611 3112 1665 enint
3155 1620 3403 1680 Oporteat
3431 1610 3501 1664 de
3548 1611 3639 1662 illo

2035 1700 2282 1769 judicari,
2334 1699 2403 1752 ab
2447 1717 2512 1754 eo
2542 1700 2803 1769 judicium
2856 1700 3163 1769 ferendum
3219 1705 3308 1770 qui
3361 1700 3491 1760 nihil
3535 1702 3639 1754 tale

2039 1794 2346 1860 commisit,
2390 1809 2494 1848 non
2543 1809 2572 1848 a
2622 1805 2692 1848 te.
2731 1794 2864 1861 Quia
2905 1795 3047 1849 enim
3090 1811 3280 1866 magna
3310 1803 3363 1849 et
3391 1795 3640 1851 sublimia

2040 1887 2220 1956 posuit
2244 1885 2595 1956 phil050phia:
2635 1888 2914 1958 dOgmata,
2949 1903 3016 1942 ne
3043 1890 3162 1959 quis
3191 1889 3425 1953 diceret,
3456 1889 3507 1943 in
3537 1889 3640 1942 illis

2040 1993 2290 2033 sermone
2333 1977 2704 2048 philosophari
2738 1979 2895 2034 facile
2921 1997 3042 2034 esse
3063 2022 3078 2046 ,
3111 1990 3167 2033 ut
3204 1979 3431 2035 fidenter
3459 1991 3641 2035 osten-

2041 2071 2163 2137 dat,
2198 2087 2257 2127 se
2282 2072 2334 2125 in
2363 2088 2523 2143 supra
2551 2071 2816 2127 dictorum
2847 2073 2994 2127 nullo
3015 2075 3208 2127 rationi
3235 2061 3520 2129 reddendte
3543 2072 3642 2126 ob-

2043 2164 2261 2217 noxium
2284 2178 2404 2218 esse
2429 2205 2444 2229 ,
2472 2164 2564 2218 sed
2589 2165 2768 2218 omnia
2795 2165 3090 2236 perfecisse
3125 2166 3299 2220 :banc
3328 2165 3635 2234 parabolam

2040 2253 2199 2309 dixit.
2251 2254 2383 2309 Nam
2436 2256 2551 2323 ipse
2592 2271 2806 2326 quoque
2859 2267 3042 2327 postea
3084 2267 3199 2312 erat
3244 2257 3581 2327 judicatnrus
3624 2275 3636 2309 :

2052 2347 2139 2401 Va:
2157 2349 2311 2414 vobis,
2329 2349 2508 2402 scriba
2524 2359 2569 2402 et
2595 2348 2848 2402 Pharisa’i
2868 2349 3146 2420 hypocrin
3170 2349 3253 2420 (51
3259 2352 3386 2404 atth.
3409 2350 3498 2404 ‘23.
3522 2351 3583 2403 Η
3597 2350 3638 2417 ),

2044 2437 2214 2508 inquit
2243 2455 2257 2501 ;
2288 2448 2339 2492 at
2371 2439 2461 2492 ille
2489 2455 2594 2493 non
2618 2449 2734 2493 erat
2774 2440 2898 2505 illis,
2930 2457 3049 2510 quze
3075 2442 3306 2501 dicebat.
3336 2441 3637 2496 obnoxius:

2044 2543 2216 2590 neque.
2244 2529 2384 2582 enim
2414 2527 2674 2583 festucam
2703 2531 2951 2598 ejecerat,
2997 2547 3169 2601 neque
3197 2531 3401 2587 trabem
3434 2532 3484 2585 in
3514 2546 3642 2584 ocu-

2043 2620 2110 2674 lis
2144 2621 2374 2676 habebat
2408 2640 2422 2685 ;
2457 2622 2550 2675 sed
2583 2623 2633 2676 in
2665 2623 2748 2675 bis
2777 2622 3026 2677 omnibus
3056 2623 3240 2678 insons
3267 2637 3312 2678 et
3347 2640 3534 2692 purus,
3565 2623 3642 2677 sic

2043 2716 2282 2769 omnium
2324 2724 2540 2783 peccata
2581 2715 2902 2785 corrigebat.
2935 2715 3118 2786 Neque
3144 2718 3286 2770 enim
3317 2717 3477 2770 dcth
3504 2717 3546 2768 is
3574 2715 3645 2769 de

2043 2807 2252 2859 c:eteris
2291 2804 2552 2873 judicare,
2577 2807 2666 2877 qui
2695 2806 2883 2860 iisdem
2914 2808 3083 2877 culpis
3115 2809 3228 2876 ipse
3254 2809 3324 2865 sit
3352 2809 3634 2863 obnoxius.

2050 2900 2115 2952 Et
2144 2898 2270 2968 quid
2300 2899 2532 2961 miraris,
2561 2900 2604 2953 si
2634 2899 2768 2953 hanc
2802 2900 2916 2968 ipse
2940 2901 3108 2968 legem
3141 2903 3398 2970 posuerit,
3431 2901 3646 2971 quando

2047 2993 2184 3044 latro
2217 2991 2267 3042 in
2297 3004 2457 3044 cruce
2507 2990 2676 3058 ipsam
2708 2992 2956 3059 agnovit,
2985 3006 3104 3044 cum
3137 2990 3294 3045 aiteri
3330 2993 3520 3046 latroni
3555 2993 3641 3044 rli-

2046 3093 2194 3135 ceret
2223 3099 2236 3136 :
2270 3080 2450 3149 Neque
2484 3092 2538 3134 tu
2564 3083 2708 3135 times
2752 3083 2912 3136 Deum
2947 3099 2964 3136 :
2990 3085 3126 3154 quod
3154 3063 3255 3137 nos.
3270 3085 3321 3137 in
3351 3085 3528 3137 eadem
3551 3086 3648 3137 da-

2050 3175 2304 3226 unctione
2321 3190 2496 3228 sumus
2518 3172 2671 3246 (Luc.
2692 3174 2782 3228 2'5.
2815 3174 2904 3242 60)
2938 3193 2950 3227 :
2979 3173 3179 3228 Christi
3210 3178 3488 3230 sententia:
3511 3193 3646 3231 cou-

2047 3281 2178 3319 sona
2209 3267 2440 3320 dicens?
2482 3267 2560 3319 'l'u
2596 3282 2724 3320 vero
2768 3267 2970 3320 trabem
3013 3277 3156 3320 tuam
3200 3284 3305 3320 non
3348 3270 3507 3321 modo
3540 3285 3646 3323 non

2046 3359 2229 3428 ejicis,
2278 3358 2370 3412 sed
2415 3372 2483 3412 ne
2523 3358 2672 3411 vides
2715 3358 2932 3427 quidem
2963 3375 2976 3423 ;
3006 3357 3185 3411 fratris
3233 3375 3362 3413 vero
3393 3361 3648 3415 festucam

2051 3465 2155 3503 non
2188 3450 2348 3503 modo
2377 3449 2558 3513 vides,
2590 3450 2682 3504 sed
2715 3450 2946 3519 judicas,
2993 3450 3242 3520 illamque
3274 3452 3468 3520 ejicere
3488 3467 3651 3506 cona-

2053 3542 2126 3593 ris
2158 3559 2168 3592 :
2200 3555 2259 3593 ac
2298 3541 2339 3594 si
2373 3541 2493 3610 quis
2523 3551 2612 3604 aut,
2640 3541 2933 3612 bydropisi,
2968 3551 3062 3596 aut
3085 3543 3189 3597 alio
3219 3545 3406 3597 morbo
3434 3545 3651 3598 incura-

2053 3631 2143 3684 bili
2167 3631 2455 3686 admodum
2499 3633 2784 3698 laborans,
2814 3633 2866 3687 id
2900 3634 3193 3704 negligeret
3215 3673 3230 3695 ,
3276 3636 3652 3706 incusaretque.

2052 3724 2211 3776 aiium
2241 3725 2330 3793 qui
2364 3725 2534 3778 levem
2572 3727 2805 3795 aliquem
2851 3735 3116 3782 tumorem
3159 3743 3264 3782 non
3304 3740 3539 3784 ctu-aret.
3594 3730 3649 3784 Si

2055 3833 2184 3872 vero
2221 3819 2419 3872 malum
2460 3828 2544 3873 est
2573 3835 2665 3873 sua
2708 3829 2925 3889 peccata
2956 3835 3062 3873 non
3089 3821 3300 3884 videre,
3331 3821 3524 3891 duplex
3559 3823 3654 3874 tri~

2055 3915 2285 3982 plexque
2308 3915 2503 3968 malum
2534 3924 2616 3966 est
2644 3914 2714 3969 de
2743 3915 2866 3968 aliis
2885 3913 3127 3982 judicare
3147 3929 3261 3976 eos,
3287 3916 3374 3984 qui
3399 3917 3514 3968 sine
3543 3916 3655 3969 ullo

2055 4005 2254 4058 doloris
2283 4020 2442 4060 sensu
2477 4007 2657 4060 trabes
2685 4007 2736 4060 in
2775 4007 2944 4060 oculis
2969 4005 3083 4060 suis
3105 4017 3337 4075 gestant.
3368 4006 3654 4063 Peccatum

2055 4099 2250 4166 quippe
2273 4097 2421 4152 trabe
2445 4100 2660 4166 gravius
2688 4109 2789 4152 est.

2129 4193 2180 4245 5.
2223 4188 2454 4244 Christus
2484 4209 2583 4243 non
2611 4200 2738 4243 vetat
2771 4192 2901 4244 alios
2942 4208 3184 4262 arguere,
3215 4193 3303 4246 sed
3332 4195 3453 4261 quid
3482 4204 3610 4246 vetat
3628 4194 3654 4247 ?

2060 4282 2375 4352 Explanatio
2426 4282 2585 4342 illius,
2614 4281 2787 4336 Nolite
2842 4283 2971 4337 dare
3022 4295 3205 4338 sancta
3255 4287 3510 4352 canibus,
3552 4300 3652 4340 etc.

2061 4375 2308 4445 Mysteria
2349 4389 2442 4427 cur
2468 4374 2649 4442 januis
2686 4374 2876 4428 clausis
2902 4374 3289 4429 celebrarentur.
3326 4407 3393 4416 —
3415 4377 3525 4431 lloc
3553 4378 3654 4446 ἱείσ-

2062 4478 2145 4520 tur
2173 4483 2268 4536 per
2294 4481 2353 4520 ea
2383 4482 2504 4534 qua:
2533 4465 2675 4531 dicta
2705 4475 2828 4520 sunt
2859 4469 3113 4537 praecepit
3136 4510 3148 4531 ,
3190 4485 3386 4538 neuqe
3412 4486 3533 4524 eum
3563 4472 3653 4537 qui

2060 4560 2329 4613 Sexcentis
2360 4557 2504 4610 vitiis
2534 4557 2597 4610 sit
2630 4556 2915 4622 obnoxius,
2943 4559 3135 4613 aliena:
3164 4561 3335 4630 culpae
3360 4578 3464 4614 non
3496 4578 3654 4617 sevc-

2062 4669 2177 4707 rutu
2207 4667 2328 4707 esse
2360 4651 2597 4720 judicent
2631 4662 2902 4719 oportere,
2936 4653 2978 4704 si
3014 4654 3244 4707 maxime
3271 4655 3500 4708 aliorum
3527 4672 3655 4724 pec-

2060 4756 2177 4799 cata
2203 4745 2458 4799 sintlevia
2496 4761 2507 4797 :
2543 4759 2646 4796 non
2671 4743 2813 4814 quod
2843 4754 2986 4798 vetet
3016 4762 3240 4815 arguere
3257 4757 3310 4800 et
3345 4748 3652 4809 emendare,

2060 4837 2154 4892 sed
2185 4835 2325 4904 quod
2361 4833 2637 4902 prohibeat
2666 4836 2877 4903 propria
2914 4837 3049 4890 mala
3076 4840 3365 4905 negligere,
3393 4849 3444 4892 et
3467 4840 3659 4894 alienis

2062 4931 2333 4987 insultare.
2363 4928 2574 4984 Etenim
2609 4930 2735 4982 illud
2770 4931 2820 4983 in
2858 4947 3106 5000 magnum
3133 4943 3376 4999 vergeret
3406 4934 3658 5002 nequitia:

2061 5030 2424 5092 augmentum,
2459 5020 2838 5090 duplicemque
2879 5022 3156 5076 inveberet
3203 5025 3480 5079 malitiam.
3523 5025 3656 5079 Nam

2062 5114 2148 5182 qui
2176 5113 2408 5181 peccatis
2429 5112 2560 5172 suis,
2591 5112 2690 5163 etsi
2720 5113 2990 5180 gravibus,
3025 5115 3302 5183 neglectis,
3330 5115 3558 5171 aliorum
3583 5119 3658 5169 vi-

2065 5208 2133 5256 tia
2185 5219 2344 5272 parva
2397 5204 2638 5272 ltitiaqnc
2685 5206 2932 5257 aterbius
2982 5205 3248 5260 discutere
3299 5208 3571 5271 studeret,
3606 5213 3657 5264 in

2063 5295 2328 5362 duplicem
2374 5295 2670 5348 incurreret
2701 5295 2872 5348 labem
2900 5315 2914 5358 ;
2943 5308 2990 5350 et
3018 5298 3157 5366 quod
3197 5300 3411 5369 propria
3440 5315 3656 5370 peccata

2065 5386 2359 5454 negligeret
2407 5393 2883 5454 contctnneretque
2909 5431 2923 5448 ,
2957 5396 3010 5440 et
3039 5388 3180 5456 quod
3212 5391 3451 5444 omnium
3483 5392 3660 5446 olleu-

2063 5481 2268 5530 sionem
2326 5476 2767 5544 iuimicitiamque
2819 5478 2870 5529 in
2922 5493 2981 5532 se
3029 5481 3353 5540 concitaret.
3400 5492 3563 5553 atque
3607 5487 3658 5540 in

2064 5576 2358 5619 extremam
2396 5565 2837 5621 iulnunanitatem
2873 5567 3246 5640 feritatemque
3267 5575 3507 5644 quotidie
3539 5594 3660 5645 pro.

2063 5656 2297 5709 cederet.
2350 5655 2443 5708 llis
2474 5658 2652 5724 itaque
2693 5659 2941 5712 omnibus
2971 5677 3066 5728 per
3097 5662 3232 5717 hanc
3266 5667 3542 5733 pulchram
3587 5670 3661 5724 le-

2062 5761 2182 5813 gem
2214 5746 2457 5808 sublatis,
2491 5747 2593 5800 hoc
2616 5748 2757 5802 aliud
2784 5751 3053 5819 subjungit
3086 5766 3405 5825 praeceptum
3433 5775 3444 5810 :
3475 5760 3528 5813 6.
3559 5759 3658 5814 No-

2066 5845 2152 5892 lite
2192 5849 2368 5890 sancta
2397 5840 2521 5892 dare
2551 5841 2761 5894 canibus
2783 5883 2796 5903 ,
2837 5859 2996 5910 neque
3040 5847 3323 5915 proﬁciatis
3354 5835 3658 5922 margaritas

2065 5940 2252 5984 τίθεσαι
2277 5938 2392 5983 ante
2417 5946 2599 5999 porcos
2625 5931 2642 6000 (
2668 5930 2852 5986 Matth.
2893 5935 2975 5989 l0.
3010 5937 3078 5990 ‘27
3099 5938 3135 6006 ).
3163 5940 3319 6006 Atqui
3353 5946 3401 5997 in
3431 5960 3664 6014 sequen-
