4094 6480
530 460 627 515 BH

529 576 671 632 tibus
693 614 709 639 ,
740 569 944 642 inquies
971 609 986 633 ,
1028 565 1304 639 praecipit,
1341 561 1409 618 Et
1433 561 1565 631 quod
1600 561 1655 614 in
1697 573 1824 613 aure
1861 554 2048 609 auditis
2071 594 2088 619 ,

527 665 798 738 pradicate
813 676 968 732 super
991 666 1140 714 tecta.
1173 656 1366 712 Verum
1393 653 1494 708 hoc
1526 648 1687 722 priori
1723 661 1828 701 non
1859 653 1940 702 est
1962 658 2096 698 con-

475 752 479 755 ’
527 733 770 811 trarium.
819 752 1000 823 Neque
1036 749 1144 804 illic
1183 746 1433 803 omnibus
1469 743 1621 811 jubet
1662 738 1970 808 praedicare,
2001 733 2096 789 sed

529 849 594 902 iis
629 848 822 918 quibus
851 841 1244 916 praedicandum
1275 847 1387 904 est,
1429 852 1546 891 cum
1574 833 1764 889 ﬁducia
1807 830 1859 886 id
1897 826 2095 883 facere.

526 939 700 994 Canes
727 945 900 992 autem
931 935 1016 990 hic
1038 940 1190 989 vocat
1210 931 1297 1002 qui
1326 931 1378 984 in
1408 928 1679 997 impietate
1705 922 1866 978 vitam
1898 919 2100 976 ducunt

529 1029 822 1090 iucurahili,
850 1037 905 1082 et
939 1025 990 1080 in
1017 1024 1207 1093 quibus
1234 1037 1357 1091 spes
1392 1021 1535 1074 nulla
1561 1016 1870 1073 mutationis
1906 1018 1962 1069 lu
1994 1026 2102 1068 me-

527 1125 651 1178 lius.
698 1120 898 1174 Porcus
935 1132 1060 1171 vero
1090 1115 1208 1168 illos
1236 1113 1324 1182 qui
1355 1111 1566 1165 luxuria
1599 1108 1854 1176 perditam
1885 1119 2100 1174 semper

527 1213 688 1266 vitam
719 1219 902 1279 agunt,
931 1221 1065 1275 quos
1086 1218 1275 1258 attines
1300 1198 1600 1271 bujusmodi
1624 1198 1862 1254 doctrina
1891 1195 2103 1252 dicebat

529 1303 790 1372 indignos.
825 1299 935 1353 lloc
965 1298 1104 1353 enim
1135 1297 1294 1351 etiam
1335 1293 1528 1350 Paulus
1561 1290 1822 1362 signiﬁcat
1858 1288 1941 1344 bis
1977 1303 2101 1344 ver-

530 1395 608 1448 bis
638 1415 652 1447 :
689 1391 937 1445 Animalia
964 1399 1134 1442 autem
1177 1388 1324 1442 homo
1349 1403 1448 1439 non
1487 1385 1698 1453 percipit
1738 1399 1798 1435 ea
1833 1396 1946 1452 qua
1973 1379 2100 1448 Spi—

529 1484 654 1536 ritus
681 1491 798 1535 sunt
824 1498 843 1536 :
876 1481 1089 1534 stultitia
1115 1478 1246 1531 enim
1278 1487 1350 1530 est
1373 1477 1456 1547 illi
1483 1476 1559 1545 (1.
1585 1475 1700 1528 Cor.
1728 1473 1783 1526 2.
1817 1473 1929 1542 Η).
1962 1469 2098 1524 Alibi

528 1588 739 1643 quoque
780 1586 922 1638 Stepe
964 1569 1094 1622 dicit
1135 1568 1258 1622 vita:
1295 1565 1688 1634 corruptionem
1719 1563 1772 1616 in
1799 1576 1956 1616 causa
1983 1574 2102 1614 esse

529 1681 624 1718 cur
647 1663 956 1733 perfectiora
976 1660 1220 1729 dogmata
1253 1672 1356 1712 non
1388 1655 1726 1724 recipiantur.
1759 1652 1934 1720 Quare
1956 1657 2103 1705 vetat

532 1759 658 1826 ipsis
697 1758 886 1825 januas
920 1752 1111 1822 aperiri
1147 1749 1444 1820 :siquidem
1482 1756 1755 1816 postquam
1788 1742 2100 1809 didicerint,

534 1849 820 1908 ferociores
871 1845 1122 1901 evadunt.
1170 1842 1294 1898 llaec
1349 1840 1560 1911 quidem
1607 1837 1784 1908 probis
1823 1851 1886 1891 ac
1925 1844 2103 1890 mente

537 1939 830 1995 valentibus
853 1938 1082 1993 revelata
1103 1978 1117 2001 ,
1150 1932 1450 1990 veneranda
1477 1931 1724 1986 videntur
1755 1946 1768 1982 :
1795 1926 2104 1982 socordibus

533 2047 658 2085 vero
689 2031 854 2101 magis
885 2030 1211 2084 honorantur
1242 2026 1498 2095 ignorata.
1537 2021 1604 2076 lis
1644 2021 1801 2091 igitur
1836 2017 1957 2089 quia
1998 2031 2104 2071 non

535 2130 755 2190 possunt
778 2136 846 2176 ex
886 2129 1071 2174 natura
1108 2118 1197 2172 illa
1229 2116 1488 2179 ediscere,
1519 2113 1871 2175 occultantur,
1915 2106 2103 2177 inquit,

534 2224 591 2270 ut
625 2217 809 2270 saltem
832 2229 900 2269 ex
926 2211 1223 2282 ignorantia
1250 2208 1338 2263 illa
1362 2215 1725 2262 revereantur.
1755 2202 1935 2270 Neque
1961 2198 2103 2254 enim

533 2322 725 2377 porcus
749 2305 891 2362 novit
933 2305 1057 2374 quid
1085 2306 1154 2358 sit
1192 2299 1494 2370 margarita.
1523 2297 1653 2364 Quia
1682 2295 1839 2365 igitur
1878 2308 1981 2347 non
2007 2305 2101 2344 no-

535 2399 628 2460 vit,
652 2412 719 2451 ne
739 2396 912 2452 videat
934 2393 1170 2464 quidem,
1201 2406 1268 2447 ne
1289 2388 1564 2444 conculcet
1587 2402 1648 2442 ea
1671 2401 1789 2456 qua:
1816 2399 1921 2438 non
1940 2381 2105 2436 novit.

535 2487 674 2542 Nihil
703 2487 842 2541 enim
872 2485 1073 2539 accedit
1099 2485 1161 2537 iis
1182 2481 1272 2552 qui
1308 2482 1377 2534 ita
1415 2491 1537 2534 sunt
1566 2475 1738 2532 affecti
1777 2476 1819 2528 si
1854 2473 2108 2537 audiant,

538 2581 638 2634 nisi
669 2578 842 2648 majus
882 2577 1156 2632 damnum.
1206 2574 1413 2628 Etenim
1448 2579 1631 2624 sancta
1659 2569 1728 2622 ab
1754 2567 1818 2621 iis
1846 2575 2112 2620 temeran-

537 2682 649 2734 tur,
687 2678 871 2739 utpote
910 2668 999 2722 illa
1029 2665 1389 2737 ignorantibus
1420 2680 1432 2714 :
1463 2673 1516 2716 et
1547 2660 1644 2728 ipsi
1669 2659 1896 2714 ferocius
1924 2665 2108 2715 contra

538 2777 636 2816 nos
667 2763 947 2831 insurgunt
971 2756 1179 2810 armati.
1214 2754 1323 2809 Hoc
1354 2754 1495 2808 enim
1528 2748 1788 2821 signiﬁcat
1817 2748 1942 2802 illud
1978 2765 1991 2800 :
2028 2746 2112 2799 Ne

537 2853 826 2913 wnculcent
851 2868 956 2916 eas,
981 2860 1031 2905 et
1053 2851 1280 2903 conversi
1306 2847 1600 2914 dirumpunt
1626 2859 1733 2898 vos.
1770 2842 1874 2897 Sed
1904 2842 1972 2894 ita
2000 2839 2112 2892 lor-

540 2950 662 3001 titer
688 2946 894 3000 haerere
917 2942 1201 3004 debebant,
1227 2949 1279 2993 ut
1306 2939 1469 2994 semel
1495 2936 1682 2991 tradita
1715 2935 1904 2988 invicta
1926 2946 2113 2986 mane-

540 3045 680 3102 rent,
711 3050 810 3091 nec
829 3050 1011 3089 ansam
1040 3033 1142 3086 illis
1168 3038 1352 3087 eontra
1381 3044 1475 3084 nos
1510 3027 1829 3097 praeberent.
1852 3025 1966 3079 Non
1989 3040 2118 3094 prae.

540 3127 664 3181 bent
683 3136 862 3180 autem
883 3124 968 3177 illa
991 3135 1195 3182 ansam,
1215 3119 1306 3174 sed
1330 3119 1380 3172 hi
1402 3119 1489 3187 qui
1515 3117 1657 3186 porci
1680 3125 1835 3169 sunt:
1859 3113 2116 3185 quemad-

543 3216 753 3270 modum
775 3212 1052 3282 margarita
1072 3209 1292 3279 pedibus
1307 3207 1523 3270 calcata,
1545 3221 1648 3259 non
1665 3205 1804 3274 quod
1816 3203 2115 3274 spernenda

542 3309 611 3361 sit
651 3303 1016 3364 conculcatur,
1049 3299 1141 3355 sed
1171 3300 1290 3370 quia
1338 3299 1390 3351 in
1422 3311 1609 3366 porcos
1640 3296 1841 3350 incidit.
1874 3297 1950 3349 Ac
1992 3293 2117 3364 pul-

542 3401 669 3455 chre
693 3399 826 3453 dixit
852 3415 864 3450 :
889 3396 1124 3452 Conversi
1143 3394 1435 3462 dirumpunt
1461 3406 1564 3445 vos.
1591 3389 1900 3444 Modestiam
1922 3389 2118 3458 quippe

543 3491 828 3553 simulant,
881 3497 938 3541 ut
985 3487 1232 3549 discant;
1280 3489 1557 3552 postquam
1605 3494 1734 3536 vero
1779 3479 2114 3542 didicerunt,

546 3585 634 3638 alii
689 3599 753 3636 cx
805 3583 924 3636 aliis
973 3579 1144 3634 ed‘ecti
1201 3575 1425 3630 illudunt
1478 3573 1666 3637 nobis,
1731 3572 2014 3626 traducunt
2066 3578 2122 3622 et

549 3676 768 3731 irrident
815 3688 912 3728 nos
953 3671 1104 3743 quasi
1149 3667 1420 3737 deceptos.
1452 3665 1678 3733 Ideoque
1719 3663 1912 3717 Paulus
1943 3660 2123 3715 Timo-

549 3769 672 3821 theo
718 3765 927 3820 dicebat
975 3779 988 3816 :
1043 3761 1202 3826 Quem
1233 3770 1279 3814 et
1323 3769 1379 3812 tu
1426 3757 1636 3811 devita:
1683 3755 1831 3807 valde
1869 3753 2000 3806 enim
2040 3767 2123 3804 re-

546 3859 669 3911 stitit
719 3856 879 3910 verbis
934 3842 1116 3907 nostris
1163 3849 1277 3924 (2.
1333 3846 1469 3904 Tim.
1528 3848 1581 3901 4.
1625 3842 1775 3917 15);
1833 3856 2124 3910 rursusque

548 3950 693 4011 alibi,
726 3947 792 4002 Et
817 3947 907 4000 hos
933 3944 1094 3997 devita
1120 3942 1195 4009 (2.
1229 3939 1359 3993 Tim.
1396 3940 1448 3994 ὅ.
1480 3939 1569 4006 51;
1599 3946 1672 4001 et,
1707 3934 2010 3989 "creticum
2031 3934 2125 3984 lio-

552 4044 734 4096 minem
763 4049 873 4110 post
900 4053 1054 4091 unam
1078 4045 1122 4090 et
1160 4035 1373 4087 alteram
1397 4030 1782 4083 admonitionem
1809 4025 1973 4079 devita
1992 4023 2120 4093 (Tit.

547 4134 603 4187 3.
635 4131 744 4201 l0).
777 4129 890 4184 Non
918 4128 1076 4198 igitur
1101 4124 1169 4179 ab
1195 4123 1299 4178 illis
1319 4130 1613 4183 armantur,
1645 4117 1740 4173 sed
1764 4131 1948 4172 eorum
1973 4128 2127 4169 occa-

553 4226 705 4281 sione
730 4221 876 4277 stulti
912 4218 1164 4281 evadunt,
1192 4215 1382 4282 majori
1407 4211 1704 4281 arrogantia
1737 4209 1946 4279 repleti.
1973 4207 2125 4261 Ideo-

552 4332 658 4387 que
679 4331 783 4369 non
804 4326 988 4381 parum
1015 4308 1147 4362 lucri
1177 4305 1298 4360 inde
1319 4302 1541 4366 accedit,
1569 4303 1610 4353 si
1636 4301 1686 4354 in
1710 4313 1806 4353 sua
1832 4295 2128 4367 ignorantia

556 4385 848 4464 maneant:
895 4403 973 4457 sic
1001 4401 1143 4456 enim
1189 4412 1294 4451 non
1325 4397 1391 4448 ita
1425 4390 1736 4460 despiciunt.
1784 4388 1839 4444 Si
1885 4401 2010 4440 vero
2051 4385 2134 4439 di-

557 4507 728 4562 scant,
768 4496 963 4564 duplex
993 4491 1215 4560 emergit
1244 4487 1512 4542 damnum.
1562 4482 1639 4536 llli
1681 4481 1820 4535 enim
1853 4478 1974 4533 inde
2001 4477 2131 4531 nihil

559 4593 761 4645 fructus
787 4585 1107 4657 percipient:
1140 4584 1245 4636 imo
1273 4579 1436 4647 magis
1465 4574 1742 4636 nudentur,
1769 4572 1966 4640 tibique
1988 4570 2134 4625 mille

561 4683 768 4752 negotia
812 4676 1164 4732 suscitahunt.
1213 4670 1443 4725 Audiam
1481 4668 1516 4721 ii
1542 4668 1629 4735 qui
1658 4662 1995 4734 impudenter
2023 4677 2136 4715 om-

561 4775 716 4829 nibus
743 4786 801 4826 se
825 4769 1139 4829 admiscent,
1184 4773 1238 4817 et
1264 4758 1556 4815 venerande
1591 4769 1813 4826 quaeque
1838 4749 2133 4822 spernenda

561 4866 810 4921 reddunt.
857 4861 987 4917 Nam
1033 4855 1283 4930 mysteria
1324 4853 1440 4906 ideo
1470 4849 1646 4919 januis
1675 4845 1864 4900 clauSis
1897 4842 2138 4898 celebra—

565 4970 703 5023 mus,
729 4963 779 5008 et
809 4968 913 5006 non
957 4950 1187 5002 initiatos
1224 4942 1513 5011 abigimus,
1556 4952 1660 4991 non
1694 4934 1831 5004 quod
1862 4933 2139 4986 inﬁrmita-

467 5093 474 5100 .
567 5061 671 5102 tem
701 5044 979 5114 quatttdam
1010 5041 1060 5094 in
1093 5038 1194 5092 illis
1223 5031 1705 5105 deprehendamus,
1733 5025 1822 5080 sed
1845 5026 1962 5094 quia
1986 5023 2138 5076 multi

569 5113 984 5206 imperfectiores
1030 5137 1175 5191 sunt,
1208 5138 1361 5195 quam
1411 5130 1465 5174 ut
1516 5119 1646 5187 ipsis
1690 5115 1889 5183 possint
1927 5113 2136 5167 adesse.

569 5205 693 5282 ideo
730 5225 818 5278 ille
854 5221 1014 5277 multa
1056 5219 1109 5272 in
1152 5213 1412 5286 parabolis
1441 5211 1750 5279 loquebatur
1774 5205 1986 5268 Judazis,
2018 5205 2138 5274 quia

573 5318 813 5372 videntes
838 5329 942 5368 non
971 5310 1238 5365 videbant.
1264 5306 1591 5373 Quapropter
1617 5299 1810 5354 Paulus
1836 5296 2141 5365 scirejussit

572 5404 840 5476 quomodo
887 5376 1444 5466 oporteat'unicuique
1485 5388 1831 5458 respondere.
1873 5387 1902 5440 7
1959 5385 2139 5448 Petito,

575 5508 618 5550 ct
644 5496 845 5548 dabitur
873 5493 1038 5551 vobis;
1068 5489 1293 5560 quaerite,
1326 5493 1370 5539 et
1392 5481 1683 5543 invenietis;
1711 5478 1925 5547 pulsate,
1957 5485 2004 5530 et
2033 5491 2146 5545 ape-

575 5591 729 5642 rietur
749 5585 903 5640 vobis.
933 5582 1064 5650 Quia
1094 5579 1231 5636 enim
1253 5589 1438 5646 magna
1464 5583 1519 5629 et
1547 5567 1854 5626 admiranda
1877 5566 2144 5637 praecepit,

580 5676 825 5731 omnibus
858 5673 1018 5743 jussit
1045 5667 1322 5725 affectibus
1345 5679 1464 5722 esse
1515 5660 1838 5732 superiores.
1868 5657 1935 5710 ad
1978 5656 2150 5726 ipsum

579 5770 767 5825 malum
800 5765 1029 5827 adduxit,
1055 5776 1117 5818 ac
1143 5758 1356 5816 studere
1381 5754 1652 5828 praecepit,
1699 5765 1802 5805 non
1844 5757 1902 5803 ut
1948 5745 2148 5816 angelis

1226 449 1279 506 8.
1317 442 1592 505 JOANNIS
1627 435 2096 500 CllRYSOSTOMl
2133 429 2431 491 ARCHIEP
2489 417 3045 484 CONSTANTINOP.

3655 406 3761 460 3η

2184 555 2235 602 et
2263 541 2632 613 archangelis,
2658 535 2752 592 sed
2779 534 2879 605 ipsi
2905 530 3149 587 omnium
3177 523 3405 580 Domino
3424 521 3466 584 ¹,
3496 524 3760 588 quantum

2188 633 2300 689 fieri
2336 603 2504 696 licet:
2526 603 2735 684 similes
2759 603 2949 679 simus.
3001 613 3308 685 Discipulos
3332 625 3462 664 vero
3497 621 3604 660 non
3661 603 3766 658 hoc

2187 727 2363 782 solum
2415 721 2694 794 perlicere,
2725 714 2819 771 sed
2857 722 2911 767 et
2944 712 3082 764 alios
3123 705 3414 762 emendare
3447 698 3636 771 jussit,
3703 708 3768 748 ac

2187 817 2496 872 discernere
2531 812 2670 866 inter
2705 807 2876 862 malos
2905 799 2959 859 et
2992 802 3185 863 bonos,
3214 797 3356 851 inter
3385 803 3550 848 canes
3578 798 3633 844 et
3657 802 3768 842 non

2189 921 2354 964 canes
2380 903 2575 974 (multa
2603 911 2784 955 autem
2808 907 2936 952 sunt
2958 894 3012 948 in
3046 889 3362 947 hominibus
3397 879 3662 946 occulta),
3703 893 3774 932 ne

2189 971 2430 1054 dicerent
2469 993 2584 1046 haec
2612 991 2747 1045 dura
2775 997 2828 1042 et
2850 980 3215 1040 intolerabilia
3239 993 3382 1032 esse.
3440 972 3576 1027 Nam
3603 971 3657 1023 iu
3683 982 3775 1023 se-

2191 1085 2483 1161 quentibus
2521 1083 2635 1136 htec
2675 1080 2869 1135 Petrus
2902 1074 3176 1146 loquitur:
3223 1070 3355 1134 Quis
3393 1073 3564 1136 potest
3595 1061 3776 1115 saluus

2193 1159 2346 1236 esse?
2390 1175 2457 1230 Et
2486 1189 2706 1230 rursus:
2757 1170 2818 1225 Si
2841 1171 2917 1224 ita
2945 1177 3210 1222 estcausa
3244 1159 3497 1219 hominis,
3551 1168 3654 1207 non
3683 1166 3780 1204 ex-

2173 1271 2333 1340 pedit
2364 1271 2554 1324 nubere
2585 1263 2806 1334 (Matth.
2835 1260 2917 1315 19.
2955 1257 3027 1312 25
3066 1255 3177 1324 l0).

2274 1371 2330 1426 4.
2365 1370 2629 1439 Praecpta
2656 1367 2940 1438 evangelica
2978 1364 3228 1436 precando
3265 1362 3486 1416 alienare
3527 1360 3785 1414 debemus.

2183 1461 2636 1516 Perseverandum
2659 1460 2712 1512 in
2740 1458 2984 1512 oratione.
3023 1484 3096 1496 --
3137 1453 3217 1516 Ne
3261 1451 3423 1522 igitur
3473 1449 3591 1504 haec
3619 1448 3782 1502 etiam

2208 1569 2348 1608 nunc
2374 1552 2586 1613 dicant,
2618 1565 2738 1605 cum
2783 1549 2891 1617 jam
2923 1547 2973 1600 in
3004 1543 3429 1615 praecedentibus
3469 1538 3789 1594 ostendisset

2210 1645 2293 1699 illa
2347 1658 2463 1699 esse
2508 1641 2716 1705 facilia,
2764 1637 3057 1693 ratiociniis
3095 1634 3460 1703 frequentibus
3505 1629 3791 1705 adductis,

2208 1750 2326 1806 qua:
2348 1733 2398 1788 id
2419 1733 2644 1787 suadere
2676 1738 2910 1799 possent,
2942 1728 3157 1782 demum
3192 1723 3454 1779 facilitatis
3479 1702 3791 1775 coronidem

2209 1824 2459 1894 apponit,
2487 1838 2592 1878 non
2635 1820 2835 1890 vulgari
2882 1818 3175 1886 excogitata
3219 1816 3267 1866 in
3299 1806 3570 1866 laboribus
3598 1822 3791 1863 conso-

2212 1919 2446 1981 latione,
2509 1928 2701 1984 uempe
2762 1910 3092 1965 assiduarum
3144 1919 3359 1974 precum
3406 1900 3622 1954 auxilio.
3659 1897 3792 1952 -Non

2210 2010 2339 2063 satis
2379 2008 2522 2065 enim
2565 2020 2683 2058 esse
2725 2001 2886 2066 dicit,
2929 2001 2971 2054 si
3010 1999 3060 2053 id
3094 1995 3350 2067 perficere
3380 2007 3647 2054 curemus,
3700 1989 3793 2042 sed

2211 2114 2498 2171 supernum
2529 2113 2650 2153 esse
2674 2094 2926 2149 auxilium
2959 2087 3350 2159 implorandum
3384 2104 3395 2138 :
3428 2083 3570 2154 quod
3614 2082 3796 2150 utique

2213 2193 2387 2246 veniet
2413 2198 2469 2244 et
2493 2188 2664 2243 aderit
2691 2228 2704 2248 ,
2748 2184 2908 2254 inque
2932 2179 3313 2237 certaminibus
3339 2190 3436 2230 nos
3462 2174 3704 2244 juvabit,
3744 2181 3796 2226 et

2212 2281 2388 2336 omnia
2432 2277 2599 2332 facilia
2637 2274 2841 2329 reddet.
2877 2272 2999 2325 Ideo
3026 2280 3203 2339 petere
3234 2267 3422 2333 jussit,
3461 2279 3525 2318 ac
3559 2278 3617 2316 se
3645 2261 3798 2314 datu-

2212 2387 2329 2437 rum
2356 2367 2664 2438 spopondit.
2692 2364 2888 2420 Verum
2934 2360 3201 2431 postulare
3244 2356 3405 2428 jussit
3453 2367 3556 2407 non
3583 2351 3756 2406 obiter
3777 2388 3796 2414 ,

2213 2461 2305 2516 sed
2337 2474 2457 2515 cum
2488 2457 2795 2512 assiduitate
2819 2465 2871 2507 et
2896 2451 3236 2510 contentione
3281 2461 3492 2516 magna.
3520 2443 3629 2497 Hoc
3655 2443 3800 2495 enim

2214 2550 2476 2622 signiﬁcat
2507 2547 2633 2603 illud
2655 2590 2668 2610 ,
2699 2545 2936 2612 Quaerite.
2965 2541 3095 2596 Nam
3124 2541 3211 2609 qui
3243 2539 3449 2606 quaerit,
3479 2534 3602 2586 aliis
3629 2532 3801 2584 omni-

2216 2621 2315 2698 bus
2352 2658 2416 2698 ex
2464 2648 2644 2695 mente
2689 2635 3006 2697 eliminatis,
3057 2632 3134 2686 rei
3189 2637 3390 2683 Lautum
3429 2623 3667 2694 quaesita!
3712 2621 3802 2674 dat

2217 2748 2453 2803 operam,
2484 2730 2787 2796 nullamque
2819 2721 3155 2795 prtesentium
3187 2718 3345 2772 habet
3375 2715 3656 2769 rationem.
3691 2709 3801 2764 No-

2219 2832 2342 2878 runt
2366 2831 2511 2877 certe
2539 2819 2663 2874 illud
2691 2824 2951 2888 quotquot
2979 2812 3061 2867 vel
3082 2825 3214 2865 auro
3236 2810 3316 2863 vel
3347 2807 3517 2861 servis
3552 2804 3800 2864 amissis,

2220 2916 2336 2970 lucc
2361 2923 2543 2983 postea
2586 2919 2847 2981 qummut.
2882 2905 3010 2960 lllud
3042 2903 3237 2958 iudicat
3283 2916 3377 2970 per
3401 2912 3588 2953 vocem
3621 2896 3804 2958 illam,

2221 3007 2483 3071 Quarite;
2509 3019 2626 3058 cum
2656 3016 2784 3054 vero
2812 2999 2961 3059 dicit,
2998 2995 3226 3050 Pulsate.
3258 2991 3604 3047 vehementer
3633 2995 3691 3041 et
3719 3001 3806 3038 ar-

2220 3099 2366 3153 denti
2406 3097 2584 3150 animo
2628 3091 2988 3147 accedendum
3034 3102 3154 3142 esse
3197 3085 3479 3155 significat.
3508 3080 3586 3135 Ne
3628 3081 3808 3147 itaque

2220 3189 2500 3248 concidas.
2535 3187 2606 3240 mi
2648 3186 2843 3249 homo,
2874 3197 3049 3252 neque
3092 3179 3353 3234 minorem
3379 3175 3446 3230 de
3475 3175 3669 3228 virtute
3709 3187 3806 3224 cu-

2220 3296 2333 3332 ram
2360 3278 2648 3339 exbibcas,
2677 3291 2832 3346 quam
2865 3273 2931 3327 de
2979 3271 3236 3342 pecuniis.
3287 3269 3393 3322 llas
3429 3266 3625 3335 quippe
3664 3278 3811 3331 sa-pe

2222 3386 2466 3439 quarens
2494 3383 2595 3422 non
2630 3365 2874 3420 invenisti
2901 3382 2915 3429 ;
2946 3373 2998 3419 et
3028 3373 3203 3417 tamen
3241 3375 3361 3414 cum
3401 3356 3564 3426 probe
3591 3356 3732 3410 scias
3759 3365 3812 3408 te

2222 3461 2359 3516 forte
2415 3474 2520 3514 non
2563 3459 2936 3517 inventurum,
2979 3466 3194 3507 omnem
3247 3450 3490 3518 exploms
3535 3443 3806 3514 qumrendi

2225 3553 2439 3606 modum
2475 3569 2488 3604 :
2519 3549 2605 3602 hic
2631 3564 2756 3601 vero
2781 3546 3121 3614 sponsionem
3160 3541 3362 3594 habens
3386 3547 3439 3592 te
3467 3552 3686 3606 prorsus
3707 3549 3806 3587 ac-

2226 3651 2498 3710 cepturum
2527 3653 2676 3702 esse,
2701 3651 2767 3690 ne
2794 3636 3065 3688 minimam
3094 3630 3308 3701 quidem
3341 3627 3480 3683 illius
3503 3624 3663 3681 studii
3689 3639 3808 3693 par-

2229 3741 2334 3787 tem
2367 3730 2603 3785 exhibes.
2645 3728 2706 3782 Si
2738 3741 2864 3782 vero
2891 3740 2994 3777 non
3022 3723 3198 3777 statim
3222 3720 3452 3789 accipias
3473 3760 3487 3780 ,
3521 3731 3588 3770 ne
3613 3716 3810 3784 despe-

2227 3840 2333 3880 res.
2367 3823 2488 3876 ldeo
2514 3823 2656 3876 enim
2689 3819 2861 3883 dixit,
2891 3816 3130 3876 Pulsate,
3158 3824 3217 3869 ut
3239 3811 3488 3867 ostendat
3511 3853 3527 3875 ,
3567 3809 3810 3878 quamvis

2228 3933 2332 3971 non
2361 3915 2537 3970 statim
2566 3913 2786 3982 aperiat,
2822 3909 3141 3964 manendum
3177 3917 3352 3960 tamen
3381 3917 3522 3960 esse.
3548 3901 3604 3958 Si
3632 3914 3809 3957 autem

2230 4023 2363 4064 meae
2416 4022 2518 4061 non
2567 4005 2755 4059 credas
2804 4000 3114 4071 sponsioni,
3173 3997 3360 4051 saltem
3408 3995 3532 4050 huic
3564 3994 3812 4063 exemplo

2227 4099 2407 4157 crede.
2432 4097 2484 4154 9.
2512 4097 2635 4161 Quis
2664 4111 2726 4149 ea:
2754 4092 2888 4147 vobis
2915 4101 3003 4153 est,
3039 4089 3228 4157 inqttit,
3265 4095 3406 4158 pater
3426 4087 3470 4150 ',
3501 4086 3581 4137 cui
3607 4085 3652 4138 si
3676 4084 3813 4151 ﬁlius

2231 4200 2365 4258 petat
2389 4204 2586 4256 panem.
2609 4183 2850 4248 numquid
2877 4181 3096 4250 lapidem
3124 4178 3259 4230 duln't
3284 4191 3325 4227 et
3343 4175 3369 4228 .’
3389 4173 3540 4244 Apud
3570 4174 3812 4227 homines

2233 4279 2442 4349 quidem
2469 4277 2513 4331 si
2545 4276 2593 4330 id
2627 4275 2933 4342 frequenter
2958 4270 3117 4323 facias
3139 4308 3152 4328 ,
3194 4267 3449 4330 molestus
3477 4276 3526 4318 et
3555 4277 3816 4318 onerosus

2236 4371 2432 4426 videris
2464 4389 2475 4423 :
2505 4367 2643 4438 apud
2674 4367 2837 4421 Deum
2864 4375 3059 4425 autem,
3088 4361 3131 4414 si
3163 4359 3263 4412 hoc
3292 4373 3396 4410 non
3430 4354 3615 4418 facias,
3649 4356 3815 4424 magis

2235 4461 2300 4516 ad
2350 4460 2479 4514 iram
2518 4470 2842 4512 commoves.
2893 4453 2948 4506 Si
2998 4460 3172 4505 autem
3198 4445 3429 4516 petendo
3455 4457 3771 4514 permaneas
3794 4483 3811 4508 ,

2236 4553 2438 4608 etiamsi
2492 4566 2594 4604 non
2644 4548 2822 4601 statim
2872 4542 3136 4610 accipias,
3184 4539 3413 4606 accipies
3443 4545 3644 4590 tamen.
3697 4535 3816 4590 Ideo

2238 4658 2464 4713 namque
2502 4644 2678 4696 clausa
2710 4646 2791 4692 est
2810 4638 2988 4706 janua,
3019 4642 3080 4687 ut
3131 4643 3181 4686 te
3218 4629 3286 4684 ad
3316 4627 3630 4699 pulsandum
3663 4626 3814 4680 indu-

2239 4747 2341 4790 cat.
2371 4735 2492 4789 Ideo
2519 4747 2622 4786 non
2663 4730 2840 4784 statim
2869 4724 3089 4786 annuit,
3127 4731 3184 4775 ut
3229 4728 3374 4789 petas
3406 4735 3421 4771 :
3454 4731 3610 4771 mane
3659 4716 3815 4785 igitur

2241 4825 2290 4880 id
2313 4839 2494 4892 agens,
2524 4831 2578 4876 ct
2616 4819 2798 4890 procul
2852 4814 3013 4868 dubio
3043 4812 3287 4876 accipies.
3333 4808 3407 4863 Ne
3452 4808 3593 4861 enim
3621 4805 3770 4860 dieas
3798 4822 3813 4859 :

2241 4915 2377 4983 Quid
2409 4915 2583 4983 igitur,
2611 4913 2652 4966 si
2682 4920 2877 4979 potam.
2918 4915 2966 4957 et
2995 4918 3097 4956 non
3124 4898 3422 4968 accipiam?
3466 4913 3559 4966 per
3588 4895 3814 4965 parabo-

2242 5008 2346 5061 lam
2374 5014 2423 5059 te
2446 5006 2497 5059 in
2520 5019 2612 5072 spe
2635 5000 2862 5054 ﬁrmavit
2887 5037 2897 5058 ,
2930 4991 3214 5048 ratiociniis
3245 5003 3454 5042 rursum
3490 5001 3634 5049 usus,
3661 4994 3818 5054 atque

2245 5098 2488 5152 humanis
2513 5093 2770 5161 exemplis
2805 5099 2854 5141 te
2885 5085 2948 5139 ad
2975 5083 3216 5139 ﬁduciam
3248 5097 3308 5135 ea
3335 5083 3384 5133 in
3420 5095 3478 5133 rc
3507 5075 3816 5132 sumendam

2246 5191 2522 5253 inducens,
2544 5187 2668 5241 dum
2693 5197 2785 5252 per
2805 5179 2919 5232 ha-c
2946 5174 3196 5231 ostendit.
3221 5187 3324 5226 non
3350 5169 3505 5224 modo
3535 5166 3818 5238 petendum

2244 5299 2386 5348 esse,
2439 5280 2534 5336 sed
2583 5290 2700 5346 qua:
2728 5270 2948 5343 petenda
2988 5269 3113 5322 sint.
3159 5265 3288 5333 Quis
3314 5264 3446 5316 enim
3474 5276 3537 5314 ea:
3567 5258 3705 5311 vobis
3748 5266 3819 5309 est

2249 5345 2408 5445 pater:
2431 5371 2512 5424 cui
2539 5371 2581 5422 si
2611 5366 2745 5436 [ilius
2775 5371 2908 5432 petat
2937 5374 3135 5428 panem,
3167 5350 3411 5423 numquid
3436 5348 3654 5418 lapidem
3681 5345 3821 5398 dabit

2247 5434 2325 5521 illi
2346 5467 2369 5519 ?
2389 5434 2568 5532 itaque
2598 5434 2766 5513 sinon
2793 5451 2988 5521 accipis
3009 5491 3024 5515 ,
3071 5447 3187 5501 ideo
3217 5459 3320 5500 non
3341 5440 3558 5511 accipis,
3588 5436 3708 5506 quia
3738 5434 3821 5532 lao-

2249 5555 2424 5629 pidem
2447 5522 2602 5624 petis.
2626 5545 2842 5603 Etiamsi
2873 5542 3015 5597 enim
3047 5537 3184 5591 [ilius
3211 5536 3307 5600 sis,
3328 5531 3379 5586 id
3405 5545 3511 5585 non
3535 5526 3734 5584 sufﬁcit
3757 5522 3823 5580 ad

2317 5714 2335 5744 ι
2389 5707 2508 5768 Alit,
2566 5701 2653 5752 sed
2726 5697 2822 5762 ipsi
2939 5690 3156 5744 Domino.
3193 5683 3401 5745 Alii,st
3425 5685 3706 5747 angelorum
3735 5694 3823 5729 uo-

2254 5783 2500 5890 ῃηίωῆτοχ,
2519 5833 2673 5890 pater,
2699 5821 2841 5871 deest
2863 5820 2912 5866 in
2934 5814 3239 5880 quibusdam.
