4094 6494
264 417 371 473 313

262 532 632 605 accipiendum
666 550 680 587 :
704 532 810 587 imo
832 528 956 584 illud
979 530 1148 598 ipsum
1174 528 1414 598 impedit,
1438 525 1721 596 quominus
1750 536 1842 578 ae-

263 623 434 692 cipias
453 664 467 687 ,
495 622 667 693 quod,
720 621 857 675 [ilius
881 636 1001 674 cum
1029 622 1105 674 sis
1130 661 1143 682 ,
1171 619 1258 672 illa
1288 628 1436 688 petas
1480 633 1600 686 qua:
1622 630 1727 669 non
1755 616 1847 669 tibi

264 713 572 782 expediant.
601 713 670 766 Et
714 722 765 765 tu
810 713 987 780 itaque
1013 709 1140 780 nih‘il
1183 708 1510 763 mundanum
1536 718 1687 778 petas
1711 746 1726 768 ,
1753 704 1847 760 sed

263 804 560 873 spiritualia
588 803 764 855 onmia
791 811 879 864 ;et
907 811 1054 856 certo
1079 787 1328 869 accipies.
1355 800 1563 853 Etenim
1589 797 1846 852 Salomon

265 895 386 962 quia
429 893 515 948 illa
554 892 703 962 petiit
732 908 849 962 quis
877 902 1057 963 petere
1077 890 1376 960 oportebat,
1408 890 1527 944 vide
1555 904 1713 958 quam
1743 889 1850 941 cito

165 997 170 1000 '
264 985 545 1052 acceperit.
584 985 695 1036 Duo
725 983 882 1053 igitur
907 984 1195 1036 observare
1221 989 1434 1050 oportet
1463 991 1705 1033 orantem
1729 1019 1743 1040 ,
1795 990 1852 1032 ut

263 1087 317 1128 et
346 1074 688 1130 vehementer
716 1083 877 1144 petat,
899 1084 954 1129 et
982 1087 1042 1128 ea
1073 1080 1216 1142 petat
1245 1088 1364 1142 qua:
1389 1071 1488 1126 sibi
1516 1069 1807 1140 expediunt
1835 1086 1846 1120 :

263 1165 691 1234 quandoquidem
735 1173 786 1218 et
819 1180 942 1227 vos,
993 1165 1193 1234 inquit,
1238 1164 1445 1218 etiamsi
1479 1172 1656 1231 patres
1697 1161 1847 1224 sitis,

265 1257 406 1310 tilios
437 1265 644 1311 vestros
667 1265 845 1324 petere
866 1255 1036 1308 sinitis
1062 1271 1076 1318 ;
1121 1266 1176 1308 et
1213 1253 1255 1306 si
1281 1253 1599 1307 damnosum
1625 1252 1690 1305 sit
1723 1251 1848 1304 illud

264 1345 409 1413 quod
441 1354 656 1415 petunt,
689 1346 929 1416 negatis;
961 1345 1041 1399 sin
1070 1345 1196 1423 utile
1224 1345 1312 1410 sit,
1341 1345 1574 1398 ammitis
1609 1352 1661 1397 et
1691 1343 1847 1396 datis.

262 1436 343 1489 Tu
372 1436 528 1506 igitur
550 1437 661 1490 hmc
685 1440 942 1505 cogitans,
969 1451 1034 1490 ne
1066 1436 1292 1490 absistas
1309 1477 1324 1500 ,
1348 1435 1519 1490 donec
1542 1436 1847 1503 acceperis;

263 1543 331 1582 ne
358 1526 607 1590 recedas,
634 1528 805 1581 donec
848 1528 1117 1581 inveneris
1145 1544 1159 1592 ;
1213 1543 1282 1582 ne
1306 1528 1539 1582 studium
1572 1528 1811 1582 remittas
1833 1569 1846 1589 ,

261 1618 433 1671 iloiiee
455 1617 724 1685 aperiatur
743 1616 924 1686 janua.
957 1618 1012 1670 Si
1035 1618 1176 1672 enim
1207 1617 1306 1670 hoc
1334 1618 1512 1672 animo
1535 1618 1845 1681 accesseris,

262 1709 567 1777 dixerisque
587 1749 600 1771 ,
629 1707 737 1761 Nisi
767 1709 1014 1777 recipiam
1041 1750 1053 1765 .
1100 1723 1202 1762 non
1235 1709 1368 1762 abeo
1392 1750 1404 1770 ,
1437 1724 1655 1777 prorsus
1707 1708 1848 1762 acci-

263 1802 376 1869 pies
403 1840 416 1864 ,
451 1801 493 1853 si
543 1810 718 1854 tamen
751 1800 837 1854 illa
867 1811 1048 1868 petas,
1093 1815 1209 1867 quae
1239 1800 1365 1853 etei
1395 1817 1424 1853 a
1459 1816 1566 1867 quo
1611 1798 1746 1867 petis
1799 1807 1849 1853 et

262 1892 353 1944 tibi
386 1891 600 1959 expedit
645 1903 702 1944 ut
729 1890 938 1945 dentur.
983 1892 1237 1956 Qua'nam
1265 1907 1425 1959 porro
1453 1902 1576 1944 sunt
1603 1891 1763 1944 haec?
1793 1890 1847 1944 Si

261 1983 560 2050 spiritualia
594 1995 742 2051 petas
784 1985 991 2047 omnia;
1033 1985 1077 2037 si
1107 1992 1384 2052 postquam
1427 1982 1657 2037 oll‘ensas
1687 1983 1849 2036 remi-

260 2076 401 2137 sisti,
440 2075 517 2128 sic
554 2075 776 2128 accedas
816 2075 1184 2129 remissionem
1215 2085 1436 2144 petens;
1469 2075 1513 2127 si
1539 2074 1744 2143 absque
1775 2075 1850 2127 ita

260 2178 316 2217 et
380 2163 852 2233 disceptationibus
905 2174 1117 2219 sanctas
1165 2179 1352 2219 manus
1397 2164 1702 2219 attollamus
1750 2166 1847 2234 (l.

262 2253 398 2307 Tim.
425 2254 478 2307 2.
509 2255 600 2323 8).
644 2254 701 2309 Si
733 2254 810 2309 sic
841 2264 1081 2324 petamus
1101 2296 1117 2318 ,
1140 2254 1480 2323 accipiemus.
1537 2253 1690 2310 Nune
1726 2269 1852 2308 vero

262 2355 444 2401 nostra
476 2348 660 2416 petitio
691 2347 865 2402 irrisio
902 2356 1015 2412 est,
1052 2348 1334 2417 potiusque
1371 2348 1642 2402 ebriorum
1675 2347 1848 2401 homi-

263 2456 414 2505 num,
441 2455 599 2509 quam
622 2439 941 2494 sobriorum.
982 2439 1119 2505 Quid
1152 2439 1340 2510 igitur,
1383 2439 1626 2509 inquies,
1669 2440 1712 2492 si
1739 2441 1850 2507 spi-

265 2532 474 2586 ritualia
507 2541 678 2600 petam
701 2572 716 2595 ,
760 2547 859 2586 nec
883 2531 1180 2601 accipiam?
1218 2531 1334 2586 Non
1361 2530 1598 2586 studiose
1639 2531 1852 2599 procul-

261 2625 425 2678 dubio
473 2625 782 2695 postulasti,
813 2625 896 2680 vel
946 2625 1173 2694 teipsum
1233 2625 1508 2694 indignum
1555 2624 1725 2679 fecisti
1762 2624 1852 2694 qui

261 2717 565 2784 acciperes,
612 2725 704 2772 aut
749 2719 906 2772 citius
942 2734 1100 2788 quam
1145 2731 1240 2787 par
1266 2727 1381 2771 erat
1413 2717 1741 2774 abscessisti.
1787 2718 1854 2772 Et

167 2809 170 2812 ’
261 2823 385 2874 cur,
420 2810 625 2879 inquies
647 2850 662 2875 ,
697 2826 803 2864 non
831 2809 965 2864 dixit
1007 2826 1126 2879 quae
1159 2818 1406 2878 oporteat
1443 2810 1666 2877 petere?
1693 2809 1853 2863 Certe

261 2902 370 2972 jam
419 2903 596 2957 omnia
627 2903 773 2973 prius
797 2901 967 2965 dixit,
999 2909 1053 2955 et
1081 2899 1314 2955 ostendit
1354 2914 1449 2969 pro
1477 2899 1669 2970 quibus
1696 2915 1852 2954 acce-

261 2995 393 3050 dere
415 3003 680 3063 oporteat.
706 2993 782 3049 Ne
801 2997 978 3063 itaque
997 2993 1166 3060 dicas,
1192 2992 1431 3059 Accessi,
1448 3000 1624 3046 etnon
1646 2993 1846 3062 accepi.

261 3089 380 3144 Non
420 3091 561 3144 enim
593 3104 688 3157 per
718 3089 882 3143 Deum
921 3087 1071 3142 stetit
1097 3087 1384 3156 quominus
1409 3087 1681 3154 acceperis
1701 3126 1714 3149 ,
1764 3087 1852 3154 qui

261 3181 398 3236 adeo
441 3181 649 3251 diligit,
699 3190 758 3235 ut
791 3188 968 3250 patres
1025 3178 1127 3232 hac
1183 3179 1234 3232 in
1284 3193 1340 3233 re
1392 3187 1596 3233 tantum
1632 3178 1851 3244 vincat,

262 3281 520 3340 quantum
549 3275 682 3325 banc
711 3271 999 3341 nequitiam
1032 3269 1237 3322 bonitas
1268 3277 1503 3336 superat.
1531 3269 1616 3322 11.
1636 3268 1696 3323 Si
1722 3268 1853 3322 enim

263 3381 369 3424 vos,
399 3380 512 3416 cum
537 3363 644 3416 sitis
673 3362 816 3428 mali,
849 3362 1004 3415 nostis
1029 3361 1160 3413 bona
1199 3361 1320 3411 data
1349 3359 1472 3412 dare
1497 3359 1619 3428 ﬁliis
1641 3360 1816 3411 vestris
1835 3400 1852 3423 ,

262 3465 449 3524 quanto
488 3455 648 3522 magis
672 3452 827 3507 Pater
863 3461 1020 3506 vester
1047 3450 1301 3504 cwlestis?
1338 3449 1463 3503 Haec
1493 3465 1652 3519 porro
1681 3449 1809 3504 dixit
1837 3491 1853 3516 ,

265 3565 370 3601 non
416 3547 720 3618 vituperans
770 3546 1055 3600 humanam
1099 3553 1340 3597 naturam
1366 3583 1381 3606 ,
1413 3557 1512 3596 nec
1553 3556 1724 3611 genus
1759 3556 1856 3595 no-

263 3648 433 3690 strum
464 3637 660 3691 malum
691 3651 810 3691 esse
850 3635 1236 3706 pronuntians;
1281 3633 1455 3686 absit:
1485 3633 1577 3687 sed
1619 3647 1855 3686 amorem

265 3740 567 3799 paternum,
599 3729 643 3781 si
675 3743 792 3782 cum
824 3728 1060 3782 bonitate
1084 3725 1174 3781 Dei
1199 3734 1573 3794 comparetur,
1599 3725 1852 3779 malitiam

264 3822 540 3890 appellans
566 3839 578 3874 :
609 3829 754 3874 tanta
784 3819 985 3874 sciliCet
1013 3819 1152 3872 inest
1182 3817 1256 3871 illi
1284 3817 1601 3885 benignitas.

337 3916 392 3970 5.
440 3913 681 3968 Vidistin'
733 3912 985 3966 invictum
1034 3918 1446 3980 argumentum,
1499 3908 1638 3978 quod
1689 3913 1856 3978 possit

263 4010 430 4063 etiam
464 4007 837 4076 desperantem
882 4004 932 4057 in
982 4002 1174 4056 bonam
1220 4016 1369 4071 spem
1412 4001 1711 4057 revocare?
1760 4003 1855 4056 llic

264 4097 479 4170 quidem
534 4097 782 4166 exemplo
837 4104 1043 4163 patrum
1094 4091 1382 4147 bonitatem
1435 4092 1526 4146 Dei
1575 4091 1850 4145 ostendit:

264 4192 511 4262 su'perins
557 4200 732 4244 autem
761 4204 825 4243 ex
853 4187 1008 4243 donis
1035 4201 1144 4240 suis
1175 4185 1496 4254 majoribus,
1529 4200 1594 4240 ex
1643 4186 1815 4238 anima
1838 4227 1853 4248 ,

263 4302 325 4339 ex
354 4298 619 4353 corpore;
652 4290 706 4336 et
745 4295 1005 4350 nusquam
1031 4289 1189 4349 caput
1236 4277 1498 4333 bonorum
1523 4277 1710 4345 aliert,
1760 4293 1854 4332 ne-

261 4391 369 4444 que
422 4373 586 4444 ipsius
629 4374 915 4427 adventum
959 4371 1273 4426 inmedium
1307 4371 1565 4425 adducit:
1596 4385 1718 4424 nam
1767 4371 1855 4439 qui

263 4466 435 4526 tilium
457 4463 810 4519 occidendum
847 4461 1020 4524 dedit,
1052 4459 1322 4531 quomodo
1350 4460 1508 4538 nobis.
1530 4475 1635 4515 non
1678 4461 1854 4514 omnia

263 4553 528 4610 donabit?
573 4553 698 4608 llaec
741 4567 870 4606 vero
899 4552 1133 4607 nondum
1176 4561 1486 4607 evenerant.
1517 4551 1620 4607 Sed
1661 4552 1856 4606 Paulus

267 4646 395 4702 illud
421 4645 579 4701 alfert
615 4644 701 4698 bis
725 4643 904 4699 verbis
936 4659 948 4696 :
982 4643 1082 4708 Qui
1107 4643 1315 4712 praprio
1354 4643 1462 4710 ﬁlio
1483 4658 1582 4696 non
1611 4645 1852 4712 pepercit,

264 4737 518 4807 quomodo
540 4753 642 4790 non
658 4735 812 4790 etiam
839 4750 955 4788 cum
977 4750 1035 4788 eo
1061 4735 1232 4788 omnia
1258 4735 1400 4788 nobis
1429 4734 1635 4788 donabit
1660 4735 1678 4807 (
1701 4736 1849 4790 Rom.

265 4832 319 4885 8.
354 4827 494 4897 32)?
540 4829 657 4899 Ipse
686 4843 814 4884 vero
839 4827 1083 4884 Christus
1133 4841 1200 4882 ex
1244 4827 1490 4882 humanis
1518 4827 1691 4882 adhuc
1733 4843 1856 4884 eum

265 4922 378 4997 illis
421 4921 656 4976 disserit.
710 4919 912 4976 Deinde
936 4917 1224 4975 ostendens
1247 4957 1264 4980 .
1292 4933 1391 4974 nec
1419 4919 1643 4974 orationi
1686 4919 1854 4974 liden-

265 5013 394 5068 dum
423 5026 576 5079 esse,
600 5013 647 5066 si
669 5026 732 5066 ea
753 5027 874 5082 quae
897 5011 951 5066 in
979 5011 1134 5067 nobis
1160 5021 1286 5068 sunt
1309 5000 1658 5081 'uegligamus,
1685 5028 1857 5083 neque

267 5105 312 5159 si
347 5102 434 5159 illa
477 5117 764 5168 curemus,
792 5110 990 5156 nostra:
1035 5115 1177 5156 cura:
1219 5115 1282 5156 ac
1318 5100 1607 5172 diligentia:
1651 5111 1855 5158 tantum

269 5193 541 5252 ridendum
585 5209 707 5252 esse
725 5233 741 5260 ,
766 5192 862 5249 sed
889 5208 1180 5263 supernum
1206 5207 1328 5249 esse
1353 5193 1731 5261 requirendum
1758 5209 1824 5250 au
1844 5226 1857 5237 ς

267 5287 493 5351 xiliuzn,
523 5295 579 5342 et
625 5294 807 5343 nostra
851 5284 1008 5339 simul
1057 5284 1325 5340 aﬂ'erenda
1373 5298 1530 5349 esse,
1574 5285 1756 5342 ethoc
1803 5298 1858 5344 et

272 5379 397 5435 illud
443 5379 749 5450 frequenter
791 5381 1031 5449 apponit.
1087 5377 1220 5433 Nam
1277 5391 1395 5450 post
1447 5380 1610 5435 multa
1656 5381 1854 5436 monita

270 5471 488 5526 modum
515 5470 700 5527 orandi
725 5471 926 5537 docuit,
958 5479 1012 5526 et
1041 5480 1320 5541 postquam
1347 5471 1398 5526 id
1421 5471 1676 5527 docuerat
1695 5512 1710 5537 ,
1740 5488 1858 5527 rur-

269 5575 363 5617 sus
405 5561 471 5616 ad
511 5561 776 5634 agendum
799 5560 1108 5618 cohortatus
1132 5571 1254 5625 est;
1296 5561 1491 5618 abhinc
1519 5563 1711 5618 iterum
1741 5579 1856 5617 mo-

272 5653 385 5709 nuit
412 5653 668 5708 orandum
699 5669 821 5710 esse
864 5652 1206 5726 frequenter,
1256 5668 1378 5708 cum
1425 5654 1600 5720 dixit,
1656 5653 1853 5720 Petita,

267 5744 495 5813 quaerite,
532 5743 761 5815 pulsate;
791 5745 891 5800 sub
916 5743 1033 5800 haec
1072 5759 1308 5812 rursum,
1337 5745 1548 5801 virtutis
1587 5746 1862 5804 studiosos

267 5851 388 5894 esse
412 5845 696 5907 oportere;
741 5851 862 5894 nam
893 5837 1006 5907 ait,
1036 5834 1122 5894 ιε.
1158 5835 1342 5892 Omnia
1368 5854 1486 5910 ergo
1533 5853 1856 5911 quwcuinque

1175 413 1239 467 IN
1278 409 1684 468 MAT'l‘ll/EUM
1727 408 1957 464 IIOMIL.
2004 406 2192 462 XXIII.
2242 407 2311 461 al.
2357 405 2543 462 XXIV.

3455 409 3554 463 5H

1958 519 2108 575 vultis
2139 531 2192 573 ut
2223 521 2416 591 faciant
2462 521 2599 574 vobis
2647 522 2873 576 homines
2894 564 2908 588 ,
2938 532 2985 575 et
3027 537 3114 576 vos
3138 522 3288 590 facit:
3315 520 3456 584 illis;
3505 525 3558 578 in

1958 613 2103 666 brevi
2133 613 2305 681 spatio
2336 622 2527 667 cuncta
2555 627 2834 668 resumens
2867 655 2880 678 ,
2934 613 3329 684 ostendensque
3348 653 3362 678 ,
3405 627 3556 668 enni-

1961 703 2300 772 pendiosam,
2327 704 2571 770 facilem,
2609 704 2966 774 omnibusque
3007 713 3189 758 notam
3233 719 3355 760 esse
3391 704 3560 759 virtu-

1960 803 2086 849 tem.
2137 795 2322 866 Neque
2371 796 2687 866 simpliciter
2733 796 2899 861 dixit,
2942 797 3306 866 Qumcumque
3361 795 3555 859 vultis;

1959 889 2073 949 sed,
2107 888 2290 941 Omnia
2313 905 2432 960 ergo
2460 906 2790 958 quwcmnque
2831 890 3000 943 vultis.
3042 889 3176 946 Nam
3207 889 3355 955 illud,
3391 889 3554 962 Ergo,

1962 994 2066 1031 non
2123 979 2240 1033 sine
2291 994 2450 1033 causa
2492 979 2721 1049 adjacil,
2776 980 2870 1036 scd
2905 980 3006 1035 hoc
3045 980 3391 1036 subindicans
3438 999 3451 1034 :
3502 983 3560 1036 Si

1961 1063 2144 1134 vtiltis,
2201 1071 2402 1141 inquit,
2426 1073 2632 1135 audiri,
2662 1088 2782 1127 cum
2815 1073 3118 1144 illis,\quae
3156 1072 3298 1139 dixi,
3346 1086 3401 1129 et
3446 1075 3567 1130 barc-

1963 1159 2133 1214 facite.
2165 1159 2423 1227 Quanam
2466 1161 2598 1215 illa?
2630 1161 2972 1230 Quacumque
2997 1163 3147 1216 vultis
3175 1173 3227 1216 ut
3254 1163 3448 1232 faciant
3473 1181 3560 1217 vo-

1958 1251 2032 1304 bis
2073 1251 2318 1306 homines.
2377 1251 2560 1308 Viden‘
2585 1254 2856 1324 quomodo
2885 1253 3216 1322 ostenderit,
3267 1270 3388 1310 eum
3438 1271 3561 1310 ora-

1960 1341 2105 1395 tione
2149 1341 2315 1396 etiam
2361 1343 2530 1411 probo
2560 1343 2680 1398 vitae
2725 1344 2968 1398 instituto
3015 1345 3170 1399 nobis
3216 1360 3352 1414 opus
3394 1346 3558 1400 esse?

1959 1430 2142 1503 Neque
2170 1433 2335 1500 dixit,
2389 1434 2751 1506 Quaecumque
2792 1437 3027 1506 volueris
3059 1438 3150 1491 tibi
3184 1451 3212 1490 a
3247 1438 3359 1493 Deo
3403 1439 3514 1494 lieri
3542 1482 3556 1502 ,

1963 1523 2076 1578 haec
2106 1525 2186 1578 lac
2235 1535 2290 1579 et
2337 1527 2621 1594 proximo:
2656 1541 2724 1581 ne
2761 1527 3002 1590 diceres,
3041 1529 3103 1582 Et
3148 1529 3423 1599 quomodo
3461 1529 3562 1584 hoc

1958 1613 2096 1668 effici
2127 1615 2338 1684 potest?
2371 1615 2457 1670 ille
2487 1616 2628 1670 Deus
2654 1626 2735 1671 est
2758 1658 2774 1682 ,
2805 1627 2858 1671 ct
2887 1633 2987 1688 ego
3012 1618 3174 1672 homo
3199 1635 3214 1683 ;
3245 1620 3341 1674 sed
3360 1661 3374 1685 ,
3405 1619 3562 1686 Quiv-

1959 1719 2188 1774 cmnque
2239 1705 2474 1762 volueris
2521 1706 2615 1760 tibi
2676 1708 2787 1761 lieri
2832 1726 2860 1760 ιι
2921 1722 3223 1774 conservo,
3275 1709 3395 1765 lace
3421 1720 3474 1766 et
3505 1721 3559 1763 tu

1961 1798 2211 1864 proximo
2263 1807 2354 1852 tuo
2403 1799 2679 1854 exhibeas.
2736 1801 2872 1866 Quid
2917 1800 3014 1856 hac
3055 1817 3113 1857 re
3160 1803 3378 1857 levius?
3431 1802 3558 1872 quid

1955 1891 2193 1959 justius?
2223 1891 2421 1947 Deinde
2451 1901 2573 1946 ante
2599 1893 2816 1961 praemia
2842 1894 3044 1963 grande
3067 1896 3394 1950 encomiutn.
3429 1894 3558 1949 licet:

1959 1990 2033 2034 est
2060 1982 2192 2035 enim
2221 1981 2304 2036 lex
2331 2023 2343 2045 ,
2374 1993 2420 2036 et
2457 1985 2735 2053 prop/tela.
2767 1983 2921 2040 Unde
2966 1987 3305 2040 manifestum
3355 1997 3438 2041 est
3477 2003 3562 2041 se-

1960 2071 2192 2128 cundum
2250 2083 2492 2129 naturam
2541 2076 2696 2131 nobis
2748 2077 2925 2131 inesse
2971 2078 3260 2145 virtutem,
3289 2089 3342 2134 et
3387 2093 3485 2133 nos
3532 2094 3565 2132 ιι

1963 2165 2117 2220 nobis
2144 2166 2273 2234 ipsis
2293 2167 2420 2236 quid
2450 2167 2521 2222 sit
2562 2167 2827 2239 agendum
2853 2169 3026 2234 scire,
3069 2185 3244 2240 neque
3291 2185 3450 2240 posse
3494 2172 3559 2226 ad

1963 2258 2276 2326 ignorantia:
2305 2259 2702 2312 excusationem
2745 2274 2995 2328 umquam
3022 2259 3332 2330 confugere.

2033 2349 2187 2401 Arcto
2216 2358 2285 2403 est
2312 2349 2391 2402 via
2417 2354 2531 2419 qua}
2571 2351 2710 2403 ducit
2760 2351 2827 2402 ad
2869 2351 3060 2415 vitam;
3108 2353 3358 2421 quomodo
3396 2353 3566 2424 facilis

1962 2441 2158 2492 evadat.
2189 2470 2258 2479 —
2286 2441 2374 2494 15.
2418 2440 2615 2494 Intrate
2639 2457 2728 2509 per
2756 2452 3023 2512 angustam
3055 2452 3278 2508 portam,
3321 2445 3561 2510 quoniam

1963 2533 2067 2584 lata
2093 2541 2163 2584 est
2195 2544 2342 2600 porta
2365 2574 2378 2596 ,
2409 2541 2456 2584 et
2477 2532 2701 2601 spatiosa
2740 2532 2818 2585 via
2848 2543 2938 2596 est,
2984 2547 3098 2600 quae
3127 2534 3262 2586 ducit
3288 2534 3355 2586 ad
3394 2535 3568 2604 pcrdi-

1963 2623 2168 2683 tionem,
2201 2635 2248 2676 et
2295 2624 2444 2676 multi
2469 2633 2605 2688 sunt,
2635 2625 2720 2692 qui
2761 2623 3115 2692 ingrediuntur
3154 2641 3246 2692 per
3282 2641 3395 2677 eam
3425 2640 3443 2678 .'
3473 2625 3560 2680 16.

1961 2727 2008 2769 ct
2037 2727 2178 2769 arcta
2193 2699 2279 2770 ’ρει
2308 2727 2456 2786 porta
2482 2757 2495 2777 ,
2528 2726 2576 2769 et
2616 2727 2827 2786 angusta
2857 2717 2957 2779 via,
2983 2731 3096 2784 quae
3123 2717 3261 2769 ducit
3298 2718 3366 2768 ad
3387 2717 3561 2781 vitam,

1963 2816 2008 2859 et
2031 2808 2180 2875 pauci
2209 2818 2347 2871 sunt,
2389 2808 2475 2875 qui
2502 2806 2761 2860 inveniunt
2807 2823 2939 2860 eam.
2981 2808 3140 2873 Atqui
3172 2814 3353 2874 postea
3384 2807 3514 2861 dicit
3550 2825 3561 2859 :

1960 2896 2157 2968 Jugnm
2203 2915 2370 2952 nicum
2408 2914 2560 2952 suave
2602 2909 2708 2963 est,
2739 2910 2787 2952 et
2825 2915 2954 2954 onus
2993 2915 3160 2953 meum
3187 2899 3295 2953 {eve
3329 2899 3561 2969 (Matth.

1967 2991 2054 3043 H.
2096 2991 2164 3046 '50
2186 2993 2239 3059 );
2289 3002 2450 3060 atque
2474 2993 2634 3044 etiam
2667 2992 2718 3044 in
2749 2992 2848 3056 iis,
2881 3007 3004 3061 qua:
3049 2993 3207 3060 paulo
3251 3005 3377 3048 ante
3417 2993 3559 3047 dicta

1963 3093 2127 3143 sunt.
2185 3082 2414 3152 idipsum
2457 3082 2816 3137 subiudicavit
2867 3100 2880 3134 :
2927 3084 3199 3154 quomodo
3239 3092 3420 3140 autem
3477 3085 3567 3138 lno

1963 3183 2164 3229 arctam
2191 3175 2335 3228 illam
2360 3183 2750 3245 angustamque
2777 3175 2906 3230 dicit
2931 3179 3094 3232 esse?
3123 3179 3284 3234 Certe
3314 3180 3359 3232 si
3385 3188 3563 3234 atten-

1963 3265 2107 3322 deris
2129 3307 2141 3329 ,
2175 3266 2261 3321 hic
2288 3266 2451 3321 etiam
2482 3266 2718 3321 declarat
2758 3265 2900 3320 illam
2929 3267 3216 3322 admodum
3244 3283 3366 3323 esse
3391 3269 3565 3324 levem

1963 3368 2016 3412 et
2045 3358 2275 3412 facilem.
2305 3357 2373 3412 Et
2411 3359 2710 3426 quomodo,
2745 3358 2988 3428 inquies,
3021 3359 3146 3426 illa,
3189 3375 3310 3428 qua!
3338 3370 3484 3417 arcta
3515 3373 3570 3416 ct

1963 3459 2207 3520 angusta,
2237 3449 2408 3505 facilis
2434 3450 2581 3506 erit?
2632 3451 2762 3519 Quia
2794 3452 2880 3506 via
2932 3462 3044 3516 est,
3096 3463 3151 3508 et
3194 3463 3380 3523 porta;
3429 3457 3569 3508 sicut

1964 3545 2125 3597 etiam
2151 3544 2239 3598 illa
2267 3544 2369 3597 alia
2395 3584 2410 3608 ,
2441 3545 2540 3598 etsi
2574 3543 2679 3598 lata
2707 3562 2760 3600 et
2789 3546 3062 3614 spatiosa,
3105 3546 3187 3600 via
3218 3555 3381 3600 estet
3427 3547 3563 3614 ipsa.

1966 3635 2019 3689 in
2059 3635 2141 3689 bis
2171 3644 2348 3690 autem
2378 3634 2507 3688 nihil
2543 3646 2747 3700 manet,
2801 3636 2897 3691 sed
2944 3645 3223 3692 transeunt
3271 3637 3448 3692 omnia
3497 3640 3585 3693 adi-

1965 3727 2102 3782 bane
2144 3729 2306 3783 vitam
2361 3729 2717 3795 pertinentia,
2764 3730 2879 3783 sive
2908 3729 3078 3783 tristia
3098 3769 3113 3792 ,
3145 3730 3258 3784 sive
3287 3744 3564 3799 prospera.

1963 3821 2072 3875 Nec
2112 3820 2235 3876 ideo
2266 3829 2473 3875 tantum
2517 3820 2686 3876 facilis
2720 3831 2804 3876 est
2828 3822 3030 3887 virtus;
3061 3821 3157 3876 sed
3187 3837 3216 3876 a
3264 3822 3369 3878 line
3405 3823 3566 3877 ctiam

1963 3913 2170 3968 facilior
2216 3913 2477 3969 redditur.
2516 3912 2700 3982 Neque
2739 3913 2882 3967 enim
2928 3922 3132 3967 tantum
3161 3913 3305 3982 quod
3357 3913 3588 3969 labores

1963 4012 2020 4057 et
2045 4003 2269 4057 sudores
2317 4011 2610 4068 transeant,
2641 4003 2737 4060 sed
2762 4005 2923 4059 etiam
2953 4005 3094 4075 quod
3123 4004 3268 4061 bono
3300 4006 3425 4071 fine,
3459 4007 3570 4060 vita

1965 4109 2156 4161 nempe
2177 4134 2192 4158 ,
2225 4093 2598 4157 terminentur,
2630 4095 2684 4148 id
2709 4093 3135 4150 consolationem
3161 4095 3568 4153 decertantibus

1965 4199 2156 4252 parere
2185 4183 2369 4259 debet.
2399 4183 2580 4253 Itaque
2608 4193 2662 4238 et
2682 4185 2915 4240 brevitas
2936 4185 3180 4241 laborum
3209 4195 3264 4242 et
3293 4189 3572 4243 aeternitas

1963 4292 2307 4341 coronarum,
2342 4286 2396 4332 et
2421 4277 2562 4347 quod
2595 4284 2710 4333 tunc
2730 4277 2839 4332 sint
2864 4278 3042 4349 priora
3068 4320 3082 4343 ,
3117 4280 3205 4334 illa
3235 4295 3360 4335 vero
3385 4293 3567 4350 postc-

1965 4369 2142 4432 riora;
2177 4369 2292 4422 haec
2318 4377 2465 4424 certe
2489 4368 2670 4423 omnia
2717 4369 3004 4424 maximam
3046 4371 3098 4424 in
3143 4370 3418 4426 laboribus
3441 4372 3571 4428 alie-

1965 4469 2086 4514 rant
2109 4461 2553 4516 consolationem.
2582 4468 2922 4531 Quapropter
2955 4461 3155 4518 Paulus
3180 4463 3352 4520 levem
3400 4465 3567 4519 tribu-

1966 4554 2220 4609 lationem
2288 4555 2540 4619 voeavit,
2597 4571 2705 4609 non
2753 4554 2826 4610 ob
2887 4564 3136 4610 naturam
3207 4556 3568 4616 accidentium

1965 4644 2144 4701 rerum
2166 4686 2182 4710 ,
2222 4644 2318 4700 sed
2350 4645 2420 4698 ob
2451 4655 2749 4715 promptam
2781 4646 3112 4703 voluntatem
3141 4647 3484 4711 certantium,
3515 4661 3568 4703 et

1964 4751 2114 4806 spem
2160 4735 2482 4792 futurorum.
2534 4735 2664 4792 Leve
2723 4738 3063 4793 tribulationis
3095 4781 3110 4805 ,
3163 4737 3368 4808 inquit,
3409 4756 3569 4806 sitpra

1962 4829 2192 4896 "tadum,
2243 4841 2487 4884 aeternum
2512 4828 2692 4898 gloria
2720 4831 2920 4899 pondus
2964 4841 3226 4900 operatur,
3269 4847 3370 4884 non
3397 4834 3566 4885 consi-

1964 4923 2258 4978 derantibus
2309 4921 2452 4976 nobis
2503 4937 2618 4991 quae
2659 4923 2915 4989 videntur,
2944 4923 3035 4976 sed
3062 4939 3178 4993 qua
3208 4939 3308 4977 non
3335 4924 3567 4977 videntur

1965 5020 1980 5082 (
2008 5015 2064 5069 2.
2093 5013 2210 5070 Cor.
2241 5017 2299 5072 4.
2333 5016 2423 5070 17.
2453 5014 2578 5086 18).
2620 5014 2754 5071 Nam
2783 5014 2830 5071 si
2853 5013 3048 5072 ﬂuetus
3070 5023 3126 5071 et
3151 5017 3319 5070 maria
3336 5016 3524 5071 nautis
3549 5058 3561 5076 .

1963 5124 2027 5163 ae
2077 5108 2254 5165 caedes
2292 5110 2625 5180 vulneraque
2671 5108 2960 5177 militibus,
3007 5108 3180 5164 hiems
3232 5117 3394 5179 atque
3443 5109 3564 5177 gelu

1964 5200 2231 5269 agricolis,
2262 5200 2636 5271 pugilibusque
2663 5187 2971 5270 {retinentes
3005 5200 3207 5270 plagae,
3243 5200 3392 5256 leves
3424 5200 3554 5256 tole-

1965 5292 2269 5363 rabilesque
2301 5293 2552 5348 videntur
2572 5335 2588 5360 ,
2620 5291 2690 5348 ob
2720 5305 2870 5362 spem
2915 5292 3282 5361 praemiorum,
3313 5305 3435 5361 qua:
3480 5302 3564 5345 ta-

1965 5399 2087 5439 men
2136 5383 2277 5439 ﬂuxa
2328 5385 2671 5455 perituraque
2725 5393 2888 5439 sunt:
2922 5383 3094 5438 multo
3139 5383 3310 5455 magis
3345 5383 3566 5454 quando

1964 5479 2153 5532 caelum
2180 5477 2334 5532 nobis
2354 5520 2370 5544 ,
2400 5475 2686 5532 ineliabilia
2716 5475 2893 5542 bona,
2915 5476 3244 5546 praemiaque
3286 5479 3535 5531 immorta

1966 5569 2034 5623 lia
2084 5578 2454 5639 proponuntur
2479 5610 2494 5633 ,
2540 5568 2745 5624 nullum
2773 5567 2893 5638 quis
2920 5568 3266 5638 praesentium
3295 5567 3571 5624 malorum

1965 5673 2180 5714 sensum
2211 5658 2489 5730 percipiat.

2036 5751 2090 5808 ϐ.
2131 5751 2283 5820 Quod
2311 5754 2354 5806 si
2391 5752 2481 5820 qui
2518 5751 2582 5806 iis
2609 5752 2768 5807 etiam
2811 5751 3020 5821 positis.
3063 5750 3203 5807 viam
3235 5751 3376 5806 illam
3406 5747 3558 5806 labo—

1970 5843 2164 5900 riesatn
2192 5857 2310 5900 esse
2337 5850 2547 5914 putant,
2577 5857 2646 5900 es
2671 5841 2886 5902 illorum
2927 5842 3140 5900 desidia
3155 5853 3361 5902 tantum
3387 5842 3558 5898 oritur
