4094 6526
245 443 352 499 διδ

243 559 612 631 accipiendum
645 576 658 614 :
683 559 788 613 imo
809 554 934 611 illud
958 556 1128 625 ipsum
1153 555 1393 624 impedit,
1417 551 1700 622 quominus
1729 562 1821 604 ac-

244 650 415 718 cipias
434 691 448 714 ,
476 649 647 720 quod,
699 647 836 702 filius
859 662 979 702 cum
1008 648 1084 700 sis
1109 688 1122 710 ,
1150 645 1236 698 illa
1267 654 1416 714 petas
1459 660 1578 712 qua:
1601 656 1706 696 non
1735 642 1826 694 tibi

245 741 552 809 expediam.
582 740 649 793 Et
693 749 745 792 tu
789 740 966 807 itaque
992 736 1119 800 nihil
1162 734 1488 789 mundanum
1515 744 1666 804 petas
1690 773 1706 795 ,
1731 731 1826 786 Sed

244 831 539 899 spiritualia
568 829 743 882 omnia
771 839 859 892 ;et
887 839 1034 882 certo
1058 811 1306 895 accipies.
1336 827 1542 880 Etenim
1568 823 1825 878 Salomon

245 922 367 988 quia
409 920 496 974 illa
534 919 683 989 petiit
712 935 829 989 quae
857 929 1036 990 petere
1057 916 1355 986 oportebat,
1387 916 1508 970 vide
1534 930 1692 984 quam
1722 915 1829 968 cito

146 1023 150 1026 ‘
244 1011 526 1078 acceperit.
564 1011 674 1062 Duo
705 1009 863 1080 igitur
887 1010 1174 1063 observare
1200 1014 1414 1076 oportet
1442 1017 1684 1059 orantem
1708 1046 1722 1065 ,
1775 1017 1830 1059 nt

242 1113 298 1154 et
326 1101 668 1156 vehementer
696 1110 857 1170 petat,
880 1111 934 1155 et
962 1113 1022 1155 ea
1052 1107 1196 1169 petat
1224 1115 1343 1168 qua:
1369 1097 1468 1152 sibi
1496 1096 1786 1165 expediunt
1815 1113 1826 1147 :

243 1191 671 1260 quandoquidem
715 1200 766 1245 et
799 1206 922 1253 vos,
973 1191 1173 1260 inquit,
1218 1190 1425 1244 etiamsi
1459 1198 1635 1257 patres
1675 1187 1826 1250 sitis,

246 1284 386 1336 lilios
417 1292 625 1336 vestros
647 1291 825 1351 petere
847 1281 1016 1334 sinitis
1042 1297 1056 1344 ;
1101 1292 1156 1334 et
1193 1280 1235 1332 si
1261 1279 1578 1333 damnosum
1605 1278 1671 1331 sit
1702 1277 1827 1330 illud

243 1371 390 1440 quod
421 1381 636 1441 petunt,
670 1373 909 1442 negatis;
941 1372 1020 1426 sin
1050 1371 1177 1449 utile
1204 1371 1292 1436 sit,
1321 1372 1553 1423 annuitis
1589 1377 1642 1423 et
1670 1368 1826 1422 datis.

241 1463 322 1515 Tn
352 1463 510 1532 igitur
531 1463 641 1518 haec
666 1466 923 1532 cogitans,
949 1478 1013 1516 ne
1046 1463 1272 1516 absistas
1289 1503 1304 1526 ,
1328 1461 1499 1516 donec
1522 1462 1826 1529 acceperis;

242 1570 311 1608 ne
339 1553 588 1616 recedas,
615 1554 785 1608 donec
829 1555 1097 1607 inveneris
1125 1571 1138 1618 ;
1194 1570 1261 1609 ne
1286 1555 1520 1608 studium
1551 1553 1791 1607 remittas
1813 1595 1826 1615 ,

241 1644 414 1697 donec
436 1644 705 1712 aperiatur
723 1643 904 1713 janua.
938 1643 992 1696 Si
1015 1644 1156 1699 enim
1187 1643 1287 1696 hoc
1315 1645 1493 1698 animo
1515 1643 1826 1706 accesseris,

242 1736 547 1804 dixerisquc
568 1776 581 1797 ,
610 1733 718 1788 Nisi
748 1735 995 1803 recipiam
1021 1776 1034 1792 .
1081 1750 1182 1788 non
1215 1736 1348 1788 abeo
1373 1776 1385 1796 ,
1417 1749 1635 1803 prorsus
1686 1733 1828 1788 acci—

243 1829 356 1896 pies
383 1867 398 1890 ,
431 1828 474 1879 si
524 1837 698 1880 tamen
732 1826 818 1880 illa
848 1836 1028 1895 petas,
1073 1841 1190 1894 qua!
1219 1835 1274 1880 et
1299 1826 1345 1878 ei
1375 1843 1404 1879 a
1440 1841 1546 1894 quo
1592 1825 1726 1893 petis
1779 1833 1830 1878 et

243 1919 333 1970 tibi
367 1916 580 1984 expulit
626 1929 681 1971 ut
709 1917 918 1971 dentur.
964 1918 1218 1983 Quantam
1246 1933 1405 1985 porro
1433 1928 1557 1969 sunt
1583 1917 1696 1970 hazc
1720 1916 1743 1969 ?
1773 1916 1827 1969 Si

241 2010 541 2077 Spiritunlia
575 2021 722 2078 petas
765 2011 972 2074 omnia;
1014 2011 1058 2064 si
1088 2018 1364 2078 postquam
1406 2008 1637 2063 offensas
1666 2009 1829 2062 remi-

239 2103 381 2164 sisti,
420 2102 498 2154 sic
535 2101 758 2154 accedas
797 2102 1164 2156 remissionem
1195 2111 1416 2170 petens;
1450 2101 1492 2154 si
1521 2100 1724 2169 absque
1755 2100 1831 2153 ita

239 2205 296 2243 et
360 2190 834 2259 disceptationibus
887 2201 1097 2246 sanctas
1145 2206 1331 2245 manus
1376 2190 1682 2246 attollamus
1731 2192 1827 2260 (Ι.

241 2279 378 2333 Tim.
406 2281 458 2334 9..
490 2281 581 2350 8).
625 2280 682 2335 Si
714 2281 791 2336 sic
822 2291 1062 2350 petamus
1082 2322 1098 2345 ,
1120 2281 1460 2349 accipiemus.
1518 2279 1670 2336 Nunc
1706 2295 1832 2335 vero

241 2382 424 2428 nostra
457 2375 641 2442 petitio
672 2375 846 2428 irrisio
883 2382 996 2438 est,
1033 2374 1314 2443 potiusque
1352 2374 1623 2428 ebriorum
1656 2373 1828 2426 homi—

242 2483 394 2532 num,
423 2481 580 2536 quam
603 2466 922 2520 sobriorum.
963 2465 1100 2532 Quid
1133 2465 1321 2536 igitur,
1364 2465 1608 2535 inquies,
1649 2465 1692 2518 si
1720 2466 1831 2532 spi-

244 2558 457 2612 ritttalia
487 2567 697 2626 petam,
741 2573 840 2613 nec
865 2557 1161 2627 accipiam?
1199 2556 1314 2612 Non
1341 2556 1579 2611 studiose
1619 2557 1833 2624 procul-

240 2651 406 2705 dubio
455 2651 764 2721 postulasti,
796 2652 877 2706 vel
927 2651 1154 2720 teipsum
1214 2650 1488 2720 indignum
1535 2650 1707 2705 fecisti
1743 2650 1833 2720 qui

241 2744 546 2811 acciperes,
594 2752 684 2798 aut
730 2745 886 2798 citius
923 2759 1081 2814 quam
1125 2757 1221 2813 par
1247 2752 1362 2797 erat
1395 2743 1722 2799 abscessisti.
1769 2743 1836 2796 Et

239 2850 365 2900 cur,
401 2836 605 2905 inquies
628 2877 644 2901 ,
678 2852 784 2890 non
813 2835 946 2890 dixit
988 2851 1107 2904 qum
1140 2844 1386 2904 oporteat
1424 2835 1647 2903 petere?
1675 2835 1833 2889 Certe

240 2928 350 2998 jam
399 2929 577 2983 omnia
608 2929 755 2999 prius
779 2927 948 2992 dixit,
980 2935 1034 2981 et
1063 2925 1295 2981 ostendit
1335 2940 1430 2995 pro
1459 2925 1650 2997 quibus
1677 2940 1832 2981 acce-

240 3021 374 3076 dere
396 3029 662 3090 oporteat.
687 3019 764 3075 Ne
783 3023 960 3090 itaque
979 3018 1147 3086 dicas,
1173 3017 1412 3084 Accessi,
1428 3025 1483 3071 et
1500 3031 1606 3072 non
1627 3019 1828 3087 accepi.

241 3115 360 3169 Non
401 3116 543 3170 enim
574 3130 670 3184 per
699 3115 864 3168 Deum
903 3113 1052 3168 stetit
1078 3113 1364 3182 quominus
1391 3113 1696 3180 acceperis,
1745 3112 1834 3180 qui

240 3208 379 3262 adeo
421 3207 630 3277 diligit,
681 3216 738 3261 ut
773 3214 950 3275 patres
1007 3204 1108 3258 hac
1165 3204 1214 3258 in
1265 3219 1320 3258 re
1373 3213 1576 3259 tantum
1614 3204 1832 3270 vincat,

241 3308 501 3366 quantum
529 3301 664 3351 banc
692 3297 980 3367 nequitiam
1013 3295 1219 3348 bonitas
1249 3303 1484 3362 superat.
1512 3295 1597 3348 11.
1617 3295 1677 3348 Si
1703 3294 1834 3348 enim

243 3407 350 3451 vos,
380 3407 493 3443 cum
517 3389 626 3442 sitis
655 3388 797 3454 mali,
831 3388 984 3441 nostis
1011 3386 1141 3439 bona
1181 3386 1301 3437 data
1330 3385 1454 3437 dare
1479 3385 1600 3452 ﬁliis
1623 3385 1798 3438 vestris
1817 3426 1833 3449 ,

242 3491 430 3550 quanto
469 3481 630 3548 magis
654 3478 809 3533 Pater
845 3487 1002 3532 vester
1029 3477 1240 3530 ca'lestt's
1257 3476 1282 3526 ?
1320 3475 1444 3530 [hec
1472 3489 1633 3544 porro
1662 3474 1790 3529 dixit
1818 3517 1834 3542 ,

244 3592 351 3628 non
398 3574 702 3645 vituperans
752 3572 1036 3626 humanam
1081 3578 1322 3623 naturam
1347 3609 1362 3632 ,
1394 3583 1493 3622 nec
1534 3581 1706 3637 genus
1742 3582 1837 3620 no—

243 3675 414 3717 strum
445 3664 641 3717 malum
672 3677 791 3717 esse
832 3661 1217 3732 pronuntians;
1263 3659 1435 3712 absit:
1467 3659 1558 3712 sed
1600 3673 1836 3712 amorem

245 3767 549 3826 paternum,
581 3754 625 3808 si
655 3769 774 3808 cum
805 3754 1041 3808 bonitate
1066 3751 1156 3807 Dei
1181 3761 1554 3820 comparetur,
1580 3750 1833 3804 malitiam

243 3849 522 3917 appellans
548 3866 561 3900 :
591 3855 735 3901 tanta
765 3845 966 3900 scilicet
994 3845 1133 3898 inest
1164 3843 1238 3896 illi
1266 3843 1582 3912 benignitas.

317 3943 374 3997 5.
422 3939 662 3994 Vidistin‘
715 3938 965 3992 invictum
1015 3944 1428 4006 argumentum,
1479 3933 1619 4004 quod
1670 3939 1838 4004 possit

241 4036 411 4089 etiam
445 4033 818 4102 desperantem
863 4031 914 4083 in
963 4029 1156 4083 bonam
1201 4042 1350 4097 spem
1394 4027 1692 4083 revocare?
1741 4028 1836 4082 llic

243 4124 461 4196 quidem
515 4123 764 4192 exemplo
819 4130 1024 4189 patrum
1075 4118 1364 4172 bonitatem
1416 4117 1507 4172 Dei
1557 4116 1831 4171 ostendit:

241 4218 492 4289 superius
539 4227 714 4271 autem
744 4230 806 4268 ex
835 4213 990 4269 donis
1017 4228 1125 4266 suis
1157 4211 1478 4280 majoribus,
1511 4226 1576 4266 ex
1624 4211 1796 4264 anima
1819 4251 1834 4273 ,

240 4328 304 4366 ex
333 4325 601 4378 corpore;
633 4317 688 4362 et
727 4321 986 4376 nusquam
1013 4315 1170 4375 caput
1217 4303 1480 4358 bonorum
1505 4302 1691 4370 atiert,
1741 4319 1836 4357 ne-

239 4418 349 4471 qne
403 4401 568 4470 ipsius
610 4400 896 4454 adventum
940 4399 992 4452 in
1021 4397 1256 4452 medium
1289 4396 1546 4450 adducit:
1578 4410 1700 4450 nam
1748 4396 1836 4465 qui

240 4493 417 4552 tilium
439 4489 792 4546 occidendum
829 4487 1001 4550 dedit,
1033 4485 1304 4556 quomodo
1331 4485 1486 4540 nobis
1512 4500 1617 4540 non
1659 4487 1835 4540 omnia

239 4580 510 4637 donabit?
554 4580 679 4634 llaec
722 4593 851 4633 vero
881 4578 1114 4632 nondum
1157 4587 1468 4632 evenerant.
1499 4575 1602 4632 Sed
1645 4577 1837 4632 Paulus

242 4673 376 4728 illud
403 4671 562 4727 aﬂert
598 4670 683 4724 his
707 4669 885 4725 verbis
918 4685 929 4722 :
964 4668 1064 4733 Qui
1089 4669 1296 4738 praprio
1335 4668 1444 4735 ﬁlio
1465 4684 1565 4722 non
1593 4670 1834 4738 pepercit,

240 4763 500 4835 quomodo
522 4778 624 4816 non
640 4762 793 4816 etiam
820 4775 937 4814 cum
958 4776 1018 4814 eo
1043 4761 1214 4813 omnia
1240 4760 1382 4813 nobis
1410 4759 1617 4813 donabit
1643 4761 1660 4832 (
1683 4761 1830 4815 Rom.

240 4860 294 4912 8.
330 4853 476 4924 32)?
523 4854 639 4925 Ipse
668 4869 796 4910 vero
820 4853 1065 4910 Christus
1114 4867 1180 4908 ex
1225 4852 1472 4907 humanis
1500 4852 1672 4908 adhuc
1715 4869 1839 4910 cum

242 4951 357 5025 illis
403 4947 639 5002 disserit.
692 4945 894 5002 Deinde
918 4944 1205 5000 ostendens
1228 4983 1245 5006 .
1273 4957 1373 4999 nec
1401 4944 1626 4999 orationi
1668 4944 1836 5000 fiden-

240 5041 375 5096 dum
405 5053 559 5105 esse,
582 5039 630 5093 si
652 5051 715 5092 ea
735 5053 856 5108 quas
879 5037 932 5092 in
961 5037 1114 5092 nobis
1142 5046 1267 5093 sunt
1293 5035 1640 5108 negligamus,
1667 5053 1839 5107 neque

241 5132 287 5186 si
321 5129 415 5185 illa
459 5142 746 5194 curemus,
774 5136 973 5181 nostra:
1015 5141 1159 5182 cura:
1201 5141 1264 5181 ac
1300 5126 1589 5198 diligentia
1633 5137 1837 5183 tantum

245 5220 522 5279 ridendum
567 5234 690 5278 esse
708 5259 723 5286 ,
749 5218 844 5274 sed
872 5233 1161 5289 supernum
1188 5233 1310 5274 esse
1336 5218 1713 5286 requirendum
1739 5234 1806 5275 au
1827 5251 1840 5262 -

244 5315 475 5378 silium,
505 5320 562 5368 et
606 5319 790 5368 nostra
833 5310 990 5365 simul
1039 5310 1306 5366 afferenda
1355 5325 1512 5375 esse,
1556 5311 1738 5368 ethoc
1785 5322 1840 5369 et

247 5406 378 5463 illud
425 5406 732 5477 frequenter
774 5406 1013 5475 apponit.
1069 5403 1202 5458 Nam
1259 5415 1377 5475 post
1429 5405 1592 5460 multa
1638 5407 1836 5461 monita

247 5499 470 5554 modum
497 5497 683 5553 orandi
709 5497 910 5562 docuit,
940 5504 995 5551 et
1023 5505 1302 5566 postquam
1328 5496 1379 5551 id
1403 5496 1692 5563 docuerat,
1721 5513 1840 5552 rur-

246 5603 341 5644 sus
386 5587 452 5642 ad
492 5587 758 5660 agendum
783 5586 1090 5644 cohortatus
1114 5597 1235 5651 est;
1277 5586 1473 5644 abhinc
1501 5588 1693 5645 iterum
1722 5604 1837 5642 mo-

250 5681 365 5736 nuit
393 5681 651 5735 orandum
681 5694 805 5736 esse
847 5677 1188 5751 frequenter,
1238 5694 1361 5734 cum
1408 5679 1581 5745 ditit,
1637 5678 1835 5745 Petite,

247 5771 478 5839 emite,
513 5770 744 5842 pulsate;
775 5771 874 5826 sub
899 5769 1016 5826 haec
1055 5785 1290 5838 rursum,
1320 5771 1529 5826 virtutis
1569 5771 1844 5830 studiosos

248 5877 370 5921 esse
393 5873 679 5934 oportere;
724 5877 846 5918 nam
877 5863 990 5932 ait,
1019 5860 1106 5919 12.
1141 5862 1324 5918 Omnia
1351 5879 1468 5936 ergo
1515 5879 1838 5937 quaecumque

1153 439 1218 493 ΙΝ
1256 435 1663 494 ΜΑΤΤΗᾹΞΗΜ
1705 435 1936 492 ιιυλιιι.
1983 432 2170 488 XXIII.
2221 433 2290 487 al.
2337 431 2521 487 XXIV.

3434 435 3534 488 5H

1936 546 2086 601 vultis
2117 556 2171 600 ut
2202 547 2395 617 faciant
2441 547 2577 600 vobis
2626 547 2852 601 homines
2873 589 2886 614 ,
2917 557 2964 600 ct
3006 562 3093 602 vos
3117 548 3266 616 facit:
3294 546 3434 610 illis;
3485 550 3537 603 in

1937 639 2082 692 brevi
2111 640 2284 708 spatio
2315 647 2505 693 cuncta
2534 653 2813 694 resumens
2846 680 2859 704 ,
2913 639 3342 708 ostendensque,
3385 653 3536 693 eom-

1940 729 2278 799 i:endiosam,
2306 730 2550 796 facilem,
2588 730 2945 800 omnibusque
2986 739 3168 783 notam
3212 743 3335 785 esse
3370 729 3540 784 virtu-

1939 831 2066 876 tem.
2115 821 2300 892 Neqtte
2350 821 2666 892 simpliciter
2710 822 2878 888 dixit,
2921 824 3286 892 Quzecumque
3339 820 3535 884 vultis;

1939 915 2053 974 sed,
2086 914 2269 967 Omnia
2291 931 2410 985 ergo
2439 932 2769 985 quwcmuque
2810 917 2979 970 vultis.
3021 914 3156 971 Nam
3186 915 3335 981 illud,
3371 915 3534 987 Ergo,

1941 1020 2044 1056 non
2102 1005 2218 1059 sine
2269 1020 2430 1058 causa
2471 1005 2700 1075 atljecil,
2755 1005 2849 1061 sed
2884 1006 2987 1061 hoc
3024 1005 3370 1062 subindicans
3417 1025 3431 1060 :
3482 1008 3540 1061 Si

1939 1089 2124 1160 vtiltis,
2180 1097 2381 1166 inquit,
2405 1098 2612 1161 audiri,
2641 1113 2762 1153 cum
2793 1098 3097 1169 illis,\qua:
3135 1099 3278 1164 dixi,
3326 1111 3381 1155 et
3425 1100 3540 1155 bare

1941 1185 2112 1239 facite.
2145 1184 2402 1253 Quaenam
2445 1187 2577 1240 illa?
2609 1187 2951 1256 Quaecumque
2977 1189 3126 1242 vultis
3155 1198 3206 1241 ut
3233 1188 3427 1258 faciant
3453 1206 3539 1242 vo-

1937 1277 2011 1329 bis
2053 1276 2297 1331 homines.
2357 1277 2540 1333 \‘iden‘
2564 1279 2835 1349 quomodo
2865 1279 3195 1347 ostenderit,
3246 1295 3368 1335 cum
3417 1297 3540 1335 ora-

1940 1366 2085 1421 tione
2129 1367 2294 1420 etiam
2340 1368 2510 1437 probo
2539 1369 2660 1423 vitae
2705 1369 2948 1423 instituto
2994 1370 3149 1424 nobis
3195 1385 3332 1440 opus
3375 1372 3537 1426 esse?

1939 1456 2122 1529 Neque
2149 1459 2315 1525 dixit,
2368 1459 2731 1532 Quaecumque
2772 1461 3007 1518 volueris
3039 1463 3129 1517 tibi
3163 1476 3190 1515 a
3227 1463 3338 1518 Deo
3383 1464 3494 1519 tieri
3522 1507 3536 1526 ,

1943 1549 2056 1604 haec
2085 1551 2165 1603 fac
2214 1561 2269 1605 et
2317 1553 2600 1619 proximo:
2636 1567 2704 1606 ne
2741 1553 2982 1616 diceres,
3021 1554 3083 1608 Et
3127 1555 3403 1624 quomodo
3441 1555 3542 1610 hoc

1938 1638 2076 1693 efﬁci
2107 1640 2318 1710 potest?
2350 1642 2437 1696 ille
2467 1642 2608 1696 Deus
2634 1651 2715 1697 est
2737 1683 2754 1707 ,
2785 1653 2838 1696 ct
2867 1658 2966 1713 ego
2992 1643 3154 1698 homo
3179 1660 3194 1709 ;
3225 1645 3320 1699 sed
3340 1686 3354 1710 ,
3386 1645 3543 1712 Quar-

1939 1745 2168 1799 cnmque
2219 1731 2454 1787 volueris
2502 1731 2596 1786 tibi
2655 1733 2768 1786 fieri
2812 1751 2840 1785 a
2901 1748 3204 1800 conservo,
3255 1735 3377 1791 lucc
3401 1746 3453 1791 ct
3486 1747 3540 1789 tu

1941 1823 2191 1889 proximo
2243 1833 2334 1878 tuo
2383 1825 2660 1880 exhibeas.
2716 1827 2853 1893 Quid
2896 1825 2994 1881 hac
3035 1843 3092 1882 re
3140 1828 3358 1883 levius?
3411 1828 3539 1898 quid

1935 1916 2174 1984 justius?
2203 1916 2401 1972 Deinde
2430 1927 2554 1972 ante
2580 1919 2796 1987 praemia
2823 1919 3024 1988 grande
3047 1922 3374 1976 encontium.
3410 1919 3538 1974 "(ea

1941 2016 2013 2059 est
2040 2007 2172 2061 enim
2202 2007 2284 2061 lex
2311 2048 2323 2070 ,
2355 2019 2400 2060 et
2437 2010 2715 2078 prophetat.
2747 2009 2900 2065 Unde
2946 2013 3286 2066 manifestum
3335 2023 3419 2066 est
3457 2028 3544 2067 se-

1940 2097 2173 2153 cundum
2231 2108 2472 2154 naturain
2522 2102 2677 2155 nobis
2729 2103 2905 2156 inesse
2952 2104 3240 2170 virtutem,
3269 2115 3323 2159 et
3367 2118 3465 2159 nos
3513 2120 3545 2157 ει

1944 2191 2098 2245 nobis
2125 2192 2254 2260 ipsis
2274 2192 2400 2262 quid
2431 2192 2502 2247 sit
2543 2191 2808 2264 agendum
2835 2195 3007 2260 scire,
3049 2211 3224 2266 neque
3271 2211 3430 2265 posse
3475 2197 3540 2251 ad

1943 2284 2256 2351 ignorantia:
2286 2283 2684 2338 excusationem
2727 2300 2976 2354 umquam
3003 2285 3313 2356 confugere.

2014 2375 2168 2427 Arcta
2197 2385 2265 2428 est
2293 2375 2372 2428 via
2398 2379 2512 2445 qua}
2553 2375 2692 2429 ducit
2741 2377 2808 2428 ad
2850 2377 3040 2441 vitam;
3089 2379 3339 2446 quomodo
3377 2379 3547 2449 facilia

1943 2467 2139 2518 euadat.
2171 2496 2239 2504 —
2267 2466 2354 2520 15.
2399 2465 2596 2520 Intrate
2619 2482 2710 2535 per
2738 2477 3004 2538 angustam
3036 2478 3259 2534 portam,
3302 2470 3543 2536 quoniam

1943 2559 2048 2610 lata
2074 2567 2144 2610 est
2176 2569 2324 2626 porta
2345 2599 2359 2622 ,
2390 2567 2436 2610 et
2458 2557 2682 2627 spatiosa
2722 2557 2800 2611 via
2829 2568 2920 2621 est,
2965 2573 3079 2626 qua:
3108 2559 3243 2612 ducit
3269 2559 3337 2612 ad
3376 2560 3550 2629 pcrdi-

1944 2649 2149 2709 tionem,
2183 2660 2229 2702 et
2276 2650 2424 2702 multi
2449 2659 2586 2714 sum,
2615 2650 2701 2718 qui
2742 2649 3096 2718 ingrediuntur
3135 2666 3228 2717 per
3263 2667 3376 2702 eam
3406 2665 3424 2703 :
3455 2651 3541 2704 H.

1943 2752 1990 2794 ct
2019 2753 2159 2795 arcta
2174 2725 2260 2796 ’ρει
2288 2753 2437 2812 porta
2463 2783 2476 2802 ,
2509 2752 2557 2795 et
2597 2752 2808 2812 angusta
2839 2742 2939 2804 via,
2964 2757 3078 2810 qua:
3104 2743 3242 2795 ducit
3280 2744 3348 2794 ad
3369 2743 3542 2807 vitam,

1945 2842 1988 2884 et
2013 2833 2161 2900 pauci
2190 2844 2328 2896 sunt,
2370 2833 2456 2901 qui
2484 2832 2742 2885 inveniunt
2788 2848 2920 2886 eam.
2963 2834 3120 2898 Atqui
3153 2840 3335 2901 postea
3365 2832 3495 2887 dicit
3531 2851 3542 2884 :

1941 2922 2138 2994 Iugum
2183 2941 2351 2978 nicum
2389 2939 2543 2977 suave
2583 2935 2655 2978 est
2677 2966 2690 2989 ,
2720 2936 2768 2978 et
2806 2941 2934 2979 auus
2975 2941 3141 2979 meum
3168 2926 3276 2979 {eve
3310 2924 3542 2996 (Matth.

1947 3017 2034 3069 11.
2077 3017 2220 3084 50);
2271 3028 2431 3086 atque
2455 3019 2615 3070 etiam
2649 3017 2699 3070 in
2730 3017 2829 3082 iis,
2862 3033 2985 3087 quae
3030 3019 3188 3087 paulo
3232 3031 3358 3074 ante
3399 3018 3540 3073 dicta

1944 3119 2108 3169 sunt,
2165 3107 2396 3178 idipsum
2439 3108 2797 3162 subindicavit
2848 3126 2861 3160 :
2909 3110 3180 3179 quomodo
3220 3118 3402 3166 autem
3458 3111 3548 3164 lno

1945 3209 2145 3255 arctam
2174 3200 2316 3254 illam
2341 3209 2732 3271 angustamque
2757 3201 2888 3256 dicit
2912 3205 3075 3257 esse?
3104 3205 3266 3260 Certe
3295 3205 3340 3258 si
3366 3213 3544 3260 atten-

1944 3290 2122 3355 deris,
2156 3291 2242 3346 bic
2269 3291 2432 3347 etiam
2463 3291 2700 3346 declarat
2739 3291 2882 3346 illam
2910 3292 3197 3348 admodum
3225 3308 3347 3349 esse
3373 3294 3546 3350 levem

1944 3394 1997 3438 et
2026 3383 2256 3438 facilem.
2286 3383 2354 3438 Et
2392 3384 2692 3452 quomodo,
2726 3383 2968 3454 inquies,
3002 3385 3091 3439 illa
3112 3426 3127 3450 ,
3170 3401 3291 3454 qua:
3319 3395 3466 3442 areta
3495 3399 3551 3441 et

1944 3485 2188 3546 angusta,
2218 3475 2389 3530 facilis
2416 3476 2562 3532 erit?
2613 3477 2744 3544 Quia
2776 3478 2861 3532 via
2913 3486 3026 3542 est,
3077 3488 3132 3533 et
3175 3489 3361 3548 porta;
3410 3482 3549 3534 sicut

1945 3571 2106 3623 etiam
2132 3570 2220 3623 illa
2249 3570 2350 3622 alia
2377 3610 2391 3634 ,
2422 3570 2522 3624 etsi
2555 3568 2661 3624 lata
2688 3588 2741 3625 et
2771 3571 3008 3640 spatiosa
3027 3613 3043 3637 ,
3088 3572 3169 3626 via
3199 3581 3362 3627 estet
3408 3573 3544 3640 ipsa.

1947 3661 2000 3715 ln
2041 3660 2122 3715 bis
2153 3671 2329 3715 autem
2359 3660 2488 3714 nihil
2525 3671 2729 3725 manet,
2783 3661 2878 3717 sed
2925 3670 3204 3718 transeunt
3251 3663 3429 3718 omnia
3478 3665 3567 3718 ad-

1947 3752 2084 3807 banc
2125 3754 2287 3808 vitam
2342 3753 2698 3821 pertinentia,
2746 3756 2861 3808 sive
2889 3755 3094 3818 tristia,
3126 3756 3239 3810 sive
3267 3769 3546 3824 prospera.

1945 3846 2053 3900 Nec
2092 3846 2217 3901 ideo
2248 3855 2454 3901 tantum
2497 3845 2668 3901 facilis
2701 3856 2785 3902 est
2810 3847 3012 3912 virtus;
3043 3847 3138 3902 sed
3168 3863 3198 3902 a
3245 3847 3350 3902 line
3387 3848 3548 3902 etiam

1944 3939 2151 3994 facilior
2198 3939 2458 3995 redditur.
2497 3937 2681 4008 Neque
2721 3939 2865 3993 enim
2910 3947 3114 3992 tantum
3142 3939 3286 4008 quod
3337 3938 3570 3994 labores-

1945 4037 2001 4082 et
2027 4029 2250 4083 sudores
2298 4036 2591 4095 transeant,
2623 4029 2719 4086 sed
2744 4031 2905 4085 etiam
2935 4030 3076 4100 quod
3106 4029 3249 4086 bono
3281 4031 3406 4096 fine,
3439 4033 3550 4085 vita

1947 4134 2138 4186 nempe
2158 4159 2174 4183 ,
2206 4119 2579 4183 terminentur,
2613 4121 2666 4174 id
2691 4119 3116 4175 consolationem
3143 4121 3550 4178 deccrtantibus

1947 4224 2138 4278 parere
2167 4209 2350 4285 debet.
2379 4208 2561 4278 Itaque
2589 4218 2644 4264 et
2663 4211 2897 4265 brevitas
2918 4211 3161 4266 laborum
3190 4220 3246 4267 et
3273 4213 3557 4268 aeternitas

1944 4317 2288 4366 coronarum,
2323 4311 2378 4357 et
2402 4302 2543 4372 quod
2576 4309 2692 4358 tunc
2712 4303 2821 4358 sint
2846 4303 3023 4374 priora
3049 4345 3064 4367 ,
3098 4305 3187 4359 illa
3215 4320 3342 4360 vero
3367 4317 3548 4375 poste-

1946 4394 2123 4459 riora;
2159 4394 2274 4448 baic
2299 4402 2446 4449 certe
2470 4394 2652 4449 omnia
2698 4395 2986 4450 maximam
3027 4396 3080 4450 in
3123 4395 3399 4451 laboribus
3422 4397 3554 4452 aﬂu-

1946 4494 2067 4540 rant
2091 4487 2535 4541 consolationem.
2564 4493 2904 4556 Quapropter
2937 4486 3136 4544 Paulus
3161 4488 3334 4544 levem
3381 4489 3548 4544 tribu-

1948 4579 2202 4635 lationem
2269 4581 2522 4645 vocavit,
2579 4596 2688 4634 non
2735 4579 2808 4635 ob
2869 4589 3117 4635 naturam
3188 4581 3550 4640 accidentium

1947 4687 2125 4727 rerum
2147 4712 2163 4736 ,
2204 4670 2299 4726 sed
2331 4671 2402 4724 ob
2432 4681 2731 4741 promptam
2764 4671 3093 4728 voluntatem
3122 4673 3465 4738 certantium.
3496 4687 3550 4729 et

1945 4777 2095 4832 sporn
2142 4761 2464 4818 futurorum.
2515 4760 2647 4818 Leve
2704 4763 3044 4818 tribulationis
3075 4805 3091 4831 ,
3144 4763 3349 4834 inquit,
3391 4781 3550 4833 supra

1943 4855 2173 4922 modum,
2224 4867 2468 4910 (sternunt
2493 4854 2674 4924 gloria
2701 4855 2901 4924 pondus
2946 4867 3208 4925 operatur,
3251 4873 3351 4910 non
3379 4860 3549 4910 cousi-

1946 4949 2238 5004 derantibua
2290 4947 2434 5002 nobis
2484 4963 2601 5017 quia
2641 4949 2898 5014 videntur,
2927 4949 3016 5003 sed
3043 4964 3159 5018 qua
3190 4965 3288 5002 non
3316 4949 3548 5003 videntur

1946 5045 1962 5108 (
1990 5040 2045 5094 2.
2075 5039 2191 5096 Cor.
2223 5043 2281 5097 t.
2315 5042 2404 5096 t7.
2434 5039 2559 5112 18).
2602 5040 2736 5097 Nam
2764 5040 2811 5097 si
2835 5039 3028 5096 ﬂuctus
3051 5048 3107 5096 et
3133 5041 3505 5096 maria'nautis
3530 5084 3542 5100 .

1945 5149 2008 5188 ac
2059 5133 2236 5190 cades
2274 5135 2606 5206 vulneraque
2653 5134 2942 5202 militibus,
2988 5132 3161 5189 hiems
3214 5142 3375 5203 atqtte
3425 5134 3546 5202 gelu

1945 5225 2214 5294 agricolis,
2246 5225 2617 5296 pugilibusque
2644 5213 2952 5296 frequentes
2987 5225 3188 5295 plagita,
3225 5225 3374 5281 leves
3406 5225 3536 5280 tole-

1947 5317 2251 5388 rabilesque
2283 5318 2533 5373 videntur
2553 5359 2569 5385 ,
2601 5317 2672 5373 ob
2701 5331 2852 5388 spem
2897 5317 3263 5386 praemiorum,
3294 5330 3416 5386 qua:
3461 5327 3546 5371 ta-

1947 5425 2068 5464 men
2118 5409 2259 5464 fluxa
2310 5409 2652 5480 perituraque
2705 5418 2869 5464 sunt:
2903 5408 3076 5464 multo
3121 5408 3292 5480 magis
3327 5409 3546 5478 quatuln

1946 5503 2134 5557 cadum
2162 5502 2316 5556 nobis
2336 5544 2352 5569 ,
2382 5501 2667 5557 ineffabilia
2697 5501 2874 5568 bona,
2897 5502 3226 5572 praemiaque
3268 5503 3516 5556 immorta

1947 5594 2015 5648 lia
2066 5603 2436 5664 proponuntur
2461 5635 2476 5658 ,
2523 5593 2726 5648 nullum
2754 5592 2874 5662 quis
2902 5592 3248 5663 przesentium
3276 5591 3553 5649 malorum

1947 5697 2162 5739 sensum
2193 5683 2471 5754 percipiat.

2017 5777 2072 5834 6.
2113 5775 2264 5844 Quod
2293 5779 2337 5831 si
2373 5776 2463 5846 qui
2500 5776 2563 5830 iis
2591 5777 2750 5832 etiam
2793 5777 3001 5846 positis,
3044 5775 3184 5832 viam
3216 5775 3358 5830 illam
3387 5772 3538 5830 labo'

1952 5869 2146 5926 riosam
2173 5883 2292 5926 esse
2319 5875 2529 5940 putant,
2559 5882 2629 5924 es
2653 5867 2867 5927 illorum
2907 5867 3121 5925 desidia
3137 5877 3343 5926 tantum
3369 5866 3538 5922 oritur
