4094 6480
590 431 692 485 515

591 540 705 595 haec
723 538 976 606 suspicio.
1009 536 1143 592 Vide
1163 536 1306 591 enim
1322 550 1480 604 quam
1503 535 1674 590 levem
1702 535 1847 588 illam
1875 533 1978 588 alio
2003 531 2164 588 modo

589 631 816 691 efficiat,
847 626 1138 698 eumjnbet
1186 641 1290 680 non
1331 625 1664 679 commisceri
1705 623 1959 684 canibus,
1997 635 2168 690 neque

591 721 768 790 porcis
793 735 852 774 se
879 718 1108 778 tradere,
1138 728 1190 770 et
1217 731 1402 771 cavere
1429 731 1455 766 a
1488 713 1982 784 pseudoprophetis,
2011 712 2168 765 duiu-

587 827 690 882 qne
725 825 820 866 eos
856 812 1090 880 undique
1129 810 1383 864 sollicitos
1413 807 1605 861 reddit.
1641 807 1754 862 line
1797 807 1969 874 ipsum
2014 818 2164 867 vero,

588 904 730 972 quod
764 903 905 956 illam
935 913 1135 956 arctam
1177 899 1429 970 appellat,
1459 899 1695 952 maxime
1719 899 1930 952 confert
1955 895 2020 949 ad
2048 911 2164 949 eam

590 995 799 1050 facilem
826 993 1166 1056 reddendam,
1197 991 1492 1044 admonens
1522 990 1639 1044 illos
1670 998 1727 1042 ιιι
1750 989 1988 1057 vigilent.
2019 987 2168 1056 Siqut

593 1088 734 1140 enim
766 1086 975 1148 Paulus,
1006 1100 1125 1138 cum
1162 1083 1313 1144 dixit,
1347 1081 1468 1136 Non
1493 1094 1564 1135 est
1595 1082 1735 1134 nobis
1761 1080 2049 1134 colluctatio
2075 1079 2170 1132 ad-

592 1190 759 1228 versus
806 1175 1100 1244 sanguinem
1138 1183 1183 1226 et
1224 1189 1424 1226 carnem
1455 1171 1669 1240 (Ep/tes.
1717 1171 1769 1226 ϐ.
1804 1169 1916 1240 12),
1972 1187 2075 1223 ιιοη
2110 1180 2165 1222 ιιι

593 1265 826 1332 dejiciat,
869 1264 962 1316 sed
995 1275 1049 1316 ut
1092 1265 1261 1332 erigat
1302 1263 1524 1316 militum
1558 1265 1786 1327 animos,
1818 1263 1867 1314 id
1898 1261 2026 1315 dicit
2055 1283 2067 1316 :
2093 1261 2170 1314 sic

595 1355 706 1423 ipse
747 1355 997 1408 Dominus
1024 1364 1078 1407 ut
1108 1355 1338 1407 viatores
1376 1370 1405 1407 a
1449 1368 1638 1408 somno
1667 1356 1882 1418 excitet,
1925 1367 2166 1421 aSperam

596 1446 723 1498 dicit
769 1445 904 1498 viam
935 1463 947 1497 :
975 1461 1145 1512 neque
1192 1445 1289 1497 hoc
1327 1446 1694 1498 tantnnnnodo
1741 1446 1805 1497 ad
1849 1442 2166 1512 \‘igi'andmn

594 1533 814 1601 inducit,
842 1537 933 1589 sed
964 1536 1123 1589 etiam
1161 1552 1278 1587 eum
1311 1536 1507 1603 adjicit.
1543 1537 1735 1588 nniltos
1776 1551 1892 1590 esse
1923 1538 2009 1605 qui
2042 1551 2164 1605 sup-

597 1626 834 1693 plantare
871 1626 1148 1690 studeant;
1178 1627 1422 1696 quodque
1452 1629 1662 1696 gravius
1705 1640 1807 1690 est,
1844 1646 1947 1682 non
1985 1640 2171 1698 aperte

598 1715 915 1783 irrumpunt,
964 1716 1055 1769 sed
1097 1701 1216 1770 sese
1253 1719 1516 1770 occultant
1553 1745 1560 1770 ;
1597 1719 1896 1786 huiusmodi
1944 1735 2171 1788 namque

596 1814 675 1856 est
715 1806 1289 1876 pseudoproplietarum
1329 1824 1514 1877 genus.
1542 1809 1644 1862 Sed
1675 1827 1740 1864 ne
1774 1811 1896 1864 illud
1931 1810 2174 1864 conside-

599 1909 704 1956 res,
742 1896 927 1964 inquit,
957 1897 1096 1964 quod
1123 1898 1191 1950 sit
1216 1915 1398 1967 aspera
1427 1912 1476 1951 et
1516 1910 1680 1964 arcta,
1711 1901 1801 1954 sed
1833 1917 1938 1969 qui;
1965 1901 2172 1955 desinat

599 1985 900 2054 perpende;
932 2001 1099 2055 neque
1129 1987 1267 2055 quod
1297 1991 1557 2042 conn-aria
1600 1993 1679 2043 via
1724 1993 1791 2044 sit
1823 1993 1923 2044 lata
1964 2002 2018 2046 et
2055 2006 2173 2058 spa-

600 2076 754 2139 tioSa,
789 2077 878 2129 sed
923 2093 1077 2144 quem
1109 2078 1263 2130 linem
1300 2080 1506 2132 habeat.
1540 2082 1662 2134 ll:ec
1692 2098 1849 2149 porro
1891 2083 2068 2136 omnia
2095 2083 2175 2136 di-

601 2164 688 2226 rit,
718 2174 772 2217 ut
805 2167 954 2218 nobis
981 2167 1210 2219 animum
1236 2169 1423 2236 erigat,
1454 2179 1584 2223 utet
1613 2171 1735 2224 alibi
1768 2173 1974 2225 diccbat
2005 2192 2016 2223 :
2056 2171 2173 2225 Vio—

601 2251 722 2305 lenti
767 2258 966 2323 rapiunt
997 2256 1355 2326 illud(.llnttlt.
1401 2261 1484 2313 il.
1522 2261 1627 2331 1:2).
1674 2262 1800 2314 Nam
1832 2265 1919 2328 qui
1961 2262 2023 2314 ad
2068 2278 2173 2316 cer-

602 2354 776 2398 tamen
849 2348 1176 2417 ingreditur,
1243 2351 1327 2404 ubi
1385 2352 1526 2404 clare
1595 2351 1735 2405 \‘idct
1800 2354 2173 2422 :igouothetam

601 2437 950 2488 certaminum
986 2438 1218 2492 laborem
1259 2441 1628 2504 admirantem,
1671 2445 1892 2495 alacrior
1927 2445 2174 2498 efficitur.

605 2522 682 2577 Ne
712 2525 867 2592 igitur
905 2528 1140 2580 animum
1178 2531 1622 2597 despondeanms,
1662 2549 1780 2586 cum
1822 2536 1981 2588 multa
2027 2537 2179 2589 nolus

602 2611 724 2665 hinc
752 2613 917 2666 tristia
953 2618 1261 2671 acciderint.
1294 2623 1445 2673 Arcta
1475 2625 1614 2674 euitn
1643 2635 1723 2675 est
1749 2625 1852 2686 via,
1885 2634 1936 2677 et
1958 2637 2176 2693 angusta

602 2713 750 2772 porta
783 2722 794 2756 :
825 2716 878 2757 at
915 2722 1017 2758 non
1048 2709 1231 2761 Cl\il.’l$
1261 2709 1366 2761 illa.
1405 2710 1628 2779 Ideoque
1660 2729 1763 2765 non
1792 2713 1875 2767 bic
1914 2716 2176 2783 Speranda

599 2794 750 2860 quies
777 2803 876 2856 est,
907 2812 1076 2863 neque
1108 2797 1212 2850 illic
1241 2800 1527 2866 putandum
1559 2803 1752 2870 aliqmd
1793 2804 1967 2859 inesse
2002 2807 2174 2862 triste.

599 2881 731 2935 Cum
761 2882 896 2936 dixit
923 2895 1122 2950 autem,
1158 2887 1318 2941 Pauci
1347 2901 1459 2942 sunt
1495 2893 1579 2960 qui
1607 2896 1862 2948 inveniunt
1889 2913 2019 2961 eant,
2055 2915 2176 2951 rur-

600 2987 693 3026 sus
736 2977 1023 3029 multorum
1071 2977 1155 3030 hic
1199 2979 1458 3046 ignaviam
1508 2983 1759 3052 declarat,
1809 2997 1863 3041 et
1910 2989 2180 3043 auditores

601 3065 852 3134 instituit,
879 3085 946 3123 ne
973 3071 1256 3124 multorum
1281 3073 1437 3127 rebus
1469 3079 1737 3145 prosperis
1767 3080 2001 3132 animum
2029 3081 2180 3134 adbi-

600 3158 779 3221 beant,
804 3160 894 3213 sed
924 3176 1208 3228 paucorum
1238 3164 1524 3219 laboribus.
1554 3168 1769 3223 Plurimi
1801 3186 2048 3240 namque,
2080 3174 2174 3237 ait,

599 3262 706 3300 non
748 3249 907 3304 modo
947 3266 1042 3320 per
1085 3253 1224 3306 illam
1271 3255 1406 3308 viam
1460 3273 1561 3311 non
1610 3261 1882 3326 incedunt,
1932 3263 2025 3318 sed
2079 3281 2179 3319 nec

599 3337 744 3391 illam
788 3339 991 3410 eligunt
1037 3345 1284 3413 quidem;
1329 3350 1469 3408 quod
1519 3361 1815 3407 extremum
1861 3356 2177 3424 insipientia:

599 3441 702 3484 est.
735 3431 928 3486 Verum
968 3451 1071 3487 non
1102 3449 1182 3490 est
1210 3440 1528 3494 multitudini
1561 3445 1975 3505 attendendum;
2009 3465 2179 3517 neque

602 3519 728 3575 inde
767 3524 962 3576 turbari
991 3538 1220 3594 oportet,
1252 3533 1344 3584 sed
1389 3547 1583 3598 pain-os
1614 3537 1728 3588 illos
1753 3538 1964 3602 imitari,
1995 3551 2048 3593 et
2078 3557 2176 3593 un-

603 3609 763 3681 diqne
797 3629 914 3668 sese
953 3616 1263 3685 colligentes
1302 3623 1379 3674 sic
1423 3639 1518 3691 per
1564 3642 1682 3677 eum
1729 3627 1997 3682 incedere.
2046 3631 2178 3686 Nam

603 3715 952 3774 prxterquani
999 3710 1138 3777 quod
1189 3723 1406 3779 angusta
1461 3715 1543 3766 illa
1587 3727 1687 3777 cst.
1731 3719 1878 3770 multi
1921 3731 2042 3773 sunt
2093 3724 2179 3792 qui

604 3798 941 3864 supplantare
985 3800 1234 3864 student,
1279 3819 1344 3856 ne
1387 3804 1477 3856 illo
1523 3807 1783 3872 intretur;
1834 3813 2179 3878 quamobrem

605 3886 908 3955 subjunxit:
939 3890 1024 3942 i5.
1072 3891 1323 3944 Attendite
1375 3911 1405 3945 a
1449 3897 1592 3963 falsis
1641 3899 1914 3966 prophetis.
1977 3899 2182 3954 Venient

607 3977 739 4028 enim
777 3979 845 4028 ad
885 3993 969 4031 vos
1008 3980 1058 4032 in
1098 3984 1395 4037 vestimentis
1439 4001 1603 4039 omum
1633 4005 1651 4040 .·
1676 3990 1972 4045 intrinsecus
2013 4003 2180 4046 autent

607 4082 721 4120 sunt
748 4069 854 4133 lupi
882 4088 1110 4140 rapaces.
1157 4073 1293 4127 Ecce
1321 4091 1439 4129 cum
1477 4079 1698 4133 (mnibus
1726 4091 1778 4134 et
1819 4084 1992 4150 porcis
2036 4084 2178 4138 aliud

609 4159 914 4212 insidiarum
960 4177 1142 4228 genus,
1194 4167 1358 4218 tnulto
1389 4170 1732 4233 periculosius
1774 4173 1881 4226 illo.
1931 4174 2006 4228 llli
2039 4176 2178 4229 enim

608 4258 730 4300 sunt
769 4252 1056 4316 manifesti,
1089 4265 1140 4306 et
1171 4257 1341 4323 palam
1373 4258 1777 4325 aggrediuntur;
1826 4264 1878 4316 hi
1919 4281 2048 4320 vero
2089 4282 2182 4319 oe-

607 4341 758 4392 colti.
801 4341 925 4395 Ideo
963 4341 1030 4394 ab
1075 4344 1176 4398 illis
1218 4347 1430 4414 quidem
1462 4349 1728 4404 abstinere
1765 4355 1944 4420 jussit,
1991 4357 2059 4407 ab
2103 4356 2185 4411 bis

611 4445 736 4483 vero
772 4431 1173 4501 diligentissime
1207 4452 1411 4498 cavere.
1441 4454 1503 4491 ac
1543 4441 1585 4492 si
1627 4442 1839 4496 dillieile
1881 4445 1948 4498 sit
1988 4447 2054 4500 ad
2087 4449 2186 4515 pri-

612 4534 758 4574 mum
790 4523 905 4576 illos
935 4539 1277 4593 congressum
1303 4529 1579 4597 explorare
1604 4548 1616 4582 :
1653 4531 1875 4602 ideoque
1904 4537 2057 4601 dixit,
2087 4538 2182 4590 At-

611 4613 811 4677 tendite,
839 4625 893 4666 ut
917 4615 982 4668 ad
1001 4617 1117 4670 illos
1146 4618 1580 4675 internoscendos
1606 4623 1848 4679 redderet
1879 4627 2184 4696 diligentio-

613 4719 716 4756 res.
749 4704 944 4759 Deinde
966 4722 1030 4759 ne
1055 4708 1348 4772 audientes,
1382 4712 1430 4765 in
1460 4723 1601 4765 arcta
1631 4725 1684 4767 et
1715 4727 1933 4784 angusta
1979 4721 2186 4774 mullis-

611 4809 715 4861 que
758 4798 1020 4849 contraria
1070 4799 1150 4852 via
1211 4801 1560 4855 incedendum
1617 4819 1776 4868 esse,
1826 4822 1854 4858 a
1910 4823 2085 4876 porCIS
2133 4822 2187 4866 et

612 4886 832 4938 raoilms
861 4889 1173 4955 cavendum,
1212 4893 1529 4962 insuperque
1566 4911 1596 4948 ιι
1633 4897 1928 4965 maligniori
1965 4917 2181 4970 genere,

614 4992 806 5044 nempe
833 4979 1106 5045 luporum;
1131 4998 1195 5034 ne
1219 4984 1443 5035 tristium
1472 5000 1646 5038 rerum
1687 4988 2023 5046 multitudine
2051 5010 2182 5047 con-

612 5067 814 5133 cidant,
845 5069 896 5120 in
927 5072 1247 5124 contrariam
1281 5074 1458 5127 multis
1501 5078 1757 5131 incessnri
1784 5081 1942 5145 viain,
1971 5096 2187 5151 praetcr-

614 5175 784 5226 eaque
815 5160 896 5214 bis
936 5161 1002 5213 de
1040 5162 1198 5216 rebus
1224 5165 1433 5218 Solliciti
1467 5169 1646 5231 futuri,
1676 5171 1918 5240 qiuedam
1950 5183 2186 5244 tempore

615 5259 820 5316 patrum
843 5265 1058 5304 suorum
1089 5264 1233 5322 gesta
1257 5259 1589 5325 memoravit,
1619 5262 2107 5332 pseudoprophetis
2133 5270 2184 5322 in

614 5342 844 5394 medium
875 5343 1176 5407 adducens;
1207 5351 1378 5416 prisce
1412 5366 1638 5419 nainqne
1665 5354 1783 5406 talia
1827 5358 2182 5424 contigerunt.

614 5427 788 5484 Nolite
831 5449 948 5502 ergo
991 5437 1166 5488 teneri
1205 5437 1354 5504 (Luc.
1385 5438 1474 5492 Eii.
1522 5443 1598 5509 9),
1651 5444 1854 5512 inquit:
1885 5447 2012 5500 nihil
2044 5450 2184 5502 enim

614 5541 833 5593 novum,
890 5527 1022 5580 nihil
1071 5528 1362 5584 inauditum
1411 5535 1633 5587 accidet.
1683 5538 1901 5592 Veritati
1959 5558 2186 5609 namque

614 5617 871 5670 fallaciam
911 5635 1119 5689 semper
1147 5624 1414 5678 substituit
1442 5627 1704 5684 diabolus.
1738 5631 2184 5706 PseudOproplic-

616 5717 696 5758 tas
715 5719 887 5763 autent
912 5708 994 5764 hic
1017 5729 1118 5765 non
1143 5712 1418 5770 inurclicos
1448 5720 1574 5774 mihi
1598 5723 1931 5779 subindiCare
1955 5727 2182 5791 videtur,

613 5796 705 5849 sed
760 5813 873 5866 eos,
920 5803 1008 5870 qui
1056 5817 1176 5857 eum
1218 5811 1451 5877 corrupti
1503 5814 1738 5868 moribus
1793 5825 1845 5868 et
1901 5818 2004 5870 vita
2051 5821 2177 5883 sint,

1332 424 1390 479 S.
1428 422 1702 479 JOANNIS
1736 419 2205 508 CllRYSQSTOMI
2246 418 2563 474 ARCUIEP.
2603 416 3136 474 CONSTANTINOP.

3751 419 3858 475 316

2277 529 2485 583 virtutis
2509 528 2707 582 larvam
2727 523 3127 593 circumferunt,
3160 541 3295 598 quos
3318 528 3631 585 sedactores
3661 546 3858 586 vocare

2277 619 2426 673 multi
2470 618 2662 673 solent.
2695 618 3051 685 Quamobrem
3091 618 3370 689 subjunxit
3401 619 3606 683 dicens,
3655 621 3742 674 ιιι.
3779 619 3857 675 E1

2274 711 2519 781 fructibus
2557 726 2728 764 eorum
2754 711 3062 779 cognoscetis
3099 727 3203 762 eus.
3237 709 3366 764 Nam
3397 711 3536 779 apud
3579 710 3862 766 haereticos

2273 801 2485 871 quidem
2511 802 2729 854 honesta
2759 801 2858 853 \‘iln
2883 816 3026 868 saepe
3053 803 3310 870 reperitur
3333 819 3347 865 ;
3371 801 3509 872 apud
3537 801 3638 856 bos
3659 815 3865 866 autem,

2275 906 2409 961 quos
2451 891 2575 951 disi,
2616 906 2925 957 nutuquam.
2951 891 3086 957 Quid
3117 892 3296 960 igitur,
3327 892 3556 961 inquies,
3589 893 3634 946 si
3681 907 3863 946 mores

2279 982 2476 1052 fingant
2513 983 2800 1035 honestos?
2842 981 2945 1036 Sed
2985 982 3134 1036 facile
3164 983 3460 1051 capientur.
3488 983 3634 1038 Talis
3665 984 3868 1054 quippe

2277 1084 2358 1128 est
2401 1073 2554 1143 hujus
2584 1072 2682 1125 vi;e
2711 1083 2920 1138 natura,
2972 1090 3074 1143 qua
3121 1075 3371 1129 incedere
3411 1076 3567 1143 jussi.
3599 1076 3867 1130 laboriosa

2279 1185 2468 1237 nempe
2505 1178 2556 1221 et
2598 1169 2746 1221 dura.
2777 1169 3064 1238 Ilypocrita
3103 1184 3232 1222 vero
3255 1169 3490 1224 laborem
3523 1170 3665 1224 ferre
3708 1168 3867 1232 nolit,

2277 1262 2371 1313 Sed
2412 1261 2661 1312 simulare.
2692 1269 2894 1314 tantum
2923 1280 2934 1314 :
2963 1261 3187 1330 ideoque
3224 1259 3379 1314 facile
3417 1258 3862 1329 deprehenditur.

2279 1352 2408 1418 Quia
2431 1353 2571 1404 enim
2595 1352 2744 1415 dixit,
2775 1350 2936 1405 Pauci
2957 1363 3070 1404 sant
3095 1354 3179 1420 qui
3205 1353 3459 1404 inveniant
3479 1367 3611 1414 eam,
3638 1350 3869 1405 secernit

2277 1455 2371 1492 eos
2399 1441 2464 1490 ab
2495 1439 2617 1502 illis,
2642 1441 2730 1507 qui
2766 1456 2886 1494 cum
2913 1455 3016 1493 non
3043 1440 3359 1502 invenerint,
3389 1440 3655 1494 invenisse
3691 1449 3870 1492 tamen

2278 1545 2335 1581 se
2364 1530 2634 1593 simulant,
2661 1530 2852 1597 iubens
2876 1548 2978 1582 non
3010 1532 3073 1584 ad
3106 1532 3246 1593 illos,
3281 1532 3371 1600 qui
3401 1532 3600 1584 larvam
3629 1531 3864 1585 citentu-

2279 1617 2473 1683 ferunt,
2506 1621 2792 1687 respicere,
2828 1621 2920 1674 sed
2949 1621 3014 1673 ad
3060 1622 3179 1672 ilius
3206 1623 3294 1690 qui
3334 1637 3460 1676 vere
3498 1631 3555 1674 et
3591 1637 3658 1674 ex
3686 1622 3870 1674 animo

2281 1712 2331 1764 in
2363 1714 2451 1766 illa
2495 1713 2766 1766 incedunt.
2807 1713 2873 1766 lat
2913 1729 3010 1781 qua
3036 1712 3104 1765 de
3131 1726 3309 1776 causa,
3349 1713 3577 1779 inquies.
3611 1728 3716 1766 non
3747 1713 3871 1764 illos

2282 1815 2435 1857 noth
2465 1805 2606 1867 fecit,
2633 1805 2724 1858 Sed
2751 1820 2849 1857 nos
2885 1807 2932 1857 in
2957 1804 3268 1876 explorandi
3297 1820 3477 1859 curam
3504 1805 3774 1872 coniecit?
3804 1803 3869 1859 Ut

2283 1895 2578 1962 vigilemus,
2614 1904 2667 1948 et
2706 1897 2917 1948 solliciti
2958 1912 3167 1964 semper
3209 1897 3396 1959 simus,
3438 1896 3564 1950 dum
3613 1913 3870 1950 cavemus

2283 1997 2385 2036 noo
2417 1983 2572 2036 modo
2599 1985 2663 2036 ab
2693 1984 2921 2037 inimicis
2950 1984 3053 2037 illis
3081 1986 3168 2054 qui
3199 1984 3370 2053 paiam
3412 1987 3546 2040 tales
3584 1998 3708 2040 sunt
3733 2029 3746 2048 ,
3775 1986 3870 2040 sed

2280 2074 2347 2126 ab
2391 2073 2454 2126 iis
2502 2076 2660 2127 etiam
2705 2077 2789 2144 qui
2843 2089 2964 2131 sese
3012 2077 3318 2130 occultant:
3347 2092 3481 2147 quos
3526 2077 3874 2132 subindicans

2284 2164 2474 2218 Paulus
2501 2166 2710 2220 diccbat.
2740 2186 2752 2220 ;
2785 2165 2846 2219 Et
2874 2184 2959 2236 per
2981 2167 3151 2220 dulces
3179 2185 3429 2221 sm'mones
3447 2167 3690 2222 seducunt
3717 2171 3876 2221 corda

2281 2257 2429 2308 innec
2451 2268 2614 2311 unum
2649 2258 2822 2327 (liam.
2856 2261 2938 2313 l6.
2974 2260 3081 2328 i8).
3111 2259 3184 2314 Ne
3216 2262 3391 2330 itaque
3421 2261 3716 2325 turbemnr,
3749 2277 3873 2315 cum

2285 2350 2477 2402 multos
2523 2349 2884 2417 hujuscemodi
2930 2353 3089 2404 etia‘ln
3135 2366 3275 2406 nunc
3323 2353 3585 2406 videmus.
3641 2353 3772 2406 Nam
3821 2364 3872 2406 et

2287 2438 2412 2492 illud
2442 2456 2597 2508 supra
2628 2440 2867 2493 Christus
2901 2442 3163 2510 praedixit.

2357 2530 2409 2583 7.
2455 2529 2518 2582 Et
2563 2531 2828 2599 perpende
2872 2532 2986 2600 ejus
3032 2533 3510 2588 inanmtetutlinem.
3563 2532 3678 2587 Non
3721 2534 3866 2588 enim

2286 2619 2452 2678 dixit.
2484 2621 2673 2675 Punite
2703 2625 2816 2674 illos
2841 2664 2854 2687 ,
2889 2625 3002 2685 sed,
3033 2624 3225 2677 Cavete
3253 2640 3317 2678 ne
3342 2625 3407 2678 ab
3434 2626 3537 2678 illis
3569 2626 3832 2678 lmdamini
3856 2666 3872 2688 ,

2286 2726 2352 2761 ne
2383 2709 2572 2763 incauti
2619 2715 2668 2763 in
2721 2711 2836 2764 illos
2884 2713 3147 2766 incidatis.
3191 2715 3430 2778 Deinde,
3466 2731 3530 2769 ne
3579 2717 3724 2769 dicas
3769 2732 3873 2769 non

2287 2813 2442 2866 posse
2492 2800 2789 2869 linjusutodi
2833 2802 3078 2856 homines
3119 2805 3405 2858 internosci
3442 2847 3453 2866 .
3485 2807 3551 2860 ab
3598 2806 3872 2861 hominum

2285 2892 2532 2960 exemplo
2561 2909 2744 2947 rursus
2775 2895 3107 2948 ratiocinium
3126 2896 3338 2951 adhibet
3369 2898 3550 2951 dicens
3576 2917 3586 2952 :
3610 2897 3874 2968 Numquid

2287 2983 2527 3052 colligunt
2559 2984 2620 3035 de
2647 2983 2807 3051 spinis
2845 3000 2965 3037 uvas
2988 3027 3005 3050 ,
3032 2995 3118 3038 aut
3151 2988 3213 3039 de
3240 2989 3434 3040 trtbnlis
3468 2990 3596 3055 ﬁcus
3617 2990 3644 3042 .’
3675 2991 3758 3044 Π.
3788 2991 3878 3044 Sis

2288 3075 2446 3143 omnis
2473 3075 2622 3127 arbor
2648 3077 2777 3127 batia
2796 3117 2808 3137 ,
2837 3076 2991 3130 bonos
3019 3081 3212 3144 fructus
3241 3079 3400 3147 facit;
3429 3081 3560 3130 mula
3591 3091 3760 3132 autem
3787 3099 3876 3132 nr-

2287 3166 2375 3216 ltor
2417 3166 2611 3233 {ructus
2665 3169 2824 3219 malos
2873 3168 3015 3236 facit.
3056 3167 3141 3220 13.
3187 3168 3309 3221 Non
3355 3181 3514 3239 potest
3557 3172 3708 3224 arbor
3748 3174 3880 3224 bona

2287 3258 2478 3323 [ructus
2507 3255 2666 3308 mulos
2688 3261 2853 3326 facere
2871 3297 2886 3320 ,
2912 3273 3000 3310 nec
3029 3259 3180 3311 arbor
3208 3261 3343 3312 mala
3380 3261 3572 3328 fractus
3604 3262 3760 3316 bonos
3789 3270 3871 3329 {a-

2287 3362 2414 3397 cere.
2449 3346 2600 3411 Quod
2642 3357 2816 3401 autem
2847 3347 2975 3400 dicit
3004 3347 3306 3403 huiusmodi
3351 3361 3432 3403 est
3456 3371 3468 3403 :
3493 3352 3630 3405 Nihil
3681 3353 3879 3408 habent

2290 3437 2414 3489 tnile
2434 3439 2511 3489 vel
2542 3437 2729 3500 dulce;
2761 3439 2950 3505 pelletn
2982 3440 3152 3492 solum
3181 3442 3296 3493 ovis
3321 3454 3549 3510 gesutul,
3584 3444 3703 3496 itit-0
3724 3445 3880 3498 facile

2291 3530 2737 3581 internoscantur.
2766 3529 2830 3582 Et
2861 3545 2929 3583 ne
2959 3532 3038 3583 \el
3069 3533 3340 3584 minimum
3371 3534 3604 3598 dubites,
3634 3536 3884 3589 naturali-

2293 3619 2389 3670 bus
2426 3621 2828 3673 neCisssitalibus
2863 3631 3136 3688 comparat
3178 3638 3240 3676 ea
3272 3639 3389 3691 qute
3431 3625 3585 3678 aliter
3615 3629 3725 3676 fieri
3774 3643 3876 3676 non

2292 3719 2528 3776 possunt.
2562 3711 2712 3776 Quod
2742 3713 2898 3765 etiam
2939 3712 3130 3765 Paulus
3163 3714 3372 3768 diccbat
3397 3733 3409 3766 :
3435 3715 3702 3777 Sapientia
3747 3735 3879 3769 enim

2291 3802 2456 3852 carnis
2479 3841 2492 3864 ,
2527 3818 2660 3854 mors
2685 3813 2756 3853 est
2780 3817 2797 3854 :
2820 3802 2917 3872 legi
2953 3807 3083 3855 enim
3127 3804 3220 3859 Dei
3262 3823 3360 3859 non
3401 3808 3702 3875 subjicitur:
3725 3825 3881 3877 neque

2290 3894 2419 3945 enim
2448 3904 2602 3960 potest
2628 3896 2804 3963 (Rom.
2838 3898 2890 3949 8.
2924 3899 2970 3952 6.
3006 3898 3078 3967 7).
3105 3900 3253 3966 Quod
3281 3891 3454 3954 autem
3489 3903 3613 3956 iilttd
3641 3906 3879 3956 secundo

2292 3997 2470 4056 ponat.
2507 4004 2610 4041 non
2638 3998 2720 4042 est
2747 3991 3013 4058 superflua
3048 3994 3292 4060 repetitio
3317 3995 3626 4049 verberum.
3658 3997 3735 4051 Ne
3761 4000 3880 4066 quis

2291 4080 2430 4130 enim
2460 4079 2680 4141 diceret,
2706 4081 2882 4134 Arbor
2909 4085 3044 4134 mala
3076 4084 3279 4137 fructus
3306 4088 3517 4155 quidem
3549 4088 3647 4140 fert
3676 4093 3875 4151 malos,

2291 4169 2384 4222 sed
2413 4171 2511 4221 fert
2541 4170 2700 4223 etiam
2733 4171 2935 4234 bonos;
2961 4181 3015 4224 et
3044 4188 3164 4225 cmn
3202 4173 3437 4242 duplices
3461 4176 3630 4237 ferat,
3661 4179 3880 4230 diftieile

2293 4268 2375 4310 est
2406 4259 2525 4312 illos
2553 4261 2951 4317 internoscere:
2978 4268 3043 4317 At
3065 4278 3149 4318 res
3169 4307 3181 4329 ,
3210 4265 3418 4336 inquit,
3451 4285 3553 4319 non
3590 4270 3659 4320 ita
3690 4283 3748 4322 se
3781 4270 3876 4322 ha-

2296 4346 2419 4401 bet:
2445 4348 2613 4402 malos
2658 4360 2859 4405 tantum
2903 4351 3088 4417 affert,
3115 4354 3280 4408 bonos
3323 4372 3646 4425 numquam;
3682 4370 3737 4412 ut
3767 4372 3819 4413 et
3848 4376 3879 4414 e

2293 4439 2577 4492 contrario.
2608 4440 2742 4505 Quid
2771 4443 2960 4508 igitur?
2986 4444 3177 4497 Annon
3219 4457 3297 4499 est
3327 4448 3405 4499 vir
3435 4447 3626 4511 boans,
3655 4451 3746 4519 qui
3771 4467 3881 4502 tua-

2299 4532 2378 4583 Ιιις
2402 4531 2689 4588 efficiatur?
2707 4537 2782 4590 Ac
2799 4538 3028 4591 vicissim
3055 4541 3336 4595 dicendum
3365 4559 3395 4596 e
3414 4546 3684 4599 contrario
3711 4564 3722 4598 :
3747 4551 3881 4600 mut.

2298 4629 2362 4678 iis
2395 4627 2689 4694 hujttsmodi
2722 4631 2980 4697 exemplis
3010 4632 3223 4699 plenum
3251 4644 3335 4687 est
3373 4636 3646 4689 hominum
3687 4656 3874 4706 genus.

2295 4718 2395 4770 Sed
2422 4718 2659 4773 Christus
2681 4736 2784 4773 non
2815 4721 2936 4773 illttd
2967 4721 3113 4785 dicit,
3139 4738 3331 4791 nempe
3360 4741 3462 4778 non
3495 4741 3650 4795 posse
3678 4730 3877 4780 tnaltnn

2297 4808 2562 4861 hominem
2595 4814 2803 4873 umtari,
2836 4828 3007 4880 neQUe
3031 4815 3224 4867 bonum
3253 4816 3477 4871 cadere:
3503 4834 3682 4872 verum
3707 4820 3878 4874 donec

2297 4900 2346 4952 in
2379 4911 2607 4968 nequitia
2651 4915 2990 4970 perseverat,
3027 4905 3220 4960 bonum
3263 4925 3368 4962 non
3399 4909 3583 4965 all'eret
3621 4913 3874 4966 fructum.

2297 4991 2482 5045 Mutari
2511 4994 2648 5046 enim
2683 5006 2854 5063 potest
2880 5038 2892 5060 ,
2922 5009 2974 5050 et
3004 5012 3065 5050 es
3106 4999 3349 5068 improbo
3378 5002 3547 5054 bonus
3575 5017 3606 5055 e
3629 5003 3747 5068 ιὶιί;
3783 5006 3876 5058 sed

2296 5083 2346 5135 io
2397 5086 2624 5152 nequitia
2671 5104 2928 5152 manens,
2987 5089 3212 5143 fructum
3263 5107 3370 5145 non
3422 5095 3605 5148 afferet.
3654 5097 3875 5150 bonum.

2294 5179 2572 5241 Quomodo
2592 5193 2717 5247 ergo
2749 5179 2909 5234 David
2932 5223 2944 5243 ,
2976 5183 3146 5236 bomis
3168 5201 3288 5237 cum
3318 5197 3478 5250 esset,
3507 5189 3728 5242 fructum
3763 5207 3875 5243 ma-

2295 5271 2402 5323 ltnn
2445 5271 2600 5322 tulit?
2632 5270 2741 5324 Non
2775 5288 2994 5328 manens
3033 5275 3202 5330 bonus
3229 5320 3242 5341 ,
3277 5279 3368 5332 sed
3419 5289 3684 5334 mutatus:
3712 5283 3800 5352 qui
3831 5285 3872 5336 si

2295 5375 2554 5430 perpetuo
2579 5363 2858 5418 mansisset
2887 5367 3054 5434 qualis
3077 5377 3193 5421 erat
3213 5411 3226 5429 ,
3253 5385 3536 5438 numquam
3571 5374 3730 5427 talem
3760 5374 3872 5428 fru-

2294 5464 2432 5506 ctum
2469 5453 2691 5508 tulisset.
2717 5455 2844 5510 Nam
2876 5459 2916 5510 si
2951 5459 2999 5510 in
3019 5460 3226 5512 virtutis
3254 5461 3419 5528 gradu
3440 5465 3744 5527 mansisset,
3767 5484 3868 5520 non

2294 5561 2452 5598 ausus
2482 5556 2622 5599 esset
2656 5547 2770 5598 talia
2806 5559 3131 5618 perpetrare.
3166 5550 3289 5604 Haec
3328 5562 3503 5606 autem
3545 5555 3786 5619 dicebat,
3821 5567 3874 5613 ut

2296 5647 2493 5690 temere
2524 5638 2921 5707 obloquentitnn
2955 5652 3008 5695 et
3049 5643 3443 5698 criminantium
3487 5662 3581 5700 ora
3616 5647 3872 5704 frenaret.

2293 5731 2422 5794 Quia
2463 5729 2601 5781 enim
2647 5731 2853 5797 plurimi
2888 5731 3053 5785 bonos
3088 5748 3156 5786 ex
3189 5733 3444 5802 improbis
3483 5738 3789 5804 aestimant,
3821 5755 3874 5797 ut

2295 5819 2396 5873 illis
2423 5837 2632 5876 omnem
2666 5825 3057 5881 excusationem
3084 5827 3364 5896 adimeret,
3392 5829 3495 5884 hoc
3516 5831 3670 5886 dixit.
3693 5831 3876 5904 Neque
