  <div class='ocr_page' id='page_1' title='image "/cluster/home/n/w/nwhite01/storage/ocr_20150623/57/uva.x004697226/250.png"; bbox 0 0 4094 6478; ppageno 0'>
   <div class='ocr_carea' id='block_1_1' title="bbox 280 386 382 439">
    <p class='ocr_par' dir='ltr' id='par_1_1' title="bbox 280 386 382 439">
     <span class='ocr_line' id='line_1_1' title="bbox 280 386 382 439; baseline -0.01 -1"><span class='ocrx_word' id='word_1_1' title='bbox 280 386 382 439; x_wconf 74' lang='grc'><strong>517</strong></span> 
     </span>
    </p>
   </div>
   <div class='ocr_carea' id='block_1_2' title="bbox 270 492 1864 568">
    <p class='ocr_par' dir='ltr' id='par_1_2' title="bbox 270 492 1864 568">
     <span class='ocr_line' id='line_1_2' title="bbox 270 492 1864 568; baseline -0.004 -16"><span class='ocrx_word' id='word_1_2' title='bbox 270 504 417 553; x_wconf 84' lang='lat' dir='ltr'><strong>enim</strong></span> <span class='ocrx_word' id='word_1_3' title='bbox 466 498 643 554; x_wconf 78' lang='lat' dir='ltr'><strong>dicere</strong></span> <span class='ocrx_word' id='word_1_4' title='bbox 685 496 858 568; x_wconf 85' lang='lat' dir='ltr'><strong>possis</strong></span> <span class='ocrx_word' id='word_1_5' title='bbox 878 539 892 561; x_wconf 92' lang='lat'><strong>,</strong></span> <span class='ocrx_word' id='word_1_6' title='bbox 921 496 1327 553; x_wconf 85' lang='lat' dir='ltr'><strong>Circumventus</strong></span> <span class='ocrx_word' id='word_1_7' title='bbox 1356 510 1476 547; x_wconf 91' lang='lat' dir='ltr'><strong>sum</strong></span> <span class='ocrx_word' id='word_1_8' title='bbox 1504 504 1662 563; x_wconf 86' lang='lat' dir='ltr'><strong>atque</strong></span> <span class='ocrx_word' id='word_1_9' title='bbox 1704 492 1864 548; x_wconf 85' lang='lat' dir='ltr'><strong>dece-</strong></span> 
     </span>
    </p>
   </div>
   <div class='ocr_carea' id='block_1_3' title="bbox 274 584 1862 656">
    <p class='ocr_par' dir='ltr' id='par_1_3' title="bbox 274 584 1862 656">
     <span class='ocr_line' id='line_1_3' title="bbox 274 584 1862 656; baseline -0.002 -17"><span class='ocrx_word' id='word_1_10' title='bbox 274 599 396 656; x_wconf 79' lang='lat' dir='ltr'><strong>ptus</strong></span> <span class='ocrx_word' id='word_1_11' title='bbox 423 608 437 644; x_wconf 86' lang='lat'><strong>:</strong></span> <span class='ocrx_word' id='word_1_12' title='bbox 467 604 586 643; x_wconf 84' lang='lat' dir='ltr'><strong>nam</strong></span> <span class='ocrx_word' id='word_1_13' title='bbox 615 596 915 642; x_wconf 76' lang='lat' dir='ltr'><strong>accuratam</strong></span> <span class='ocrx_word' id='word_1_14' title='bbox 946 588 1037 641; x_wconf 90' lang='lat' dir='ltr'><strong>tibi</strong></span> <span class='ocrx_word' id='word_1_15' title='bbox 1064 586 1186 640; x_wconf 85' lang='lat' dir='ltr'><strong>dedi</strong></span> <span class='ocrx_word' id='word_1_16' title='bbox 1213 602 1277 641; x_wconf 85' lang='lat' dir='ltr'><strong>ex</strong></span> <span class='ocrx_word' id='word_1_17' title='bbox 1304 586 1556 653; x_wconf 81' lang='lat' dir='ltr'><strong>operibus</strong></span> <span class='ocrx_word' id='word_1_18' title='bbox 1584 584 1822 638; x_wconf 75' lang='lat' dir='ltr'><strong>notitiam</strong></span> <span class='ocrx_word' id='word_1_19' title='bbox 1848 626 1862 647; x_wconf 84' lang='lat'><strong>,</strong></span> 
     </span>
    </p>
   </div>
   <div class='ocr_carea' id='block_1_4' title="bbox 269 675 1865 750">
    <p class='ocr_par' dir='ltr' id='par_1_4' title="bbox 269 675 1865 750">
     <span class='ocr_line' id='line_1_4' title="bbox 269 675 1865 750; baseline -0.003 -17"><span class='ocrx_word' id='word_1_20' title='bbox 269 682 465 749; x_wconf 79' lang='lat' dir='ltr'><strong>jubens</strong></span> <span class='ocrx_word' id='word_1_21' title='bbox 493 696 586 750; x_wconf 89' lang='lat' dir='ltr'><strong>per</strong></span> <span class='ocrx_word' id='word_1_22' title='bbox 613 681 755 748; x_wconf 83' lang='lat' dir='ltr'><strong>ipsos</strong></span> <span class='ocrx_word' id='word_1_23' title='bbox 774 688 925 732; x_wconf 81' lang='lat' dir='ltr'><strong>actos</strong></span> <span class='ocrx_word' id='word_1_24' title='bbox 943 677 1254 748; x_wconf 80' lang='lat' dir='ltr'><strong>procedere,</strong></span> <span class='ocrx_word' id='word_1_25' title='bbox 1276 692 1448 749; x_wconf 80' lang='lat' dir='ltr'><strong>neque</strong></span> <span class='ocrx_word' id='word_1_26' title='bbox 1465 675 1641 729; x_wconf 83' lang='lat' dir='ltr'><strong>omnia</strong></span> <span class='ocrx_word' id='word_1_27' title='bbox 1667 684 1865 729; x_wconf 90' lang='lat' dir='ltr'><strong>temere</strong></span> 
     </span>
    </p>
   </div>
   <div class='ocr_carea' id='block_1_5' title="bbox 275 766 1865 837">
    <p class='ocr_par' dir='ltr' id='par_1_5' title="bbox 275 766 1865 837">
     <span class='ocr_line' id='line_1_5' title="bbox 275 766 1865 837; baseline -0.003 -12"><span class='ocrx_word' id='word_1_28' title='bbox 275 773 507 825; x_wconf 89' lang='lat' dir='ltr'><strong>turbare.</strong></span> <span class='ocrx_word' id='word_1_29' title='bbox 540 769 739 823; x_wconf 85' lang='lat' dir='ltr'><strong>Deinde</strong></span> <span class='ocrx_word' id='word_1_30' title='bbox 765 771 887 837; x_wconf 87' lang='lat' dir='ltr'><strong>quia</strong></span> <span class='ocrx_word' id='word_1_31' title='bbox 916 784 1018 822; x_wconf 91' lang='lat' dir='ltr'><strong>non</strong></span> <span class='ocrx_word' id='word_1_32' title='bbox 1045 782 1137 821; x_wconf 90' lang='lat' dir='ltr'><strong>eos</strong></span> <span class='ocrx_word' id='word_1_33' title='bbox 1160 767 1339 821; x_wconf 84' lang='lat' dir='ltr'><strong>ulcisci</strong></span> <span class='ocrx_word' id='word_1_34' title='bbox 1359 767 1531 835; x_wconf 85' lang='lat' dir='ltr'><strong>jussit,</strong></span> <span class='ocrx_word' id='word_1_35' title='bbox 1557 766 1649 820; x_wconf 87' lang='lat' dir='ltr'><strong>sed</strong></span> <span class='ocrx_word' id='word_1_36' title='bbox 1676 781 1865 820; x_wconf 81' lang='lat' dir='ltr'><strong>caVere</strong></span> 
     </span>
    </p>
   </div>
   <div class='ocr_carea' id='block_1_6' title="bbox 268 848 1863 929">
    <p class='ocr_par' dir='ltr' id='par_1_6' title="bbox 268 848 1863 929">
     <span class='ocr_line' id='line_1_6' title="bbox 268 848 1863 929; baseline -0.002 -13"><span class='ocrx_word' id='word_1_37' title='bbox 268 862 338 916; x_wconf 91' lang='lat' dir='ltr'><strong>ab</strong></span> <span class='ocrx_word' id='word_1_38' title='bbox 361 862 462 915; x_wconf 83' lang='lat' dir='ltr'><strong>illis</strong></span> <span class='ocrx_word' id='word_1_39' title='bbox 481 869 646 915; x_wconf 89' lang='lat' dir='ltr'><strong>uteos</strong></span> <span class='ocrx_word' id='word_1_40' title='bbox 661 862 749 929; x_wconf 92' lang='lat' dir='ltr'><strong>qui</strong></span> <span class='ocrx_word' id='word_1_41' title='bbox 767 861 834 913; x_wconf 91' lang='lat' dir='ltr'><strong>ab</strong></span> <span class='ocrx_word' id='word_1_42' title='bbox 855 861 959 914; x_wconf 86' lang='lat' dir='ltr'><strong>illis</strong></span> <span class='ocrx_word' id='word_1_43' title='bbox 982 848 1303 913; x_wconf 72' lang='lat' dir='ltr'><strong>lzcdereutur</strong></span> <span class='ocrx_word' id='word_1_44' title='bbox 1330 859 1651 922; x_wconf 84' lang='lat' dir='ltr'><strong>consoletur,</strong></span> <span class='ocrx_word' id='word_1_45' title='bbox 1676 860 1863 913; x_wconf 85' lang='lat' dir='ltr'><strong>simul-</strong></span> 
     </span>
    </p>
   </div>
   <div class='ocr_carea' id='block_1_7' title="bbox 267 950 1862 1023">
    <p class='ocr_par' dir='ltr' id='par_1_7' title="bbox 267 950 1862 1023">
     <span class='ocr_line' id='line_1_7' title="bbox 267 950 1862 1023; baseline -0.001 -19"><span class='ocrx_word' id='word_1_46' title='bbox 267 970 374 1021; x_wconf 84' lang='lat' dir='ltr'><strong>que</strong></span> <span class='ocrx_word' id='word_1_47' title='bbox 399 961 452 1006; x_wconf 93' lang='lat' dir='ltr'><strong>ut</strong></span> <span class='ocrx_word' id='word_1_48' title='bbox 474 952 728 1023; x_wconf 62' lang='lat' dir='ltr'><strong>laedentes</strong></span> <span class='ocrx_word' id='word_1_49' title='bbox 756 952 1024 1006; x_wconf 80' lang='lat' dir='ltr'><strong>deterreat</strong></span> <span class='ocrx_word' id='word_1_50' title='bbox 1043 960 1097 1003; x_wconf 89' lang='lat' dir='ltr'><strong>et</strong></span> <span class='ocrx_word' id='word_1_51' title='bbox 1116 950 1164 1002; x_wconf 94' lang='lat' dir='ltr'><strong>in</strong></span> <span class='ocrx_word' id='word_1_52' title='bbox 1186 950 1403 1003; x_wconf 83' lang='lat' dir='ltr'><strong>meliora</strong></span> <span class='ocrx_word' id='word_1_53' title='bbox 1422 957 1716 1007; x_wconf 84' lang='lat' dir='ltr'><strong>convertat.</strong></span> <span class='ocrx_word' id='word_1_54' title='bbox 1746 964 1862 1017; x_wconf 73' lang='lat' dir='ltr'><strong>pte-</strong></span> 
     </span>
    </p>
   </div>
   <div class='ocr_carea' id='block_1_8' title="bbox 271 1042 1861 1114">
    <p class='ocr_par' dir='ltr' id='par_1_8' title="bbox 271 1042 1861 1114">
     <span class='ocr_line' id='line_1_8' title="bbox 271 1042 1861 1114; baseline -0.003 -17"><span class='ocrx_word' id='word_1_55' title='bbox 271 1061 392 1097; x_wconf 88' lang='lat' dir='ltr'><strong>nam</strong></span> <span class='ocrx_word' id='word_1_56' title='bbox 412 1045 551 1099; x_wconf 88' lang='lat' dir='ltr'><strong>ahse</strong></span> <span class='ocrx_word' id='word_1_57' title='bbox 572 1042 699 1114; x_wconf 84' lang='lat' dir='ltr'><strong>ipsis</strong></span> <span class='ocrx_word' id='word_1_58' title='bbox 720 1043 1056 1111; x_wconf 81' lang='lat' dir='ltr'><strong>intligendam</strong></span> <span class='ocrx_word' id='word_1_59' title='bbox 1080 1043 1263 1096; x_wconf 77' lang='lat' dir='ltr'><strong>statuit</strong></span> <span class='ocrx_word' id='word_1_60' title='bbox 1289 1050 1343 1095; x_wconf 91' lang='lat' dir='ltr'><strong>et</strong></span> <span class='ocrx_word' id='word_1_61' title='bbox 1370 1042 1616 1105; x_wconf 73' lang='lat' dir='ltr'><strong>firmavit,</strong></span> <span class='ocrx_word' id='word_1_62' title='bbox 1648 1042 1861 1095; x_wconf 88' lang='lat' dir='ltr'><strong>dicens:</strong></span> 
     </span>
    </p>
   </div>
   <div class='ocr_carea' id='block_1_9' title="bbox 272 1134 1861 1205">
    <p class='ocr_par' dir='ltr' id='par_1_9' title="bbox 272 1134 1861 1205">
     <span class='ocr_line' id='line_1_9' title="bbox 272 1134 1861 1205; baseline -0.004 -15"><span class='ocrx_word' id='word_1_63' title='bbox 272 1138 356 1190; x_wconf 83' lang='lat' dir='ltr'><strong>l9.</strong></span> <span class='ocrx_word' id='word_1_64' title='bbox 381 1138 557 1190; x_wconf 73' lang='lat' dir='ltr'><strong>Omnis</strong></span> <span class='ocrx_word' id='word_1_65' title='bbox 574 1136 742 1199; x_wconf 85' lang='lat' dir='ltr'><strong>arbor,</strong></span> <span class='ocrx_word' id='word_1_66' title='bbox 754 1152 867 1205; x_wconf 74' lang='lat' dir='ltr'><strong>quat</strong></span> <span class='ocrx_word' id='word_1_67' title='bbox 881 1152 978 1188; x_wconf 84' lang='lat' dir='ltr'><strong>non</strong></span> <span class='ocrx_word' id='word_1_68' title='bbox 992 1135 1115 1205; x_wconf 75' lang='lat' dir='ltr'><strong>facit</strong></span> <span class='ocrx_word' id='word_1_69' title='bbox 1130 1139 1348 1204; x_wconf 79' lang='lat' dir='ltr'><strong>fructum</strong></span> <span class='ocrx_word' id='word_1_70' title='bbox 1367 1135 1571 1197; x_wconf 85' lang='lat' dir='ltr'><strong>bonum,</strong></span> <span class='ocrx_word' id='word_1_71' title='bbox 1586 1134 1861 1196; x_wconf 62' lang='lat' dir='ltr'><strong>excidatur,</strong></span> 
     </span>
    </p>
   </div>
   <div class='ocr_carea' id='block_1_10' title="bbox 265 1226 1860 1298">
    <p class='ocr_par' dir='ltr' id='par_1_10' title="bbox 265 1226 1860 1298">
     <span class='ocr_line' id='line_1_10' title="bbox 265 1226 1860 1298; baseline -0.001 -19"><span class='ocrx_word' id='word_1_72' title='bbox 265 1238 313 1279; x_wconf 68' lang='grc' dir='ltr'><strong>εἰ</strong></span> <span class='ocrx_word' id='word_1_73' title='bbox 357 1230 411 1281; x_wconf 85' lang='lat' dir='ltr'><strong>in</strong></span> <span class='ocrx_word' id='word_1_74' title='bbox 453 1229 616 1298; x_wconf 83' lang='lat' dir='ltr'><strong>ignem</strong></span> <span class='ocrx_word' id='word_1_75' title='bbox 646 1230 884 1281; x_wconf 79' lang='lat' dir='ltr'><strong>mittetur.</strong></span> <span class='ocrx_word' id='word_1_76' title='bbox 916 1227 1115 1280; x_wconf 83' lang='lat' dir='ltr'><strong>Deinde</strong></span> <span class='ocrx_word' id='word_1_77' title='bbox 1143 1241 1445 1280; x_wconf 82' lang='lat' dir='ltr'><strong>sermonem</strong></span> <span class='ocrx_word' id='word_1_78' title='bbox 1476 1226 1860 1295; x_wconf 75' lang='lat' dir='ltr'><strong>aliquantulum</strong></span> 
     </span>
    </p>
   </div>
   <div class='ocr_carea' id='block_1_11' title="bbox 270 1315 1862 1387">
    <p class='ocr_par' dir='ltr' id='par_1_11' title="bbox 270 1315 1862 1387">
     <span class='ocr_line' id='line_1_11' title="bbox 270 1315 1862 1387; baseline -0.001 -16"><span class='ocrx_word' id='word_1_79' title='bbox 270 1328 595 1386; x_wconf 82' lang='lat' dir='ltr'><strong>temperans,</strong></span> <span class='ocrx_word' id='word_1_80' title='bbox 618 1319 822 1372; x_wconf 90' lang='lat' dir='ltr'><strong>intulit:</strong></span> <span class='ocrx_word' id='word_1_81' title='bbox 841 1315 930 1371; x_wconf 73' lang='lat'><strong>‘20.</strong></span> <span class='ocrx_word' id='word_1_82' title='bbox 952 1316 1118 1387; x_wconf 79' lang='lat' dir='ltr'><strong>Igitur</strong></span> <span class='ocrx_word' id='word_1_83' title='bbox 1147 1332 1209 1369; x_wconf 72' lang='lat' dir='ltr'><strong>ex</strong></span> <span class='ocrx_word' id='word_1_84' title='bbox 1225 1317 1472 1385; x_wconf 76' lang='lat' dir='ltr'><strong>fructibus</strong></span> <span class='ocrx_word' id='word_1_85' title='bbox 1492 1333 1658 1369; x_wconf 73' lang='lat' dir='ltr'><strong>eorum</strong></span> <span class='ocrx_word' id='word_1_86' title='bbox 1676 1334 1862 1385; x_wconf 79' lang='lat' dir='ltr'><strong>cogno-</strong></span> 
     </span>
    </p>
   </div>
   <div class='ocr_carea' id='block_1_12' title="bbox 266 1408 1862 1463">
    <p class='ocr_par' dir='ltr' id='par_1_12' title="bbox 266 1408 1862 1463">
     <span class='ocr_line' id='line_1_12' title="bbox 266 1408 1862 1463; baseline -0.001 -2"><span class='ocrx_word' id='word_1_87' title='bbox 266 1410 414 1462; x_wconf 74' lang='lat' dir='ltr'><strong>tt‘ctis</strong></span> <span class='ocrx_word' id='word_1_88' title='bbox 435 1426 538 1462; x_wconf 79' lang='lat' dir='ltr'><strong>eos.</strong></span> <span class='ocrx_word' id='word_1_89' title='bbox 558 1408 635 1463; x_wconf 88' lang='lat' dir='ltr'><strong>Ne</strong></span> <span class='ocrx_word' id='word_1_90' title='bbox 650 1418 825 1462; x_wconf 86' lang='lat' dir='ltr'><strong>autem</strong></span> <span class='ocrx_word' id='word_1_91' title='bbox 844 1408 1311 1462; x_wconf 87' lang='lat' dir='ltr'><strong>comminationem</strong></span> <span class='ocrx_word' id='word_1_92' title='bbox 1338 1409 1567 1462; x_wconf 80' lang='lat' dir='ltr'><strong>maxime</strong></span> <span class='ocrx_word' id='word_1_93' title='bbox 1593 1408 1862 1461; x_wconf 77' lang='lat' dir='ltr'><strong>videretur</strong></span> 
     </span>
    </p>
   </div>
   <div class='ocr_carea' id='block_1_13' title="bbox 269 1498 1864 1567">
    <p class='ocr_par' dir='ltr' id='par_1_13' title="bbox 269 1498 1864 1567">
     <span class='ocr_line' id='line_1_13' title="bbox 269 1498 1864 1567; baseline 0 -17"><span class='ocrx_word' id='word_1_94' title='bbox 269 1499 545 1561; x_wconf 79' lang='lat' dir='ltr'><strong>inducere,</strong></span> <span class='ocrx_word' id='word_1_95' title='bbox 565 1499 712 1567; x_wconf 89' lang='lat' dir='ltr'><strong>quasi</strong></span> <span class='ocrx_word' id='word_1_96' title='bbox 739 1515 829 1567; x_wconf 88' lang='lat' dir='ltr'><strong>per</strong></span> <span class='ocrx_word' id='word_1_97' title='bbox 843 1498 1258 1552; x_wconf 79' lang='lat' dir='ltr'><strong>admonitionem</strong></span> <span class='ocrx_word' id='word_1_98' title='bbox 1277 1508 1329 1552; x_wconf 91' lang='lat' dir='ltr'><strong>et</strong></span> <span class='ocrx_word' id='word_1_99' title='bbox 1353 1498 1633 1551; x_wconf 91' lang='lat' dir='ltr'><strong>consilium</strong></span> <span class='ocrx_word' id='word_1_100' title='bbox 1659 1500 1864 1552; x_wconf 89' lang='lat' dir='ltr'><strong>videtur</strong></span> 
     </span>
    </p>
   </div>
   <div class='ocr_carea' id='block_1_14' title="bbox 269 1588 1862 1645">
    <p class='ocr_par' dir='ltr' id='par_1_14' title="bbox 269 1588 1862 1645">
     <span class='ocr_line' id='line_1_14' title="bbox 269 1588 1862 1645; baseline 0.001 -4"><span class='ocrx_word' id='word_1_101' title='bbox 269 1588 479 1643; x_wconf 86' lang='lat' dir='ltr'><strong>illorum</strong></span> <span class='ocrx_word' id='word_1_102' title='bbox 511 1592 744 1643; x_wconf 89' lang='lat' dir='ltr'><strong>animum</strong></span> <span class='ocrx_word' id='word_1_103' title='bbox 776 1604 1013 1643; x_wconf 90' lang='lat' dir='ltr'><strong>movere.</strong></span> <span class='ocrx_word' id='word_1_104' title='bbox 1045 1589 1140 1643; x_wconf 92' lang='lat' dir='ltr'><strong>llic</strong></span> <span class='ocrx_word' id='word_1_105' title='bbox 1168 1604 1293 1643; x_wconf 86' lang='lat' dir='ltr'><strong>vero</strong></span> <span class='ocrx_word' id='word_1_106' title='bbox 1322 1591 1449 1643; x_wconf 80' lang='lat' dir='ltr'><strong>uniti</strong></span> <span class='ocrx_word' id='word_1_107' title='bbox 1478 1590 1691 1645; x_wconf 65' lang='lat' dir='ltr'><strong>JUti‘JiOS</strong></span> <span class='ocrx_word' id='word_1_108' title='bbox 1728 1592 1862 1644; x_wconf 84' lang='lat' dir='ltr'><strong>sub-</strong></span> 
     </span>
    </p>
   </div>
   <div class='ocr_carea' id='block_1_15' title="bbox 267 1679 1865 1749">
    <p class='ocr_par' dir='ltr' id='par_1_15' title="bbox 267 1679 1865 1749">
     <span class='ocr_line' id='line_1_15' title="bbox 267 1679 1865 1749; baseline 0.002 -17"><span class='ocrx_word' id='word_1_109' title='bbox 267 1681 506 1734; x_wconf 87' lang='lat' dir='ltr'><strong>indieare</strong></span> <span class='ocrx_word' id='word_1_110' title='bbox 538 1680 762 1741; x_wconf 86' lang='lat' dir='ltr'><strong>videtur,</strong></span> <span class='ocrx_word' id='word_1_111' title='bbox 802 1682 893 1749; x_wconf 90' lang='lat' dir='ltr'><strong>qtti</strong></span> <span class='ocrx_word' id='word_1_112' title='bbox 927 1680 1056 1733; x_wconf 81' lang='lat' dir='ltr'><strong>tales</strong></span> <span class='ocrx_word' id='word_1_113' title='bbox 1091 1679 1429 1747; x_wconf 86' lang='lat' dir='ltr'><strong>proferebant</strong></span> <span class='ocrx_word' id='word_1_114' title='bbox 1467 1682 1687 1734; x_wconf 88' lang='lat' dir='ltr'><strong>fructus.</strong></span> <span class='ocrx_word' id='word_1_115' title='bbox 1714 1680 1865 1735; x_wconf 84' lang='lat' dir='ltr'><strong>Ideo-</strong></span> 
     </span>
    </p>
   </div>
   <div class='ocr_carea' id='block_1_16' title="bbox 264 1768 1860 1839">
    <p class='ocr_par' dir='ltr' id='par_1_16' title="bbox 264 1768 1860 1839">
     <span class='ocr_line' id='line_1_16' title="bbox 264 1768 1860 1839; baseline 0.002 -17"><span class='ocrx_word' id='word_1_116' title='bbox 264 1784 370 1839; x_wconf 88' lang='lat' dir='ltr'><strong>que</strong></span> <span class='ocrx_word' id='word_1_117' title='bbox 396 1768 616 1824; x_wconf 84' lang='lat' dir='ltr'><strong>Joannis</strong></span> <span class='ocrx_word' id='word_1_118' title='bbox 641 1770 779 1824; x_wconf 90' lang='lat' dir='ltr'><strong>dicta</strong></span> <span class='ocrx_word' id='word_1_119' title='bbox 813 1771 1145 1831; x_wconf 72' lang='lat' dir='ltr'><strong>memoravit,</strong></span> <span class='ocrx_word' id='word_1_120' title='bbox 1173 1786 1265 1837; x_wconf 77' lang='lat' dir='ltr'><strong>per</strong></span> <span class='ocrx_word' id='word_1_121' title='bbox 1293 1770 1477 1824; x_wconf 83' lang='lat' dir='ltr'><strong>eadem</strong></span> <span class='ocrx_word' id='word_1_122' title='bbox 1508 1772 1615 1839; x_wconf 81' lang='lat' dir='ltr'><strong>ipsa</strong></span> <span class='ocrx_word' id='word_1_123' title='bbox 1651 1774 1860 1825; x_wconf 84' lang='lat' dir='ltr'><strong>nomina</strong></span> 
     </span>
    </p>
   </div>
   <div class='ocr_carea' id='block_1_17' title="bbox 266 1860 1859 1930">
    <p class='ocr_par' dir='ltr' id='par_1_17' title="bbox 266 1860 1859 1930">
     <span class='ocr_line' id='line_1_17' title="bbox 266 1860 1859 1930; baseline 0.001 -16"><span class='ocrx_word' id='word_1_124' title='bbox 266 1861 585 1930; x_wconf 80' lang='lat' dir='ltr'><strong>supplicium</strong></span> <span class='ocrx_word' id='word_1_125' title='bbox 619 1862 722 1915; x_wconf 88' lang='lat' dir='ltr'><strong>illis</strong></span> <span class='ocrx_word' id='word_1_126' title='bbox 748 1861 1074 1915; x_wconf 72' lang='lat' dir='ltr'><strong>describens.</strong></span> <span class='ocrx_word' id='word_1_127' title='bbox 1104 1860 1237 1914; x_wconf 82' lang='lat' dir='ltr'><strong>Nam</strong></span> <span class='ocrx_word' id='word_1_128' title='bbox 1268 1870 1318 1913; x_wconf 89' lang='lat' dir='ltr'><strong>et</strong></span> <span class='ocrx_word' id='word_1_129' title='bbox 1350 1861 1438 1914; x_wconf 88' lang='lat' dir='ltr'><strong>ille</strong></span> <span class='ocrx_word' id='word_1_130' title='bbox 1476 1860 1589 1914; x_wconf 74' lang='lat' dir='ltr'><strong>lucc</strong></span> <span class='ocrx_word' id='word_1_131' title='bbox 1616 1862 1825 1916; x_wconf 89' lang='lat' dir='ltr'><strong>dicebat</strong></span> <span class='ocrx_word' id='word_1_132' title='bbox 1846 1905 1859 1928; x_wconf 91' lang='lat'><strong>,</strong></span> 
     </span>
    </p>
   </div>
   <div class='ocr_carea' id='block_1_18' title="bbox 267 1952 1863 2021">
    <p class='ocr_par' dir='ltr' id='par_1_18' title="bbox 267 1952 1863 2021">
     <span class='ocr_line' id='line_1_18' title="bbox 267 1952 1863 2021; baseline 0.001 -16"><span class='ocrx_word' id='word_1_133' title='bbox 267 1954 535 2017; x_wconf 87' lang='lat' dir='ltr'><strong>securim,</strong></span> <span class='ocrx_word' id='word_1_134' title='bbox 568 1954 812 2007; x_wconf 70' lang='lat' dir='ltr'><strong>arborem</strong></span> <span class='ocrx_word' id='word_1_135' title='bbox 849 1952 1196 2006; x_wconf 77' lang='lat' dir='ltr'><strong>excidendam</strong></span> <span class='ocrx_word' id='word_1_136' title='bbox 1229 1962 1282 2004; x_wconf 89' lang='lat' dir='ltr'><strong>et</strong></span> <span class='ocrx_word' id='word_1_137' title='bbox 1311 1956 1485 2020; x_wconf 86' lang='lat' dir='ltr'><strong>ignem</strong></span> <span class='ocrx_word' id='word_1_138' title='bbox 1516 1953 1863 2021; x_wconf 74' lang='lat' dir='ltr'><strong>itIEXslittgtti-</strong></span> 
     </span>
    </p>
   </div>
   <div class='ocr_carea' id='block_1_19' title="bbox 267 2041 1864 2114">
    <p class='ocr_par' dir='ltr' id='par_1_19' title="bbox 267 2041 1864 2114">
     <span class='ocr_line' id='line_1_19' title="bbox 267 2041 1864 2114; baseline 0.003 -20"><span class='ocrx_word' id='word_1_139' title='bbox 267 2041 429 2096; x_wconf 83' lang='lat' dir='ltr'><strong>bilem</strong></span> <span class='ocrx_word' id='word_1_140' title='bbox 472 2042 573 2096; x_wconf 83' lang='lat' dir='ltr'><strong>illis</strong></span> <span class='ocrx_word' id='word_1_141' title='bbox 606 2058 1035 2097; x_wconf 84' lang='lat' dir='ltr'><strong>commemorans</strong></span> <span class='ocrx_word' id='word_1_142' title='bbox 1064 2042 1278 2114; x_wconf 78' lang='lat' dir='ltr'><strong>(Matth.</strong></span> <span class='ocrx_word' id='word_1_143' title='bbox 1308 2044 1359 2096; x_wconf 82' lang='lat'><strong>5.</strong></span> <span class='ocrx_word' id='word_1_144' title='bbox 1396 2043 1505 2111; x_wconf 86' lang='lat' dir='ltr'><strong>l0).</strong></span> <span class='ocrx_word' id='word_1_145' title='bbox 1539 2042 1864 2111; x_wconf 75' lang='lat' dir='ltr'><strong>Videturque</strong></span> 
     </span>
    </p>
   </div>
   <div class='ocr_carea' id='block_1_20' title="bbox 267 2135 1863 2201">
    <p class='ocr_par' dir='ltr' id='par_1_20' title="bbox 267 2135 1863 2201">
     <span class='ocr_line' id='line_1_20' title="bbox 267 2135 1863 2201; baseline 0 -14"><span class='ocrx_word' id='word_1_146' title='bbox 267 2149 371 2187; x_wconf 89' lang='lat' dir='ltr'><strong>una</strong></span> <span class='ocrx_word' id='word_1_147' title='bbox 415 2144 613 2187; x_wconf 87' lang='lat' dir='ltr'><strong>tantum</strong></span> <span class='ocrx_word' id='word_1_148' title='bbox 654 2148 808 2201; x_wconf 34' lang='lat' dir='ltr'><strong>paena</strong></span> <span class='ocrx_word' id='word_1_149' title='bbox 851 2148 1004 2198; x_wconf 86' lang='lat' dir='ltr'><strong>esse,</strong></span> <span class='ocrx_word' id='word_1_150' title='bbox 1037 2150 1229 2201; x_wconf 87' lang='lat' dir='ltr'><strong>nempe</strong></span> <span class='ocrx_word' id='word_1_151' title='bbox 1268 2135 1607 2198; x_wconf 88' lang='lat' dir='ltr'><strong>combustio;</strong></span> <span class='ocrx_word' id='word_1_152' title='bbox 1644 2137 1687 2189; x_wconf 88' lang='lat' dir='ltr'><strong>si</strong></span> <span class='ocrx_word' id='word_1_153' title='bbox 1737 2151 1863 2189; x_wconf 86' lang='lat' dir='ltr'><strong>vero</strong></span> 
     </span>
    </p>
   </div>
   <div class='ocr_carea' id='block_1_21' title="bbox 265 2224 1860 2295">
    <p class='ocr_par' dir='ltr' id='par_1_21' title="bbox 265 2224 1860 2295">
     <span class='ocr_line' id='line_1_21' title="bbox 265 2224 1860 2295; baseline 0.003 -21"><span class='ocrx_word' id='word_1_154' title='bbox 265 2224 389 2290; x_wconf 87' lang='lat' dir='ltr'><strong>quis</strong></span> <span class='ocrx_word' id='word_1_155' title='bbox 438 2228 550 2277; x_wconf 74' lang='lat' dir='ltr'><strong>haec</strong></span> <span class='ocrx_word' id='word_1_156' title='bbox 593 2236 839 2277; x_wconf 85' lang='lat' dir='ltr'><strong>accurate</strong></span> <span class='ocrx_word' id='word_1_157' title='bbox 870 2226 1147 2293; x_wconf 81' lang='lat' dir='ltr'><strong>exploret,</strong></span> <span class='ocrx_word' id='word_1_158' title='bbox 1176 2225 1369 2292; x_wconf 81' lang='lat' dir='ltr'><strong>duplex</strong></span> <span class='ocrx_word' id='word_1_159' title='bbox 1415 2226 1501 2279; x_wconf 88' lang='lat' dir='ltr'><strong>hic</strong></span> <span class='ocrx_word' id='word_1_160' title='bbox 1544 2227 1860 2295; x_wconf 81' lang='lat' dir='ltr'><strong>supplicium</strong></span> 
     </span>
    </p>
   </div>
   <div class='ocr_carea' id='block_1_22' title="bbox 266 2305 1863 2384">
    <p class='ocr_par' dir='ltr' id='par_1_22' title="bbox 266 2305 1863 2384">
     <span class='ocr_line' id='line_1_22' title="bbox 266 2305 1863 2384; baseline 0.002 -16"><span class='ocrx_word' id='word_1_161' title='bbox 266 2324 371 2368; x_wconf 85' lang='lat' dir='ltr'><strong>est.</strong></span> <span class='ocrx_word' id='word_1_162' title='bbox 395 2313 525 2368; x_wconf 77' lang='lat' dir='ltr'><strong>Nam</strong></span> <span class='ocrx_word' id='word_1_163' title='bbox 550 2316 639 2384; x_wconf 88' lang='lat' dir='ltr'><strong>qui</strong></span> <span class='ocrx_word' id='word_1_164' title='bbox 664 2305 1012 2378; x_wconf 84' lang='lat' dir='ltr'><strong>comburitur,</strong></span> <span class='ocrx_word' id='word_1_165' title='bbox 1032 2332 1062 2368; x_wconf 88' lang='lat' dir='ltr'><strong>a</strong></span> <span class='ocrx_word' id='word_1_166' title='bbox 1086 2331 1248 2384; x_wconf 82' lang='lat' dir='ltr'><strong>regno</strong></span> <span class='ocrx_word' id='word_1_167' title='bbox 1270 2316 1467 2369; x_wconf 84' lang='lat' dir='ltr'><strong>excidit</strong></span> <span class='ocrx_word' id='word_1_168' title='bbox 1489 2319 1725 2379; x_wconf 86' lang='lat' dir='ltr'><strong>omnino;</strong></span> <span class='ocrx_word' id='word_1_169' title='bbox 1751 2318 1863 2371; x_wconf 74' lang='lat' dir='ltr'><strong>lucc</strong></span> 
     </span>
    </p>
   </div>
   <div class='ocr_carea' id='block_1_23' title="bbox 267 2406 1864 2477">
    <p class='ocr_par' dir='ltr' id='par_1_23' title="bbox 267 2406 1864 2477">
     <span class='ocr_line' id='line_1_23' title="bbox 267 2406 1864 2477; baseline 0.004 -21"><span class='ocrx_word' id='word_1_170' title='bbox 267 2420 398 2459; x_wconf 85' lang='lat' dir='ltr'><strong>vero</strong></span> <span class='ocrx_word' id='word_1_171' title='bbox 425 2422 580 2475; x_wconf 70' lang='lat' dir='ltr'><strong>pinna</strong></span> <span class='ocrx_word' id='word_1_172' title='bbox 610 2406 779 2473; x_wconf 89' lang='lat' dir='ltr'><strong>major</strong></span> <span class='ocrx_word' id='word_1_173' title='bbox 806 2417 906 2461; x_wconf 92' lang='lat' dir='ltr'><strong>est.</strong></span> <span class='ocrx_word' id='word_1_174' title='bbox 934 2407 1064 2459; x_wconf 85' lang='lat' dir='ltr'><strong>Novi</strong></span> <span class='ocrx_word' id='word_1_175' title='bbox 1106 2416 1253 2461; x_wconf 83' lang='lat' dir='ltr'><strong>certe</strong></span> <span class='ocrx_word' id='word_1_176' title='bbox 1288 2409 1483 2461; x_wconf 89' lang='lat' dir='ltr'><strong>multos</strong></span> <span class='ocrx_word' id='word_1_177' title='bbox 1509 2423 1574 2462; x_wconf 81' lang='lat' dir='ltr'><strong>ex</strong></span> <span class='ocrx_word' id='word_1_178' title='bbox 1602 2409 1864 2477; x_wconf 67' lang='lat' dir='ltr'><strong>gebenne</strong></span> 
     </span>
    </p>
   </div>
   <div class='ocr_carea' id='block_1_24' title="bbox 268 2498 1865 2567">
    <p class='ocr_par' dir='ltr' id='par_1_24' title="bbox 268 2498 1865 2567">
     <span class='ocr_line' id='line_1_24' title="bbox 268 2498 1865 2567; baseline 0.001 -17"><span class='ocrx_word' id='word_1_179' title='bbox 268 2506 473 2551; x_wconf 83' lang='lat' dir='ltr'><strong>tanth</strong></span> <span class='ocrx_word' id='word_1_180' title='bbox 506 2499 718 2551; x_wconf 89' lang='lat' dir='ltr'><strong>nomine</strong></span> <span class='ocrx_word' id='word_1_181' title='bbox 748 2498 968 2551; x_wconf 88' lang='lat' dir='ltr'><strong>horrere</strong></span> <span class='ocrx_word' id='word_1_182' title='bbox 993 2515 1008 2563; x_wconf 91' lang='lat'><strong>;</strong></span> <span class='ocrx_word' id='word_1_183' title='bbox 1036 2514 1132 2567; x_wconf 85' lang='lat' dir='ltr'><strong>ego</strong></span> <span class='ocrx_word' id='word_1_184' title='bbox 1165 2509 1338 2550; x_wconf 85' lang='lat' dir='ltr'><strong>tamen</strong></span> <span class='ocrx_word' id='word_1_185' title='bbox 1364 2499 1538 2552; x_wconf 90' lang='lat' dir='ltr'><strong>multo</strong></span> <span class='ocrx_word' id='word_1_186' title='bbox 1563 2499 1865 2567; x_wconf 82' lang='lat' dir='ltr'><strong>graviorem</strong></span> 
     </span>
    </p>
   </div>
   <div class='ocr_carea' id='block_1_25' title="bbox 266 2589 1866 2661">
    <p class='ocr_par' dir='ltr' id='par_1_25' title="bbox 266 2589 1866 2661">
     <span class='ocr_line' id='line_1_25' title="bbox 266 2589 1866 2661; baseline 0.001 -18"><span class='ocrx_word' id='word_1_187' title='bbox 266 2605 389 2644; x_wconf 85' lang='lat' dir='ltr'><strong>esse</strong></span> <span class='ocrx_word' id='word_1_188' title='bbox 419 2604 626 2659; x_wconf 77' lang='lat' dir='ltr'><strong>ptenam</strong></span> <span class='ocrx_word' id='word_1_189' title='bbox 655 2590 793 2644; x_wconf 88' lang='lat' dir='ltr'><strong>duco</strong></span> <span class='ocrx_word' id='word_1_190' title='bbox 812 2605 841 2642; x_wconf 92' lang='lat' dir='ltr'><strong>a</strong></span> <span class='ocrx_word' id='word_1_191' title='bbox 868 2591 1031 2660; x_wconf 79' lang='lat' dir='ltr'><strong>gloria</strong></span> <span class='ocrx_word' id='word_1_192' title='bbox 1062 2590 1152 2643; x_wconf 89' lang='lat' dir='ltr'><strong>illa</strong></span> <span class='ocrx_word' id='word_1_193' title='bbox 1177 2589 1443 2655; x_wconf 81' lang='lat' dir='ltr'><strong>excidere,</strong></span> <span class='ocrx_word' id='word_1_194' title='bbox 1474 2607 1632 2659; x_wconf 84' lang='lat' dir='ltr'><strong>quam</strong></span> <span class='ocrx_word' id='word_1_195' title='bbox 1664 2592 1866 2661; x_wconf 81' lang='lat' dir='ltr'><strong>gehen—</strong></span> 
     </span>
    </p>
   </div>
   <div class='ocr_carea' id='block_1_26' title="bbox 265 2680 1865 2751">
    <p class='ocr_par' dir='ltr' id='par_1_26' title="bbox 265 2680 1865 2751">
     <span class='ocr_line' id='line_1_26' title="bbox 265 2680 1865 2751; baseline -0.001 -17"><span class='ocrx_word' id='word_1_196' title='bbox 265 2694 392 2734; x_wconf 88' lang='lat' dir='ltr'><strong>nam</strong></span> <span class='ocrx_word' id='word_1_197' title='bbox 414 2680 593 2735; x_wconf 89' lang='lat' dir='ltr'><strong>subire</strong></span> <span class='ocrx_word' id='word_1_198' title='bbox 612 2681 651 2735; x_wconf 87' lang='lat'><strong>&#39;.</strong></span> <span class='ocrx_word' id='word_1_199' title='bbox 675 2680 728 2735; x_wconf 88' lang='lat' dir='ltr'><strong>Si</strong></span> <span class='ocrx_word' id='word_1_200' title='bbox 754 2696 878 2735; x_wconf 87' lang='lat' dir='ltr'><strong>vero</strong></span> <span class='ocrx_word' id='word_1_201' title='bbox 900 2680 951 2734; x_wconf 89' lang='lat' dir='ltr'><strong>id</strong></span> <span class='ocrx_word' id='word_1_202' title='bbox 976 2695 1077 2733; x_wconf 92' lang='lat' dir='ltr'><strong>non</strong></span> <span class='ocrx_word' id='word_1_203' title='bbox 1101 2682 1269 2751; x_wconf 88' lang='lat' dir='ltr'><strong>possit</strong></span> <span class='ocrx_word' id='word_1_204' title='bbox 1290 2697 1537 2735; x_wconf 79' lang='lat' dir='ltr'><strong>sermone</strong></span> <span class='ocrx_word' id='word_1_205' title='bbox 1558 2682 1865 2747; x_wconf 84' lang='lat' dir='ltr'><strong>monstrari,</strong></span> 
     </span>
    </p>
   </div>
   <div class='ocr_carea' id='block_1_27' title="bbox 268 2772 1863 2843">
    <p class='ocr_par' dir='ltr' id='par_1_27' title="bbox 268 2772 1863 2843">
     <span class='ocr_line' id='line_1_27' title="bbox 268 2772 1863 2843; baseline -0.001 -17"><span class='ocrx_word' id='word_1_206' title='bbox 268 2772 398 2826; x_wconf 81' lang='lat' dir='ltr'><strong>nihil</strong></span> <span class='ocrx_word' id='word_1_207' title='bbox 439 2776 649 2826; x_wconf 90' lang='lat' dir='ltr'><strong>mirum.</strong></span> <span class='ocrx_word' id='word_1_208' title='bbox 678 2772 862 2843; x_wconf 86' lang='lat' dir='ltr'><strong>Neque</strong></span> <span class='ocrx_word' id='word_1_209' title='bbox 898 2775 1041 2828; x_wconf 90' lang='lat' dir='ltr'><strong>enim</strong></span> <span class='ocrx_word' id='word_1_210' title='bbox 1076 2776 1316 2827; x_wconf 78' lang='lat' dir='ltr'><strong>novimus</strong></span> <span class='ocrx_word' id='word_1_211' title='bbox 1350 2774 1611 2827; x_wconf 87' lang='lat' dir='ltr'><strong>bonorum</strong></span> <span class='ocrx_word' id='word_1_212' title='bbox 1654 2774 1863 2825; x_wconf 85' lang='lat' dir='ltr'><strong>illorum</strong></span> 
     </span>
    </p>
   </div>
   <div class='ocr_carea' id='block_1_28' title="bbox 267 2863 1862 2935">
    <p class='ocr_par' dir='ltr' id='par_1_28' title="bbox 267 2863 1862 2935">
     <span class='ocr_line' id='line_1_28' title="bbox 267 2863 1862 2935; baseline -0.001 -16"><span class='ocrx_word' id='word_1_213' title='bbox 267 2863 672 2929; x_wconf 75' lang='lat' dir='ltr'><strong>beatitudinem,</strong></span> <span class='ocrx_word' id='word_1_214' title='bbox 696 2876 751 2918; x_wconf 85' lang='lat' dir='ltr'><strong>ut</strong></span> <span class='ocrx_word' id='word_1_215' title='bbox 775 2866 992 2935; x_wconf 68' lang='lat' dir='ltr'><strong>perdita!</strong></span> <span class='ocrx_word' id='word_1_216' title='bbox 1011 2866 1174 2935; x_wconf 78' lang='lat' dir='ltr'><strong>ipsius</strong></span> <span class='ocrx_word' id='word_1_217' title='bbox 1204 2866 1471 2918; x_wconf 84' lang='lat' dir='ltr'><strong>miseriam</strong></span> <span class='ocrx_word' id='word_1_218' title='bbox 1500 2866 1862 2919; x_wconf 77' lang='lat' dir='ltr'><strong>:cstimemus:</strong></span> 
     </span>
    </p>
   </div>
   <div class='ocr_carea' id='block_1_29' title="bbox 266 2955 1867 3025">
    <p class='ocr_par' dir='ltr' id='par_1_29' title="bbox 266 2955 1867 3025">
     <span class='ocr_line' id='line_1_29' title="bbox 266 2955 1867 3025; baseline 0.001 -17"><span class='ocrx_word' id='word_1_219' title='bbox 266 2955 531 3023; x_wconf 84' lang='lat' dir='ltr'><strong>siquidem</strong></span> <span class='ocrx_word' id='word_1_220' title='bbox 564 2955 758 3010; x_wconf 80' lang='lat' dir='ltr'><strong>Paulus</strong></span> <span class='ocrx_word' id='word_1_221' title='bbox 791 2997 807 3023; x_wconf 92' lang='lat'><strong>,</strong></span> <span class='ocrx_word' id='word_1_222' title='bbox 830 2972 917 3025; x_wconf 88' lang='lat' dir='ltr'><strong>qm</strong></span> <span class='ocrx_word' id='word_1_223' title='bbox 945 2957 1059 3010; x_wconf 63' lang='lat' dir='ltr'><strong>haec</strong></span> <span class='ocrx_word' id='word_1_224' title='bbox 1092 2955 1255 3023; x_wconf 88' lang='lat' dir='ltr'><strong>probe</strong></span> <span class='ocrx_word' id='word_1_225' title='bbox 1279 2965 1519 3020; x_wconf 82' lang='lat' dir='ltr'><strong>noverat,</strong></span> <span class='ocrx_word' id='word_1_226' title='bbox 1544 2956 1744 3009; x_wconf 80' lang='lat' dir='ltr'><strong>sciebat</strong></span> <span class='ocrx_word' id='word_1_227' title='bbox 1774 2974 1867 3010; x_wconf 76' lang='lat' dir='ltr'><strong>ex-</strong></span> 
     </span>
    </p>
   </div>
   <div class='ocr_carea' id='block_1_30' title="bbox 266 3045 1863 3116">
    <p class='ocr_par' dir='ltr' id='par_1_30' title="bbox 266 3045 1863 3116">
     <span class='ocr_line' id='line_1_30' title="bbox 266 3045 1863 3116; baseline 0 -19"><span class='ocrx_word' id='word_1_228' title='bbox 266 3046 448 3099; x_wconf 85' lang='lat' dir='ltr'><strong>cidere</strong></span> <span class='ocrx_word' id='word_1_229' title='bbox 474 3060 505 3100; x_wconf 91' lang='lat' dir='ltr'><strong>e</strong></span> <span class='ocrx_word' id='word_1_230' title='bbox 532 3047 698 3116; x_wconf 89' lang='lat' dir='ltr'><strong>gratia</strong></span> <span class='ocrx_word' id='word_1_231' title='bbox 726 3046 925 3101; x_wconf 75' lang='lat' dir='ltr'><strong>Christi</strong></span> <span class='ocrx_word' id='word_1_232' title='bbox 949 3062 1058 3100; x_wconf 90' lang='lat' dir='ltr'><strong>rem</strong></span> <span class='ocrx_word' id='word_1_233' title='bbox 1081 3060 1201 3099; x_wconf 90' lang='lat' dir='ltr'><strong>esse</strong></span> <span class='ocrx_word' id='word_1_234' title='bbox 1227 3046 1466 3098; x_wconf 91' lang='lat' dir='ltr'><strong>omnium</strong></span> <span class='ocrx_word' id='word_1_235' title='bbox 1494 3045 1863 3113; x_wconf 73' lang='lat' dir='ltr'><strong>gravissimam</strong></span> 
     </span>
    </p>
   </div>
   <div class='ocr_carea' id='block_1_31' title="bbox 268 3136 1860 3206">
    <p class='ocr_par' dir='ltr' id='par_1_31' title="bbox 268 3136 1860 3206">
     <span class='ocr_line' id='line_1_31' title="bbox 268 3136 1860 3206; baseline -0.001 -17"><span class='ocrx_word' id='word_1_236' title='bbox 268 3136 413 3200; x_wconf 76' lang='lat' dir='ltr'><strong>(Gal.</strong></span> <span class='ocrx_word' id='word_1_237' title='bbox 447 3136 500 3191; x_wconf 85' lang='lat'><strong>5.</strong></span> <span class='ocrx_word' id='word_1_238' title='bbox 535 3138 610 3206; x_wconf 75' lang='grc'><strong>4).</strong></span> <span class='ocrx_word' id='word_1_239' title='bbox 645 3138 710 3191; x_wconf 78' lang='lat' dir='ltr'><strong>Et</strong></span> <span class='ocrx_word' id='word_1_240' title='bbox 738 3137 838 3189; x_wconf 88' lang='lat' dir='ltr'><strong>hoc</strong></span> <span class='ocrx_word' id='word_1_241' title='bbox 868 3152 966 3189; x_wconf 89' lang='lat' dir='ltr'><strong>nos</strong></span> <span class='ocrx_word' id='word_1_242' title='bbox 996 3152 1206 3205; x_wconf 88' lang='lat' dir='ltr'><strong>quoque</strong></span> <span class='ocrx_word' id='word_1_243' title='bbox 1251 3136 1484 3189; x_wconf 82' lang='lat' dir='ltr'><strong>sciemus</strong></span> <span class='ocrx_word' id='word_1_244' title='bbox 1504 3176 1517 3201; x_wconf 88' lang='lat'><strong>,</strong></span> <span class='ocrx_word' id='word_1_245' title='bbox 1549 3150 1670 3189; x_wconf 88' lang='lat' dir='ltr'><strong>cum</strong></span> <span class='ocrx_word' id='word_1_246' title='bbox 1700 3136 1751 3188; x_wconf 89' lang='lat' dir='ltr'><strong>in</strong></span> <span class='ocrx_word' id='word_1_247' title='bbox 1784 3137 1860 3188; x_wconf 80' lang='lat' dir='ltr'><strong>rei</strong></span> 
     </span>
    </p>
   </div>
   <div class='ocr_carea' id='block_1_32' title="bbox 267 3229 1088 3298">
    <p class='ocr_par' dir='ltr' id='par_1_32' title="bbox 267 3229 1088 3298">
     <span class='ocr_line' id='line_1_32' title="bbox 267 3229 1088 3298; baseline -0.007 -14"><span class='ocrx_word' id='word_1_248' title='bbox 267 3230 694 3298; x_wconf 83' lang='lat' dir='ltr'><strong>experimentum</strong></span> <span class='ocrx_word' id='word_1_249' title='bbox 726 3229 1088 3282; x_wconf 88' lang='lat' dir='ltr'><strong>inciderimns.</strong></span> 
     </span>
    </p>
   </div>
   <div class='ocr_carea' id='block_1_33' title="bbox 344 3318 1866 3388">
    <p class='ocr_par' dir='ltr' id='par_1_33' title="bbox 344 3318 1866 3388">
     <span class='ocr_line' id='line_1_33' title="bbox 344 3318 1866 3388; baseline -0.003 -13"><span class='ocrx_word' id='word_1_250' title='bbox 344 3322 378 3375; x_wconf 90' lang='lat'>8</span> <span class='ocrx_word' id='word_1_251' title='bbox 422 3320 677 3386; x_wconf 82' lang='lat' dir='ltr'><strong>Quantum</strong></span> <span class='ocrx_word' id='word_1_252' title='bbox 706 3323 768 3373; x_wconf 76' lang='lat' dir='ltr'><strong>sit</strong></span> <span class='ocrx_word' id='word_1_253' title='bbox 803 3322 990 3373; x_wconf 84' lang='lat' dir='ltr'><strong>malum</strong></span> <span class='ocrx_word' id='word_1_254' title='bbox 1022 3320 1250 3373; x_wconf 76' lang='lat' dir='ltr'><strong>excidere</strong></span> <span class='ocrx_word' id='word_1_255' title='bbox 1274 3336 1305 3370; x_wconf 87' lang='lat' dir='ltr'><strong>a</strong></span> <span class='ocrx_word' id='word_1_256' title='bbox 1332 3334 1485 3388; x_wconf 79' lang='lat' dir='ltr'><strong>regno</strong></span> <span class='ocrx_word' id='word_1_257' title='bbox 1516 3318 1611 3371; x_wconf 80' lang='lat' dir='ltr'><strong>Dei</strong></span> <span class='ocrx_word' id='word_1_258' title='bbox 1636 3320 1866 3386; x_wconf 76' lang='lat' dir='ltr'><strong>exemplo</strong></span> 
     </span>
    </p>
   </div>
   <div class='ocr_carea' id='block_1_34' title="bbox 267 3408 1868 3466">
    <p class='ocr_par' dir='ltr' id='par_1_34' title="bbox 267 3408 1868 3466">
     <span class='ocr_line' id='line_1_34' title="bbox 267 3408 1868 3466; baseline -0.002 0"><span class='ocrx_word' id='word_1_259' title='bbox 267 3413 618 3466; x_wconf 81' lang='lat' dir='ltr'><strong>adumbratur.</strong></span> <span class='ocrx_word' id='word_1_260' title='bbox 644 3410 867 3464; x_wconf 73' lang='lat' dir='ltr'><strong>Christus</strong></span> <span class='ocrx_word' id='word_1_261' title='bbox 898 3410 1040 3463; x_wconf 81' lang='lat' dir='ltr'><strong>nobis</strong></span> <span class='ocrx_word' id='word_1_262' title='bbox 1079 3411 1247 3463; x_wconf 80' lang='lat' dir='ltr'><strong>omnia</strong></span> <span class='ocrx_word' id='word_1_263' title='bbox 1284 3419 1373 3462; x_wconf 81' lang='lat' dir='ltr'><strong>est.</strong></span> <span class='ocrx_word' id='word_1_264' title='bbox 1402 3440 1472 3448; x_wconf 85' lang='lat'><strong>—-</strong></span> <span class='ocrx_word' id='word_1_265' title='bbox 1498 3408 1601 3463; x_wconf 87' lang='lat' dir='ltr'><strong>Sed</strong></span> <span class='ocrx_word' id='word_1_266' title='bbox 1640 3410 1772 3463; x_wconf 88' lang='lat' dir='ltr'><strong>faxis</strong></span> <span class='ocrx_word' id='word_1_267' title='bbox 1802 3425 1868 3463; x_wconf 86' lang='lat' dir='ltr'><strong>ne</strong></span> 
     </span>
    </p>
   </div>
   <div class='ocr_carea' id='block_1_35' title="bbox 270 3502 1865 3574">
    <p class='ocr_par' dir='ltr' id='par_1_35' title="bbox 270 3502 1865 3574">
     <span class='ocr_line' id='line_1_35' title="bbox 270 3502 1865 3574; baseline -0.004 -14"><span class='ocrx_word' id='word_1_268' title='bbox 270 3507 374 3560; x_wconf 87' lang='lat' dir='ltr'><strong>hoc</strong></span> <span class='ocrx_word' id='word_1_269' title='bbox 404 3506 686 3574; x_wconf 85' lang='lat' dir='ltr'><strong>patiamur,</strong></span> <span class='ocrx_word' id='word_1_270' title='bbox 710 3522 742 3559; x_wconf 92' lang='lat' dir='ltr'><strong>o</strong></span> <span class='ocrx_word' id='word_1_271' title='bbox 770 3504 1039 3574; x_wconf 87' lang='lat' dir='ltr'><strong>unigenite</strong></span> <span class='ocrx_word' id='word_1_272' title='bbox 1069 3503 1162 3557; x_wconf 89' lang='lat' dir='ltr'><strong>Dei</strong></span> <span class='ocrx_word' id='word_1_273' title='bbox 1197 3503 1316 3565; x_wconf 84' lang='lat' dir='ltr'><strong>Fili,</strong></span> <span class='ocrx_word' id='word_1_274' title='bbox 1343 3518 1517 3571; x_wconf 86' lang='lat' dir='ltr'><strong>neque</strong></span> <span class='ocrx_word' id='word_1_275' title='bbox 1550 3502 1865 3555; x_wconf 69' lang='lat' dir='ltr'><strong>inloiCl&#39;ﬂlltii</strong></span> 
     </span>
    </p>
   </div>
   <div class='ocr_carea' id='block_1_36' title="bbox 270 3598 1865 3667">
    <p class='ocr_par' dir='ltr' id='par_1_36' title="bbox 270 3598 1865 3667">
     <span class='ocr_line' id='line_1_36' title="bbox 270 3598 1865 3667; baseline -0.003 -16"><span class='ocrx_word' id='word_1_276' title='bbox 270 3598 426 3651; x_wconf 88' lang='lat' dir='ltr'><strong>istius</strong></span> <span class='ocrx_word' id='word_1_277' title='bbox 490 3598 732 3667; x_wconf 89' lang='lat' dir='ltr'><strong>supplicii</strong></span> <span class='ocrx_word' id='word_1_278' title='bbox 791 3612 1041 3665; x_wconf 87' lang='lat' dir='ltr'><strong>umquam</strong></span> <span class='ocrx_word' id='word_1_279' title='bbox 1093 3598 1519 3665; x_wconf 78' lang='lat' dir='ltr'><strong>experimentum</strong></span> <span class='ocrx_word' id='word_1_280' title='bbox 1572 3611 1865 3648; x_wconf 86' lang='lat' dir='ltr'><strong>sumanms.</strong></span> 
     </span>
    </p>
   </div>
   <div class='ocr_carea' id='block_1_37' title="bbox 270 3686 1869 3755">
    <p class='ocr_par' dir='ltr' id='par_1_37' title="bbox 270 3686 1869 3755">
     <span class='ocr_line' id='line_1_37' title="bbox 270 3686 1869 3755; baseline 0 -16"><span class='ocrx_word' id='word_1_281' title='bbox 270 3688 541 3755; x_wconf 79' lang='lat' dir='ltr'><strong>Quantum</strong></span> <span class='ocrx_word' id='word_1_282' title='bbox 563 3690 705 3742; x_wconf 88' lang='lat' dir='ltr'><strong>enim</strong></span> <span class='ocrx_word' id='word_1_283' title='bbox 735 3689 802 3742; x_wconf 91' lang='lat' dir='ltr'><strong>sit</strong></span> <span class='ocrx_word' id='word_1_284' title='bbox 832 3688 1028 3741; x_wconf 90' lang='lat' dir='ltr'><strong>malum</strong></span> <span class='ocrx_word' id='word_1_285' title='bbox 1057 3702 1084 3740; x_wconf 89' lang='lat' dir='ltr'><strong>a</strong></span> <span class='ocrx_word' id='word_1_286' title='bbox 1113 3687 1267 3740; x_wconf 85' lang='lat' dir='ltr'><strong>bonis</strong></span> <span class='ocrx_word' id='word_1_287' title='bbox 1297 3686 1401 3739; x_wconf 88' lang='lat' dir='ltr'><strong>illis</strong></span> <span class='ocrx_word' id='word_1_288' title='bbox 1429 3686 1700 3751; x_wconf 74' lang='lat' dir='ltr'><strong>excidere,</strong></span> <span class='ocrx_word' id='word_1_289' title='bbox 1724 3687 1869 3739; x_wconf 82' lang='lat' dir='ltr'><strong>clare</strong></span> 
     </span>
    </p>
   </div>
   <div class='ocr_carea' id='block_1_38' title="bbox 270 3776 1869 3848">
    <p class='ocr_par' dir='ltr' id='par_1_38' title="bbox 270 3776 1869 3848">
     <span class='ocr_line' id='line_1_38' title="bbox 270 3776 1869 3848; baseline -0.003 -15"><span class='ocrx_word' id='word_1_290' title='bbox 270 3782 519 3847; x_wconf 80' lang='lat' dir='ltr'><strong>cegnosci</strong></span> <span class='ocrx_word' id='word_1_291' title='bbox 544 3780 743 3848; x_wconf 89' lang='lat' dir='ltr'><strong>nequit.</strong></span> <span class='ocrx_word' id='word_1_292' title='bbox 770 3781 1015 3832; x_wconf 79' lang='lat' dir='ltr'><strong>Attamen</strong></span> <span class='ocrx_word' id='word_1_293' title='bbox 1036 3793 1132 3847; x_wconf 89' lang='lat' dir='ltr'><strong>pro</strong></span> <span class='ocrx_word' id='word_1_294' title='bbox 1155 3777 1289 3829; x_wconf 81' lang='lat' dir='ltr'><strong>virili</strong></span> <span class='ocrx_word' id='word_1_295' title='bbox 1315 3792 1429 3829; x_wconf 89' lang='lat' dir='ltr'><strong>mea</strong></span> <span class='ocrx_word' id='word_1_296' title='bbox 1455 3776 1690 3829; x_wconf 87' lang='lat' dir='ltr'><strong>conabor</strong></span> <span class='ocrx_word' id='word_1_297' title='bbox 1711 3786 1869 3843; x_wconf 89' lang='lat' dir='ltr'><strong>atque</strong></span> 
     </span>
    </p>
   </div>
   <div class='ocr_carea' id='block_1_39' title="bbox 270 3867 1865 3937">
    <p class='ocr_par' dir='ltr' id='par_1_39' title="bbox 270 3867 1865 3937">
     <span class='ocr_line' id='line_1_39' title="bbox 270 3867 1865 3937; baseline -0.004 -12"><span class='ocrx_word' id='word_1_298' title='bbox 270 3870 611 3935; x_wconf 84' lang='lat' dir='ltr'><strong>contendam,</strong></span> <span class='ocrx_word' id='word_1_299' title='bbox 634 3870 733 3923; x_wconf 90' lang='lat' dir='ltr'><strong>hoc</strong></span> <span class='ocrx_word' id='word_1_300' title='bbox 752 3869 902 3923; x_wconf 89' lang='lat' dir='ltr'><strong>vobis</strong></span> <span class='ocrx_word' id='word_1_301' title='bbox 928 3884 1020 3937; x_wconf 92' lang='lat' dir='ltr'><strong>per</strong></span> <span class='ocrx_word' id='word_1_302' title='bbox 1048 3868 1350 3936; x_wconf 86' lang='lat' dir='ltr'><strong>exemplum</strong></span> <span class='ocrx_word' id='word_1_303' title='bbox 1382 3868 1574 3921; x_wconf 88' lang='lat' dir='ltr'><strong>saltem</strong></span> <span class='ocrx_word' id='word_1_304' title='bbox 1604 3867 1865 3920; x_wconf 84' lang='lat' dir='ltr'><strong>tantillum</strong></span> 
     </span>
    </p>
   </div>
   <div class='ocr_carea' id='block_1_40' title="bbox 272 3960 1868 4031">
    <p class='ocr_par' dir='ltr' id='par_1_40' title="bbox 272 3960 1868 4031">
     <span class='ocr_line' id='line_1_40' title="bbox 272 3960 1868 4031; baseline -0.002 -15"><span class='ocrx_word' id='word_1_305' title='bbox 272 3972 592 4017; x_wconf 82' lang='lat' dir='ltr'><strong>monstrare.</strong></span> <span class='ocrx_word' id='word_1_306' title='bbox 624 3960 998 4031; x_wconf 87' lang='lat' dir='ltr'><strong>Supponamus</strong></span> <span class='ocrx_word' id='word_1_307' title='bbox 1025 3974 1143 4015; x_wconf 88' lang='lat' dir='ltr'><strong>esse</strong></span> <span class='ocrx_word' id='word_1_308' title='bbox 1172 3960 1404 4029; x_wconf 87' lang='lat' dir='ltr'><strong>puellum</strong></span> <span class='ocrx_word' id='word_1_309' title='bbox 1430 3961 1746 4023; x_wconf 87' lang='lat' dir='ltr'><strong>mirabilem,</strong></span> <span class='ocrx_word' id='word_1_310' title='bbox 1780 3962 1868 4029; x_wconf 87' lang='lat' dir='ltr'><strong>qui</strong></span> 
     </span>
    </p>
   </div>
   <div class='ocr_carea' id='block_1_41' title="bbox 271 4052 1865 4120">
    <p class='ocr_par' dir='ltr' id='par_1_41' title="bbox 271 4052 1865 4120">
     <span class='ocr_line' id='line_1_41' title="bbox 271 4052 1865 4120; baseline -0.003 -13"><span class='ocrx_word' id='word_1_311' title='bbox 271 4054 471 4108; x_wconf 86' lang='lat' dir='ltr'><strong>virtute</strong></span> <span class='ocrx_word' id='word_1_312' title='bbox 497 4054 693 4108; x_wconf 87' lang='lat' dir='ltr'><strong>florens</strong></span> <span class='ocrx_word' id='word_1_313' title='bbox 730 4053 890 4107; x_wconf 78' lang='lat' dir='ltr'><strong>totius</strong></span> <span class='ocrx_word' id='word_1_314' title='bbox 916 4053 1075 4106; x_wconf 85' lang='lat' dir='ltr'><strong>etiam</strong></span> <span class='ocrx_word' id='word_1_315' title='bbox 1106 4053 1251 4105; x_wconf 91' lang='lat' dir='ltr'><strong>orbis</strong></span> <span class='ocrx_word' id='word_1_316' title='bbox 1280 4053 1562 4120; x_wconf 81' lang='lat' dir='ltr'><strong>imperium</strong></span> <span class='ocrx_word' id='word_1_317' title='bbox 1589 4052 1865 4114; x_wconf 82' lang='lat' dir='ltr'><strong>obtineat,</strong></span> 
     </span>
    </p>
   </div>
   <div class='ocr_carea' id='block_1_42' title="bbox 276 4142 1868 4216">
    <p class='ocr_par' dir='ltr' id='par_1_42' title="bbox 276 4142 1868 4216">
     <span class='ocr_line' id='line_1_42' title="bbox 276 4142 1868 4216; baseline -0.003 -17"><span class='ocrx_word' id='word_1_318' title='bbox 276 4156 525 4216; x_wconf 89' lang='lat' dir='ltr'><strong>tantaque</strong></span> <span class='ocrx_word' id='word_1_319' title='bbox 553 4146 746 4199; x_wconf 87' lang='lat' dir='ltr'><strong>virtute</strong></span> <span class='ocrx_word' id='word_1_320' title='bbox 768 4144 1069 4214; x_wconf 71' lang='lat' dir='ltr'><strong>praeditum,</strong></span> <span class='ocrx_word' id='word_1_321' title='bbox 1095 4154 1152 4198; x_wconf 92' lang='lat' dir='ltr'><strong>ut</strong></span> <span class='ocrx_word' id='word_1_322' title='bbox 1173 4144 1341 4214; x_wconf 84' lang='lat' dir='ltr'><strong>possit</strong></span> <span class='ocrx_word' id='word_1_323' title='bbox 1363 4145 1603 4197; x_wconf 90' lang='lat' dir='ltr'><strong>omnium</strong></span> <span class='ocrx_word' id='word_1_324' title='bbox 1623 4142 1868 4197; x_wconf 72' lang='lat' dir='ltr'><strong>allectum</strong></span> 
     </span>
    </p>
   </div>
   <div class='ocr_carea' id='block_1_43' title="bbox 276 4234 1868 4303">
    <p class='ocr_par' dir='ltr' id='par_1_43' title="bbox 276 4234 1868 4303">
     <span class='ocr_line' id='line_1_43' title="bbox 276 4234 1868 4303; baseline -0.003 -12"><span class='ocrx_word' id='word_1_325' title='bbox 276 4239 329 4292; x_wconf 92' lang='lat' dir='ltr'><strong>in</strong></span> <span class='ocrx_word' id='word_1_326' title='bbox 358 4251 415 4292; x_wconf 81' lang='lat' dir='ltr'><strong>se</strong></span> <span class='ocrx_word' id='word_1_327' title='bbox 443 4239 512 4291; x_wconf 89' lang='lat' dir='ltr'><strong>ita</strong></span> <span class='ocrx_word' id='word_1_328' title='bbox 538 4252 877 4291; x_wconf 86' lang='lat' dir='ltr'><strong>commovere</strong></span> <span class='ocrx_word' id='word_1_329' title='bbox 900 4278 914 4300; x_wconf 93' lang='lat'><strong>,</strong></span> <span class='ocrx_word' id='word_1_330' title='bbox 950 4246 1007 4289; x_wconf 91' lang='lat' dir='ltr'><strong>ut</strong></span> <span class='ocrx_word' id='word_1_331' title='bbox 1033 4234 1270 4289; x_wconf 80' lang='lat' dir='ltr'><strong>universi</strong></span> <span class='ocrx_word' id='word_1_332' title='bbox 1306 4235 1458 4289; x_wconf 90' lang='lat' dir='ltr'><strong>illum</strong></span> <span class='ocrx_word' id='word_1_333' title='bbox 1491 4244 1710 4303; x_wconf 87' lang='lat' dir='ltr'><strong>paterno</strong></span> <span class='ocrx_word' id='word_1_334' title='bbox 1745 4234 1868 4287; x_wconf 86' lang='lat' dir='ltr'><strong>dili-</strong></span> 
     </span>
    </p>
   </div>
   <div class='ocr_carea' id='block_1_44' title="bbox 278 4328 1868 4400">
    <p class='ocr_par' dir='ltr' id='par_1_44' title="bbox 278 4328 1868 4400">
     <span class='ocr_line' id='line_1_44' title="bbox 278 4328 1868 4400; baseline -0.004 -18"><span class='ocrx_word' id='word_1_335' title='bbox 278 4338 405 4400; x_wconf 85' lang='lat' dir='ltr'><strong>gant</strong></span> <span class='ocrx_word' id='word_1_336' title='bbox 432 4345 632 4383; x_wconf 89' lang='lat' dir='ltr'><strong>amore.</strong></span> <span class='ocrx_word' id='word_1_337' title='bbox 669 4328 805 4394; x_wconf 86' lang='lat' dir='ltr'><strong>Quid</strong></span> <span class='ocrx_word' id='word_1_338' title='bbox 838 4345 945 4381; x_wconf 86' lang='lat' dir='ltr'><strong>non</strong></span> <span class='ocrx_word' id='word_1_339' title='bbox 978 4329 1173 4396; x_wconf 91' lang='lat' dir='ltr'><strong>putatis</strong></span> <span class='ocrx_word' id='word_1_340' title='bbox 1201 4340 1405 4395; x_wconf 86' lang='lat' dir='ltr'><strong>patrem</strong></span> <span class='ocrx_word' id='word_1_341' title='bbox 1430 4328 1546 4394; x_wconf 90' lang='lat' dir='ltr'><strong>ejus</strong></span> <span class='ocrx_word' id='word_1_342' title='bbox 1588 4341 1868 4394; x_wconf 91' lang='lat' dir='ltr'><strong>passurum</strong></span> 
     </span>
    </p>
   </div>
   <div class='ocr_carea' id='block_1_45' title="bbox 278 4418 1875 4487">
    <p class='ocr_par' dir='ltr' id='par_1_45' title="bbox 278 4418 1875 4487">
     <span class='ocr_line' id='line_1_45' title="bbox 278 4418 1875 4487; baseline -0.004 -12"><span class='ocrx_word' id='word_1_343' title='bbox 278 4436 418 4485; x_wconf 80' lang='lat' dir='ltr'><strong>esse,</strong></span> <span class='ocrx_word' id='word_1_344' title='bbox 452 4437 517 4474; x_wconf 89' lang='lat' dir='ltr'><strong>ne</strong></span> <span class='ocrx_word' id='word_1_345' title='bbox 544 4420 662 4475; x_wconf 87' lang='lat' dir='ltr'><strong>talis</strong></span> <span class='ocrx_word' id='word_1_346' title='bbox 690 4420 781 4473; x_wconf 86' lang='lat' dir='ltr'><strong>lilii</strong></span> <span class='ocrx_word' id='word_1_347' title='bbox 814 4421 1049 4487; x_wconf 78' lang='lat' dir='ltr'><strong>privetur</strong></span> <span class='ocrx_word' id='word_1_348' title='bbox 1068 4418 1510 4486; x_wconf 83' lang='lat' dir='ltr'><strong>colloquio?quid</strong></span> <span class='ocrx_word' id='word_1_349' title='bbox 1536 4427 1626 4469; x_wconf 92' lang='lat' dir='ltr'><strong>aut</strong></span> <span class='ocrx_word' id='word_1_350' title='bbox 1654 4432 1875 4485; x_wconf 86' lang='lat' dir='ltr'><strong>parvum</strong></span> 
     </span>
    </p>
   </div>
   <div class='ocr_carea' id='block_1_46' title="bbox 280 4495 1870 4582">
    <p class='ocr_par' dir='ltr' id='par_1_46' title="bbox 280 4495 1870 4582">
     <span class='ocr_line' id='line_1_46' title="bbox 280 4495 1870 4582; baseline -0.003 -16"><span class='ocrx_word' id='word_1_351' title='bbox 280 4521 371 4566; x_wconf 83' lang='lat' dir='ltr'><strong>aut</strong></span> <span class='ocrx_word' id='word_1_352' title='bbox 397 4528 645 4582; x_wconf 83' lang='lat' dir='ltr'><strong>magnum</strong></span> <span class='ocrx_word' id='word_1_353' title='bbox 680 4512 802 4565; x_wconf 89' lang='lat' dir='ltr'><strong>mali</strong></span> <span class='ocrx_word' id='word_1_354' title='bbox 832 4526 935 4564; x_wconf 91' lang='lat' dir='ltr'><strong>non</strong></span> <span class='ocrx_word' id='word_1_355' title='bbox 966 4519 1337 4578; x_wconf 88' lang='lat' dir='ltr'><strong>suscepturum</strong></span> <span class='ocrx_word' id='word_1_356' title='bbox 1359 4550 1373 4573; x_wconf 94' lang='lat'><strong>,</strong></span> <span class='ocrx_word' id='word_1_357' title='bbox 1404 4520 1458 4560; x_wconf 92' lang='lat' dir='ltr'><strong>ut</strong></span> <span class='ocrx_word' id='word_1_358' title='bbox 1485 4508 1632 4562; x_wconf 91' lang='lat' dir='ltr'><strong>illum</strong></span> <span class='ocrx_word' id='word_1_359' title='bbox 1659 4495 1870 4569; x_wconf 71' lang='lat' dir='ltr'><strong>videat,</strong></span> 
     </span>
    </p>
   </div>
   <div class='ocr_carea' id='block_1_47' title="bbox 282 4601 1848 4673">
    <p class='ocr_par' dir='ltr' id='par_1_47' title="bbox 282 4601 1848 4673">
     <span class='ocr_line' id='line_1_47' title="bbox 282 4601 1848 4673; baseline -0.003 -15"><span class='ocrx_word' id='word_1_360' title='bbox 282 4605 480 4672; x_wconf 87' lang='lat' dir='ltr'><strong>illoque</strong></span> <span class='ocrx_word' id='word_1_361' title='bbox 511 4604 854 4673; x_wconf 82' lang='lat' dir='ltr'><strong>perfruatur?</strong></span> <span class='ocrx_word' id='word_1_362' title='bbox 876 4602 990 4657; x_wconf 87' lang='lat' dir='ltr'><strong>Hoc</strong></span> <span class='ocrx_word' id='word_1_363' title='bbox 1016 4603 1175 4672; x_wconf 84' lang='lat' dir='ltr'><strong>igitur</strong></span> <span class='ocrx_word' id='word_1_364' title='bbox 1195 4610 1249 4656; x_wconf 91' lang='lat' dir='ltr'><strong>et</strong></span> <span class='ocrx_word' id='word_1_365' title='bbox 1274 4601 1341 4655; x_wconf 89' lang='lat' dir='ltr'><strong>de</strong></span> <span class='ocrx_word' id='word_1_366' title='bbox 1365 4602 1532 4667; x_wconf 79' lang='lat' dir='ltr'><strong>gloria</strong></span> <span class='ocrx_word' id='word_1_367' title='bbox 1558 4603 1645 4655; x_wconf 91' lang='lat' dir='ltr'><strong>illa</strong></span> <span class='ocrx_word' id='word_1_368' title='bbox 1675 4604 1848 4671; x_wconf 81' lang='lat' dir='ltr'><strong>cogite</strong></span> 
     </span>
    </p>
   </div>
   <div class='ocr_carea' id='block_1_48' title="bbox 282 4692 1871 4764">
    <p class='ocr_par' dir='ltr' id='par_1_48' title="bbox 282 4692 1871 4764">
     <span class='ocr_line' id='line_1_48' title="bbox 282 4692 1871 4764; baseline -0.003 -14"><span class='ocrx_word' id='word_1_369' title='bbox 282 4709 423 4750; x_wconf 89' lang='lat' dir='ltr'><strong>mus.</strong></span> <span class='ocrx_word' id='word_1_370' title='bbox 450 4694 626 4764; x_wconf 82' lang='lat' dir='ltr'><strong>Neque</strong></span> <span class='ocrx_word' id='word_1_371' title='bbox 655 4696 797 4749; x_wconf 87' lang='lat' dir='ltr'><strong>enim</strong></span> <span class='ocrx_word' id='word_1_372' title='bbox 828 4692 966 4748; x_wconf 85' lang='lat' dir='ltr'><strong>filius</strong></span> <span class='ocrx_word' id='word_1_373' title='bbox 990 4693 1320 4763; x_wconf 88' lang='lat' dir='ltr'><strong>quantalibet</strong></span> <span class='ocrx_word' id='word_1_374' title='bbox 1348 4693 1544 4747; x_wconf 87' lang='lat' dir='ltr'><strong>virtute</strong></span> <span class='ocrx_word' id='word_1_375' title='bbox 1568 4692 1871 4759; x_wconf 86' lang='lat' dir='ltr'><strong>decoretur,</strong></span> 
     </span>
    </p>
   </div>
   <div class='ocr_carea' id='block_1_49' title="bbox 285 4784 1872 4855">
    <p class='ocr_par' dir='ltr' id='par_1_49' title="bbox 285 4784 1872 4855">
     <span class='ocr_line' id='line_1_49' title="bbox 285 4784 1872 4855; baseline -0.003 -13"><span class='ocrx_word' id='word_1_376' title='bbox 285 4789 358 4842; x_wconf 89' lang='lat' dir='ltr'><strong>ita</strong></span> <span class='ocrx_word' id='word_1_377' title='bbox 383 4787 517 4855; x_wconf 84' lang='lat' dir='ltr'><strong>patri</strong></span> <span class='ocrx_word' id='word_1_378' title='bbox 546 4786 918 4841; x_wconf 85' lang='lat' dir='ltr'><strong>desiderabilis</strong></span> <span class='ocrx_word' id='word_1_379' title='bbox 943 4796 997 4840; x_wconf 88' lang='lat' dir='ltr'><strong>et</strong></span> <span class='ocrx_word' id='word_1_380' title='bbox 1021 4785 1263 4839; x_wconf 88' lang='lat' dir='ltr'><strong>amabilis</strong></span> <span class='ocrx_word' id='word_1_381' title='bbox 1288 4792 1390 4846; x_wconf 84' lang='lat' dir='ltr'><strong>est,</strong></span> <span class='ocrx_word' id='word_1_382' title='bbox 1417 4796 1474 4837; x_wconf 92' lang='lat' dir='ltr'><strong>ut</strong></span> <span class='ocrx_word' id='word_1_383' title='bbox 1500 4793 1697 4837; x_wconf 87' lang='lat' dir='ltr'><strong>sortem</strong></span> <span class='ocrx_word' id='word_1_384' title='bbox 1733 4784 1872 4837; x_wconf 76' lang='lat' dir='ltr'><strong>illum</strong></span> 
     </span>
    </p>
   </div>
   <div class='ocr_carea' id='block_1_50' title="bbox 283 4875 1875 4947">
    <p class='ocr_par' dir='ltr' id='par_1_50' title="bbox 283 4875 1875 4947">
     <span class='ocr_line' id='line_1_50' title="bbox 283 4875 1875 4947; baseline -0.007 -13"><span class='ocrx_word' id='word_1_385' title='bbox 283 4882 547 4934; x_wconf 84' lang='lat' dir='ltr'><strong>bonorum</strong></span> <span class='ocrx_word' id='word_1_386' title='bbox 594 4879 838 4947; x_wconf 88' lang='lat' dir='ltr'><strong>accipere</strong></span> <span class='ocrx_word' id='word_1_387' title='bbox 861 4919 877 4943; x_wconf 97' lang='lat'><strong>,</strong></span> <span class='ocrx_word' id='word_1_388' title='bbox 905 4892 967 4931; x_wconf 84' lang='lat' dir='ltr'><strong>ac</strong></span> <span class='ocrx_word' id='word_1_389' title='bbox 1008 4875 1238 4939; x_wconf 87' lang='lat' dir='ltr'><strong>resolvi,</strong></span> <span class='ocrx_word' id='word_1_390' title='bbox 1272 4886 1325 4929; x_wconf 90' lang='lat' dir='ltr'><strong>et</strong></span> <span class='ocrx_word' id='word_1_391' title='bbox 1353 4890 1471 4930; x_wconf 79' lang='lat' dir='ltr'><strong>esse</strong></span> <span class='ocrx_word' id='word_1_392' title='bbox 1499 4891 1619 4928; x_wconf 90' lang='lat' dir='ltr'><strong>cum</strong></span> <span class='ocrx_word' id='word_1_393' title='bbox 1663 4875 1875 4929; x_wconf 79' lang='lat' dir='ltr'><strong>Christo</strong></span> 
     </span>
    </p>
   </div>
   <div class='ocr_carea' id='block_1_51' title="bbox 286 4964 1871 5042">
    <p class='ocr_par' dir='ltr' id='par_1_51' title="bbox 286 4964 1871 5042">
     <span class='ocr_line' id='line_1_51' title="bbox 286 4964 1871 5042; baseline -0.007 -17"><span class='ocrx_word' id='word_1_394' title='bbox 286 4970 546 5042; x_wconf 80' lang='lat' dir='ltr'><strong>(Philipp.</strong></span> <span class='ocrx_word' id='word_1_395' title='bbox 569 4973 621 5027; x_wconf 82' lang='lat' dir='ltr'><strong>l.</strong></span> <span class='ocrx_word' id='word_1_396' title='bbox 640 4970 761 5039; x_wconf 71' lang='lat'><strong>‘25).</strong></span> <span class='ocrx_word' id='word_1_397' title='bbox 786 4968 1141 5024; x_wconf 89' lang='lat' dir='ltr'><strong>lntolerabilis</strong></span> <span class='ocrx_word' id='word_1_398' title='bbox 1166 4968 1359 5037; x_wconf 90' lang='lat' dir='ltr'><strong>quippe</strong></span> <span class='ocrx_word' id='word_1_399' title='bbox 1385 4977 1469 5019; x_wconf 90' lang='lat' dir='ltr'><strong>est</strong></span> <span class='ocrx_word' id='word_1_400' title='bbox 1495 4967 1581 5018; x_wconf 90' lang='lat' dir='ltr'><strong>illa</strong></span> <span class='ocrx_word' id='word_1_401' title='bbox 1608 4964 1871 5035; x_wconf 84' lang='lat' dir='ltr'><strong>gehenna,</strong></span> 
     </span>
    </p>
   </div>
   <div class='ocr_carea' id='block_1_52' title="bbox 290 5058 1876 5137">
    <p class='ocr_par' dir='ltr' id='par_1_52' title="bbox 290 5058 1876 5137">
     <span class='ocr_line' id='line_1_52' title="bbox 290 5058 1876 5137; baseline -0.009 -17"><span class='ocrx_word' id='word_1_402' title='bbox 290 5067 485 5137; x_wconf 82' lang='lat' dir='ltr'><strong>illaque</strong></span> <span class='ocrx_word' id='word_1_403' title='bbox 512 5078 686 5134; x_wconf 67' lang='lat' dir='ltr'><strong>pinna.</strong></span> <span class='ocrx_word' id='word_1_404' title='bbox 712 5064 961 5116; x_wconf 82' lang='lat' dir='ltr'><strong>Attamen</strong></span> <span class='ocrx_word' id='word_1_405' title='bbox 990 5060 1115 5115; x_wconf 91' lang='lat' dir='ltr'><strong>licet</strong></span> <span class='ocrx_word' id='word_1_406' title='bbox 1140 5060 1284 5114; x_wconf 90' lang='lat' dir='ltr'><strong>mille</strong></span> <span class='ocrx_word' id='word_1_407' title='bbox 1307 5058 1426 5128; x_wconf 90' lang='lat' dir='ltr'><strong>quis</strong></span> <span class='ocrx_word' id='word_1_408' title='bbox 1454 5058 1723 5124; x_wconf 89' lang='lat' dir='ltr'><strong>gehennas</strong></span> <span class='ocrx_word' id='word_1_409' title='bbox 1753 5072 1876 5123; x_wconf 84' lang='lat' dir='ltr'><strong>pro-</strong></span> 
     </span>
    </p>
   </div>
   <div class='ocr_carea' id='block_1_53' title="bbox 289 5146 1876 5226">
    <p class='ocr_par' dir='ltr' id='par_1_53' title="bbox 289 5146 1876 5226">
     <span class='ocr_line' id='line_1_53' title="bbox 289 5146 1876 5226; baseline -0.008 -15"><span class='ocrx_word' id='word_1_410' title='bbox 289 5157 523 5226; x_wconf 81' lang='lat' dir='ltr'><strong>posuerit</strong></span> <span class='ocrx_word' id='word_1_411' title='bbox 550 5155 723 5219; x_wconf 85' lang='lat' dir='ltr'><strong>,.nibil</strong></span> <span class='ocrx_word' id='word_1_412' title='bbox 758 5154 860 5207; x_wconf 86' lang='lat' dir='ltr'><strong>tale</strong></span> <span class='ocrx_word' id='word_1_413' title='bbox 886 5153 1125 5207; x_wconf 90' lang='lat' dir='ltr'><strong>dicturus</strong></span> <span class='ocrx_word' id='word_1_414' title='bbox 1154 5160 1270 5214; x_wconf 89' lang='lat' dir='ltr'><strong>est,</strong></span> <span class='ocrx_word' id='word_1_415' title='bbox 1298 5150 1455 5218; x_wconf 89' lang='lat' dir='ltr'><strong>quale</strong></span> <span class='ocrx_word' id='word_1_416' title='bbox 1492 5156 1578 5203; x_wconf 90' lang='lat' dir='ltr'><strong>est</strong></span> <span class='ocrx_word' id='word_1_417' title='bbox 1612 5162 1679 5201; x_wconf 88' lang='lat' dir='ltr'><strong>ex</strong></span> <span class='ocrx_word' id='word_1_418' title='bbox 1724 5146 1876 5199; x_wconf 71' lang='lat' dir='ltr'><strong>beata</strong></span> 
     </span>
    </p>
   </div>
   <div class='ocr_carea' id='block_1_54' title="bbox 292 5239 1879 5318">
    <p class='ocr_par' dir='ltr' id='par_1_54' title="bbox 292 5239 1879 5318">
     <span class='ocr_line' id='line_1_54' title="bbox 292 5239 1879 5318; baseline -0.01 -11"><span class='ocrx_word' id='word_1_419' title='bbox 292 5248 378 5308; x_wconf 83' lang='lat' dir='ltr'><strong>illa</strong></span> <span class='ocrx_word' id='word_1_420' title='bbox 404 5250 651 5307; x_wconf 76' lang='lat' dir='ltr'><strong>excidere</strong></span> <span class='ocrx_word' id='word_1_421' title='bbox 688 5247 855 5318; x_wconf 86' lang='lat' dir='ltr'><strong>gloria</strong></span> <span class='ocrx_word' id='word_1_422' title='bbox 880 5287 894 5309; x_wconf 88' lang='lat'><strong>,</strong></span> <span class='ocrx_word' id='word_1_423' title='bbox 929 5244 1143 5301; x_wconf 87' lang='lat' dir='ltr'><strong>Christo</strong></span> <span class='ocrx_word' id='word_1_424' title='bbox 1166 5259 1386 5299; x_wconf 80' lang='lat' dir='ltr'><strong>exosum</strong></span> <span class='ocrx_word' id='word_1_425' title='bbox 1413 5256 1533 5297; x_wconf 86' lang='lat' dir='ltr'><strong>esse</strong></span> <span class='ocrx_word' id='word_1_426' title='bbox 1556 5284 1572 5302; x_wconf 88' lang='lat'><strong>,</strong></span> <span class='ocrx_word' id='word_1_427' title='bbox 1604 5240 1789 5293; x_wconf 86' lang='lat' dir='ltr'><strong>audire</strong></span> <span class='ocrx_word' id='word_1_428' title='bbox 1812 5239 1879 5291; x_wconf 84' lang='lat' dir='ltr'><strong>ab</strong></span> 
     </span>
    </p>
   </div>
   <div class='ocr_carea' id='block_1_55' title="bbox 294 5332 1877 5408">
    <p class='ocr_par' dir='ltr' id='par_1_55' title="bbox 294 5332 1877 5408">
     <span class='ocr_line' id='line_1_55' title="bbox 294 5332 1877 5408; baseline -0.009 -11"><span class='ocrx_word' id='word_1_429' title='bbox 294 5343 387 5397; x_wconf 87' lang='lat' dir='ltr'><strong>illo</strong></span> <span class='ocrx_word' id='word_1_430' title='bbox 412 5382 430 5407; x_wconf 94' lang='lat'><strong>,</strong></span> <span class='ocrx_word' id='word_1_431' title='bbox 464 5340 585 5395; x_wconf 81' lang='lat' dir='ltr'><strong>Non</strong></span> <span class='ocrx_word' id='word_1_432' title='bbox 628 5341 741 5393; x_wconf 81' lang='lat' dir='ltr'><strong>novi</strong></span> <span class='ocrx_word' id='word_1_433' title='bbox 779 5354 866 5391; x_wconf 75' lang='lat' dir='ltr'><strong>vos</strong></span> <span class='ocrx_word' id='word_1_434' title='bbox 906 5336 1115 5408; x_wconf 77' lang='lat' dir='ltr'><strong>(Matth.</strong></span> <span class='ocrx_word' id='word_1_435' title='bbox 1147 5335 1236 5389; x_wconf 70' lang='grc'><strong>25.</strong></span> <span class='ocrx_word' id='word_1_436' title='bbox 1282 5335 1392 5403; x_wconf 73' lang='grc'><strong>12),</strong></span> <span class='ocrx_word' id='word_1_437' title='bbox 1430 5332 1667 5387; x_wconf 89' lang='lat' dir='ltr'><strong>accusari</strong></span> <span class='ocrx_word' id='word_1_438' title='bbox 1690 5373 1705 5395; x_wconf 91' lang='lat'><strong>,</strong></span> <span class='ocrx_word' id='word_1_439' title='bbox 1736 5332 1877 5398; x_wconf 87' lang='lat' dir='ltr'><strong>quod</strong></span> 
     </span>
    </p>
   </div>
   <div class='ocr_carea' id='block_1_56' title="bbox 294 5423 1877 5493">
    <p class='ocr_par' dir='ltr' id='par_1_56' title="bbox 294 5423 1877 5493">
     <span class='ocr_line' id='line_1_56' title="bbox 294 5423 1877 5493; baseline -0.009 -4"><span class='ocrx_word' id='word_1_440' title='bbox 294 5440 614 5489; x_wconf 85' lang='lat' dir='ltr'><strong>esurientem</strong></span> <span class='ocrx_word' id='word_1_441' title='bbox 640 5433 787 5486; x_wconf 88' lang='lat' dir='ltr'><strong>illum</strong></span> <span class='ocrx_word' id='word_1_442' title='bbox 811 5445 931 5485; x_wconf 90' lang='lat' dir='ltr'><strong>cum</strong></span> <span class='ocrx_word' id='word_1_443' title='bbox 954 5428 1277 5490; x_wconf 87' lang='lat' dir='ltr'><strong>videremus,</strong></span> <span class='ocrx_word' id='word_1_444' title='bbox 1293 5427 1468 5481; x_wconf 89' lang='lat' dir='ltr'><strong>cibum</strong></span> <span class='ocrx_word' id='word_1_445' title='bbox 1487 5423 1877 5493; x_wconf 77' lang='lat' dir='ltr'><strong>negaverimus.</strong></span> 
     </span>
    </p>
   </div>
   <div class='ocr_carea' id='block_1_57' title="bbox 298 5512 1879 5581">
    <p class='ocr_par' dir='ltr' id='par_1_57' title="bbox 298 5512 1879 5581">
     <span class='ocr_line' id='line_1_57' title="bbox 298 5512 1879 5581; baseline -0.011 0"><span class='ocrx_word' id='word_1_446' title='bbox 298 5524 506 5581; x_wconf 81' lang='lat' dir='ltr'><strong>Etenim</strong></span> <span class='ocrx_word' id='word_1_447' title='bbox 538 5522 728 5577; x_wconf 87' lang='lat' dir='ltr'><strong>melius</strong></span> <span class='ocrx_word' id='word_1_448' title='bbox 754 5530 836 5575; x_wconf 86' lang='lat' dir='ltr'><strong>est</strong></span> <span class='ocrx_word' id='word_1_449' title='bbox 865 5519 1007 5574; x_wconf 87' lang='lat' dir='ltr'><strong>mille</strong></span> <span class='ocrx_word' id='word_1_450' title='bbox 1034 5516 1340 5572; x_wconf 80' lang='lat' dir='ltr'><strong>fulminibus</strong></span> <span class='ocrx_word' id='word_1_451' title='bbox 1366 5514 1539 5578; x_wconf 88' lang='lat' dir='ltr'><strong>obrui,</strong></span> <span class='ocrx_word' id='word_1_452' title='bbox 1573 5528 1730 5581; x_wconf 87' lang='lat' dir='ltr'><strong>quam</strong></span> <span class='ocrx_word' id='word_1_453' title='bbox 1762 5512 1879 5565; x_wconf 87' lang='lat' dir='ltr'><strong>vul-</strong></span> 
     </span>
    </p>
   </div>
   <div class='ocr_carea' id='block_1_58' title="bbox 297 5600 1881 5671">
    <p class='ocr_par' dir='ltr' id='par_1_58' title="bbox 297 5600 1881 5671">
     <span class='ocr_line' id='line_1_58' title="bbox 297 5600 1881 5671; baseline -0.012 0"><span class='ocrx_word' id='word_1_454' title='bbox 297 5626 409 5671; x_wconf 87' lang='lat' dir='ltr'><strong>tum</strong></span> <span class='ocrx_word' id='word_1_455' title='bbox 440 5613 587 5667; x_wconf 86' lang='lat' dir='ltr'><strong>iltum</strong></span> <span class='ocrx_word' id='word_1_456' title='bbox 617 5619 949 5665; x_wconf 89' lang='lat' dir='ltr'><strong>mansuetum</strong></span> <span class='ocrx_word' id='word_1_457' title='bbox 977 5608 1156 5663; x_wconf 88' lang='lat' dir='ltr'><strong>videre</strong></span> <span class='ocrx_word' id='word_1_458' title='bbox 1182 5622 1279 5659; x_wconf 89' lang='lat' dir='ltr'><strong>nos</strong></span> <span class='ocrx_word' id='word_1_459' title='bbox 1304 5613 1662 5668; x_wconf 69' lang='lat' dir='ltr'><strong>aversantem,</strong></span> <span class='ocrx_word' id='word_1_460' title='bbox 1690 5614 1744 5657; x_wconf 92' lang='lat' dir='ltr'><strong>et</strong></span> <span class='ocrx_word' id='word_1_461' title='bbox 1770 5600 1881 5670; x_wconf 75' lang='lat' dir='ltr'><strong>pla-</strong></span> 
     </span>
    </p>
   </div>
   <div class='ocr_carea' id='block_1_59' title="bbox 360 5756 1879 5829">
    <p class='ocr_par' dir='ltr' id='par_1_59' title="bbox 360 5756 1879 5829">
     <span class='ocr_line' id='line_1_59' title="bbox 360 5756 1879 5829; baseline -0.007 -13"><span class='ocrx_word' id='word_1_462' title='bbox 360 5771 376 5802; x_wconf 77' lang='grc' dir='ltr'>ί</span> <span class='ocrx_word' id='word_1_463' title='bbox 416 5770 496 5817; x_wconf 72' lang='lat' dir='ltr'><strong>ttic</strong></span> <span class='ocrx_word' id='word_1_464' title='bbox 519 5768 655 5817; x_wconf 83' lang='lat' dir='ltr'><strong>locus</strong></span> <span class='ocrx_word' id='word_1_465' title='bbox 670 5769 741 5816; x_wconf 83' lang='lat' dir='ltr'><strong>sic</strong></span> <span class='ocrx_word' id='word_1_466' title='bbox 765 5766 946 5829; x_wconf 77' lang='lat' dir='ltr'><strong>legitur</strong></span> <span class='ocrx_word' id='word_1_467' title='bbox 970 5760 1339 5829; x_wconf 7' lang='lat' dir='ltr'><strong>initlorelmego</strong></span> <span class='ocrx_word' id='word_1_468' title='bbox 1360 5765 1515 5811; x_wconf 74' lang='lat' dir='ltr'><strong>tamen</strong></span> <span class='ocrx_word' id='word_1_469' title='bbox 1545 5756 1879 5823; x_wconf 73' lang='lat' dir='ltr'><strong>grat&#39;issitttam</strong></span> 
     </span>
    </p>
   </div>
   <div class='ocr_carea' id='block_1_60' title="bbox 296 5822 1350 5894">
    <p class='ocr_par' dir='ltr' id='par_1_60' title="bbox 296 5822 1350 5894">
     <span class='ocr_line' id='line_1_60' title="bbox 296 5822 1350 5894; baseline -0.014 -9"><span class='ocrx_word' id='word_1_470' title='bbox 296 5844 397 5884; x_wconf 63' lang='lat' dir='ltr'><strong>me</strong></span> <span class='ocrx_word' id='word_1_471' title='bbox 414 5844 603 5894; x_wconf 65' lang='lat' dir='ltr'><strong>pinnam</strong></span> <span class='ocrx_word' id='word_1_472' title='bbox 624 5831 749 5879; x_wconf 74' lang='lat' dir='ltr'><strong>duco</strong></span> <span class='ocrx_word' id='word_1_473' title='bbox 773 5844 801 5878; x_wconf 81' lang='grc' dir='ltr'><em>α</em></span> <span class='ocrx_word' id='word_1_474' title='bbox 818 5822 973 5892; x_wconf 66' lang='grc' dir='ltr'><strong>ῇὲονὶα</strong></span> <span class='ocrx_word' id='word_1_475' title='bbox 998 5827 1080 5877; x_wconf 82' lang='lat' dir='ltr'><strong>ttta</strong></span> <span class='ocrx_word' id='word_1_476' title='bbox 1103 5822 1350 5876; x_wconf 75' lang='lat' dir='ltr'><strong>excidere.</strong></span> 
     </span>
    </p>
   </div>
   <div class='ocr_carea' id='block_1_61' title="bbox 1215 374 2569 455">
    <p class='ocr_par' dir='ltr' id='par_1_61' title="bbox 1215 374 2569 455">
     <span class='ocr_line' id='line_1_61' title="bbox 1215 374 2569 455; baseline 0.011 -22"><span class='ocrx_word' id='word_1_477' title='bbox 1215 377 1278 433; x_wconf 76' lang='grc' dir='ltr'><strong>ΙΝ</strong></span> <span class='ocrx_word' id='word_1_478' title='bbox 1318 376 1726 433; x_wconf 66' lang='grc' dir='ltr'><strong>ΜΑΤΤΙΙιΕυΜ</strong></span> <span class='ocrx_word' id='word_1_479' title='bbox 1768 374 1997 430; x_wconf 69' lang='grc' dir='ltr'><strong>ΗΟΜΙΙη</strong></span> <span class='ocrx_word' id='word_1_480' title='bbox 2043 379 2230 436; x_wconf 72' lang='lat' dir='ltr'><strong>XXIII.</strong></span> <span class='ocrx_word' id='word_1_481' title='bbox 2269 389 2337 443; x_wconf 88' lang='lat' dir='ltr'><strong>al.</strong></span> <span class='ocrx_word' id='word_1_482' title='bbox 2380 389 2569 455; x_wconf 59' lang='lat' dir='ltr'><strong>XXIV,</strong></span> 
     </span>
    </p>
   </div>
   <div class='ocr_carea' id='block_1_62' title="bbox 3463 405 3564 458">
    <p class='ocr_par' dir='ltr' id='par_1_62' title="bbox 3463 405 3564 458">
     <span class='ocr_line' id='line_1_62' title="bbox 3463 405 3564 458; baseline -0.04 -1"><span class='ocrx_word' id='word_1_483' title='bbox 3463 405 3564 458; x_wconf 61' lang='grc' dir='ltr'><strong>ΞΜ</strong></span> 
     </span>
    </p>
   </div>
   <div class='ocr_carea' id='block_1_63' title="bbox 1974 496 3563 580">
    <p class='ocr_par' dir='ltr' id='par_1_63' title="bbox 1974 496 3563 580">
     <span class='ocr_line' id='line_1_63' title="bbox 1974 496 3563 580; baseline 0.014 -32"><span class='ocrx_word' id='word_1_484' title='bbox 1974 496 2151 552; x_wconf 83' lang='lat' dir='ltr'><strong>eidnm</strong></span> <span class='ocrx_word' id='word_1_485' title='bbox 2184 504 2397 558; x_wconf 89' lang='lat' dir='ltr'><strong>oculum</strong></span> <span class='ocrx_word' id='word_1_486' title='bbox 2429 522 2525 560; x_wconf 87' lang='lat' dir='ltr'><strong>nos</strong></span> <span class='ocrx_word' id='word_1_487' title='bbox 2555 510 2793 580; x_wconf 87' lang='lat' dir='ltr'><strong>aspicere</strong></span> <span class='ocrx_word' id='word_1_488' title='bbox 2822 528 2927 567; x_wconf 88' lang='lat' dir='ltr'><strong>non</strong></span> <span class='ocrx_word' id='word_1_489' title='bbox 2958 515 3332 570; x_wconf 85' lang='lat' dir='ltr'><strong>sustinentem.</strong></span> <span class='ocrx_word' id='word_1_490' title='bbox 3361 516 3492 571; x_wconf 76' lang='lat' dir='ltr'><strong>Nam</strong></span> <span class='ocrx_word' id='word_1_491' title='bbox 3520 520 3563 571; x_wconf 84' lang='lat' dir='ltr'><strong>si</strong></span> 
     </span>
    </p>
   </div>
   <div class='ocr_carea' id='block_1_64' title="bbox 1976 593 3564 661">
    <p class='ocr_par' dir='ltr' id='par_1_64' title="bbox 1976 593 3564 661">
     <span class='ocr_line' id='line_1_64' title="bbox 1976 593 3564 661; baseline 0.011 -20"><span class='ocrx_word' id='word_1_492' title='bbox 1976 606 2061 644; x_wconf 89' lang='lat' dir='ltr'><strong>me</strong></span> <span class='ocrx_word' id='word_1_493' title='bbox 2089 593 2173 645; x_wconf 83' lang='lat' dir='ltr'><strong>ille</strong></span> <span class='ocrx_word' id='word_1_494' title='bbox 2205 594 2474 649; x_wconf 88' lang='lat' dir='ltr'><strong>inimicum</strong></span> <span class='ocrx_word' id='word_1_495' title='bbox 2503 614 2563 653; x_wconf 90' lang='lat' dir='ltr'><strong>se</strong></span> <span class='ocrx_word' id='word_1_496' title='bbox 2592 600 2717 654; x_wconf 92' lang='lat' dir='ltr'><strong>odio</strong></span> <span class='ocrx_word' id='word_1_497' title='bbox 2743 602 3024 658; x_wconf 80' lang='lat' dir='ltr'><strong>habentem</strong></span> <span class='ocrx_word' id='word_1_498' title='bbox 3055 614 3108 659; x_wconf 91' lang='lat' dir='ltr'><strong>et</strong></span> <span class='ocrx_word' id='word_1_499' title='bbox 3132 615 3466 661; x_wconf 76' lang='lat' dir='ltr'><strong>aversantem</strong></span> <span class='ocrx_word' id='word_1_500' title='bbox 3498 608 3564 659; x_wconf 87' lang='lat' dir='ltr'><strong>ita</strong></span> 
     </span>
    </p>
   </div>
   <div class='ocr_carea' id='block_1_65' title="bbox 1980 685 3573 755">
    <p class='ocr_par' dir='ltr' id='par_1_65' title="bbox 1980 685 3573 755">
     <span class='ocr_line' id='line_1_65' title="bbox 1980 685 3573 755; baseline 0.009 -25"><span class='ocrx_word' id='word_1_501' title='bbox 1980 691 2303 747; x_wconf 86' lang='lat' dir='ltr'><strong>prosecutus</strong></span> <span class='ocrx_word' id='word_1_502' title='bbox 2318 691 2424 745; x_wconf 88' lang='lat' dir='ltr'><strong>est,</strong></span> <span class='ocrx_word' id='word_1_503' title='bbox 2446 692 2501 735; x_wconf 92' lang='lat' dir='ltr'><strong>ut</strong></span> <span class='ocrx_word' id='word_1_504' title='bbox 2521 700 2617 739; x_wconf 87' lang='lat' dir='ltr'><strong>nec</strong></span> <span class='ocrx_word' id='word_1_505' title='bbox 2640 685 2741 739; x_wconf 88' lang='lat' dir='ltr'><strong>sibi</strong></span> <span class='ocrx_word' id='word_1_506' title='bbox 2763 686 2862 755; x_wconf 69' lang='lat' dir='ltr'><strong>ipsi</strong></span> <span class='ocrx_word' id='word_1_507' title='bbox 2880 698 3147 751; x_wconf 78' lang='lat' dir='ltr'><strong>parceret,</strong></span> <span class='ocrx_word' id='word_1_508' title='bbox 3168 690 3262 743; x_wconf 88' lang='lat' dir='ltr'><strong>sed</strong></span> <span class='ocrx_word' id='word_1_509' title='bbox 3276 705 3335 744; x_wconf 85' lang='lat' dir='ltr'><strong>se</strong></span> <span class='ocrx_word' id='word_1_510' title='bbox 3347 690 3412 744; x_wconf 89' lang='lat' dir='ltr'><strong>ad</strong></span> <span class='ocrx_word' id='word_1_511' title='bbox 3429 706 3573 744; x_wconf 88' lang='lat' dir='ltr'><strong>mor-</strong></span> 
     </span>
    </p>
   </div>
   <div class='ocr_carea' id='block_1_66' title="bbox 1979 775 3564 852">
    <p class='ocr_par' dir='ltr' id='par_1_66' title="bbox 1979 775 3564 852">
     <span class='ocr_line' id='line_1_66' title="bbox 1979 775 3564 852; baseline 0.009 -29"><span class='ocrx_word' id='word_1_512' title='bbox 1979 780 2083 824; x_wconf 87' lang='lat' dir='ltr'><strong>tem</strong></span> <span class='ocrx_word' id='word_1_513' title='bbox 2101 775 2357 837; x_wconf 84' lang='lat' dir='ltr'><strong>traderet;</strong></span> <span class='ocrx_word' id='word_1_514' title='bbox 2376 789 2499 827; x_wconf 86' lang='lat' dir='ltr'><strong>cutn</strong></span> <span class='ocrx_word' id='word_1_515' title='bbox 2513 785 2636 842; x_wconf 88' lang='lat' dir='ltr'><strong>post</strong></span> <span class='ocrx_word' id='word_1_516' title='bbox 2653 777 2743 830; x_wconf 88' lang='lat' dir='ltr'><strong>illa</strong></span> <span class='ocrx_word' id='word_1_517' title='bbox 2759 781 2940 833; x_wconf 90' lang='lat' dir='ltr'><strong>omnia</strong></span> <span class='ocrx_word' id='word_1_518' title='bbox 2956 782 3326 835; x_wconf 83' lang='lat' dir='ltr'><strong>necesurienti</strong></span> <span class='ocrx_word' id='word_1_519' title='bbox 3345 783 3564 852; x_wconf 88' lang='lat' dir='ltr'><strong>quidem</strong></span> 
     </span>
    </p>
   </div>
   <div class='ocr_carea' id='block_1_67' title="bbox 1972 865 3563 938">
    <p class='ocr_par' dir='ltr' id='par_1_67' title="bbox 1972 865 3563 938">
     <span class='ocr_line' id='line_1_67' title="bbox 1972 865 3563 938; baseline 0.008 -26"><span class='ocrx_word' id='word_1_520' title='bbox 1972 876 2163 928; x_wconf 84' lang='lat' dir='ltr'><strong>panem</strong></span> <span class='ocrx_word' id='word_1_521' title='bbox 2194 866 2467 934; x_wconf 75' lang='lat' dir='ltr'><strong>porrigere</strong></span> <span class='ocrx_word' id='word_1_522' title='bbox 2494 865 2743 933; x_wconf 75' lang='lat' dir='ltr'><strong>dignatus</strong></span> <span class='ocrx_word' id='word_1_523' title='bbox 2772 867 2939 935; x_wconf 88' lang='lat' dir='ltr'><strong>fuero,</strong></span> <span class='ocrx_word' id='word_1_524' title='bbox 2972 871 3168 938; x_wconf 83' lang='lat' dir='ltr'><strong>quibus</strong></span> <span class='ocrx_word' id='word_1_525' title='bbox 3195 870 3411 927; x_wconf 89' lang='lat' dir='ltr'><strong>demum</strong></span> <span class='ocrx_word' id='word_1_526' title='bbox 3442 889 3563 925; x_wconf 84' lang='lat' dir='ltr'><strong>ocu-</strong></span> 
     </span>
    </p>
   </div>
   <div class='ocr_carea' id='block_1_68' title="bbox 1973 952 3566 1030">
    <p class='ocr_par' dir='ltr' id='par_1_68' title="bbox 1973 952 3566 1030">
     <span class='ocr_line' id='line_1_68' title="bbox 1973 952 3566 1030; baseline 0.007 -27"><span class='ocrx_word' id='word_1_527' title='bbox 1973 952 2039 1005; x_wconf 89' lang='lat' dir='ltr'><strong>lis</strong></span> <span class='ocrx_word' id='word_1_528' title='bbox 2086 953 2256 1020; x_wconf 85' lang='lat' dir='ltr'><strong>ipsum</strong></span> <span class='ocrx_word' id='word_1_529' title='bbox 2307 956 2629 1023; x_wconf 83' lang='lat' dir='ltr'><strong>respiciam?</strong></span> <span class='ocrx_word' id='word_1_530' title='bbox 2661 957 2753 1010; x_wconf 88' lang='lat' dir='ltr'><strong>Hic</strong></span> <span class='ocrx_word' id='word_1_531' title='bbox 2784 973 2912 1012; x_wconf 88' lang='lat' dir='ltr'><strong>vero</strong></span> <span class='ocrx_word' id='word_1_532' title='bbox 2958 960 3225 1029; x_wconf 88' lang='lat' dir='ltr'><strong>perpende</strong></span> <span class='ocrx_word' id='word_1_533' title='bbox 3264 963 3381 1030; x_wconf 85' lang='lat' dir='ltr'><strong>ejus</strong></span> <span class='ocrx_word' id='word_1_534' title='bbox 3412 980 3566 1015; x_wconf 72' lang='lat' dir='ltr'><strong>num-</strong></span> 
     </span>
    </p>
   </div>
   <div class='ocr_carea' id='block_1_69' title="bbox 1971 1041 3566 1116">
    <p class='ocr_par' dir='ltr' id='par_1_69' title="bbox 1971 1041 3566 1116">
     <span class='ocr_line' id='line_1_69' title="bbox 1971 1041 3566 1116; baseline 0.007 -22"><span class='ocrx_word' id='word_1_535' title='bbox 1971 1041 2326 1103; x_wconf 84' lang='lat' dir='ltr'><strong>suetudinem.</strong></span> <span class='ocrx_word' id='word_1_536' title='bbox 2358 1044 2538 1115; x_wconf 87' lang='lat' dir='ltr'><strong>Neque</strong></span> <span class='ocrx_word' id='word_1_537' title='bbox 2565 1048 2705 1100; x_wconf 87' lang='lat' dir='ltr'><strong>enim</strong></span> <span class='ocrx_word' id='word_1_538' title='bbox 2737 1048 2989 1101; x_wconf 85' lang='lat' dir='ltr'><strong>beneficia</strong></span> <span class='ocrx_word' id='word_1_539' title='bbox 3033 1065 3127 1104; x_wconf 87' lang='lat' dir='ltr'><strong>sua</strong></span> <span class='ocrx_word' id='word_1_540' title='bbox 3154 1062 3566 1116; x_wconf 80' lang='lat' dir='ltr'><strong>commemorat,</strong></span> 
     </span>
    </p>
   </div>
   <div class='ocr_carea' id='block_1_70' title="bbox 1972 1139 3567 1217">
    <p class='ocr_par' dir='ltr' id='par_1_70' title="bbox 1972 1139 3567 1217">
     <span class='ocr_line' id='line_1_70' title="bbox 1972 1139 3567 1217; baseline 0.009 -32"><span class='ocrx_word' id='word_1_541' title='bbox 1972 1150 2143 1202; x_wconf 88' lang='lat' dir='ltr'><strong>neque</strong></span> <span class='ocrx_word' id='word_1_542' title='bbox 2176 1149 2246 1199; x_wconf 77' lang='lat' dir='ltr'><strong>to,</strong></span> <span class='ocrx_word' id='word_1_543' title='bbox 2278 1139 2360 1190; x_wconf 87' lang='lat' dir='ltr'><strong>cui</strong></span> <span class='ocrx_word' id='word_1_544' title='bbox 2393 1148 2468 1192; x_wconf 92' lang='lat' dir='ltr'><strong>tot</strong></span> <span class='ocrx_word' id='word_1_545' title='bbox 2500 1140 2636 1192; x_wconf 87' lang='lat' dir='ltr'><strong>bona</strong></span> <span class='ocrx_word' id='word_1_546' title='bbox 2669 1143 2914 1200; x_wconf 86' lang='lat' dir='ltr'><strong>contulit.</strong></span> <span class='ocrx_word' id='word_1_547' title='bbox 2951 1142 3094 1195; x_wconf 91' lang='lat' dir='ltr'><strong>illum</strong></span> <span class='ocrx_word' id='word_1_548' title='bbox 3126 1144 3405 1210; x_wconf 62' lang='lat' dir='ltr'><strong>desiiicere</strong></span> <span class='ocrx_word' id='word_1_549' title='bbox 3434 1162 3567 1217; x_wconf 81' lang='lat' dir='ltr'><strong>qpe-</strong></span> 
     </span>
    </p>
   </div>
   <div class='ocr_carea' id='block_1_71' title="bbox 1971 1226 3569 1303">
    <p class='ocr_par' dir='ltr' id='par_1_71' title="bbox 1971 1226 3569 1303">
     <span class='ocr_line' id='line_1_71' title="bbox 1971 1226 3569 1303; baseline 0.007 -27"><span class='ocrx_word' id='word_1_550' title='bbox 1971 1226 2123 1278; x_wconf 90' lang='lat' dir='ltr'><strong>ritnr.</strong></span> <span class='ocrx_word' id='word_1_551' title='bbox 2154 1227 2336 1297; x_wconf 79' lang='lat' dir='ltr'><strong>Neque</strong></span> <span class='ocrx_word' id='word_1_552' title='bbox 2364 1230 2503 1281; x_wconf 88' lang='lat' dir='ltr'><strong>enim</strong></span> <span class='ocrx_word' id='word_1_553' title='bbox 2536 1230 2700 1283; x_wconf 88' lang='lat' dir='ltr'><strong>dicit:</strong></span> <span class='ocrx_word' id='word_1_554' title='bbox 2727 1230 2878 1284; x_wconf 77' lang='lat' dir='ltr'><strong>Mene</strong></span> <span class='ocrx_word' id='word_1_555' title='bbox 2904 1233 3153 1299; x_wconf 81' lang='lat' dir='ltr'><strong>despicis,</strong></span> <span class='ocrx_word' id='word_1_556' title='bbox 3183 1236 3271 1303; x_wconf 86' lang='lat' dir='ltr'><strong>qui</strong></span> <span class='ocrx_word' id='word_1_557' title='bbox 3308 1244 3360 1289; x_wconf 88' lang='lat' dir='ltr'><strong>te</strong></span> <span class='ocrx_word' id='word_1_558' title='bbox 3390 1251 3453 1289; x_wconf 81' lang='lat' dir='ltr'><strong>ex</strong></span> <span class='ocrx_word' id='word_1_559' title='bbox 3486 1238 3569 1287; x_wconf 58' lang='lat' dir='ltr'><strong>nio</strong></span> 
     </span>
    </p>
   </div>
   <div class='ocr_carea' id='block_1_72' title="bbox 1972 1318 3566 1394">
    <p class='ocr_par' dir='ltr' id='par_1_72' title="bbox 1972 1318 3566 1394">
     <span class='ocr_line' id='line_1_72' title="bbox 1972 1318 3566 1394; baseline 0.008 -25"><span class='ocrx_word' id='word_1_560' title='bbox 1972 1318 2082 1369; x_wconf 89' lang='lat' dir='ltr'><strong>bilo</strong></span> <span class='ocrx_word' id='word_1_561' title='bbox 2110 1320 2353 1387; x_wconf 81' lang='lat' dir='ltr'><strong>produxi,</strong></span> <span class='ocrx_word' id='word_1_562' title='bbox 2383 1322 2471 1390; x_wconf 87' lang='lat' dir='ltr'><strong>qui</strong></span> <span class='ocrx_word' id='word_1_563' title='bbox 2503 1322 2592 1376; x_wconf 91' lang='lat' dir='ltr'><strong>tibi</strong></span> <span class='ocrx_word' id='word_1_564' title='bbox 2621 1324 2850 1376; x_wconf 90' lang='lat' dir='ltr'><strong>animam</strong></span> <span class='ocrx_word' id='word_1_565' title='bbox 2882 1324 3163 1388; x_wconf 82' lang='lat' dir='ltr'><strong>insufﬂavi,</strong></span> <span class='ocrx_word' id='word_1_566' title='bbox 3198 1328 3287 1394; x_wconf 87' lang='lat' dir='ltr'><strong>qui</strong></span> <span class='ocrx_word' id='word_1_567' title='bbox 3323 1340 3372 1383; x_wconf 88' lang='lat' dir='ltr'><strong>te</strong></span> <span class='ocrx_word' id='word_1_568' title='bbox 3392 1332 3566 1383; x_wconf 83' lang='lat' dir='ltr'><strong>omni-</strong></span> 
     </span>
    </p>
   </div>
   <div class='ocr_carea' id='block_1_73' title="bbox 1968 1409 3567 1485">
    <p class='ocr_par' dir='ltr' id='par_1_73' title="bbox 1968 1409 3567 1485">
     <span class='ocr_line' id='line_1_73' title="bbox 1968 1409 3567 1485; baseline 0.007 -26"><span class='ocrx_word' id='word_1_569' title='bbox 1968 1409 2084 1469; x_wconf 89' lang='lat' dir='ltr'><strong>bus,</strong></span> <span class='ocrx_word' id='word_1_570' title='bbox 2114 1426 2232 1478; x_wconf 75' lang='lat' dir='ltr'><strong>qua:</strong></span> <span class='ocrx_word' id='word_1_571' title='bbox 2256 1412 2306 1463; x_wconf 93' lang='lat' dir='ltr'><strong>in</strong></span> <span class='ocrx_word' id='word_1_572' title='bbox 2338 1420 2477 1466; x_wconf 83' lang='lat' dir='ltr'><strong>terra</strong></span> <span class='ocrx_word' id='word_1_573' title='bbox 2504 1422 2646 1477; x_wconf 88' lang='lat' dir='ltr'><strong>sunt,</strong></span> <span class='ocrx_word' id='word_1_574' title='bbox 2671 1413 2903 1482; x_wconf 58' lang='lat' dir='ltr'><strong>pra&#39;feci,</strong></span> <span class='ocrx_word' id='word_1_575' title='bbox 2928 1416 3013 1483; x_wconf 90' lang='lat' dir='ltr'><strong>qui</strong></span> <span class='ocrx_word' id='word_1_576' title='bbox 3039 1427 3254 1484; x_wconf 85' lang='lat' dir='ltr'><strong>propter</strong></span> <span class='ocrx_word' id='word_1_577' title='bbox 3282 1427 3333 1472; x_wconf 88' lang='lat' dir='ltr'><strong>te</strong></span> <span class='ocrx_word' id='word_1_578' title='bbox 3354 1420 3567 1485; x_wconf 76' lang='lat' dir='ltr'><strong>ezelmu,</strong></span> 
     </span>
    </p>
   </div>
   <div class='ocr_carea' id='block_1_74' title="bbox 1971 1507 3567 1574">
    <p class='ocr_par' dir='ltr' id='par_1_74' title="bbox 1971 1507 3567 1574">
     <span class='ocr_line' id='line_1_74' title="bbox 1971 1507 3567 1574; baseline 0.008 -23"><span class='ocrx_word' id='word_1_579' title='bbox 1971 1510 2204 1565; x_wconf 86' lang='lat' dir='ltr'><strong>terram,</strong></span> <span class='ocrx_word' id='word_1_580' title='bbox 2236 1516 2412 1565; x_wconf 89' lang='lat' dir='ltr'><strong>mare,</strong></span> <span class='ocrx_word' id='word_1_581' title='bbox 2447 1518 2625 1557; x_wconf 88' lang='lat' dir='ltr'><strong>aerem</strong></span> <span class='ocrx_word' id='word_1_582' title='bbox 2646 1545 2661 1569; x_wconf 90' lang='lat'><strong>,</strong></span> <span class='ocrx_word' id='word_1_583' title='bbox 2693 1514 2747 1558; x_wconf 90' lang='lat' dir='ltr'><strong>et</strong></span> <span class='ocrx_word' id='word_1_584' title='bbox 2774 1507 2951 1558; x_wconf 88' lang='lat' dir='ltr'><strong>omnia</strong></span> <span class='ocrx_word' id='word_1_585' title='bbox 2979 1522 3097 1573; x_wconf 67' lang='lat' dir='ltr'><strong>quae</strong></span> <span class='ocrx_word' id='word_1_586' title='bbox 3128 1508 3393 1561; x_wconf 79' lang='lat' dir='ltr'><strong>exsistunt</strong></span> <span class='ocrx_word' id='word_1_587' title='bbox 3426 1510 3524 1562; x_wconf 84' lang='lat' dir='ltr'><strong>feci</strong></span> <span class='ocrx_word' id='word_1_588' title='bbox 3553 1552 3567 1574; x_wconf 85' lang='lat'><strong>,</strong></span> 
     </span>
    </p>
   </div>
   <div class='ocr_carea' id='block_1_75' title="bbox 1968 1590 3570 1659">
    <p class='ocr_par' dir='ltr' id='par_1_75' title="bbox 1968 1590 3570 1659">
     <span class='ocr_line' id='line_1_75' title="bbox 1968 1590 3570 1659; baseline 0.004 -17"><span class='ocrx_word' id='word_1_589' title='bbox 1968 1590 2058 1659; x_wconf 89' lang='lat' dir='ltr'><strong>qui</strong></span> <span class='ocrx_word' id='word_1_590' title='bbox 2088 1608 2116 1643; x_wconf 92' lang='lat' dir='ltr'><strong>a</strong></span> <span class='ocrx_word' id='word_1_591' title='bbox 2149 1602 2199 1645; x_wconf 91' lang='lat' dir='ltr'><strong>te</strong></span> <span class='ocrx_word' id='word_1_592' title='bbox 2228 1592 2579 1647; x_wconf 88' lang='lat' dir='ltr'><strong>inhonoratus</strong></span> <span class='ocrx_word' id='word_1_593' title='bbox 2624 1612 2739 1647; x_wconf 86' lang='lat' dir='ltr'><strong>sum</strong></span> <span class='ocrx_word' id='word_1_594' title='bbox 2785 1604 2837 1650; x_wconf 91' lang='lat' dir='ltr'><strong>et</strong></span> <span class='ocrx_word' id='word_1_595' title='bbox 2874 1596 3085 1649; x_wconf 82' lang='lat' dir='ltr'><strong>diabolo</strong></span> <span class='ocrx_word' id='word_1_596' title='bbox 3115 1597 3271 1651; x_wconf 76' lang='lat' dir='ltr'><strong>viiior</strong></span> <span class='ocrx_word' id='word_1_597' title='bbox 3295 1600 3570 1652; x_wconf 67' lang='lat' dir='ltr'><strong>existimo-</strong></span> 
     </span>
    </p>
   </div>
   <div class='ocr_carea' id='block_1_76' title="bbox 1972 1682 3569 1755">
    <p class='ocr_par' dir='ltr' id='par_1_76' title="bbox 1972 1682 3569 1755">
     <span class='ocr_line' id='line_1_76' title="bbox 1972 1682 3569 1755; baseline 0.009 -24"><span class='ocrx_word' id='word_1_598' title='bbox 1972 1690 2058 1733; x_wconf 92' lang='lat' dir='ltr'><strong>tus</strong></span> <span class='ocrx_word' id='word_1_599' title='bbox 2080 1723 2092 1745; x_wconf 90' lang='lat'><strong>,</strong></span> <span class='ocrx_word' id='word_1_600' title='bbox 2128 1682 2213 1748; x_wconf 89' lang='lat' dir='ltr'><strong>qui</strong></span> <span class='ocrx_word' id='word_1_601' title='bbox 2245 1697 2417 1750; x_wconf 86' lang='lat' dir='ltr'><strong>neque</strong></span> <span class='ocrx_word' id='word_1_602' title='bbox 2448 1683 2526 1736; x_wconf 90' lang='lat' dir='ltr'><strong>sic</strong></span> <span class='ocrx_word' id='word_1_603' title='bbox 2554 1683 2767 1749; x_wconf 89' lang='lat' dir='ltr'><strong>destiti,</strong></span> <span class='ocrx_word' id='word_1_604' title='bbox 2796 1688 2889 1739; x_wconf 89' lang='lat' dir='ltr'><strong>sed</strong></span> <span class='ocrx_word' id='word_1_605' title='bbox 2920 1686 3081 1739; x_wconf 81' lang='lat' dir='ltr'><strong>millia</strong></span> <span class='ocrx_word' id='word_1_606' title='bbox 3114 1698 3233 1755; x_wconf 89' lang='lat' dir='ltr'><strong>post</strong></span> <span class='ocrx_word' id='word_1_607' title='bbox 3275 1691 3388 1743; x_wconf 81' lang='lat' dir='ltr'><strong>haec</strong></span> <span class='ocrx_word' id='word_1_608' title='bbox 3417 1690 3467 1742; x_wconf 91' lang='lat' dir='ltr'><strong>in</strong></span> <span class='ocrx_word' id='word_1_609' title='bbox 3499 1694 3569 1745; x_wconf 92' lang='lat' dir='ltr'><strong>tui</strong></span> 
     </span>
    </p>
   </div>
   <div class='ocr_carea' id='block_1_77' title="bbox 1968 1771 3571 1850">
    <p class='ocr_par' dir='ltr' id='par_1_77' title="bbox 1968 1771 3571 1850">
     <span class='ocr_line' id='line_1_77' title="bbox 1968 1771 3571 1850; baseline 0.009 -29"><span class='ocrx_word' id='word_1_610' title='bbox 1968 1771 2190 1838; x_wconf 81' lang='lat' dir='ltr'><strong>gratiam</strong></span> <span class='ocrx_word' id='word_1_611' title='bbox 2222 1774 2515 1842; x_wconf 75' lang='lat' dir='ltr'><strong>excogitavi</strong></span> <span class='ocrx_word' id='word_1_612' title='bbox 2544 1816 2558 1836; x_wconf 87' lang='lat'><strong>,</strong></span> <span class='ocrx_word' id='word_1_613' title='bbox 2590 1777 2679 1843; x_wconf 89' lang='lat' dir='ltr'><strong>qui</strong></span> <span class='ocrx_word' id='word_1_614' title='bbox 2713 1791 2903 1829; x_wconf 82' lang='lat' dir='ltr'><strong>servus</strong></span> <span class='ocrx_word' id='word_1_615' title='bbox 2930 1792 3050 1831; x_wconf 87' lang='lat' dir='ltr'><strong>esse</strong></span> <span class='ocrx_word' id='word_1_616' title='bbox 3079 1778 3217 1831; x_wconf 85' lang='lat' dir='ltr'><strong>volui</strong></span> <span class='ocrx_word' id='word_1_617' title='bbox 3242 1821 3256 1843; x_wconf 91' lang='lat'><strong>,</strong></span> <span class='ocrx_word' id='word_1_618' title='bbox 3287 1781 3374 1847; x_wconf 90' lang='lat' dir='ltr'><strong>qui</strong></span> <span class='ocrx_word' id='word_1_619' title='bbox 3402 1784 3571 1850; x_wconf 86' lang='lat' dir='ltr'><strong>alapis</strong></span> 
     </span>
    </p>
   </div>
   <div class='ocr_carea' id='block_1_78' title="bbox 1969 1868 3568 1938">
    <p class='ocr_par' dir='ltr' id='par_1_78' title="bbox 1969 1868 3568 1938">
     <span class='ocr_line' id='line_1_78' title="bbox 1969 1868 3568 1938; baseline 0.007 -25"><span class='ocrx_word' id='word_1_620' title='bbox 1969 1875 2161 1926; x_wconf 75' lang='lat' dir='ltr'><strong>caesus,</strong></span> <span class='ocrx_word' id='word_1_621' title='bbox 2190 1873 2480 1931; x_wconf 75' lang='lat' dir='ltr'><strong>eonsputus</strong></span> <span class='ocrx_word' id='word_1_622' title='bbox 2506 1873 2557 1919; x_wconf 88' lang='lat' dir='ltr'><strong>et</strong></span> <span class='ocrx_word' id='word_1_623' title='bbox 2582 1868 2792 1920; x_wconf 86' lang='lat' dir='ltr'><strong>occisus</strong></span> <span class='ocrx_word' id='word_1_624' title='bbox 2814 1881 2951 1932; x_wconf 90' lang='lat' dir='ltr'><strong>sum,</strong></span> <span class='ocrx_word' id='word_1_625' title='bbox 2982 1880 3208 1922; x_wconf 84' lang='lat' dir='ltr'><strong>mortem</strong></span> <span class='ocrx_word' id='word_1_626' title='bbox 3240 1885 3427 1938; x_wconf 61' lang='lat' dir='ltr'><strong>passus</strong></span> <span class='ocrx_word' id='word_1_627' title='bbox 3458 1880 3568 1924; x_wconf 89' lang='lat' dir='ltr'><strong>tur-</strong></span> 
     </span>
    </p>
   </div>
   <div class='ocr_carea' id='block_1_79' title="bbox 1971 1952 3571 2033">
    <p class='ocr_par' dir='ltr' id='par_1_79' title="bbox 1971 1952 3571 2033">
     <span class='ocr_line' id='line_1_79' title="bbox 1971 1952 3571 2033; baseline 0.009 -30"><span class='ocrx_word' id='word_1_628' title='bbox 1971 1952 2396 2022; x_wconf 84' lang='lat' dir='ltr'><strong>pissimam,qui</strong></span> <span class='ocrx_word' id='word_1_629' title='bbox 2441 1957 2600 2009; x_wconf 84' lang='lat' dir='ltr'><strong>etiam</strong></span> <span class='ocrx_word' id='word_1_630' title='bbox 2646 1958 2699 2011; x_wconf 92' lang='lat' dir='ltr'><strong>in</strong></span> <span class='ocrx_word' id='word_1_631' title='bbox 2745 1958 2876 2012; x_wconf 83' lang='lat' dir='ltr'><strong>ea-lo</strong></span> <span class='ocrx_word' id='word_1_632' title='bbox 2926 1973 3020 2025; x_wconf 90' lang='lat' dir='ltr'><strong>pro</strong></span> <span class='ocrx_word' id='word_1_633' title='bbox 3070 1968 3120 2012; x_wconf 88' lang='lat' dir='ltr'><strong>te</strong></span> <span class='ocrx_word' id='word_1_634' title='bbox 3171 1962 3453 2029; x_wconf 73' lang='lat' dir='ltr'><strong>supplico,</strong></span> <span class='ocrx_word' id='word_1_635' title='bbox 3482 1964 3571 2033; x_wconf 89' lang='lat' dir='ltr'><strong>qui</strong></span> 
     </span>
    </p>
   </div>
   <div class='ocr_carea' id='block_1_80' title="bbox 1971 2042 3569 2119">
    <p class='ocr_par' dir='ltr' id='par_1_80' title="bbox 1971 2042 3569 2119">
     <span class='ocr_line' id='line_1_80' title="bbox 1971 2042 3569 2119; baseline 0.008 -27"><span class='ocrx_word' id='word_1_636' title='bbox 1971 2042 2227 2108; x_wconf 83' lang='lat' dir='ltr'><strong>Spiritum</strong></span> <span class='ocrx_word' id='word_1_637' title='bbox 2257 2044 2348 2096; x_wconf 92' lang='lat' dir='ltr'><strong>tibi</strong></span> <span class='ocrx_word' id='word_1_638' title='bbox 2378 2046 2597 2115; x_wconf 84' lang='lat' dir='ltr'><strong>largitus</strong></span> <span class='ocrx_word' id='word_1_639' title='bbox 2623 2061 2761 2113; x_wconf 82' lang='lat' dir='ltr'><strong>Sum,</strong></span> <span class='ocrx_word' id='word_1_640' title='bbox 2788 2048 2877 2117; x_wconf 89' lang='lat' dir='ltr'><strong>qui</strong></span> <span class='ocrx_word' id='word_1_641' title='bbox 2904 2058 2952 2102; x_wconf 89' lang='lat' dir='ltr'><strong>te</strong></span> <span class='ocrx_word' id='word_1_642' title='bbox 2977 2064 3141 2118; x_wconf 83' lang='lat' dir='ltr'><strong>regno</strong></span> <span class='ocrx_word' id='word_1_643' title='bbox 3158 2050 3405 2119; x_wconf 85' lang='lat' dir='ltr'><strong>dignatus</strong></span> <span class='ocrx_word' id='word_1_644' title='bbox 3429 2068 3569 2117; x_wconf 85' lang='lat' dir='ltr'><strong>smn,</strong></span> 
     </span>
    </p>
   </div>
   <div class='ocr_carea' id='block_1_81' title="bbox 1969 2131 3571 2211">
    <p class='ocr_par' dir='ltr' id='par_1_81' title="bbox 1969 2131 3571 2211">
     <span class='ocr_line' id='line_1_81' title="bbox 1969 2131 3571 2211; baseline 0.009 -29"><span class='ocrx_word' id='word_1_645' title='bbox 1969 2131 2057 2199; x_wconf 90' lang='lat' dir='ltr'><strong>qui</strong></span> <span class='ocrx_word' id='word_1_646' title='bbox 2090 2132 2211 2185; x_wconf 84' lang='lat' dir='ltr'><strong>talia</strong></span> <span class='ocrx_word' id='word_1_647' title='bbox 2241 2134 2461 2201; x_wconf 89' lang='lat' dir='ltr'><strong>promisi</strong></span> <span class='ocrx_word' id='word_1_648' title='bbox 2493 2137 2582 2189; x_wconf 91' lang='lat' dir='ltr'><strong>tibi</strong></span> <span class='ocrx_word' id='word_1_649' title='bbox 2609 2177 2623 2201; x_wconf 92' lang='lat'><strong>,</strong></span> <span class='ocrx_word' id='word_1_650' title='bbox 2652 2138 2740 2207; x_wconf 91' lang='lat' dir='ltr'><strong>qui</strong></span> <span class='ocrx_word' id='word_1_651' title='bbox 2769 2148 2927 2205; x_wconf 89' lang='lat' dir='ltr'><strong>caput</strong></span> <span class='ocrx_word' id='word_1_652' title='bbox 2960 2148 3104 2191; x_wconf 92' lang='lat' dir='ltr'><strong>tuum</strong></span> <span class='ocrx_word' id='word_1_653' title='bbox 3135 2155 3257 2194; x_wconf 88' lang='lat' dir='ltr'><strong>esse</strong></span> <span class='ocrx_word' id='word_1_654' title='bbox 3294 2142 3452 2207; x_wconf 79' lang='lat' dir='ltr'><strong>volui,</strong></span> <span class='ocrx_word' id='word_1_655' title='bbox 3482 2148 3571 2211; x_wconf 86' lang='lat' dir='ltr'><strong>qui</strong></span> 
     </span>
    </p>
   </div>
   <div class='ocr_carea' id='block_1_82' title="bbox 1972 2227 3573 2303">
    <p class='ocr_par' dir='ltr' id='par_1_82' title="bbox 1972 2227 3573 2303">
     <span class='ocr_line' id='line_1_82' title="bbox 1972 2227 3573 2303; baseline 0.009 -29"><span class='ocrx_word' id='word_1_656' title='bbox 1972 2236 2202 2289; x_wconf 87' lang='lat' dir='ltr'><strong>sponsus</strong></span> <span class='ocrx_word' id='word_1_657' title='bbox 2233 2239 2373 2291; x_wconf 85' lang='lat' dir='ltr'><strong>sum,</strong></span> <span class='ocrx_word' id='word_1_658' title='bbox 2403 2227 2584 2290; x_wconf 83' lang='lat' dir='ltr'><strong>vestis,</strong></span> <span class='ocrx_word' id='word_1_659' title='bbox 2618 2229 2828 2291; x_wconf 74' lang='lat' dir='ltr'><strong>domus,</strong></span> <span class='ocrx_word' id='word_1_660' title='bbox 2860 2229 3007 2283; x_wconf 86' lang='lat' dir='ltr'><strong>radix</strong></span> <span class='ocrx_word' id='word_1_661' title='bbox 3033 2272 3047 2293; x_wconf 93' lang='lat'><strong>,</strong></span> <span class='ocrx_word' id='word_1_662' title='bbox 3083 2246 3203 2284; x_wconf 87' lang='lat' dir='ltr'><strong>esca</strong></span> <span class='ocrx_word' id='word_1_663' title='bbox 3226 2273 3240 2296; x_wconf 92' lang='lat'><strong>,</strong></span> <span class='ocrx_word' id='word_1_664' title='bbox 3270 2243 3445 2303; x_wconf 86' lang='lat' dir='ltr'><strong>potus.</strong></span> <span class='ocrx_word' id='word_1_665' title='bbox 3479 2251 3573 2303; x_wconf 81' lang='lat' dir='ltr'><strong>pa-</strong></span> 
     </span>
    </p>
   </div>
   <div class='ocr_carea' id='block_1_83' title="bbox 1970 2312 3570 2395">
    <p class='ocr_par' dir='ltr' id='par_1_83' title="bbox 1970 2312 3570 2395">
     <span class='ocr_line' id='line_1_83' title="bbox 1970 2312 3570 2395; baseline 0.008 -31"><span class='ocrx_word' id='word_1_666' title='bbox 1970 2323 2101 2374; x_wconf 90' lang='lat' dir='ltr'><strong>stor,</strong></span> <span class='ocrx_word' id='word_1_667' title='bbox 2136 2312 2246 2380; x_wconf 81' lang='lat' dir='ltr'><strong>rex,</strong></span> <span class='ocrx_word' id='word_1_668' title='bbox 2270 2317 2452 2383; x_wconf 78' lang='lat' dir='ltr'><strong>frater,</strong></span> <span class='ocrx_word' id='word_1_669' title='bbox 2478 2322 2565 2387; x_wconf 91' lang='lat' dir='ltr'><strong>qui</strong></span> <span class='ocrx_word' id='word_1_670' title='bbox 2588 2329 2639 2373; x_wconf 92' lang='lat' dir='ltr'><strong>te</strong></span> <span class='ocrx_word' id='word_1_671' title='bbox 2668 2318 2917 2373; x_wconf 86' lang='lat' dir='ltr'><strong>heredem</strong></span> <span class='ocrx_word' id='word_1_672' title='bbox 2940 2332 2995 2375; x_wconf 93' lang='lat' dir='ltr'><strong>et</strong></span> <span class='ocrx_word' id='word_1_673' title='bbox 3021 2322 3342 2378; x_wconf 85' lang='lat' dir='ltr'><strong>coheredem</strong></span> <span class='ocrx_word' id='word_1_674' title='bbox 3370 2326 3385 2355; x_wconf 86' lang='grc'>¹</span> <span class='ocrx_word' id='word_1_675' title='bbox 3409 2327 3570 2395; x_wconf 80' lang='lat' dir='ltr'><strong>elegi,</strong></span> 
     </span>
    </p>
   </div>
   <div class='ocr_carea' id='block_1_84' title="bbox 1969 2405 3571 2477">
    <p class='ocr_par' dir='ltr' id='par_1_84' title="bbox 1969 2405 3571 2477">
     <span class='ocr_line' id='line_1_84' title="bbox 1969 2405 3571 2477; baseline 0.008 -22"><span class='ocrx_word' id='word_1_676' title='bbox 1969 2405 2060 2471; x_wconf 91' lang='lat' dir='ltr'><strong>qui</strong></span> <span class='ocrx_word' id='word_1_677' title='bbox 2102 2421 2166 2458; x_wconf 85' lang='lat' dir='ltr'><strong>ex</strong></span> <span class='ocrx_word' id='word_1_678' title='bbox 2214 2408 2447 2461; x_wconf 86' lang='lat' dir='ltr'><strong>tenebris</strong></span> <span class='ocrx_word' id='word_1_679' title='bbox 2487 2410 2553 2462; x_wconf 90' lang='lat' dir='ltr'><strong>ad</strong></span> <span class='ocrx_word' id='word_1_680' title='bbox 2584 2413 2943 2477; x_wconf 80' lang='lat' dir='ltr'><strong>potestatem’</strong></span> <span class='ocrx_word' id='word_1_681' title='bbox 2977 2414 3107 2467; x_wconf 91' lang='lat' dir='ltr'><strong>lucis</strong></span> <span class='ocrx_word' id='word_1_682' title='bbox 3152 2424 3203 2466; x_wconf 88' lang='lat' dir='ltr'><strong>te</strong></span> <span class='ocrx_word' id='word_1_683' title='bbox 3227 2414 3407 2468; x_wconf 89' lang='lat' dir='ltr'><strong>eduxi.</strong></span> <span class='ocrx_word' id='word_1_684' title='bbox 3437 2417 3571 2469; x_wconf 86' lang='lat' dir='ltr'><strong>Cum</strong></span> 
     </span>
    </p>
   </div>
   <div class='ocr_carea' id='block_1_85' title="bbox 1973 2495 3569 2571">
    <p class='ocr_par' dir='ltr' id='par_1_85' title="bbox 1973 2495 3569 2571">
     <span class='ocr_line' id='line_1_85' title="bbox 1973 2495 3569 2571; baseline 0.008 -24"><span class='ocrx_word' id='word_1_685' title='bbox 1973 2495 2086 2549; x_wconf 66' lang='lat' dir='ltr'><strong>haec</strong></span> <span class='ocrx_word' id='word_1_686' title='bbox 2117 2507 2170 2550; x_wconf 91' lang='lat' dir='ltr'><strong>et</strong></span> <span class='ocrx_word' id='word_1_687' title='bbox 2212 2498 2293 2550; x_wconf 88' lang='lat' dir='ltr'><strong>bis</strong></span> <span class='ocrx_word' id='word_1_688' title='bbox 2320 2498 2468 2567; x_wconf 89' lang='lat' dir='ltr'><strong>plura</strong></span> <span class='ocrx_word' id='word_1_689' title='bbox 2497 2498 2677 2555; x_wconf 88' lang='lat' dir='ltr'><strong>dicere</strong></span> <span class='ocrx_word' id='word_1_690' title='bbox 2707 2512 2929 2571; x_wconf 85' lang='lat' dir='ltr'><strong>posset,</strong></span> <span class='ocrx_word' id='word_1_691' title='bbox 2963 2503 3093 2555; x_wconf 89' lang='lat' dir='ltr'><strong>nihil</strong></span> <span class='ocrx_word' id='word_1_692' title='bbox 3124 2504 3227 2558; x_wconf 89' lang='lat' dir='ltr'><strong>tale</strong></span> <span class='ocrx_word' id='word_1_693' title='bbox 3280 2505 3435 2560; x_wconf 87' lang='lat' dir='ltr'><strong>dixit.</strong></span> <span class='ocrx_word' id='word_1_694' title='bbox 3466 2505 3569 2561; x_wconf 83' lang='lat' dir='ltr'><strong>Sed</strong></span> 
     </span>
    </p>
   </div>
   <div class='ocr_carea' id='block_1_86' title="bbox 1972 2586 3573 2662">
    <p class='ocr_par' dir='ltr' id='par_1_86' title="bbox 1972 2586 3573 2662">
     <span class='ocr_line' id='line_1_86' title="bbox 1972 2586 3573 2662; baseline 0.008 -24"><span class='ocrx_word' id='word_1_695' title='bbox 1972 2586 2136 2655; x_wconf 87' lang='lat' dir='ltr'><strong>quid?</strong></span> <span class='ocrx_word' id='word_1_696' title='bbox 2164 2588 2348 2643; x_wconf 91' lang='lat' dir='ltr'><strong>Solum</strong></span> <span class='ocrx_word' id='word_1_697' title='bbox 2380 2589 2507 2644; x_wconf 89' lang='lat' dir='ltr'><strong>illud</strong></span> <span class='ocrx_word' id='word_1_698' title='bbox 2539 2593 2763 2660; x_wconf 89' lang='lat' dir='ltr'><strong>protulit</strong></span> <span class='ocrx_word' id='word_1_699' title='bbox 2789 2602 3085 2662; x_wconf 88' lang='lat' dir='ltr'><strong>peccatum.</strong></span> <span class='ocrx_word' id='word_1_700' title='bbox 3120 2595 3219 2650; x_wconf 82' lang='lat' dir='ltr'><strong>llic</strong></span> <span class='ocrx_word' id='word_1_701' title='bbox 3258 2611 3387 2650; x_wconf 89' lang='lat' dir='ltr'><strong>vero</strong></span> <span class='ocrx_word' id='word_1_702' title='bbox 3433 2597 3573 2651; x_wconf 82' lang='lat' dir='ltr'><strong>dile-</strong></span> 
     </span>
    </p>
   </div>
   <div class='ocr_carea' id='block_1_87' title="bbox 1970 2676 3570 2754">
    <p class='ocr_par' dir='ltr' id='par_1_87' title="bbox 1970 2676 3570 2754">
     <span class='ocr_line' id='line_1_87' title="bbox 1970 2676 3570 2754; baseline 0.008 -27"><span class='ocrx_word' id='word_1_703' title='bbox 1970 2676 2200 2729; x_wconf 89' lang='lat' dir='ltr'><strong>ctionem</strong></span> <span class='ocrx_word' id='word_1_704' title='bbox 2234 2678 2467 2732; x_wconf 90' lang='lat' dir='ltr'><strong>ostendit</strong></span> <span class='ocrx_word' id='word_1_705' title='bbox 2496 2691 2546 2733; x_wconf 91' lang='lat' dir='ltr'><strong>et</strong></span> <span class='ocrx_word' id='word_1_706' title='bbox 2570 2696 2831 2746; x_wconf 86' lang='lat' dir='ltr'><strong>amorem,</strong></span> <span class='ocrx_word' id='word_1_707' title='bbox 2866 2698 2970 2750; x_wconf 90' lang='lat' dir='ltr'><strong>qtto</strong></span> <span class='ocrx_word' id='word_1_708' title='bbox 2999 2691 3049 2737; x_wconf 88' lang='lat' dir='ltr'><strong>te</strong></span> <span class='ocrx_word' id='word_1_709' title='bbox 3076 2684 3435 2754; x_wconf 87' lang='lat' dir='ltr'><strong>prosequitur.</strong></span> <span class='ocrx_word' id='word_1_710' title='bbox 3465 2684 3570 2739; x_wconf 79' lang='lat' dir='ltr'><strong>Ne-</strong></span> 
     </span>
    </p>
   </div>
   <div class='ocr_carea' id='block_1_88' title="bbox 1971 2767 3575 2839">
    <p class='ocr_par' dir='ltr' id='par_1_88' title="bbox 1971 2767 3575 2839">
     <span class='ocr_line' id='line_1_88' title="bbox 1971 2767 3575 2839; baseline 0.008 -25"><span class='ocrx_word' id='word_1_711' title='bbox 1971 2780 2075 2831; x_wconf 88' lang='lat' dir='ltr'><strong>que</strong></span> <span class='ocrx_word' id='word_1_712' title='bbox 2108 2780 2252 2819; x_wconf 90' lang='lat' dir='ltr'><strong>emm</strong></span> <span class='ocrx_word' id='word_1_713' title='bbox 2282 2767 2434 2832; x_wconf 83' lang='lat' dir='ltr'><strong>dixit,</strong></span> <span class='ocrx_word' id='word_1_714' title='bbox 2462 2768 2534 2823; x_wconf 90' lang='lat' dir='ltr'><strong>Ite</strong></span> <span class='ocrx_word' id='word_1_715' title='bbox 2560 2769 2611 2821; x_wconf 90' lang='lat' dir='ltr'><strong>in</strong></span> <span class='ocrx_word' id='word_1_716' title='bbox 2645 2771 2821 2839; x_wconf 87' lang='lat' dir='ltr'><strong>ignem</strong></span> <span class='ocrx_word' id='word_1_717' title='bbox 2853 2780 3095 2839; x_wconf 90' lang='lat' dir='ltr'><strong>paratum</strong></span> <span class='ocrx_word' id='word_1_718' title='bbox 3124 2773 3292 2835; x_wconf 86' lang='lat' dir='ltr'><strong>vobis,</strong></span> <span class='ocrx_word' id='word_1_719' title='bbox 3317 2774 3433 2837; x_wconf 78' lang='lat' dir='ltr'><strong>sed,</strong></span> <span class='ocrx_word' id='word_1_720' title='bbox 3469 2774 3575 2827; x_wconf 82' lang='lat' dir='ltr'><strong>Pu-</strong></span> 
     </span>
    </p>
   </div>
   <div class='ocr_carea' id='block_1_89' title="bbox 1971 2858 3573 2933">
    <p class='ocr_par' dir='ltr' id='par_1_89' title="bbox 1971 2858 3573 2933">
     <span class='ocr_line' id='line_1_89' title="bbox 1971 2858 3573 2933; baseline 0.01 -28"><span class='ocrx_word' id='word_1_721' title='bbox 1971 2867 2135 2908; x_wconf 77' lang='lat' dir='ltr'><strong>rutum</strong></span> <span class='ocrx_word' id='word_1_722' title='bbox 2159 2858 2379 2912; x_wconf 79' lang='lat' dir='ltr'><strong>diabolo.</strong></span> <span class='ocrx_word' id='word_1_723' title='bbox 2410 2862 2669 2931; x_wconf 84' lang='lat' dir='ltr'><strong>Prittsque</strong></span> <span class='ocrx_word' id='word_1_724' title='bbox 2689 2862 2818 2916; x_wconf 87' lang='lat' dir='ltr'><strong>dicit</strong></span> <span class='ocrx_word' id='word_1_725' title='bbox 2839 2879 3083 2932; x_wconf 61' lang='lat' dir='ltr'><strong>quaenam</strong></span> <span class='ocrx_word' id='word_1_726' title='bbox 3106 2865 3180 2918; x_wconf 88' lang='lat' dir='ltr'><strong>illi</strong></span> <span class='ocrx_word' id='word_1_727' title='bbox 3208 2870 3573 2933; x_wconf 85' lang='lat' dir='ltr'><strong>peccaverint.</strong></span> 
     </span>
    </p>
   </div>
   <div class='ocr_carea' id='block_1_90' title="bbox 1974 2934 3578 3027">
    <p class='ocr_par' dir='ltr' id='par_1_90' title="bbox 1974 2934 3578 3027">
     <span class='ocr_line' id='line_1_90' title="bbox 1974 2934 3578 3027; baseline 0.008 -26"><span class='ocrx_word' id='word_1_728' title='bbox 1974 2966 2147 3020; x_wconf 84' lang='lat' dir='ltr'><strong>neque</strong></span> <span class='ocrx_word' id='word_1_729' title='bbox 2196 2961 2372 3006; x_wconf 85' lang='lat' dir='ltr'><strong>tamen</strong></span> <span class='ocrx_word' id='word_1_730' title='bbox 2409 2959 2586 3007; x_wconf 87' lang='lat' dir='ltr'><strong>omnia</strong></span> <span class='ocrx_word' id='word_1_731' title='bbox 2628 2956 2808 3009; x_wconf 90' lang='lat' dir='ltr'><strong>dicere</strong></span> <span class='ocrx_word' id='word_1_732' title='bbox 2852 2957 3119 3019; x_wconf 84' lang='lat' dir='ltr'><strong>sustinet,</strong></span> <span class='ocrx_word' id='word_1_733' title='bbox 3147 2934 3241 3010; x_wconf 74' lang='lat' dir='ltr'><strong>sed</strong></span> <span class='ocrx_word' id='word_1_734' title='bbox 3288 2974 3476 3027; x_wconf 78' lang='lat' dir='ltr'><strong>pauca.</strong></span> <span class='ocrx_word' id='word_1_735' title='bbox 3510 2959 3578 3014; x_wconf 81' lang='lat' dir='ltr'><strong>Et</strong></span> 
     </span>
    </p>
   </div>
   <div class='ocr_carea' id='block_1_91' title="bbox 1971 3041 3575 3114">
    <p class='ocr_par' dir='ltr' id='par_1_91' title="bbox 1971 3041 3575 3114">
     <span class='ocr_line' id='line_1_91' title="bbox 1971 3041 3575 3114; baseline 0.009 -23"><span class='ocrx_word' id='word_1_736' title='bbox 1971 3050 2096 3093; x_wconf 89' lang='lat' dir='ltr'><strong>ante</strong></span> <span class='ocrx_word' id='word_1_737' title='bbox 2125 3041 2222 3095; x_wconf 86' lang='lat' dir='ltr'><strong>hos</strong></span> <span class='ocrx_word' id='word_1_738' title='bbox 2254 3043 2370 3095; x_wconf 90' lang='lat' dir='ltr'><strong>illos</strong></span> <span class='ocrx_word' id='word_1_739' title='bbox 2398 3055 2547 3097; x_wconf 87' lang='lat' dir='ltr'><strong>vocat</strong></span> <span class='ocrx_word' id='word_1_740' title='bbox 2572 3046 2660 3114; x_wconf 87' lang='lat' dir='ltr'><strong>qni</strong></span> <span class='ocrx_word' id='word_1_741' title='bbox 2693 3047 2831 3100; x_wconf 90' lang='lat' dir='ltr'><strong>bona</strong></span> <span class='ocrx_word' id='word_1_742' title='bbox 2860 3045 3120 3113; x_wconf 91' lang='lat' dir='ltr'><strong>fecerunt,</strong></span> <span class='ocrx_word' id='word_1_743' title='bbox 3153 3056 3209 3102; x_wconf 90' lang='lat' dir='ltr'><strong>ut</strong></span> <span class='ocrx_word' id='word_1_744' title='bbox 3239 3048 3364 3103; x_wconf 91' lang='lat' dir='ltr'><strong>hinc</strong></span> <span class='ocrx_word' id='word_1_745' title='bbox 3390 3059 3575 3105; x_wconf 86' lang='lat' dir='ltr'><strong>osten-</strong></span> 
     </span>
    </p>
   </div>
   <div class='ocr_carea' id='block_1_92' title="bbox 1972 3135 3579 3211">
    <p class='ocr_par' dir='ltr' id='par_1_92' title="bbox 1972 3135 3579 3211">
     <span class='ocr_line' id='line_1_92' title="bbox 1972 3135 3579 3211; baseline 0.006 -23"><span class='ocrx_word' id='word_1_746' title='bbox 1972 3135 2124 3188; x_wconf 82' lang='lat' dir='ltr'><strong>deret</strong></span> <span class='ocrx_word' id='word_1_747' title='bbox 2154 3150 2214 3189; x_wconf 87' lang='lat' dir='ltr'><strong>se</strong></span> <span class='ocrx_word' id='word_1_748' title='bbox 2256 3146 2400 3190; x_wconf 90' lang='lat' dir='ltr'><strong>recte</strong></span> <span class='ocrx_word' id='word_1_749' title='bbox 2430 3151 2697 3190; x_wconf 83' lang='lat' dir='ltr'><strong>accusare.</strong></span> <span class='ocrx_word' id='word_1_750' title='bbox 2728 3137 2938 3203; x_wconf 85' lang='lat' dir='ltr'><strong>Quanto</strong></span> <span class='ocrx_word' id='word_1_751' title='bbox 2982 3154 3111 3209; x_wconf 85' lang='lat' dir='ltr'><strong>ergo</strong></span> <span class='ocrx_word' id='word_1_752' title='bbox 3158 3142 3419 3211; x_wconf 87' lang='lat' dir='ltr'><strong>supplicio</strong></span> <span class='ocrx_word' id='word_1_753' title='bbox 3461 3142 3579 3197; x_wconf 61' lang='lat' dir='ltr'><strong>haec</strong></span> 
     </span>
    </p>
   </div>
   <div class='ocr_carea' id='block_1_93' title="bbox 1971 3222 3574 3299">
    <p class='ocr_par' dir='ltr' id='par_1_93' title="bbox 1971 3222 3574 3299">
     <span class='ocr_line' id='line_1_93' title="bbox 1971 3222 3574 3299; baseline 0.009 -25"><span class='ocrx_word' id='word_1_754' title='bbox 1971 3222 2132 3276; x_wconf 81' lang='lat' dir='ltr'><strong>verba</strong></span> <span class='ocrx_word' id='word_1_755' title='bbox 2180 3240 2282 3278; x_wconf 89' lang='lat' dir='ltr'><strong>non</strong></span> <span class='ocrx_word' id='word_1_756' title='bbox 2332 3226 2435 3280; x_wconf 89' lang='lat' dir='ltr'><strong>sint</strong></span> <span class='ocrx_word' id='word_1_757' title='bbox 2478 3228 2829 3284; x_wconf 73' lang='lat' dir='ltr'><strong>S:I!Vlt)l‘3?Si</strong></span> <span class='ocrx_word' id='word_1_758' title='bbox 2873 3230 2992 3299; x_wconf 89' lang='lat' dir='ltr'><strong>quis</strong></span> <span class='ocrx_word' id='word_1_759' title='bbox 3037 3232 3180 3283; x_wconf 91' lang='lat' dir='ltr'><strong>enim</strong></span> <span class='ocrx_word' id='word_1_760' title='bbox 3231 3232 3503 3287; x_wconf 86' lang='lat' dir='ltr'><strong>hominem</strong></span> <span class='ocrx_word' id='word_1_761' title='bbox 3545 3252 3574 3290; x_wconf 83' lang='lat' dir='ltr'><strong>a</strong></span> 
     </span>
    </p>
   </div>
   <div class='ocr_carea' id='block_1_94' title="bbox 1972 3315 3579 3387">
    <p class='ocr_par' dir='ltr' id='par_1_94' title="bbox 1972 3315 3579 3387">
     <span class='ocr_line' id='line_1_94' title="bbox 1972 3315 3579 3387; baseline 0.009 -23"><span class='ocrx_word' id='word_1_762' title='bbox 1972 3331 2079 3384; x_wconf 84' lang='lat' dir='ltr'><strong>quo</strong></span> <span class='ocrx_word' id='word_1_763' title='bbox 2119 3315 2377 3369; x_wconf 81' lang='lat' dir='ltr'><strong>beneficio</strong></span> <span class='ocrx_word' id='word_1_764' title='bbox 2408 3318 2627 3372; x_wconf 72' lang='lat' dir='ltr'><strong>affectus</strong></span> <span class='ocrx_word' id='word_1_765' title='bbox 2658 3319 2728 3372; x_wconf 86' lang='lat' dir='ltr'><strong>sit</strong></span> <span class='ocrx_word' id='word_1_766' title='bbox 2752 3322 3076 3375; x_wconf 82' lang='lat' dir='ltr'><strong>esurientem</strong></span> <span class='ocrx_word' id='word_1_767' title='bbox 3102 3322 3284 3376; x_wconf 78' lang='lat' dir='ltr'><strong>videtis</strong></span> <span class='ocrx_word' id='word_1_768' title='bbox 3309 3365 3323 3387; x_wconf 94' lang='lat'><strong>,</strong></span> <span class='ocrx_word' id='word_1_769' title='bbox 3350 3340 3455 3377; x_wconf 86' lang='lat' dir='ltr'><strong>non</strong></span> <span class='ocrx_word' id='word_1_770' title='bbox 3481 3324 3579 3378; x_wconf 81' lang='lat' dir='ltr'><strong>de-</strong></span> 
     </span>
    </p>
   </div>
   <div class='ocr_carea' id='block_1_95' title="bbox 1975 3408 3580 3485">
    <p class='ocr_par' dir='ltr' id='par_1_95' title="bbox 1975 3408 3580 3485">
     <span class='ocr_line' id='line_1_95' title="bbox 1975 3408 3580 3485; baseline 0.006 -25"><span class='ocrx_word' id='word_1_771' title='bbox 1975 3408 2192 3474; x_wconf 84' lang='lat' dir='ltr'><strong>Spiciat;</strong></span> <span class='ocrx_word' id='word_1_772' title='bbox 2226 3410 2366 3476; x_wconf 87' lang='lat' dir='ltr'><strong>quod</strong></span> <span class='ocrx_word' id='word_1_773' title='bbox 2414 3412 2456 3463; x_wconf 88' lang='lat' dir='ltr'><strong>si</strong></span> <span class='ocrx_word' id='word_1_774' title='bbox 2499 3410 2791 3479; x_wconf 81' lang='lat' dir='ltr'><strong>dCSpit‘iat,</strong></span> <span class='ocrx_word' id='word_1_775' title='bbox 2826 3414 3179 3481; x_wconf 75' lang='lat' dir='ltr'><strong>exprobratos</strong></span> <span class='ocrx_word' id='word_1_776' title='bbox 3211 3416 3387 3483; x_wconf 87' lang='lat' dir='ltr'><strong>potius</strong></span> <span class='ocrx_word' id='word_1_777' title='bbox 3416 3416 3580 3485; x_wconf 81' lang='lat' dir='ltr'><strong>eligat</strong></span> 
     </span>
    </p>
   </div>
   <div class='ocr_carea' id='block_1_96' title="bbox 1975 3499 3575 3570">
    <p class='ocr_par' dir='ltr' id='par_1_96' title="bbox 1975 3499 3575 3570">
     <span class='ocr_line' id='line_1_96' title="bbox 1975 3499 3575 3570; baseline 0.007 -20"><span class='ocrx_word' id='word_1_778' title='bbox 1975 3499 2026 3551; x_wconf 88' lang='lat' dir='ltr'><strong>itt</strong></span> <span class='ocrx_word' id='word_1_779' title='bbox 2058 3508 2253 3552; x_wconf 80' lang='lat' dir='ltr'><strong>terram</strong></span> <span class='ocrx_word' id='word_1_780' title='bbox 2278 3500 2479 3564; x_wconf 75' lang='lat' dir='ltr'><strong>defodi,</strong></span> <span class='ocrx_word' id='word_1_781' title='bbox 2512 3517 2670 3570; x_wconf 89' lang='lat' dir='ltr'><strong>quam</strong></span> <span class='ocrx_word' id='word_1_782' title='bbox 2702 3503 2911 3557; x_wconf 87' lang='lat' dir='ltr'><strong>duobus</strong></span> <span class='ocrx_word' id='word_1_783' title='bbox 2939 3504 3022 3558; x_wconf 85' lang='lat' dir='ltr'><strong>vel</strong></span> <span class='ocrx_word' id='word_1_784' title='bbox 3056 3506 3225 3559; x_wconf 86' lang='lat' dir='ltr'><strong>tribus</strong></span> <span class='ocrx_word' id='word_1_785' title='bbox 3261 3507 3450 3560; x_wconf 85' lang='lat' dir='ltr'><strong>amicis</strong></span> <span class='ocrx_word' id='word_1_786' title='bbox 3491 3517 3575 3562; x_wconf 85' lang='lat' dir='ltr'><strong>te-</strong></span> 
     </span>
    </p>
   </div>
   <div class='ocr_carea' id='block_1_97' title="bbox 1974 3592 3583 3663">
    <p class='ocr_par' dir='ltr' id='par_1_97' title="bbox 1974 3592 3583 3663">
     <span class='ocr_line' id='line_1_97' title="bbox 1974 3592 3583 3663; baseline 0.006 -20"><span class='ocrx_word' id='word_1_787' title='bbox 1974 3592 2143 3644; x_wconf 84' lang='lat' dir='ltr'><strong>stibus</strong></span> <span class='ocrx_word' id='word_1_788' title='bbox 2169 3592 2288 3645; x_wconf 76' lang='lat' dir='ltr'><strong>talia</strong></span> <span class='ocrx_word' id='word_1_789' title='bbox 2311 3593 2495 3647; x_wconf 91' lang='lat' dir='ltr'><strong>audire</strong></span> <span class='ocrx_word' id='word_1_790' title='bbox 2524 3612 2535 3645; x_wconf 87' lang='lat'><strong>:</strong></span> <span class='ocrx_word' id='word_1_791' title='bbox 2570 3594 2695 3663; x_wconf 90' lang='lat' dir='ltr'><strong>quid</strong></span> <span class='ocrx_word' id='word_1_792' title='bbox 2723 3611 2821 3649; x_wconf 91' lang='lat' dir='ltr'><strong>nos</strong></span> <span class='ocrx_word' id='word_1_793' title='bbox 2852 3596 3115 3663; x_wconf 87' lang='lat' dir='ltr'><strong>patiemur</strong></span> <span class='ocrx_word' id='word_1_794' title='bbox 3145 3608 3254 3651; x_wconf 87' lang='lat' dir='ltr'><strong>toto</strong></span> <span class='ocrx_word' id='word_1_795' title='bbox 3286 3600 3415 3653; x_wconf 83' lang='lat' dir='ltr'><strong>urbe</strong></span> <span class='ocrx_word' id='word_1_796' title='bbox 3443 3608 3583 3653; x_wconf 80' lang='lat' dir='ltr'><strong>teste</strong></span> 
     </span>
    </p>
   </div>
   <div class='ocr_carea' id='block_1_98' title="bbox 1976 3684 3572 3757">
    <p class='ocr_par' dir='ltr' id='par_1_98' title="bbox 1976 3684 3572 3757">
     <span class='ocr_line' id='line_1_98' title="bbox 1976 3684 3572 3757; baseline 0.008 -22"><span class='ocrx_word' id='word_1_797' title='bbox 1976 3684 2096 3735; x_wconf 88' lang='lat' dir='ltr'><strong>talia</strong></span> <span class='ocrx_word' id='word_1_798' title='bbox 2128 3685 2429 3750; x_wconf 86' lang='lat' dir='ltr'><strong>audientes,</strong></span> <span class='ocrx_word' id='word_1_799' title='bbox 2461 3703 2579 3756; x_wconf 76' lang='lat' dir='ltr'><strong>qua:</strong></span> <span class='ocrx_word' id='word_1_800' title='bbox 2609 3702 2678 3741; x_wconf 89' lang='lat' dir='ltr'><strong>ne</strong></span> <span class='ocrx_word' id='word_1_801' title='bbox 2708 3688 2921 3757; x_wconf 87' lang='lat' dir='ltr'><strong>quidem</strong></span> <span class='ocrx_word' id='word_1_802' title='bbox 2949 3697 3074 3743; x_wconf 92' lang='lat' dir='ltr'><strong>tunc</strong></span> <span class='ocrx_word' id='word_1_803' title='bbox 3101 3690 3191 3745; x_wconf 91' lang='lat' dir='ltr'><strong>ille</strong></span> <span class='ocrx_word' id='word_1_804' title='bbox 3218 3690 3443 3753; x_wconf 78' lang='lat' dir='ltr'><strong>diceret,</strong></span> <span class='ocrx_word' id='word_1_805' title='bbox 3472 3693 3572 3747; x_wconf 89' lang='lat' dir='ltr'><strong>nisi</strong></span> 
     </span>
    </p>
   </div>
   <div class='ocr_carea' id='block_1_99' title="bbox 1974 3777 3577 3847">
    <p class='ocr_par' dir='ltr' id='par_1_99' title="bbox 1974 3777 3577 3847">
     <span class='ocr_line' id='line_1_99' title="bbox 1974 3777 3577 3847; baseline 0.008 -22"><span class='ocrx_word' id='word_1_806' title='bbox 1974 3789 2189 3827; x_wconf 84' lang='lat' dir='ltr'><strong>causam</strong></span> <span class='ocrx_word' id='word_1_807' title='bbox 2238 3777 2349 3844; x_wconf 89' lang='lat' dir='ltr'><strong>ipse</strong></span> <span class='ocrx_word' id='word_1_808' title='bbox 2387 3792 2535 3829; x_wconf 92' lang='lat' dir='ltr'><strong>suam</strong></span> <span class='ocrx_word' id='word_1_809' title='bbox 2568 3778 2859 3833; x_wconf 80' lang='lat' dir='ltr'><strong>defendere</strong></span> <span class='ocrx_word' id='word_1_810' title='bbox 2890 3781 3046 3835; x_wconf 89' lang='lat' dir='ltr'><strong>vellet</strong></span> <span class='ocrx_word' id='word_1_811' title='bbox 3066 3782 3088 3832; x_wconf 88' lang='lat'><strong>?</strong></span> <span class='ocrx_word' id='word_1_812' title='bbox 3116 3781 3266 3847; x_wconf 86' lang='lat' dir='ltr'><strong>Quod</strong></span> <span class='ocrx_word' id='word_1_813' title='bbox 3300 3783 3441 3835; x_wconf 88' lang='lat' dir='ltr'><strong>enim</strong></span> <span class='ocrx_word' id='word_1_814' title='bbox 3472 3802 3577 3839; x_wconf 84' lang='lat' dir='ltr'><strong>non</strong></span> 
     </span>
    </p>
   </div>
   <div class='ocr_carea' id='block_1_100' title="bbox 1976 3868 3576 3941">
    <p class='ocr_par' dir='ltr' id='par_1_100' title="bbox 1976 3868 3576 3941">
     <span class='ocr_line' id='line_1_100' title="bbox 1976 3868 3576 3941; baseline 0.003 -21"><span class='ocrx_word' id='word_1_815' title='bbox 1976 3868 2308 3935; x_wconf 85' lang='lat' dir='ltr'><strong>exprobrans</strong></span> <span class='ocrx_word' id='word_1_816' title='bbox 2347 3868 2398 3921; x_wconf 89' lang='lat' dir='ltr'><strong>id</strong></span> <span class='ocrx_word' id='word_1_817' title='bbox 2430 3869 2518 3923; x_wconf 88' lang='lat' dir='ltr'><strong>ille</strong></span> <span class='ocrx_word' id='word_1_818' title='bbox 2541 3868 2718 3933; x_wconf 90' lang='lat' dir='ltr'><strong>dicat,</strong></span> <span class='ocrx_word' id='word_1_819' title='bbox 2745 3869 2840 3924; x_wconf 87' lang='lat' dir='ltr'><strong>sed</strong></span> <span class='ocrx_word' id='word_1_820' title='bbox 2870 3885 2991 3925; x_wconf 88' lang='lat' dir='ltr'><strong>sese</strong></span> <span class='ocrx_word' id='word_1_821' title='bbox 3021 3888 3280 3941; x_wconf 86' lang='lat' dir='ltr'><strong>purgans,</strong></span> <span class='ocrx_word' id='word_1_822' title='bbox 3315 3884 3369 3927; x_wconf 86' lang='lat' dir='ltr'><strong>et</strong></span> <span class='ocrx_word' id='word_1_823' title='bbox 3403 3886 3457 3927; x_wconf 92' lang='lat' dir='ltr'><strong>ut</strong></span> <span class='ocrx_word' id='word_1_824' title='bbox 3487 3892 3576 3926; x_wconf 85' lang='lat' dir='ltr'><strong>os-</strong></span> 
     </span>
    </p>
   </div>
   <div class='ocr_carea' id='block_1_101' title="bbox 1978 3958 3577 4025">
    <p class='ocr_par' dir='ltr' id='par_1_101' title="bbox 1978 3958 3577 4025">
     <span class='ocr_line' id='line_1_101' title="bbox 1978 3958 3577 4025; baseline 0.006 -16"><span class='ocrx_word' id='word_1_825' title='bbox 1978 3958 2158 4011; x_wconf 89' lang='lat' dir='ltr'><strong>tendat</strong></span> <span class='ocrx_word' id='word_1_826' title='bbox 2202 3974 2261 4012; x_wconf 89' lang='lat' dir='ltr'><strong>se</strong></span> <span class='ocrx_word' id='word_1_827' title='bbox 2300 3974 2405 4012; x_wconf 89' lang='lat' dir='ltr'><strong>non</strong></span> <span class='ocrx_word' id='word_1_828' title='bbox 2454 3958 2645 4013; x_wconf 78' lang='lat' dir='ltr'><strong>frustra</strong></span> <span class='ocrx_word' id='word_1_829' title='bbox 2697 3960 2778 4013; x_wconf 88' lang='lat' dir='ltr'><strong>vel</strong></span> <span class='ocrx_word' id='word_1_830' title='bbox 2819 3962 2936 4015; x_wconf 88' lang='lat' dir='ltr'><strong>sine</strong></span> <span class='ocrx_word' id='word_1_831' title='bbox 2981 3978 3140 4017; x_wconf 80' lang='lat' dir='ltr'><strong>eausa</strong></span> <span class='ocrx_word' id='word_1_832' title='bbox 3186 3964 3397 4025; x_wconf 79' lang='lat' dir='ltr'><strong>dicere,</strong></span> <span class='ocrx_word' id='word_1_833' title='bbox 3452 3964 3577 4019; x_wconf 77' lang='lat' dir='ltr'><strong>Dis-</strong></span> 
     </span>
    </p>
   </div>
   <div class='ocr_carea' id='block_1_102' title="bbox 1976 4052 3575 4123">
    <p class='ocr_par' dir='ltr' id='par_1_102' title="bbox 1976 4052 3575 4123">
     <span class='ocr_line' id='line_1_102' title="bbox 1976 4052 3575 4123; baseline 0.006 -21"><span class='ocrx_word' id='word_1_834' title='bbox 1976 4052 2137 4105; x_wconf 77' lang='lat' dir='ltr'><strong>cedite</strong></span> <span class='ocrx_word' id='word_1_835' title='bbox 2182 4068 2213 4103; x_wconf 85' lang='lat' dir='ltr'><strong>a</strong></span> <span class='ocrx_word' id='word_1_836' title='bbox 2246 4069 2342 4114; x_wconf 85' lang='lat' dir='ltr'><strong>me,</strong></span> <span class='ocrx_word' id='word_1_837' title='bbox 2375 4052 2544 4121; x_wconf 87' lang='lat' dir='ltr'><strong>palam</strong></span> <span class='ocrx_word' id='word_1_838' title='bbox 2578 4063 2659 4105; x_wconf 87' lang='lat' dir='ltr'><strong>est</strong></span> <span class='ocrx_word' id='word_1_839' title='bbox 2700 4068 2766 4106; x_wconf 83' lang='lat' dir='ltr'><strong>ex</strong></span> <span class='ocrx_word' id='word_1_840' title='bbox 2794 4053 2911 4122; x_wconf 87' lang='lat' dir='ltr'><strong>ejus</strong></span> <span class='ocrx_word' id='word_1_841' title='bbox 2941 4054 3243 4123; x_wconf 88' lang='lat' dir='ltr'><strong>ingentibus</strong></span> <span class='ocrx_word' id='word_1_842' title='bbox 3275 4057 3575 4113; x_wconf 76' lang='lat' dir='ltr'><strong>beneficiis.</strong></span> 
     </span>
    </p>
   </div>
   <div class='ocr_carea' id='block_1_103' title="bbox 1979 4143 3575 4212">
    <p class='ocr_par' dir='ltr' id='par_1_103' title="bbox 1979 4143 3575 4212">
     <span class='ocr_line' id='line_1_103' title="bbox 1979 4143 3575 4212; baseline 0.004 -16"><span class='ocrx_word' id='word_1_843' title='bbox 1979 4143 2106 4196; x_wconf 80' lang='lat' dir='ltr'><strong>Nam</strong></span> <span class='ocrx_word' id='word_1_844' title='bbox 2139 4144 2182 4198; x_wconf 91' lang='lat' dir='ltr'><strong>si</strong></span> <span class='ocrx_word' id='word_1_845' title='bbox 2212 4145 2539 4212; x_wconf 82' lang='lat' dir='ltr'><strong>exprobrare</strong></span> <span class='ocrx_word' id='word_1_846' title='bbox 2569 4143 2828 4199; x_wconf 84' lang='lat' dir='ltr'><strong>voluisset</strong></span> <span class='ocrx_word' id='word_1_847' title='bbox 2853 4188 2867 4211; x_wconf 91' lang='lat'><strong>,</strong></span> <span class='ocrx_word' id='word_1_848' title='bbox 2891 4146 2991 4199; x_wconf 71' lang='lat' dir='ltr'><strong>.iila</strong></span> <span class='ocrx_word' id='word_1_849' title='bbox 3036 4147 3211 4201; x_wconf 85' lang='lat' dir='ltr'><strong>omnia</strong></span> <span class='ocrx_word' id='word_1_850' title='bbox 3242 4148 3294 4201; x_wconf 91' lang='lat' dir='ltr'><strong>in</strong></span> <span class='ocrx_word' id='word_1_851' title='bbox 3341 4150 3575 4204; x_wconf 80' lang='lat' dir='ltr'><strong>medium</strong></span> 
     </span>
    </p>
   </div>
   <div class='ocr_carea' id='block_1_104' title="bbox 1977 4236 3580 4309">
    <p class='ocr_par' dir='ltr' id='par_1_104' title="bbox 1977 4236 3580 4309">
     <span class='ocr_line' id='line_1_104' title="bbox 1977 4236 3580 4309; baseline 0.005 -21"><span class='ocrx_word' id='word_1_852' title='bbox 1977 4236 2286 4290; x_wconf 81' lang='lat' dir='ltr'><strong>adduxisset</strong></span> <span class='ocrx_word' id='word_1_853' title='bbox 2316 4255 2330 4291; x_wconf 88' lang='lat'>:</span> <span class='ocrx_word' id='word_1_854' title='bbox 2358 4251 2500 4289; x_wconf 91' lang='lat' dir='ltr'><strong>nunc</strong></span> <span class='ocrx_word' id='word_1_855' title='bbox 2532 4244 2714 4290; x_wconf 86' lang='lat' dir='ltr'><strong>autem</strong></span> <span class='ocrx_word' id='word_1_856' title='bbox 2751 4251 2812 4290; x_wconf 87' lang='lat' dir='ltr'><strong>ea</strong></span> <span class='ocrx_word' id='word_1_857' title='bbox 2842 4237 3015 4292; x_wconf 88' lang='lat' dir='ltr'><strong>solum</strong></span> <span class='ocrx_word' id='word_1_858' title='bbox 3056 4238 3185 4292; x_wconf 89' lang='lat' dir='ltr'><strong>dicit</strong></span> <span class='ocrx_word' id='word_1_859' title='bbox 3224 4255 3343 4308; x_wconf 78' lang='lat' dir='ltr'><strong>qua:</strong></span> <span class='ocrx_word' id='word_1_860' title='bbox 3390 4255 3580 4309; x_wconf 87' lang='lat' dir='ltr'><strong>passus</strong></span> 
     </span>
    </p>
   </div>
   <div class='ocr_carea' id='block_1_105' title="bbox 1940 4329 2080 4384">
    <p class='ocr_par' dir='ltr' id='par_1_105' title="bbox 1940 4329 2080 4384">
     <span class='ocr_line' id='line_1_105' title="bbox 1940 4329 2080 4384; baseline -0.014 0"><span class='ocrx_word' id='word_1_861' title='bbox 1940 4329 1950 4337; x_wconf 82' lang='grc'><strong>’</strong></span> <span class='ocrx_word' id='word_1_862' title='bbox 1977 4340 2080 4384; x_wconf 88' lang='lat' dir='ltr'><strong>est.</strong></span> 
     </span>
    </p>
   </div>
   <div class='ocr_carea' id='block_1_106' title="bbox 2052 4420 3579 4489">
    <p class='ocr_par' dir='ltr' id='par_1_106' title="bbox 2052 4420 3579 4489">
     <span class='ocr_line' id='line_1_106' title="bbox 2052 4420 3579 4489; baseline 0.003 -13"><span class='ocrx_word' id='word_1_863' title='bbox 2052 4422 2105 4476; x_wconf 80' lang='lat'><strong>9.</strong></span> <span class='ocrx_word' id='word_1_864' title='bbox 2132 4421 2439 4475; x_wconf 86' lang='lat' dir='ltr'><strong>Timeamus</strong></span> <span class='ocrx_word' id='word_1_865' title='bbox 2486 4420 2666 4489; x_wconf 89' lang='lat' dir='ltr'><strong>itaque</strong></span> <span class='ocrx_word' id='word_1_866' title='bbox 2690 4463 2705 4488; x_wconf 92' lang='lat'><strong>,</strong></span> <span class='ocrx_word' id='word_1_867' title='bbox 2738 4421 2959 4488; x_wconf 92' lang='lat' dir='ltr'><strong>dilecti,</strong></span> <span class='ocrx_word' id='word_1_868' title='bbox 2989 4421 3104 4477; x_wconf 73' lang='lat' dir='ltr'><strong>lucc</strong></span> <span class='ocrx_word' id='word_1_869' title='bbox 3157 4425 3344 4478; x_wconf 86' lang='lat' dir='ltr'><strong>audire</strong></span> <span class='ocrx_word' id='word_1_870' title='bbox 3398 4428 3579 4481; x_wconf 88' lang='lat' dir='ltr'><strong>verba.</strong></span> 
     </span>
    </p>
   </div>
   <div class='ocr_carea' id='block_1_107' title="bbox 1979 4510 3585 4581">
    <p class='ocr_par' dir='ltr' id='par_1_107' title="bbox 1979 4510 3585 4581">
     <span class='ocr_line' id='line_1_107' title="bbox 1979 4510 3585 4581; baseline 0.003 -16"><span class='ocrx_word' id='word_1_871' title='bbox 1979 4510 2096 4565; x_wconf 88' lang='lat' dir='ltr'><strong>Non</strong></span> <span class='ocrx_word' id='word_1_872' title='bbox 2132 4520 2215 4566; x_wconf 88' lang='lat' dir='ltr'><strong>est</strong></span> <span class='ocrx_word' id='word_1_873' title='bbox 2242 4512 2390 4565; x_wconf 88' lang='lat' dir='ltr'><strong>lusus</strong></span> <span class='ocrx_word' id='word_1_874' title='bbox 2435 4510 2550 4565; x_wconf 64' lang='lat' dir='ltr'><strong>hare</strong></span> <span class='ocrx_word' id='word_1_875' title='bbox 2580 4512 2726 4575; x_wconf 87' lang='lat' dir='ltr'><strong>vita;</strong></span> <span class='ocrx_word' id='word_1_876' title='bbox 2761 4512 2868 4565; x_wconf 91' lang='lat' dir='ltr'><strong>imo</strong></span> <span class='ocrx_word' id='word_1_877' title='bbox 2897 4514 3069 4581; x_wconf 90' lang='lat' dir='ltr'><strong>potius</strong></span> <span class='ocrx_word' id='word_1_878' title='bbox 3116 4513 3232 4568; x_wconf 66' lang='lat' dir='ltr'><strong>haec</strong></span> <span class='ocrx_word' id='word_1_879' title='bbox 3277 4516 3385 4569; x_wconf 89' lang='lat' dir='ltr'><strong>vita</strong></span> <span class='ocrx_word' id='word_1_880' title='bbox 3434 4516 3585 4571; x_wconf 88' lang='lat' dir='ltr'><strong>lusus</strong></span> 
     </span>
    </p>
   </div>
   <div class='ocr_carea' id='block_1_108' title="bbox 1981 4603 3585 4665">
    <p class='ocr_par' dir='ltr' id='par_1_108' title="bbox 1981 4603 3585 4665">
     <span class='ocr_line' id='line_1_108' title="bbox 1981 4603 3585 4665; baseline 0.002 -7"><span class='ocrx_word' id='word_1_881' title='bbox 1981 4614 2082 4665; x_wconf 81' lang='lat' dir='ltr'><strong>est.</strong></span> <span class='ocrx_word' id='word_1_882' title='bbox 2102 4603 2276 4657; x_wconf 72' lang='lat' dir='ltr'><strong>futura</strong></span> <span class='ocrx_word' id='word_1_883' title='bbox 2297 4618 2427 4657; x_wconf 89' lang='lat' dir='ltr'><strong>vero</strong></span> <span class='ocrx_word' id='word_1_884' title='bbox 2452 4618 2558 4658; x_wconf 91' lang='lat' dir='ltr'><strong>non</strong></span> <span class='ocrx_word' id='word_1_885' title='bbox 2586 4604 2734 4658; x_wconf 89' lang='lat' dir='ltr'><strong>lusus</strong></span> <span class='ocrx_word' id='word_1_886' title='bbox 2762 4613 2905 4658; x_wconf 91' lang='lat' dir='ltr'><strong>sunt.</strong></span> <span class='ocrx_word' id='word_1_887' title='bbox 2930 4605 3089 4659; x_wconf 85' lang='lat' dir='ltr'><strong>F0rte</strong></span> <span class='ocrx_word' id='word_1_888' title='bbox 3105 4615 3283 4660; x_wconf 89' lang='lat' dir='ltr'><strong>autem</strong></span> <span class='ocrx_word' id='word_1_889' title='bbox 3306 4622 3409 4661; x_wconf 93' lang='lat' dir='ltr'><strong>non</strong></span> <span class='ocrx_word' id='word_1_890' title='bbox 3438 4608 3585 4662; x_wconf 84' lang='lat' dir='ltr'><strong>lusus</strong></span> 
     </span>
    </p>
   </div>
   <div class='ocr_carea' id='block_1_109' title="bbox 1983 4696 3587 4761">
    <p class='ocr_par' dir='ltr' id='par_1_109' title="bbox 1983 4696 3587 4761">
     <span class='ocr_line' id='line_1_109' title="bbox 1983 4696 3587 4761; baseline 0.004 -13"><span class='ocrx_word' id='word_1_891' title='bbox 1983 4707 2188 4751; x_wconf 90' lang='lat' dir='ltr'><strong>tantum</strong></span> <span class='ocrx_word' id='word_1_892' title='bbox 2215 4705 2301 4751; x_wconf 78' lang='lat' dir='ltr'><strong>est</strong></span> <span class='ocrx_word' id='word_1_893' title='bbox 2330 4696 2467 4761; x_wconf 88' lang='lat' dir='ltr'><strong>vita,</strong></span> <span class='ocrx_word' id='word_1_894' title='bbox 2498 4696 2590 4750; x_wconf 85' lang='lat' dir='ltr'><strong>sed</strong></span> <span class='ocrx_word' id='word_1_895' title='bbox 2620 4698 2736 4751; x_wconf 90' lang='lat' dir='ltr'><strong>lusu</strong></span> <span class='ocrx_word' id='word_1_896' title='bbox 2763 4697 3018 4751; x_wconf 86' lang='lat' dir='ltr'><strong>deterior.</strong></span> <span class='ocrx_word' id='word_1_897' title='bbox 3048 4697 3163 4751; x_wconf 85' lang='lat' dir='ltr'><strong>Non</strong></span> <span class='ocrx_word' id='word_1_898' title='bbox 3196 4700 3339 4753; x_wconf 86' lang='lat' dir='ltr'><strong>enim</strong></span> <span class='ocrx_word' id='word_1_899' title='bbox 3386 4700 3587 4754; x_wconf 88' lang='lat' dir='ltr'><strong>desinit</strong></span> 
     </span>
    </p>
   </div>
   <div class='ocr_carea' id='block_1_110' title="bbox 1983 4787 3580 4858">
    <p class='ocr_par' dir='ltr' id='par_1_110' title="bbox 1983 4787 3580 4858">
     <span class='ocr_line' id='line_1_110' title="bbox 1983 4787 3580 4858; baseline 0.001 -17"><span class='ocrx_word' id='word_1_900' title='bbox 1983 4792 2035 4842; x_wconf 93' lang='lat' dir='ltr'><strong>in</strong></span> <span class='ocrx_word' id='word_1_901' title='bbox 2063 4789 2262 4853; x_wconf 90' lang='lat' dir='ltr'><strong>risum,</strong></span> <span class='ocrx_word' id='word_1_902' title='bbox 2296 4788 2388 4843; x_wconf 88' lang='lat' dir='ltr'><strong>sed</strong></span> <span class='ocrx_word' id='word_1_903' title='bbox 2433 4803 2682 4857; x_wconf 88' lang='lat' dir='ltr'><strong>magnum</strong></span> <span class='ocrx_word' id='word_1_904' title='bbox 2727 4787 2889 4842; x_wconf 86' lang='lat' dir='ltr'><strong>infert</strong></span> <span class='ocrx_word' id='word_1_905' title='bbox 2930 4788 3183 4843; x_wconf 84' lang='lat' dir='ltr'><strong>damnum</strong></span> <span class='ocrx_word' id='word_1_906' title='bbox 3214 4790 3279 4843; x_wconf 91' lang='lat' dir='ltr'><strong>iis</strong></span> <span class='ocrx_word' id='word_1_907' title='bbox 3304 4831 3319 4855; x_wconf 94' lang='lat'><strong>,</strong></span> <span class='ocrx_word' id='word_1_908' title='bbox 3350 4790 3440 4858; x_wconf 86' lang='lat' dir='ltr'><strong>qui</strong></span> <span class='ocrx_word' id='word_1_909' title='bbox 3475 4807 3580 4843; x_wconf 92' lang='lat' dir='ltr'><strong>non</strong></span> 
     </span>
    </p>
   </div>
   <div class='ocr_carea' id='block_1_111' title="bbox 1980 4873 3582 4942">
    <p class='ocr_par' dir='ltr' id='par_1_111' title="bbox 1980 4873 3582 4942">
     <span class='ocr_line' id='line_1_111' title="bbox 1980 4873 3582 4942; baseline -0.002 -14"><span class='ocrx_word' id='word_1_910' title='bbox 1980 4874 2265 4942; x_wconf 85' lang='lat' dir='ltr'><strong>diligenter</strong></span> <span class='ocrx_word' id='word_1_911' title='bbox 2287 4886 2463 4925; x_wconf 87' lang='lat' dir='ltr'><strong>mores</strong></span> <span class='ocrx_word' id='word_1_912' title='bbox 2480 4886 2606 4925; x_wconf 83' lang='lat' dir='ltr'><strong>suos</strong></span> <span class='ocrx_word' id='word_1_913' title='bbox 2626 4886 2951 4941; x_wconf 88' lang='lat' dir='ltr'><strong>componere</strong></span> <span class='ocrx_word' id='word_1_914' title='bbox 2977 4873 3178 4926; x_wconf 89' lang='lat' dir='ltr'><strong>volunt.</strong></span> <span class='ocrx_word' id='word_1_915' title='bbox 3211 4874 3264 4926; x_wconf 91' lang='lat' dir='ltr'><strong>ln</strong></span> <span class='ocrx_word' id='word_1_916' title='bbox 3287 4888 3395 4941; x_wconf 91' lang='lat' dir='ltr'><strong>quo</strong></span> <span class='ocrx_word' id='word_1_917' title='bbox 3416 4874 3582 4938; x_wconf 86' lang='lat' dir='ltr'><strong>enim,</strong></span> 
     </span>
    </p>
   </div>
   <div class='ocr_carea' id='block_1_112' title="bbox 1982 4962 3585 5034">
    <p class='ocr_par' dir='ltr' id='par_1_112' title="bbox 1982 4962 3585 5034">
     <span class='ocr_line' id='line_1_112' title="bbox 1982 4962 3585 5034; baseline 0.001 -17"><span class='ocrx_word' id='word_1_918' title='bbox 1982 4980 2166 5034; x_wconf 62' lang='lat' dir='ltr'><strong>quaeso</strong></span> <span class='ocrx_word' id='word_1_919' title='bbox 2192 5005 2204 5027; x_wconf 94' lang='lat'><strong>,</strong></span> <span class='ocrx_word' id='word_1_920' title='bbox 2234 4980 2264 5017; x_wconf 90' lang='lat' dir='ltr'><strong>a</strong></span> <span class='ocrx_word' id='word_1_921' title='bbox 2313 4963 2494 5034; x_wconf 86' lang='lat' dir='ltr'><strong>pueris</strong></span> <span class='ocrx_word' id='word_1_922' title='bbox 2533 4962 2842 5018; x_wconf 86' lang='lat' dir='ltr'><strong>ludentibus</strong></span> <span class='ocrx_word' id='word_1_923' title='bbox 2873 4973 2929 5017; x_wconf 89' lang='lat' dir='ltr'><strong>et</strong></span> <span class='ocrx_word' id='word_1_924' title='bbox 2956 4962 3148 5017; x_wconf 89' lang='lat' dir='ltr'><strong>domos</strong></span> <span class='ocrx_word' id='word_1_925' title='bbox 3195 4963 3585 5018; x_wconf 64' lang='lat' dir='ltr'><strong>aedificantibus</strong></span> 
     </span>
    </p>
   </div>
   <div class='ocr_carea' id='block_1_113' title="bbox 1981 5053 3588 5123">
    <p class='ocr_par' dir='ltr' id='par_1_113' title="bbox 1981 5053 3588 5123">
     <span class='ocr_line' id='line_1_113' title="bbox 1981 5053 3588 5123; baseline -0.001 -14"><span class='ocrx_word' id='word_1_926' title='bbox 1981 5055 2279 5109; x_wconf 78' lang='lat' dir='ltr'><strong>differimus</strong></span> <span class='ocrx_word' id='word_1_927' title='bbox 2303 5096 2318 5121; x_wconf 95' lang='lat'><strong>,</strong></span> <span class='ocrx_word' id='word_1_928' title='bbox 2346 5054 2438 5123; x_wconf 89' lang='lat' dir='ltr'><strong>qui</strong></span> <span class='ocrx_word' id='word_1_929' title='bbox 2491 5053 2797 5123; x_wconf 88' lang='lat' dir='ltr'><strong>splendidas</strong></span> <span class='ocrx_word' id='word_1_930' title='bbox 2843 5054 3207 5108; x_wconf 85' lang='lat' dir='ltr'><strong>construimus</strong></span> <span class='ocrx_word' id='word_1_931' title='bbox 3244 5055 3389 5109; x_wconf 77' lang='lat' dir='ltr'><strong>aedes</strong></span> <span class='ocrx_word' id='word_1_932' title='bbox 3414 5053 3438 5107; x_wconf 81' lang='lat'><strong>?</strong></span> <span class='ocrx_word' id='word_1_933' title='bbox 3468 5071 3588 5123; x_wconf 81' lang='lat' dir='ltr'><strong>qua:</strong></span> 
     </span>
    </p>
   </div>
   <div class='ocr_carea' id='block_1_114' title="bbox 1982 5136 3590 5217">
    <p class='ocr_par' dir='ltr' id='par_1_114' title="bbox 1982 5136 3590 5217">
     <span class='ocr_line' id='line_1_114' title="bbox 1982 5136 3590 5217; baseline -0.001 -14"><span class='ocrx_word' id='word_1_934' title='bbox 1982 5149 2281 5203; x_wconf 82' lang='lat' dir='ltr'><strong>differentia</strong></span> <span class='ocrx_word' id='word_1_935' title='bbox 2318 5149 2456 5203; x_wconf 89' lang='lat' dir='ltr'><strong>inter</strong></span> <span class='ocrx_word' id='word_1_936' title='bbox 2502 5148 2623 5204; x_wconf 81' lang='lat' dir='ltr'><strong>illos</strong></span> <span class='ocrx_word' id='word_1_937' title='bbox 2651 5136 2974 5217; x_wconf 77' lang='lat' dir='ltr'><strong>prandentes</strong></span> <span class='ocrx_word' id='word_1_938' title='bbox 3012 5158 3064 5201; x_wconf 91' lang='lat' dir='ltr'><strong>ct</strong></span> <span class='ocrx_word' id='word_1_939' title='bbox 3096 5162 3194 5202; x_wconf 89' lang='lat' dir='ltr'><strong>nos</strong></span> <span class='ocrx_word' id='word_1_940' title='bbox 3235 5148 3373 5201; x_wconf 90' lang='lat' dir='ltr'><strong>laute</strong></span> <span class='ocrx_word' id='word_1_941' title='bbox 3406 5148 3590 5201; x_wconf 83' lang='lat' dir='ltr'><strong>convi-</strong></span> 
     </span>
    </p>
   </div>
   <div class='ocr_carea' id='block_1_115' title="bbox 1982 5237 3585 5308">
    <p class='ocr_par' dir='ltr' id='par_1_115' title="bbox 1982 5237 3585 5308">
     <span class='ocr_line' id='line_1_115' title="bbox 1982 5237 3585 5308; baseline -0.002 -13"><span class='ocrx_word' id='word_1_942' title='bbox 1982 5245 2211 5297; x_wconf 87' lang='lat' dir='ltr'><strong>vantes?</strong></span> <span class='ocrx_word' id='word_1_943' title='bbox 2239 5242 2389 5296; x_wconf 85' lang='lat' dir='ltr'><strong>Nulla</strong></span> <span class='ocrx_word' id='word_1_944' title='bbox 2416 5284 2430 5307; x_wconf 94' lang='lat'><strong>,</strong></span> <span class='ocrx_word' id='word_1_945' title='bbox 2472 5242 2570 5295; x_wconf 91' lang='lat' dir='ltr'><strong>nisi</strong></span> <span class='ocrx_word' id='word_1_946' title='bbox 2620 5241 2670 5293; x_wconf 92' lang='lat' dir='ltr'><strong>in</strong></span> <span class='ocrx_word' id='word_1_947' title='bbox 2713 5251 2969 5308; x_wconf 86' lang='lat' dir='ltr'><strong>quantum</strong></span> <span class='ocrx_word' id='word_1_948' title='bbox 3017 5254 3116 5293; x_wconf 90' lang='lat' dir='ltr'><strong>nos</strong></span> <span class='ocrx_word' id='word_1_949' title='bbox 3162 5238 3423 5307; x_wconf 89' lang='lat' dir='ltr'><strong>supplicio</strong></span> <span class='ocrx_word' id='word_1_950' title='bbox 3469 5237 3585 5306; x_wconf 84' lang='lat' dir='ltr'><strong>ple-</strong></span> 
     </span>
    </p>
   </div>
   <div class='ocr_carea' id='block_1_116' title="bbox 1985 5329 3586 5401">
    <p class='ocr_par' dir='ltr' id='par_1_116' title="bbox 1985 5329 3586 5401">
     <span class='ocr_line' id='line_1_116' title="bbox 1985 5329 3586 5401; baseline -0.007 -10"><span class='ocrx_word' id='word_1_951' title='bbox 1985 5335 2162 5391; x_wconf 87' lang='lat' dir='ltr'><strong>cteudi</strong></span> <span class='ocrx_word' id='word_1_952' title='bbox 2202 5336 2255 5390; x_wconf 93' lang='lat' dir='ltr'><strong>id</strong></span> <span class='ocrx_word' id='word_1_953' title='bbox 2296 5336 2537 5389; x_wconf 89' lang='lat' dir='ltr'><strong>facimus.</strong></span> <span class='ocrx_word' id='word_1_954' title='bbox 2562 5332 2716 5401; x_wconf 85' lang='lat' dir='ltr'><strong>Quod</strong></span> <span class='ocrx_word' id='word_1_955' title='bbox 2758 5332 2801 5385; x_wconf 91' lang='lat' dir='ltr'><strong>si</strong></span> <span class='ocrx_word' id='word_1_956' title='bbox 2846 5332 3082 5386; x_wconf 91' lang='lat' dir='ltr'><strong>nondum</strong></span> <span class='ocrx_word' id='word_1_957' title='bbox 3126 5329 3378 5384; x_wconf 89' lang='lat' dir='ltr'><strong>harumce</strong></span> <span class='ocrx_word' id='word_1_958' title='bbox 3406 5343 3586 5382; x_wconf 90' lang='lat' dir='ltr'><strong>rerum</strong></span> 
     </span>
    </p>
   </div>
   <div class='ocr_carea' id='block_1_117' title="bbox 1987 5419 3587 5496">
    <p class='ocr_par' dir='ltr' id='par_1_117' title="bbox 1987 5419 3587 5496">
     <span class='ocr_line' id='line_1_117' title="bbox 1987 5419 3587 5496; baseline -0.004 -17"><span class='ocrx_word' id='word_1_959' title='bbox 1987 5428 2244 5483; x_wconf 87' lang='lat' dir='ltr'><strong>vilitatem</strong></span> <span class='ocrx_word' id='word_1_960' title='bbox 2290 5425 2645 5496; x_wconf 73' lang='lat' dir='ltr'><strong>PCI&#39;SpiCiIDUS</strong></span> <span class='ocrx_word' id='word_1_961' title='bbox 2669 5464 2683 5490; x_wconf 95' lang='lat'><strong>,</strong></span> <span class='ocrx_word' id='word_1_962' title='bbox 2714 5439 2817 5477; x_wconf 92' lang='lat' dir='ltr'><strong>non</strong></span> <span class='ocrx_word' id='word_1_963' title='bbox 2864 5431 2947 5477; x_wconf 88' lang='lat' dir='ltr'><strong>est</strong></span> <span class='ocrx_word' id='word_1_964' title='bbox 2980 5420 3321 5486; x_wconf 75' lang='lat' dir='ltr'><strong>mirandum;</strong></span> <span class='ocrx_word' id='word_1_965' title='bbox 3352 5419 3587 5474; x_wconf 87' lang='lat' dir='ltr'><strong>nondum</strong></span> 
     </span>
    </p>
   </div>
   <div class='ocr_carea' id='block_1_118' title="bbox 2054 5670 3583 5743">
    <p class='ocr_par' dir='ltr' id='par_1_118' title="bbox 2054 5670 3583 5743">
     <span class='ocr_line' id='line_1_118' title="bbox 2054 5670 3583 5743; baseline -0.012 -6"><span class='ocrx_word' id='word_1_966' title='bbox 2054 5693 2075 5721; x_wconf 79' lang='grc' dir='ltr'>ι</span> <span class='ocrx_word' id='word_1_967' title='bbox 2107 5696 2217 5739; x_wconf 57' lang='lat' dir='ltr'><strong>nare</strong></span> <span class='ocrx_word' id='word_1_968' title='bbox 2240 5689 2407 5743; x_wconf 75' lang='lat' dir='ltr'><strong>verba,</strong></span> <span class='ocrx_word' id='word_1_969' title='bbox 2432 5693 2477 5735; x_wconf 79' lang='lat' dir='ltr'><strong>et</strong></span> <span class='ocrx_word' id='word_1_970' title='bbox 2497 5682 2798 5740; x_wconf 80' lang='lat' dir='ltr'><strong>coheredem,</strong></span> <span class='ocrx_word' id='word_1_971' title='bbox 2824 5679 3004 5729; x_wconf 80' lang='lat' dir='ltr'><strong>desunt</strong></span> <span class='ocrx_word' id='word_1_972' title='bbox 3030 5682 3077 5729; x_wconf 91' lang='lat' dir='ltr'><strong>in</strong></span> <span class='ocrx_word' id='word_1_973' title='bbox 3096 5676 3284 5737; x_wconf 80' lang='lat' dir='ltr'><strong>ttoreI.,</strong></span> <span class='ocrx_word' id='word_1_974' title='bbox 3300 5672 3390 5725; x_wconf 80' lang='lat' dir='ltr'><strong>sed</strong></span> <span class='ocrx_word' id='word_1_975' title='bbox 3412 5670 3583 5722; x_wconf 82' lang='lat' dir='ltr'><strong>inalits</strong></span> 
     </span>
    </p>
   </div>
   <div class='ocr_carea' id='block_1_119' title="bbox 1990 5750 2849 5812">
    <p class='ocr_par' dir='ltr' id='par_1_119' title="bbox 1990 5750 2849 5812">
     <span class='ocr_line' id='line_1_119' title="bbox 1990 5750 2849 5812; baseline 0.007 -14"><span class='ocrx_word' id='word_1_976' title='bbox 1990 5754 2217 5803; x_wconf 84' lang='lat' dir='ltr'><strong>omnibus</strong></span> <span class='ocrx_word' id='word_1_977' title='bbox 2236 5750 2493 5812; x_wconf 60' lang='lat' dir='ltr'><strong>habentur.</strong></span> <span class='ocrx_word' id='word_1_978' title='bbox 2584 5806 2595 5812; x_wconf 92' lang='lat'>_</span> <span class='ocrx_word' id='word_1_979' title='bbox 2758 5802 2769 5812; x_wconf 78' lang='grc'><strong><em>,</em></strong></span> <span class='ocrx_word' id='word_1_980' title='bbox 2842 5802 2849 5812; x_wconf 87' lang='grc'><em>,</em></span> 
     </span>
    </p>
   </div>
   <div class='ocr_carea' id='block_1_120' title="bbox 2059 5798 3183 5873">
    <p class='ocr_par' dir='ltr' id='par_1_120' title="bbox 2059 5798 3183 5873">
     <span class='ocr_line' id='line_1_120' title="bbox 2059 5798 3183 5873; baseline -0.014 -10"><span class='ocrx_word' id='word_1_981' title='bbox 2059 5798 2079 5845; x_wconf 62' lang='lat'><strong><em>5</em></strong></span> <span class='ocrx_word' id='word_1_982' title='bbox 2110 5798 2225 5873; x_wconf 43' lang='lat' dir='ltr'><strong>alii,</strong></span> <span class='ocrx_word' id='word_1_983' title='bbox 2250 5798 2298 5862; x_wconf 79' lang='lat' dir='ltr'><strong>iit</strong></span> <span class='ocrx_word' id='word_1_984' title='bbox 2322 5806 2730 5873; x_wconf 80' lang='lat' dir='ltr'><strong>purticipationcttt</strong></span> <span class='ocrx_word' id='word_1_985' title='bbox 2753 5802 2895 5865; x_wconf 72' lang='lat' dir='ltr'><strong>lucis;</strong></span> <span class='ocrx_word' id='word_1_986' title='bbox 2916 5814 3011 5853; x_wconf 84' lang='lat' dir='ltr'><strong>non</strong></span> <span class='ocrx_word' id='word_1_987' title='bbox 3036 5798 3183 5865; x_wconf 71' lang='lat' dir='ltr'><strong>male.</strong></span> 
     </span>
    </p>
   </div>
  </div>
