4094 6466
588 427 695 485 519

585 537 732 591 enim
762 535 827 589 ad
854 534 1086 587 virorum
1114 525 1472 583 maturitatem
1513 519 1854 593 pervenimus
1881 529 1898 569 :
1925 527 2045 570 cum
2070 525 2165 566 au-

538 698 540 700 ,
593 643 697 684 tem
731 624 1162 696 perveneiimus,
1192 614 1550 686 intelligemus
1578 613 1694 668 huic
1720 609 1893 664 omnia
1941 603 2164 675 puerilia

590 737 730 778 esse.
761 719 891 774 Nam
919 727 973 772 et
997 716 1084 770 illa
1119 710 1331 784 quando
1356 710 1452 762 viri
1494 717 1677 760 sumus
1714 699 2020 762 irridemus,
2047 709 2166 763 qua:

591 827 710 866 cum
761 808 912 879 pueri
963 821 1200 862 esserxius
1252 800 1565 872 putabamus
1614 791 1836 860 alicujus
1882 803 2001 843 esse
2045 800 2168 856 αωο-

591 877 798 961 menti—2
830 901 989 955 testas
1015 907 1067 950 et
1095 897 1256 947 lutum
1285 897 1599 959 a'ggerentes
1622 927 1638 951 ,
1669 899 1774 938 non
1803 881 1978 935 minus
2002 877 2164 930 altum

593 985 964 1062 sapiebamus,
994 989 1148 1054 quam
1191 983 1224 1035 ii
1269 982 1356 1051 qui
1399 993 1584 1047 magna
1634 982 1782 1043 septa
1831 975 2165 1026 construunt.

597 1059 788 1138 verum
821 1079 934 1134 huic
958 1076 1136 1131 statim
1165 1079 1389 1144 pereunt
1413 1078 1468 1123 et
1506 1065 1704 1123 cadunt
1725 1105 1738 1127 ,
1768 1075 1940 1131 neque
1966 1059 2008 1112 si
2054 1067 2165 1111 sta-

596 1182 710 1228 rent
737 1213 752 1234 ,
781 1168 932 1222 nobis
961 1165 1107 1219 utilia
1136 1169 1315 1216 essent
1338 1200 1353 1223 ,
1381 1153 1828 1226 quemadmodum
1857 1163 2028 1218 neque
2065 1145 2167 1200 illae

595 1261 738 1316 aedes
773 1257 1080 1327 splendidae.
1121 1252 1251 1307 Nam
1307 1251 1412 1303 illa:
1454 1247 1569 1303 caeli
1616 1246 1788 1301 civem
1827 1254 2017 1308 capere
2063 1251 2165 1290 non

563 1345 566 1348 ’
596 1359 831 1420 possent.
863 1361 1033 1415 neque
1058 1346 1108 1397 in
1141 1343 1244 1396 illis
1274 1340 1514 1394 habitare
1535 1338 1840 1404 dignaretur
1863 1331 1948 1402 qui
1979 1339 2167 1396 snper-

596 1418 717 1494 nam
745 1437 948 1492 obtinet
979 1433 1201 1504 patriam
1225 1450 1238 1484 :
1263 1445 1445 1486 verum
1488 1437 1544 1480 ut
1574 1442 1668 1479 nos
1695 1423 1916 1492 pedibus
1938 1418 2166 1487 puerilia

597 1529 681 1582 illa
705 1527 1047 1589 destruimus,
1066 1521 1248 1576 sicille
1276 1521 1454 1573 animo
1473 1518 1601 1572 ialcs
1626 1514 1767 1569 mdes
1795 1513 2070 1566 subvertit.
2101 1507 2170 1560 Et

595 1615 1038 1688 quemadmodum
1068 1627 1193 1677 nos,
1224 1611 1349 1663 dum
1380 1609 1525 1676 pueri
1549 1607 1614 1659 de
1645 1607 1792 1658 ruina
1825 1602 2066 1672 plorant,
2101 1599 2172 1651 ri-

596 1709 782 1763 demus
807 1724 820 1759 :
842 1707 917 1758 sic
936 1711 991 1758 et
1010 1703 1116 1766 isti,
1144 1699 1294 1754 nobis
1318 1699 1385 1752 de
1409 1694 1754 1751 subversione
1781 1690 2124 1747 intercutibus
2150 1727 2166 1752 ,

598 1815 700 1853 non
725 1797 998 1850 modonon
1020 1794 1211 1856 rident,
1238 1791 1330 1846 sed
1353 1791 1509 1844 etiam
1536 1788 1742 1858 plorant
1766 1802 1780 1839 :
1803 1783 2051 1855 quoniam
2079 1797 2172 1836 eo-

599 1905 714 1943 rum
741 1890 941 1940 viseera
963 1883 1422 1939 commiseratione
1451 1882 1602 1949 plena
1629 1887 1772 1940 sunt,
1801 1891 1862 1929 ac
1889 1875 2008 1944 quia
2036 1871 2171 1926 mul-

593 1989 710 2030 tum
743 1976 893 2028 nobis
923 1973 1042 2027 inde
1069 1975 1235 2026 oritur
1259 1972 1654 2026 detrimentum.
1685 1967 1860 2022 Simus
1889 1978 2017 2033 ergo
2049 1962 2166 2017 viri.

601 2064 882 2134 Usquequo
908 2064 1050 2116 humi
1092 2075 1370 2132 sei-pemus
1395 2101 1409 2123 ,
1444 2061 1495 2111 in
1523 2056 1781 2126 lapidibus
1807 2063 1857 2108 et
1903 2052 2056 2120 lignis
2096 2050 2172 2102 al-

599 2163 707 2206 tum
738 2152 1039 2220 sapientes?
1066 2165 1339 2220 uSquequo
1368 2148 1605 2203 ludemus
1624 2146 1648 2199 ?
1669 2150 1837 2214 Atque
1865 2143 2058 2196 utinam
2083 2156 2170 2194 so-

601 2245 705 2296 lum
735 2242 1032 2296 ludereinus
1059 2259 1072 2294 :
1097 2255 1234 2294 nunc
1261 2249 1437 2293 autem
1468 2247 1704 2291 nostrum
1734 2234 2006 2306 prodimus
2030 2232 2172 2284 salu-

603 2344 746 2399 tem;
784 2349 845 2386 ac
871 2329 1312 2401 quemadmodum
1345 2329 1521 2397 pueri,
1546 2343 1663 2380 cum
1706 2323 1958 2394 neglectis
2006 2321 2172 2374 literis

599 2427 651 2480 in
685 2425 764 2477 his
794 2425 928 2478 ludis
958 2425 1121 2476 otium
1148 2429 1497 2484 consumunt,
1525 2417 1822 2471 durissimis
1863 2412 2174 2467 verberibus

601 2517 905 2585 subiacent:
930 2515 1006 2568 sic
1030 2523 1084 2567 et
1104 2526 1201 2566 nos
1228 2512 1313 2579 qui
1346 2515 1396 2564 in
1429 2509 1509 2562 his
1534 2516 1699 2561 totum
1724 2504 1955 2559 studium
1983 2516 2175 2555 consu-

603 2610 828 2669 mimus,
859 2621 978 2660 cum
1018 2621 1049 2658 a
1091 2605 1242 2657 nobis
1270 2602 1666 2670 disciplinarum
1711 2595 1846 2650 ratio
1885 2609 1978 2663 per
2014 2607 2173 2660 opera

603 2705 841 2767 exigetur
868 2738 880 2758 ,
912 2698 1032 2766 quia
1079 2695 1300 2748 reddere
1346 2693 1465 2750 non
1505 2689 1794 2758 poterimus
1824 2729 1837 2750 ,
1877 2695 2172 2740 extremum

602 2789 807 2842 luemus
831 2786 1163 2855 supplicium.
1186 2783 1457 2850 Nemoque
1477 2782 1577 2833 erit
1605 2780 1690 2847 qui
1719 2777 1939 2839 liberet,
1968 2771 2174 2826 etiamsi

605 2889 750 2948 pater
776 2921 789 2941 ,
812 2878 1016 2932 etiamsi
1059 2875 1222 2928 frater
1245 2863 1340 2927 vel
1359 2872 1531 2937 quixis
1556 2872 1710 2922 alius.
1736 2867 1838 2921 Sed
1863 2869 1975 2919 hanc
2000 2866 2175 2917 omnia

603 2970 926 3028 abst-edent,
980 2981 1132 3034 poena
1185 2974 1362 3017 autem
1416 2977 1481 3015 cx
1530 2961 1631 3015 illis
1686 2967 1832 3027 parta
1870 2965 2065 3008 mterna
2116 2966 2179 3004 ac

603 3071 854 3132 perpetua
909 3056 1254 3116 maneliitzid
1310 3054 1445 3123 quod
1504 3053 1660 3107 etiam
1713 3048 1890 3119 pueris
1940 3044 2176 3108 accidit,

602 3153 669 3206 ob
697 3164 923 3219 quorum
954 3147 1324 3216 negligentiam
1355 3153 1532 3213 patres
1556 3145 1570 3172 ι
1605 3140 1799 3193 ludicra
1831 3137 1918 3189 illa
1957 3133 2176 3203 puerilia

601 3240 666 3295 de
719 3239 892 3293 medio
943 3237 1440 3304 tollunt,ipsosquc
1495 3232 1560 3284 ad
1615 3228 1854 3283 assiduas
1913 3227 2176 3296 lacrynias

603 3331 941 3400 compellunt.
974 3328 1043 3384 Ut
1086 3338 1263 3381 autem
1308 3327 1480 3379 discus
1527 3324 1595 3377 ita
1626 3337 1734 3375 rem
1768 3335 1824 3373 se
1867 3317 2062 3370 habere
2087 3333 2099 3368 :
2125 3313 2175 3370 id

603 3423 741 3492 quod
795 3421 1022 3474 maxime
1070 3417 1242 3470 studia
1289 3416 1557 3467 hominum
1619 3425 1878 3478 oceuparc
1931 3407 2176 3473 videtur,

605 3524 799 3578 nempe
837 3508 1065 3569 divitias,
1098 3505 1149 3558 in
1181 3503 1408 3557 medium
1439 3501 1782 3562 adducamus,
1823 3498 2053 3567 ipsisque
2077 3511 2172 3563 op-

604 3614 856 3666 ponamus
876 3609 1258 3667 quamcumque
1273 3593 1500 3647 volneris
1516 3593 1674 3644 animi
1694 3591 1958 3655 virtutem,
1982 3599 2035 3643 et
2053 3598 2179 3642 tunc

607 3691 834 3744 maxime
860 3703 1040 3742 earum
1068 3686 1320 3740 vilitatem
1350 3686 1626 3753 agniturus
1655 3697 1733 3737 es.
1763 3682 2026 3735 Ponamus
2051 3694 2178 3748 ergo

603 3781 737 3834 duos
772 3793 890 3833 esse
923 3778 1200 3839 homines;
1232 3776 1453 3828 necdum
1485 3773 1674 3840 loquar
1705 3773 1771 3826 de
1795 3772 2015 3825 avaritia
2036 3812 2051 3837 ,
2083 3772 2176 3825 sed

603 3873 669 3925 de
694 3870 892 3924 divitiis
918 3873 1057 3937 juste
1079 3868 1274 3938 partis:
1297 3882 1363 3920 ex
1387 3867 1530 3923 hisce
1558 3865 1762 3919 duobus
1789 3863 1922 3917 alius
1951 3877 2176 3930 congre-

603 3973 690 4033 get
713 3963 923 4016 divitias
949 4003 962 4026 ,
993 3976 1139 4014 mare
1163 3961 1384 4014 navibus
1412 3968 1699 4024 transmeet
1725 3998 1737 4020 ,
1773 3965 1962 4011 terram
1991 3955 2169 4018 colat,

604 4056 900 4120 multosque
930 4051 1062 4106 alios
1091 4047 1460 4118 negotiationis
1486 4048 1670 4102 modos
1693 4048 1941 4111 inveniat;
1969 4046 2173 4101 etiamsi

605 4148 834 4198 nesciam
858 4151 1034 4195 utrum
1066 4139 1180 4192 bam
1207 4138 1410 4193 faciens
1436 4139 1603 4206 possit
1627 4139 1766 4204 jnste
1788 4140 1978 4190 lucrari
2006 4152 2020 4197 ;
2049 4146 2177 4189 atta-

605 4250 726 4289 men
783 4244 1140 4300 supponamus
1185 4231 1299 4283 haec
1344 4228 1488 4280 lucra
1539 4228 1770 4295 legitima
1819 4242 1938 4280 esse
1972 4244 1984 4277 :
2023 4240 2177 4294 agros

603 4334 762 4387 emat,
791 4338 993 4386 servos,
1029 4331 1082 4376 et
1102 4322 1290 4376 similia
1324 4321 1505 4385 multa,
1537 4321 1784 4388 nullaque
1813 4321 1878 4373 sit
1909 4320 1959 4372 in
1986 4319 2067 4372 his
2095 4311 2192 4373 re?

608 4419 709 4469 bus
739 4412 989 4482 injustitia
1013 4427 1027 4464 :
1049 4413 1182 4465 alter
1209 4424 1336 4464 vero
1377 4424 1527 4478 :eque
1556 4409 1738 4471 dives,
1771 4411 1962 4464 vendat
1987 4409 2177 4464 domos

605 4515 661 4562 et
677 4521 798 4560 vasa
824 4519 982 4558 aurea
1003 4512 1374 4573 argenteaque,
1396 4501 1575 4571 egenis
1591 4501 1862 4571 largiatur,
1883 4517 2176 4571 pauperes-

604 4614 707 4670 que
735 4597 928 4662 foveat,
957 4610 1126 4665 aegros
1151 4603 1320 4660 curet,
1347 4594 1400 4648 in
1422 4595 1734 4650 necessitate
1761 4596 1960 4666 positos
1983 4597 2172 4660 solvat,

604 4691 738 4745 alios
760 4703 790 4741 a
813 4687 1034 4742 vinculis
1053 4686 1248 4742 eximat
1265 4726 1283 4753 ,
1303 4684 1370 4741 ad
1397 4685 1607 4741 metalla
1639 4685 1914 4742 damnatos
1951 4687 2172 4755 liberet,

606 4781 797 4850 laqueo
843 4795 902 4834 se
941 4777 1326 4848 suspendentes
1371 4777 1588 4847 dejiciat
1613 4818 1629 4845 ,
1658 4778 1894 4847 captivos
1935 4794 1964 4833 a
2005 4781 2175 4849 panis

607 4873 813 4927 liberet.
857 4869 1020 4939 Cujus
1060 4885 1186 4940 ergo
1228 4869 1392 4941 partis
1434 4883 1556 4925 esse
1597 4869 1886 4924 mavultis?
1934 4869 2173 4925 Nondum

607 4976 783 5020 tamen
809 4964 875 5019 de
899 4964 1085 5019 futuris
1103 5003 1119 5027 ,
1149 4962 1243 5018 sed
1272 4961 1339 5017 de
1366 4962 1717 5032 praesentibus
1742 4962 1942 5032 loquuti
1971 4979 2172 5017 sumus.

605 5056 772 5122 Quam
812 5055 968 5124 igitur
1025 5064 1224 5124 partem
1262 5053 1509 5122 amplecti
1550 5053 1840 5108 mavultis?
1867 5057 1948 5107 An
1991 5069 2172 5108 aurum

605 5144 975 5214 congregantis
997 5185 1013 5209 ,
1043 5158 1111 5197 an
1154 5143 1378 5197 aliorum
1421 5142 1746 5199 calamitates
1786 5144 2037 5199 solventis
2059 5147 2082 5197 Υ
2108 5163 2173 5200 an

607 5249 766 5304 agros
789 5234 1014 5288 ementis
1033 5274 1048 5298 ,
1080 5247 1146 5287 an
1168 5234 1282 5302 ejus
1308 5233 1398 5304 qui
1426 5247 1546 5288 sese
1577 5245 1786 5303 portum
1821 5235 2052 5290 humano
2079 5253 2172 5306 ge-

609 5325 721 5379 neri
748 5323 1061 5378 constituit?
1087 5322 1200 5391 ejus
1225 5324 1314 5393 qui
1340 5323 1505 5378 multo
1531 5324 1889 5379 circumdatur
1911 5341 2041 5380 auro
2060 5369 2076 5394 ,
2107 5345 2174 5382 an

605 5417 722 5483 ejus
746 5416 834 5485 qui
859 5415 1004 5470 mille
1026 5415 1264 5470 laudibus
1284 5429 1568 5471 coronatur
1587 5417 1610 5471 ?
1629 5416 1708 5470 An
1740 5433 1840 5472 non
1865 5419 1947 5474 illc
1965 5421 2174 5489 quidem

607 5507 824 5573 angelus
848 5515 948 5569 est,
966 5505 1053 5574 qui
1075 5505 1141 5566 de
1163 5507 1296 5561 caelo
1323 5506 1391 5562 ad
1419 5518 1729 5563 cancrorum
1755 5512 2174 5567 emendationem

611 5596 916 5663 descendit,
947 5596 1032 5653 hic
1059 5614 1183 5654 vero
1213 5615 1318 5654 non
1346 5599 1581 5662 homini.
1624 5601 1716 5656 sed
1768 5619 1931 5672 puero
1969 5604 2176 5660 cuidam

673 5797 691 5826 ‘
729 5803 870 5855 Unus,
897 5801 1088 5859 propter
1108 5809 1310 5862 quorum
1331 5800 1592 5863 profectum
1605 5806 1784 5865 patres,
1811 5810 1897 5855 etc.

1318 405 1379 463 S.
1416 399 1693 462 JOANNIS
1715 393 2185 456 CHRYSOSTOMI
2225 392 2540 449 ARCIIIEP.
2578 387 3108 449 CONSTANTINOP.

3750 373 3858 430 5‘10

2269 504 2480 567 similis,
2510 504 2688 559 omnia
2717 501 2909 556 frustra
2940 496 3209 570 colligenti
3231 495 3253 550 ?
3272 491 3329 550 Si
3359 506 3485 548 vero
3518 492 3681 547 etiam
3709 494 3858 560 justo

2270 594 2522 666 pecunias
2548 593 2817 662 colligere,
2849 605 2936 645 res
2961 588 3097 643 adeo
3129 586 3347 642 ridicula
3386 595 3438 638 et
3466 594 3728 639 extremm
3756 581 3859 635 de-

2270 687 2483 741 mentiae
2510 693 2592 740 est
2615 700 2628 739 :
2652 681 2864 752 quando
2892 679 3010 750 quis
3039 693 3142 733 non
3168 678 3314 748 justc
3333 677 3551 746 miligit.
3582 671 3861 745 quomodo

2270 791 2376 830 non
2425 775 2662 828 omnium
2709 771 3042 826 miserrimus
3068 767 3341 824 fuerit?Si
3384 777 3562 821 autem
3593 778 3682 820 res
3724 762 3860 818 adeo

2270 866 2340 920 sit
2373 865 2612 930 ridicula,
2641 877 2761 918 cum
2794 861 2953 917 etiam
2981 859 3066 914 his
3088 857 3308 915 accedat
3335 867 3388 911 et
3413 857 3660 925 gehenna
3687 863 3747 910 et
3774 868 3861 907 rc-

2270 959 2357 1028 gui
2387 958 2625 1021 amissio,
2654 962 2784 1026 quot
2811 954 2901 1009 ille
2930 953 3177 1022 lacrymis
3208 950 3402 1021 dignus
3426 949 3583 1004 fuerit
3617 957 3677 1003 et
3703 947 3863 1002 virus

2272 1061 2327 1105 et
2353 1048 2628 1104 mortuus?

2345 1145 2431 1196 10.
2467 1141 2630 1208 Quam
2661 1148 2860 1209 praeter
2883 1137 2960 1190 vir
2988 1135 3192 1190 lanuuiis
3218 1135 3326 1187 viro
3353 1133 3544 1202 potenti
3569 1140 3616 1185 et
3647 1131 3860 1200 inﬂato.

2271 1263 2343 1276 —
2361 1231 2466 1286 Sed
2497 1231 2652 1283 aliam
2681 1244 2894 1298 quoque
2915 1269 2931 1292 ,
2962 1227 3006 1281 si
3034 1227 3114 1280 vis
3134 1265 3148 1288 ,
3180 1225 3389 1279 virtutis
3432 1232 3640 1294 partem
3668 1220 3861 1290 explo-

2274 1337 2474 1377 remus.
2506 1320 2712 1374 Rursus
2737 1319 2898 1370 alium
2929 1317 2979 1369 in
3011 1314 3242 1369 medium
3294 1328 3510 1384 agamus
3550 1311 3858 1373 hominem,

2275 1414 2325 1466 in
2353 1412 2582 1480 potentia
2605 1408 2968 1469 constitutum,
3000 1405 3247 1459 omnibus
3277 1405 3624 1474 imperantem
3647 1442 3661 1465 ,
3684 1400 3864 1470 digni-

2276 1512 2380 1559 tate
2407 1517 2596 1570 niagna
2637 1501 2924 1567 stipatum,
2957 1511 3256 1566 praeconem
3287 1494 3622 1563 splendidum
3656 1492 3865 1546 baben-

2277 1604 2402 1658 tem,
2433 1592 2661 1648 balteum
2694 1590 2816 1643 item
2845 1629 2859 1651 ,
2901 1589 3112 1642 lictores
3134 1627 3150 1653 ,
3203 1601 3556 1656 magnumque
3583 1584 3867 1639 clientium

2275 1699 2569 1739 numerum.
2607 1684 2796 1734 Annon
2826 1681 2926 1734 hoc
2952 1694 3194 1748 magnum
3231 1657 3438 1730 videtur
3463 1690 3584 1730 esse
3610 1685 3664 1729 et
3695 1674 3861 1727 felici-

2277 1788 2382 1830 tate
2411 1774 2661 1844 plenum?
2686 1775 2797 1842 Age
2817 1813 2829 1833 ,
2855 1781 2909 1826 et
2937 1771 3010 1824 illi
3039 1785 3247 1824 rursum
3270 1783 3600 1839 apponamns
3629 1768 3862 1821 alterum

2277 1867 2561 1936 patientem
2587 1906 2600 1929 ,
2635 1864 2839 1923 mitem,
2886 1861 3137 1915 humilem
3159 1900 3177 1926 ,
3209 1867 3264 1913 et
3308 1860 3702 1929 magnanimum
3731 1872 3746 1907 :
3778 1858 3867 1912 hic

2279 1972 2404 2011 vero
2449 1956 2652 2024 injuriis
2704 1955 3009 2023 impetatur.
3054 1952 3304 2020 vapulet,
3331 1960 3386 2006 et
3439 1951 3552 2004 haec
3597 1949 3866 2020 patienter

2277 2050 2425 2111 ferat,
2452 2058 2608 2116 atque
2636 2045 2748 2100 hzec
2783 2044 3130 2100 inferentibus
3155 2042 3450 2098 benedicat.
3478 2042 3632 2106 Uter,
3656 2056 3863 2111 qumso,

2277 2136 2531 2191 mirabilis
2551 2177 2567 2201 ,
2597 2137 2756 2190 illene
2804 2135 3014 2188 inﬂatus
3037 2143 3090 2189 et
3116 2145 3327 2188 tumens
3348 2176 3363 2199 ,
3397 2148 3463 2186 an
3495 2131 3582 2186 hic
3612 2133 3685 2186 ita
3712 2131 3862 2201 deje-

2275 2231 2434 2286 ctus?
2466 2232 2653 2282 Annon
2707 2228 2792 2282 hic
2844 2227 3030 2280 similis
3059 2235 3142 2280 est
3187 2225 3490 2280 cazlestibus
3532 2223 3820 2277 virtutibus
3847 2265 3860 2286 ,

2275 2339 2394 2392 qua:
2419 2322 2570 2375 nullo
2599 2320 2760 2374 animi
2808 2330 2951 2373 motu
2998 2319 3309 2380 turbantur,
3338 2317 3427 2372 ille
3466 2326 3643 2369 autem
3668 2316 3863 2370 vesica

2279 2413 2494 2478 inflatae,
2521 2422 2613 2465 aut
2639 2411 2836 2464 homini
2889 2409 3213 2479 hydropico,
3263 2417 3424 2476 atque
3449 2405 3735 2460 admodum
3777 2415 3864 2458 tu-

2279 2501 2483 2556 menti?
2514 2516 2690 2554 nonne
2718 2499 2802 2552 liic
2827 2498 3034 2552 medico
3064 2497 3324 2566 spirituali
3351 2537 3365 2559 ,
3396 2496 3485 2551 ille
3520 2506 3696 2551 autem
3730 2509 3863 2564 pue-

2283 2609 2342 2648 ro
2389 2594 2608 2648 huccam
2653 2592 2851 2644 inilanti
2879 2601 2932 2644 et
2982 2589 3240 2643 ridiculo?
3266 2590 3373 2643 Cur
3419 2589 3582 2642 altum
3613 2589 3791 2657 sapis,
3831 2603 3865 2641 ο

2281 2685 2482 2740 homo?
2511 2701 2576 2739 an
2610 2685 2753 2755 quod
2782 2685 3022 2739 sublimis
3064 2685 3121 2737 in.
3147 2699 3304 2738 curru
3334 2681 3585 2737 veheris?
3621 2697 3689 2735 an
3717 2681 3860 2751 quod

2282 2787 2333 2831 te
2365 2778 2523 2832 trahit
2553 2779 2821 2833 mulorum
2860 2779 3085 2847 jugum?
3130 2777 3330 2847 Ecquid
3373 2776 3512 2830 hoc?
3543 2775 3775 2844 ldipsum
3809 2776 3861 2829 in

2282 2871 2437 2940 lignis
2466 2880 2521 2925 et
2544 2873 2596 2924 in
2618 2871 2759 2924 saxis
2781 2871 2960 2923 videre
2981 2880 3080 2923 est.
3108 2871 3185 2922 An
3223 2869 3342 2938 quia
3385 2867 3665 2937 magniﬁco
3695 2865 3866 2936 fung

2283 2962 2507 3016 vestitu?
2533 2961 2636 3016 Sed
2665 2962 2865 3030 respice
2894 2961 3038 3014 illum
3068 2961 3259 3013 virtute
3281 2959 3717 3024 vestimentorum
3749 2956 3866 3024 vice

2282 3056 2532 3109 amictum
2553 3094 2567 3113 ,
2595 3064 2649 3108 et
2682 3062 2731 3106 te
2761 3052 2961 3106 videbis
3005 3050 3154 3106 [ωηο
3178 3049 3388 3118 putrido
3415 3048 3643 3104 similem
3669 3090 3682 3108 ,
3714 3048 3864 3101 illum

2282 3163 2410 3201 vero
2435 3146 2610 3201 arbori
2641 3144 2915 3215 pulchrum
2946 3145 3206 3198 emitteuti
3247 3143 3494 3206 fructum,
3529 3143 3614 3210 qui
3642 3134 3864 3195 multam

2281 3237 2640 3307 spectantibus
2698 3235 2934 3288 laetitiam
2974 3234 3177 3288 afferat.
3210 3233 3287 3288 Tu
3345 3233 3558 3304 quidem
3602 3234 3864 3286 vermium

2280 3342 2458 3383 escam
2479 3329 2791 3382 circumfers
2811 3367 2827 3391 ,
2856 3337 3013 3396 atque
3042 3326 3324 3389 tinearum,
3352 3341 3491 3396 quat,
3520 3323 3563 3379 si
3596 3333 3865 3394 te-aggre-

2280 3419 2510 3483 diantur,
2541 3420 2648 3472 cito
2689 3427 2740 3471 te
2785 3417 2886 3471 hoc
2932 3417 3183 3470 nudatum
3216 3427 3403 3470 ornatu
3434 3416 3677 3470 reddent.
3727 3413 3864 3468 Nam

2281 3513 2679 3572 vestimentum,
2711 3523 2899 3562 aurum
2921 3518 2976 3562 et
3001 3517 3299 3576 argentum,
3330 3505 3471 3559 aliud
3497 3506 3709 3572 quidem
3737 3520 3862 3558 vcr-

2285 3600 2448 3653 mium
2499 3599 2599 3652 ﬁlis
2638 3606 2877 3662 constat,
2921 3597 3061 3651 aliud
3109 3606 3246 3651 terra
3289 3606 3344 3651 et
3394 3596 3562 3665 pulvis
3589 3605 3704 3658 est,
3760 3594 3864 3650 ite-

2285 3705 2508 3760 rumque
2538 3693 2675 3743 terra
2696 3731 2708 3751 ,
2742 3698 2795 3744 et
2826 3702 3079 3756 praeterea
3127 3688 3298 3752 nihil;
3329 3689 3419 3758 qui
3463 3695 3637 3741 autem
3669 3688 3862 3741 virtute

2282 3779 2479 3834 circum
2503 3787 2739 3842 ornatur,
2767 3779 2923 3832 talem
2955 3778 3114 3832 habet
3140 3787 3363 3842 vestem,
3386 3794 3543 3848 quam
3571 3794 3676 3830 non
3699 3777 3862 3831 modo

2282 3871 2418 3922 tinea
2441 3909 2456 3933 ,
2484 3868 2576 3922 scd
2625 3884 2691 3922 ne
2740 3871 2884 3922 mors
2914 3869 3128 3937 quidem
3159 3870 3269 3936 ipsa
3303 3869 3620 3923 labefactare
3646 3870 3854 3934 valeat;

2280 3973 2334 4014 et
2358 3962 2478 4029 jure
2503 3961 2715 4030 quidem
2746 3961 2955 4014 merito.
2989 3959 3170 4028 Neque
3206 3950 3346 4014 enim
3382 3962 3463 4014 ha:
3492 3962 3656 4015 animi
3689 3961 3858 4015 virtu-

2281 4061 2361 4106 tes
2397 4067 2461 4106 ex
2510 4061 2651 4105 terra
2683 4051 2958 4106 exordium
2999 4053 3015 4082 ¹
3060 4050 3290 4115 ducunt,
3339 4051 3434 4106 sed
3481 4063 3605 4107 sunt
3657 4051 3859 4107 fructus

2281 4143 2527 4211 Spiritus;
2561 4155 2887 4211 quapropter
2916 4144 3173 4197 vermium
3219 4145 3296 4197 ori
3338 4159 3442 4198 non
3477 4155 3656 4212 patent
3687 4164 3700 4198 :
3735 4161 3855 4200 nam

2284 4233 2335 4285 in
2369 4233 2500 4285 Caelo
2529 4233 2828 4302 hujusmodi
2878 4234 3192 4288 vestimenta
3222 4245 3500 4299 texuntur,
3531 4237 3617 4288 ubi
3657 4251 3754 4291 nec
3787 4237 3854 4290 ti-

2284 4340 2378 4376 nea
2401 4365 2414 4388 ,
2458 4340 2555 4377 nec
2586 4325 2800 4391 vermis,
2825 4340 2924 4378 nec
2948 4325 3144 4395 aliquid
3173 4325 3348 4380 simile
3377 4336 3477 4381 est.
3511 4326 3646 4392 Quid
3675 4329 3850 4398 igitur,

2282 4429 2460 4483 qumso
2484 4457 2498 4479 ,
2531 4415 2718 4469 melius
2738 4457 2751 4478 ,
2783 4415 2997 4469 divitem
3023 4457 3038 4480 ,
3066 4434 3131 4469 an
3162 4431 3443 4486 pauperem
3475 4418 3633 4472 esse?
3659 4434 3723 4472 an
3761 4434 3854 4489 po-

2283 4514 2516 4568 tentem,
2547 4521 2612 4557 an
2644 4506 3014 4558 inhonoratum
3044 4507 3202 4560 esse?
3241 4507 3385 4561 lauta
3413 4506 3512 4562 frui
3543 4525 3722 4563 mensa
3744 4549 3761 4576 ,
3786 4527 3852 4565 an

2283 4593 2474 4648 famem
2501 4595 2773 4662 experiri?
2804 4596 3155 4652 Proculdubio
3179 4637 3193 4661 ,
3246 4598 3297 4651 in
3347 4597 3549 4654 honore
3573 4641 3589 4665 ,
3616 4601 3852 4668 deliciis,

2281 4677 2580 4755 divitiisque
2609 4689 2806 4742 vivere.
2839 4688 2891 4741 Si
2922 4704 3050 4758 ergo
3074 4704 3160 4743 res
3185 4690 3356 4758 ipsas,
3391 4705 3494 4744 non
3527 4694 3739 4747 nomina
3767 4710 3852 4749 ve.

2284 4776 2368 4837 lis,
2397 4785 2532 4828 terra
2561 4786 2717 4846 atque
2741 4777 2965 4831 terrenis
2986 4779 3202 4843 relictis,
3232 4779 3282 4832 in
3306 4781 3494 4834 caelum
3519 4791 3570 4836 te
3592 4786 3850 4839 transfer-

2281 4867 2540 4936 siquidem
2583 4870 3075 4936 przesentia‘iunbra
3121 4874 3585 4946 sunt‘,_illa.vero,
3635 4892 3724 4933 res
3751 4881 3849 4932 Im»

2283 4967 2439 5010 inotie
2459 4999 2473 5020 ,
2504 4958 2688 5022 firmae,
2713 4976 2834 5028 quae
2871 4976 2976 5014 non
3007 4963 3174 5031 abripi
3208 4965 3429 5033 possint.
3464 4965 3590 5021 Haec
3618 4983 3716 5023 nos
3753 4970 3852 5040 igi-

2286 5059 2369 5102 tur
2389 5065 2506 5102 cum
2538 5051 2712 5104 studio
2754 5052 3048 5121 deligamus
3071 5096 3084 5117 ,
3116 5066 3171 5108 ut
3195 5065 3250 5109 et
3288 5072 3318 5109 a
3360 5060 3584 5113 tumultu
3617 5076 3852 5131 prasen-

2284 5141 2410 5193 tiuni
2465 5156 2641 5194 rerum
2695 5143 3013 5209 liberemur,
3055 5153 3108 5200 et
3141 5144 3207 5199 ad
3255 5150 3590 5218 tranquillum
3644 5164 3850 5221 portum

2281 5234 2605 5302 appellentes
2625 5277 2640 5297 ,
2668 5252 2784 5290 cum
2815 5238 2997 5292 multis
3015 5238 3237 5292 sarcinis
3257 5249 3311 5294 et
3335 5241 3683 5298 inelfahilibus
3710 5246 3852 5301 elec-

2284 5339 2520 5395 mosyna:
2559 5325 2747 5396 opibus
2793 5327 2900 5382 illic
2959 5344 3310 5398 appareamus
3354 5348 3368 5384 :
3411 5333 3606 5402 quibus
3655 5338 3853 5392 utinam

2283 5430 2467 5470 omnes
2499 5416 2636 5484 pleni
2665 5417 2731 5470 ad
2758 5417 3080 5474 horrendum
3105 5420 3334 5477 tribunal
3355 5423 3565 5480 adducti
3585 5465 3600 5488 ,
3631 5441 3853 5497 regnum

2283 5505 2533 5559 canorum
2559 5521 2947 5576 consequamur
2970 5511 3138 5580 gratia
3167 5522 3222 5566 et
3245 5512 3612 5570 misericordia
3645 5517 3856 5576 Domini

2282 5598 2448 5653 nostri
2474 5598 2601 5654 Jesu
2625 5601 2818 5656 Christi
2842 5643 2857 5667 ,
2887 5604 2970 5658 cui
2996 5603 3163 5675 gloria
3191 5613 3249 5660 et
3274 5604 3555 5678 imperium
3581 5607 3636 5664 in
3666 5613 3858 5670 sacula

2284 5692 2619 5749 stet-.ulorum.
2650 5695 2842 5749 Amen.

2350 5804 2368 5836 ³
2401 5803 2614 5868 Quidam,
2635 5804 2884 5868 erigimur.
