4094 6480
337 422 431 475 321

358 422 431 475 ςιξι
1324 414 1389 470 Ν
1426 410 1834 474 ΜΑἸἽἪΑΞΒΜ
1876 416 1913 472 ll

2023 416 2103 472 IL.
2153 416 2319 471 XXIV
2380 420 2450 473 al.
2495 416 2657 472 XXV.

3520 417 3626 472 τιέξ

345 598 3625 625 Wm—

1452 689 1799 750 HOMILIA
1847 689 2084 749 XXIV.
2122 690 2206 751 al.
2256 691 2462 752 XXV.

325 885 457 945 CAP.
491 886 545 940 7.
579 900 627 936 ν.
665 884 713 937 l.
748 882 868 937 Non
904 882 1067 935 omnis
1095 881 1180 951 qui
1218 880 1337 932 dicit
1368 878 1511 941 mihi,
1547 875 1782 933 Domine.
1810 871 1918 925 Do-

402 979 571 1040 mine,
617 974 820 1027 intrabit
862 977 915 1027 in
957 989 1167 1043 regnum
1210 972 1447 1024 ctrlorum
1474 1010 1487 1028 ,
1532 968 1621 1022 sed
1666 967 1751 1036 qui
1796 966 1919 1037 facit

404 1066 709 1120 voluntatem
748 1062 923 1117 Patris
952 1063 1051 1115 mei
1078 1062 1165 1133 qui
1190 1062 1241 1113 in
1267 1061 1402 1112 cteiis
1431 1068 1503 1112 εδδ

404 1160 451 1212 1-
496 1156 617 1210 Non
645 1157 750 1208 alia
796 1154 953 1219 Filii,
981 1154 1087 1205 alia
1136 1150 1309 1205 Patris
1350 1151 1605 1205 voluntas.
1641 1148 1919 1219 Signornm

327 1250 555 1317 Operatio
582 1247 691 1299 sine
718 1244 1054 1301 virtutenihil
1077 1243 1282 1311 prodest
1302 1242 1553 1309 aperanti.
1582 1271 1652 1280 ——
1675 1240 1785 1294 Cur
1809 1255 1913 1292 non

326 1340 492 1404 dixit,
520 1337 628 1394 Sed
661 1338 747 1407 qui
782 1337 904 1391 facit
927 1336 1254 1389 voluntatem
1288 1333 1499 1387 meum?
1530 1332 1663 1397 Quia
1703 1330 1805 1385 hoc
1839 1331 1920 1382 in-

330 1433 483 1486 terim
534 1440 779 1499 poterant
824 1428 1080 1482 libentius
1110 1426 1369 1495 accipere.
1423 1424 1555 1477 Illud
1598 1424 1740 1477 enim
1793 1437 1914 1490 per—

330 1538 490 1590 pensa
548 1521 755 1575 illorum
813 1518 1118 1573 inﬁrmitate
1163 1526 1289 1570 tunc
1337 1530 1586 1584 maguum
1628 1512 1914 1566 admodum

304 1622 461 1665 erat.
494 1611 741 1679 Alioquin
772 1625 894 1663 vero
928 1625 1019 1677 per
1048 1609 1175 1662 illud
1208 1608 1308 1661 hoc
1340 1608 1508 1675 ipsum
1540 1606 1700 1659 etiam
1726 1605 1912 1658 subin-

324 1703 541 1757 dieavit.
572 1701 651 1756 Ad
682 1702 795 1754 hzrc
820 1709 1000 1754 autem
1036 1698 1162 1754 illud
1194 1700 1413 1767 insuper
1447 1696 1732 1752 dicendum
1758 1740 1773 1759 ,
1808 1711 1912 1749 non

326 1808 448 1849 esse
495 1794 650 1846 aliam
690 1791 806 1846 Filii
834 1834 848 1853 ,
880 1792 1039 1846 aliam
1068 1791 1240 1845 Patris
1262 1792 1611 1843 voluntatem.
1648 1788 1742 1843 llic
1784 1803 1913 1841 vero

324 1884 455 1937 mihi
509 1884 740 1937 maxime
789 1882 995 1937 videtur
1036 1882 1250 1937 Juda'os
1295 1882 1680 1952 perstringere,
1724 1881 1813 1948 qui
1862 1881 1912 1934 in

321 1974 657 2041 dogmatibus
704 1988 965 2026 summam
1008 1988 1185 2038 rerum
1221 1973 1527 2037 ponebant,
1561 1987 1658 2025 nec
1697 1972 1765 2025 de
1807 1972 1914 2024 vita

324 2066 491 2134 probe
520 2065 722 2134 agenda
744 2066 1021 2118 curabant.
1055 2064 1180 2119 Ideo
1206 2066 1322 2118 illos
1354 2066 1551 2118 Paulus
1570 2064 1810 2134 Coarguit
1834 2063 1915 2117 tli-

321 2168 451 2209 ccns
481 2172 493 2205 :
531 2154 659 2208 Ecce
688 2165 753 2207 tu
775 2152 994 2206 Judwtts
1036 2154 1408 2223 cognominaris
1428 2195 1441 2213 ,
1470 2166 1516 2207 et
1556 2155 1823 2219 requiescit:
1861 2154 1913 2206 in

321 2247 451 2315 tege,
482 2257 528 2299 et
553 2245 792 2315 gloriaris
821 2247 871 2298 in
899 2244 1023 2308 Deo,
1054 2256 1100 2299 et
1128 2246 1259 2299 nosti
1297 2248 1603 2299 voluntatem
1629 2248 1647 2318 (
1672 2245 1820 2301 llam.
1853 2248 1907 2301 2.

325 2337 412 2390 l7.
444 2336 556 2407 18).
586 2336 777 2390 Verum
810 2336 943 2391 nihil
966 2337 1055 2391 tibi
1078 2351 1142 2392 ex
1168 2336 1254 2390 illa
1284 2337 1521 2400 accedit,
1553 2338 1764 2403 quando
1792 2339 1911 2391 vine

320 2437 375 2481 ct
402 2442 619 2495 operum
660 2427 962 2496 exemplum
992 2444 1096 2482 non
1136 2428 1306 2481 adt-st.
1338 2428 1431 2483 Ille
1474 2439 1650 2482 autem
1682 2445 1785 2483 non
1826 2430 1912 2483 hic

319 2520 589 2584 substitit,
620 2521 873 2590 sedquod
907 2522 1075 2573 multo
1102 2522 1271 2585 majus
1297 2530 1412 2575 erat
1434 2521 1565 2575 dixit
1593 2540 1607 2576 :
1638 2522 1727 2575 22.
1760 2522 1911 2576 Multi

320 2611 451 2663 enim
480 2612 642 2664 dicent
672 2612 793 2663 mihi
822 2613 871 2663 in
910 2613 991 2665 die
1019 2612 1110 2665 illa
1134 2652 1149 2677 ,
1180 2611 1417 2675 Domine,
1465 2612 1701 2677 Domine,
1748 2631 1914 2667 nonne

319 2702 372 2753 in
402 2702 602 2753 nomine
636 2711 719 2753 tuo
758 2702 1207 2769 prmi/icturian
1251 2702 1363 2757 Non
1398 2704 1540 2757 enim
1588 2705 1759 2757 Solum
1782 2747 1796 2766 ,
1828 2706 1910 2758 in-

319 2792 466 2857 quit.
500 2793 588 2858 qui
634 2788 789 2846 ﬁdem
840 2793 1036 2856 habet,
1072 2794 1117 2846 si
1159 2794 1261 2845 vita
1306 2793 1633 2863 negligatur,
1675 2811 1739 2848 ex
1767 2795 1911 2849 caelis

319 2884 655 2946 excluditur;
684 2885 775 2939 sed
808 2887 1016 2939 etiamsi
1048 2901 1170 2939 cum
1212 2886 1313 2941 title
1350 2888 1511 2941 multa
1542 2888 1692 2957 signa
1724 2888 1912 2942 edide-

320 2975 427 3038 rit,
462 2990 559 3029 nec
580 2974 702 3029 boni
725 2976 991 3045 quidpiam
1023 2977 1239 3041 fecerit,
1266 2992 1294 3028 τι
1326 2979 1501 3032 sacris
1515 2978 1761 3033 similiter
1790 2971 1914 3048 por-

320 3068 386 3119 tis
415 3067 724 3135 repelletur.
758 3067 811 3122 31
819 3069 911 3121 ulti
937 3070 1067 3122 enim
1108 3070 1230 3122 milii
1250 3070 1418 3123 dicent
1457 3071 1510 3123 in
1537 3070 1618 3122 die
1646 3071 1769 3136 illa,
1804 3068 1909 3122 Do-

318 3162 473 3225 mine,
513 3159 760 3226 Domine,
809 3178 976 3215 nonne
1019 3163 1071 3215 in
1117 3163 1321 3217 nomine
1348 3173 1434 3216 tuo
1462 3164 1915 3235 prapltetavitnw.?

326 3247 511 3303 Viden'
538 3250 806 3320 quomodo
837 3266 959 3305 sese
1005 3253 1228 3306 latenter
1258 3263 1438 3321 postea
1472 3255 1627 3305 simul
1659 3254 1908 3320 inducat,

319 3350 597 3410 lmstqnam
629 3350 789 3395 totam
816 3342 1044 3397 absolvit
1072 3343 1408 3406 concionem,
1449 3359 1505 3397 se
1534 3359 1744 3413 quoque
1765 3343 1910 3411 judi-

317 3447 434 3486 cem
465 3433 735 3486 Ostendit?
780 3432 911 3487 Nam
943 3434 1082 3503 quod
1128 3434 1258 3487 ultio
1294 3445 1603 3503 peccatores
1653 3436 1717 3486 sit
1770 3435 1914 3487 inva-

318 3539 465 3587 snra,
495 3525 603 3591 jam
632 3526 779 3595 prius
807 3527 1148 3591 ostenderat:
1178 3527 1297 3596 quis
1321 3539 1499 3581 autem
1530 3528 1672 3595 ultor
1701 3528 1911 3582 futurus

316 3626 490 3680 esset,
516 3618 602 3671 hic
625 3618 840 3672 demum
872 3619 1110 3683 revelat;
1142 3634 1240 3674 nec
1266 3622 1408 3675 clare
1432 3620 1585 3682 dixit,
1621 3622 1733 3691 Ego
1754 3636 1871 3675 sum
1894 3637 1908 3681 ;

316 3719 433 3769 seu,
466 3707 622 3761 Multi
659 3710 824 3764 dicent
850 3710 996 3775 mihi,
1031 3711 1275 3779 idipsum.
1292 3726 1477 3765 rursus
1509 3712 1766 3765 indicans.
1800 3712 1910 3765 Nisi

317 3798 605 3867 cnimipse
630 3799 791 3868 judcx
824 3808 988 3867 esset,
1015 3801 1287 3869 quomodo
1314 3802 1538 3856 dixisset
1568 3803 1646 3855 eis
1680 3820 1691 3854 :
1719 3801 1811 3857 25.
1842 3800 1912 3854 Et

319 3901 442 3945 tunc
465 3892 740 3959 conﬁtebor
760 3893 846 3955 eis,
875 3891 1129 3946 Discedite
1155 3910 1187 3945 a
1207 3909 1305 3957 me,
1334 3910 1609 3962 numquam
1649 3896 1763 3947 novi
1784 3893 1913 3948 vos?

318 3981 435 4036 Non
467 3980 640 4036 solum
688 3982 739 4036 in
767 3982 855 4037 die
880 3982 1063 4051 iudicii
1083 4024 1098 4049 ,
1126 3984 1220 4037 sed
1269 3998 1441 4054 neque
1464 3985 1625 4037 etiam
1654 3998 1774 4037 eum
1806 3983 1910 4037 mi-

321 4074 498 4128 raeula
529 4073 822 4129 edideritis.
858 4072 1089 4144 Ideoque
1134 4074 1410 4143 discipulis
1455 4073 1707 4128 dicebat:
1736 4072 1913 4127 Nolite

319 4168 539 4236 gaudere
556 4208 571 4233 ,
600 4167 719 4237 quia
747 4167 998 4221 dwmonia
1027 4168 1165 4222 vobis
1185 4168 1538 4238 subjiciuntur,
1562 4167 1653 4219 sed
1676 4167 1795 4236 quia
1820 4184 1913 4219 no—

320 4261 457 4313 mina
483 4269 645 4313 uestra
673 4260 860 4329 scripta
880 4269 998 4313 sunt
1024 4260 1077 4313 in
1108 4260 1243 4313 cortis
1265 4258 1413 4328 (an.
1442 4260 1527 4313 l0.
1560 4258 1678 4327 ΞΟ).
1713 4259 1771 4311 lit
1797 4258 1913 4310 ubi-

321 4364 427 4419 que
456 4350 675 4403 multam
700 4348 990 4419 jubetvitze
1016 4364 1198 4403 curam
1219 4364 1399 4419 agere.
1422 4348 1604 4418 Neque
1625 4348 1768 4402 enim
1798 4348 1910 4401 ﬁeri

326 4455 575 4509 utinquam
609 4447 807 4509 potest,
838 4450 893 4493 nt
930 4438 1093 4493 homo
1133 4451 1278 4494 recte
1307 4440 1466 4493 vitam
1509 4440 1793 4494 instituens
1814 4482 1829 4505 ,
1861 4450 1914 4491 et

322 4529 570 4583 omnibus
610 4529 775 4582 animi
824 4530 1023 4584 morbis
1069 4531 1323 4585 liberatus
1348 4572 1363 4594 ,
1405 4520 1775 4599 despiciatur;
1818 4529 1911 4585 sed

322 4617 423 4673 etsi
452 4620 738 4689 aliquando
767 4621 1067 4682 erraverit,
1096 4621 1204 4675 cito
1236 4622 1381 4674 illum
1410 4622 1549 4675 Deus
1572 4622 1638 4675 ad
1670 4623 1911 4676 notitiam

324 4710 567 4765 veritatis
596 4709 889 4780 pertrahet.
920 4708 1116 4763 Verum
1146 4709 1361 4777 quidam
1405 4721 1527 4765 sunt
1566 4712 1653 4780 qui
1684 4710 1867 4765 dicunt
1897 4754 1912 4777 ,

326 4804 471 4872 ipsos
519 4802 592 4855 ita
639 4802 839 4857 dixisse
882 4800 1225 4865 mentiendo,
1279 4801 1507 4871 ideoque
1550 4803 1775 4857 salutem
1806 4820 1913 4857 non

327 4907 448 4946 esse
473 4900 854 4961 consequutus.
904 4891 1043 4961 Ergo
1074 4899 1281 4953 contra,
1311 4906 1469 4959 quam
1510 4892 1752 4946 voluerat
1772 4934 1786 4955 ,
1817 4892 1913 4945 ad-

326 4984 505 5039 struit.
553 4981 680 5037 Illud
709 4985 906 5054 quippe
950 4984 1061 5036 vult
1099 4980 1187 5036 hic
1225 4982 1507 5037 Ostendere
1532 5025 1548 5047 ,
1576 4983 1733 5038 ﬁdem
1786 4983 1917 5038 nihil

328 5080 445 5129 sine
472 5074 726 5145 operibus
752 5076 949 5127 valere.
981 5073 1180 5128 Deinde
1220 5074 1271 5128 id
1298 5075 1615 5139 extendens,
1647 5076 1795 5146 signa
1826 5076 1919 5131 ad»

328 5166 499 5221 didit:
526 5166 815 5221 ostendens
856 5182 961 5219 non
1003 5164 1162 5218 modo
1194 5165 1347 5220 ﬁdem
1370 5210 1383 5232 ,
1428 5168 1521 5222 sed
1549 5170 1708 5223 etiam
1736 5171 1917 5238 signo-

331 5274 448 5313 rum
470 5260 830 5335 operationem
860 5258 1101 5326 opcranti
1125 5258 1381 5326 prodesse
1406 5259 1535 5313 nihil
1560 5261 1678 5315 sine
1705 5261 1918 5315 virtute.

334 5350 442 5404 Nisi
472 5358 649 5404 autem
702 5349 774 5402 illi
824 5348 973 5417 signa
1022 5348 1305 5413 iecissent,
1336 5350 1604 5420 quomodo
1634 5351 1746 5406 hare
1776 5362 1921 5406 stare

334 5440 436 5495 hoc
467 5443 586 5494 loco
618 5440 954 5507 potuissent?
980 5439 1228 5508 Alioquin
1274 5452 1451 5496 autem
1498 5458 1602 5496 non
1631 5444 1745 5497 ausi
1794 5442 1922 5496 fuis-

334 5541 474 5595 scnt,
504 5542 765 5599 praesente
791 5530 1011 5597 judicio,
1044 5532 1126 5585 his
1154 5532 1299 5585 illum
1338 5532 1555 5599 alloqui.
1590 5534 1705 5603 lpsa
1740 5545 1921 5590 autem

338 5625 637 5693 responsio,
664 5632 774 5675 tum
805 5623 967 5677 etiam
996 5623 1137 5693 quod
1166 5624 1265 5691 ipsi
1298 5624 1674 5693 interrogando
1701 5626 1925 5697 loquan-

339 5724 443 5778 tur,
478 5712 708 5767 ostendit
740 5712 884 5780 ipsos
912 5712 964 5765 id
1004 5728 1129 5768 vere
1158 5714 1368 5769 fecisse.
1405 5715 1541 5780 Quia.
1570 5717 1711 5770 enim
1734 5732 1926 5788 exspe-

340 5797 559 5855 ctationi
588 5812 699 5853 sua:
726 5802 1051 5858 contrarium
1103 5803 1263 5859 linem
1296 5820 1416 5863 esse
1442 5802 1729 5875 videbant,
1753 5818 1805 5864 et
1835 5813 1921 5865 lnc

2041 870 2300 926 mirabilia
2330 874 2591 943 pultando
2632 878 2945 947 conspicui,
2976 878 3082 935 illic
3129 894 3188 934 se
3218 880 3479 950 supplicio
3514 886 3634 955 ple-

2028 962 2250 1017 Clt‘lldOS
2295 966 2617 1030 cernebant,
2665 969 2947 1037 stupefacti
2994 980 3046 1024 et
3091 973 3349 1028 mirantes
3393 974 3628 1029 dicunt:

2031 1050 2267 1120 Domine,
2300 1054 2537 1122 Domine,
2572 1075 2737 1113 nonne
2756 1062 2808 1114 in
2834 1078 3038 1116 nonttne
3067 1073 3150 1116 tuo
3183 1066 3626 1134 prop/tetavimus.’

2026 1144 2296 1210 quomodo
2343 1162 2472 1217 ergo
2520 1164 2662 1204 nunc
2709 1166 2806 1205 nos
2850 1154 3161 1206 aversaris?
3205 1155 3332 1224 quid
3381 1157 3481 1211 sibi
3511 1160 3625 1212 vult

2028 1233 2425 1303 inexspectatus
2476 1239 2563 1293 ille
2608 1238 2767 1294 linis?
2812 1241 2917 1298 Sed
2967 1243 3042 1297 illi
3081 1245 3296 1314 quidem
3338 1249 3624 1308 mirantur.

2025 1323 2166 1393 quod
2199 1336 2317 1395 post
2362 1328 2486 1382 talia
2534 1330 2675 1385 edita
2722 1346 2885 1401 opera
2937 1334 3226 1403 puniantur
3256 1353 3271 1391 :
3299 1346 3353 1390 tu
3397 1353 3527 1393 vero
3553 1357 3623 1395 ne

2024 1416 2256 1471 mireris.
2298 1415 2487 1474 Omnis
2514 1422 2711 1491 quippe
2738 1424 2907 1491 gratia
2934 1440 2997 1479 ex
3026 1424 3206 1481 dantis
3237 1444 3463 1485 munere
3495 1446 3627 1501 pro-

2020 1506 2099 1560 dit
2130 1526 2141 1561 :
2170 1509 2244 1563 illi
2272 1525 2400 1565 vero
2426 1511 2557 1566 nihil
2590 1528 2619 1567 a
2647 1515 2839 1584 seipsis
2868 1501 3198 1586 attulerunt,
3237 1520 3467 1592 ideoque
3502 1524 3626 1592 jure

2020 1601 2283 1670 supplicio
2305 1605 2609 1673 traduntur,
2631 1622 2697 1661 eo
2718 1608 2857 1675 quod
2877 1624 3001 1679 erga
3022 1626 3143 1665 eum
3172 1612 3260 1681 qui
3284 1613 3360 1669 sic
3382 1614 3506 1670 illos
3525 1617 3625 1669 ho-

2022 1704 2323 1758 paraverat,
2349 1707 2407 1750 ut
2430 1697 2660 1768 indignis
2684 1700 2840 1755 talem
2870 1703 3095 1771 gratiam
3120 1705 3403 1773 tribueret,
3429 1708 3622 1779 ingrati

2022 1781 2237 1837 fuerint.
2276 1784 2385 1841 Cur
2418 1803 2567 1858 ergo,
2600 1790 2828 1859 inquies,
2866 1794 3128 1863 iniquitati
3160 1796 3351 1851 dantes
3376 1815 3620 1868 operam,

2021 1873 2141 1926 talia
2173 1875 2322 1944 signa
2348 1876 2579 1931 edebant
2596 1879 2619 1931 ?
2636 1878 2771 1934 Sunt
2790 1882 2878 1950 qui
2905 1882 3106 1951 dicant,
3122 1899 3217 1941 eos
3243 1902 3350 1956 quo
3377 1897 3620 1959 tempore

2022 1964 2273 2019 miracula
2299 1968 2596 2035 patrahant,
2618 1970 2798 2040 inique
2820 1988 2926 2026 non
2954 1975 3149 2045 egisse,
3173 1976 3267 2032 sed
3293 1990 3477 2047 postea
3496 1998 3621 2035 uin--

2021 2064 2178 2120 LthS,
2204 2058 2341 2111 mala
2362 2058 2522 2115 fuisse
2538 2062 3013 2129 operatos.Verum
3040 2066 3081 2119 si
3112 2066 3214 2122 hoc
3240 2068 3309 2121 ita
3326 2080 3487 2134 esset,
3511 2086 3620 2125 non

2021 2148 2201 2217 posset
2215 2160 2358 2206 stare
2375 2154 2659 2208 sententia.
2676 2154 2807 2209 Nam
2827 2156 2968 2224 quod
2986 2156 3232 2215 Christus
3248 2160 3621 2220 demonstrare

2019 2240 2249 2306 volebat,
2273 2241 2373 2297 hoc
2390 2254 2505 2298 erat
2522 2262 2534 2296 :
2553 2261 2726 2316 neque
2746 2247 2927 2314 fidem,
2948 2266 3121 2319 neque
3145 2252 3399 2308 miracula
3420 2256 3619 2318 valere,

2020 2335 2124 2386 vita
2154 2348 2261 2388 non
2283 2339 2688 2392 consentiente:
2717 2340 2860 2408 quod
2884 2351 2935 2395 et
2956 2341 3151 2396 Paulus
3171 2343 3408 2399 diccbat:
3436 2332 3496 2401 Si
3518 2346 3618 2401 ha-

2016 2423 2173 2476 buero
2198 2425 2372 2492 ﬁdem,
2392 2427 2461 2479 ita
2490 2438 2543 2478 ut
2574 2439 2765 2482 montes
2795 2432 3186 2502 transferam,et
3216 2452 3397 2489 novero
3426 2450 3618 2508 myste-

2018 2516 2095 2565 n'n
2121 2516 2311 2579 onmia,
2334 2525 2381 2568 et
2408 2532 2607 2570 onmem
2635 2520 2888 2585 notitiam,
2912 2524 3174 2576 caritatem
3197 2536 3365 2580 autem
3398 2545 3498 2580 non
3525 2531 3621 2581 htt-

2017 2607 2179 2671 beam,
2200 2607 2328 2661 nihil
2340 2624 2451 2660 sum
2474 2609 2549 2677 (l.
2573 2608 2691 2664 Cor.
2720 2610 2897 2682 l3.2).
2921 2612 3149 2680 Quinam
3178 2616 3358 2685 igitur,
3386 2619 3615 2686 inquies.

2018 2698 2100 2750 isti
2133 2700 2300 2752 sunt?
2325 2700 2475 2755 Multi
2508 2702 2840 2757 credentium
2882 2704 3021 2760 dona
3054 2720 3407 2775 acceperant;
3443 2710 3619 2779 qualis

2017 2798 2135 2841 erat
2163 2789 2271 2849 ille,
2300 2791 2389 2858 qui
2421 2806 2544 2845 cum
2570 2792 2741 2859 ipsum
2773 2808 2877 2847 non
2919 2808 3259 2865 sequeretur,
3291 2807 3479 2853 tamen
3506 2801 3616 2854 dico

2019 2878 2194 2930 monia
2224 2879 2467 2949 ejiciebat
2500 2898 2514 2945 ;
2544 2883 2717 2950 qualis
2745 2883 3043 2939 eratiudas
3072 2903 3084 2940 :
3120 2902 3239 2940 nam
3264 2886 3353 2943 hic
3378 2905 3614 2961 quoque,

2018 2987 2139 3024 cum
2174 2971 2347 3026 tnalus
2373 2984 2534 3030 esset.
2560 2974 2758 3029 donum
2790 2988 3092 3047 acceperat.
3123 2978 3371 3035 ln'vcteri
3402 2998 3620 3054 quoque

2021 3061 2135 3130 lege
2174 3063 2223 3115 id
2257 3064 2493 3131 reperire
2520 3076 2597 3120 est
2620 3106 2634 3129 ,
2660 3069 2887 3135 gratiam
2912 3084 3103 3138 nempe
3136 3071 3187 3123 in
3217 3071 3448 3141 indignis
3474 3088 3620 3143 swpe

2018 3164 2371 3221 operantem,
2421 3166 2473 3210 ut
2518 3157 2635 3211 aliis
2679 3158 2941 3214 beneﬁcia
2985 3162 3273 3217 conferret.
3308 3164 3441 3228 Quia
3471 3166 3617 3220 enim

2020 3261 2123 3297 non
2155 3261 2340 3300 (mines
2391 3247 2457 3298 ad
2505 3251 2682 3301 omnia
2737 3248 2913 3305 idonei
2942 3262 3131 3317 erant;
3164 3254 3255 3308 sed
3283 3254 3371 3308 alii
3401 3256 3616 3325 quidem

2018 3335 2179 3389 vitam
2211 3351 2392 3403 puram
2423 3338 2670 3406 agebant,
2702 3354 2877 3409 neque
2907 3351 3050 3395 tanta
3077 3341 3181 3397 ﬁde
3208 3345 3419 3412 praediti
3439 3356 3616 3411 erant,

2018 3426 2105 3478 alii
2139 3442 2265 3480 vero
2293 3441 2325 3480 e
2356 3428 2627 3482 contrario
2660 3447 2673 3482 :
2707 3439 2759 3483 et
2790 3429 2875 3484 his
2905 3432 3069 3485 utitur
3089 3473 3101 3496 ,
3130 3443 3186 3486 ut
3218 3434 3339 3489 illos
3365 3448 3617 3503 moneat,

2020 3524 2069 3567 ut
2105 3517 2324 3570 multum
2350 3517 2507 3572 iidem
2533 3518 2845 3586 exhibeant,
2870 3533 2926 3576 et
2950 3521 3070 3577 illos
3102 3540 3197 3592 per
3222 3524 3487 3582 ineffabile
3517 3527 3619 3585 hoc

2018 3608 2214 3660 donum
2245 3617 2466 3671 evocat,
2501 3618 2559 3662 ut
2589 3610 2841 3665 meliores
2869 3613 3119 3666 evadant.

2090 3698 2143 3751 2.
2178 3697 2410 3753 Potestas
2441 3702 2859 3763 supernaturalis.
2876 3704 2985 3757 sine
3014 3706 3194 3758 virtute
3224 3706 3429 3760 exitium
3457 3709 3614 3776 parit.

2033 3791 2239 3844 Virtutis
2267 3793 2636 3862 prwrogtttiror.
2665 3824 2725 3835 —-
2760 3794 2990 3865 Ideoque
3014 3798 3474 3854 alumdautissime
3490 3816 3617 3870 gra-

2020 3887 2145 3937 lium
2191 3884 2372 3937 dahat.
2426 3884 2663 3950 Virtutes,
2699 3887 2966 3955 inquiunt,
3016 3891 3205 3942 multus
3249 3892 3479 3960 fecimus.
3512 3892 3621 3947 Sed

2019 3975 2297 4043 conﬁtebor
2344 3977 2447 4029 illis
2492 3985 2640 4041 tunc,
2673 3975 2797 4029 Non
2832 3980 2946 4031 novi
2975 3994 3075 4032 vos.
3117 3979 3273 4035 Nunc
3312 3982 3526 4051 quidem
3559 3998 3620 4037 se

2018 4068 2217 4119 {lmlCOS
2262 4080 2411 4119 utens
2436 4082 2556 4120 8350-
2585 4077 2776 4135 ριιιτιηι
2801 4085 2815 4131 ;
2853 4079 2978 4122 tunc
3011 4086 3139 4124 vero
3178 4082 3506 4141 Cognosccnt
3532 4090 3621 4128 me

2023 4160 2127 4212 illis
2177 4174 2281 4212 non
2330 4170 2387 4212 ut
2439 4160 2626 4213 amicis
2669 4158 2897 4214 dedisse
2940 4161 3145 4231 Ecquid
3176 4165 3387 4217 miraris
3414 4165 3457 4217 si
3490 4167 3620 4218 viris

2019 4250 2235 4319 quidem
2264 4251 2315 4303 in
2346 4252 2519 4319 ipsum
2550 4252 2917 4306 credentibus.
2943 4254 3035 4307 sed
3068 4255 3231 4308 vitam
3262 4273 3369 4309 non
3411 4256 3586 4311 haben
3606 4287 3620 4297 -

2020 4343 2162 4396 tibus
2187 4357 2503 4406 consonam,
2528 4360 2747 4397 munera
2780 4345 2869 4397 illa
2898 4346 3064 4410 dedit,
3090 4349 3304 4416 quando
3326 4349 3376 4402 in
3404 4350 3469 4402 iis
3484 4366 3618 4418 quo-

2019 4449 2123 4503 que
2148 4434 2235 4503 qui
2261 4446 2486 4502 utroque
2518 4433 2827 4503 hujusmodi
2862 4440 3002 4489 bono
3031 4441 3182 4493 vacui
3210 4450 3383 4505 erant,
3413 4441 3620 4495 inveni-

2023 4535 2108 4578 tur
2132 4526 2429 4594 operatus?
2460 4525 2675 4580 Balaam
2701 4527 2899 4596 quippe
2922 4539 2978 4583 et
2998 4544 3034 4581 a'
3066 4530 3170 4586 llde
3199 4541 3253 4585 et
3279 4549 3308 4587 ει
3342 4534 3478 4589 bona
3510 4539 3616 4591 vita

2019 4618 2225 4671 alienus
2253 4627 2370 4670 erat
2405 4617 2423 4688 (
2459 4615 2619 4670 Num.
2650 4618 2721 4673 24
2748 4619 2808 4688 );
2856 4628 3091 4675 attamen
3119 4626 3286 4694 gratia
3328 4626 3379 4680 in
3417 4628 3513 4681 illo
3552 4631 3617 4683 ad

2021 4711 2245 4761 aliorum
2280 4723 2367 4762 res
2399 4709 2755 4775 providendas
2782 4723 3002 4779 operata
3030 4723 3131 4767 est.
3167 4714 3451 4788 Etiamque
3483 4720 3620 4774 Pha-

2021 4814 2115 4854 rao
2162 4802 2284 4853 talis
2308 4809 2462 4863 erat;
2493 4808 2543 4852 ct
2573 4808 2753 4854 tamen
2787 4801 2884 4870 ipsi
2923 4818 3136 4874 quoque
3166 4805 3339 4861 futura
3364 4814 3621 4865 ostendit.

2023 4893 2088 4945 Et
2134 4890 2648 4944 Nabm-hodonosori
2693 4894 3029 4961 iniquissimo
3074 4911 3135 4948 ea
3180 4913 3299 4963 qua:
3332 4913 3451 4968 post
3480 4905 3625 4954 nmi-

2026 4998 2105 5041 tas
2154 4987 2528 5059 generationes
2572 4986 2747 5041 futura
2797 4999 2951 5042 erant
2999 4990 3299 5064 rcvelavit(
3331 4992 3469 5047 Dan.
3516 4994 3553 5049 2
3582 4997 3623 5067 ).

2029 5079 2195 5147 Ipsius
2226 5094 2439 5149 quoque
2471 5077 2597 5141 lilio,
2628 5079 2719 5149 qui
2750 5088 2958 5149 patrem
2993 5081 3275 5150 iniquitate
3305 5086 3619 5153 superabat,

2028 5172 2200 5225 futura
2251 5170 2520 5231 ostendit:
2558 5171 2831 5224 mirabiles
2870 5186 3200 5241 magnasque
3241 5189 3328 5228 res
3384 5176 3453 5228 ita
3508 5179 3623 5232 dis-

2028 5277 2257 5332 pensans
2296 5263 2315 5331 (
2349 5261 2481 5314 Dan.
2511 5262 2600 5329 5).
2638 5261 2773 5330 Quia
2819 5262 2979 5330 igitur
3021 5264 3415 5332 prteiiicatiouis
3461 5283 3622 5321 evor-

2028 5352 2115 5405 dia
2139 5361 2248 5405 tum
2278 5360 2453 5416 erant,
2489 5344 2761 5422 multaque
2787 5354 3069 5422 oportebat
3109 5355 3225 5423 ejus
3256 5358 3509 5423 potentia:
3537 5376 3615 5412 ar-

2030 5452 2279 5512 gumenta
2310 5442 2634 5507 monstrari,
2663 5443 2814 5497 multi
2841 5460 2907 5498 ex
2932 5444 3273 5514 indignorum
3322 5451 3487 5502 etiam
3523 5466 3611 5502 nu-

2033 5550 2182 5588 mero
2210 5535 2348 5588 dona
2377 5534 2729 5603 accipiebant.
2759 5536 3099 5589 Attanicuilli
3119 5553 3186 5592 cx
3219 5538 3519 5594 istiusmodi
3549 5542 3613 5593 si-

2030 5631 2147 5698 gnis
2178 5627 2308 5681 nihil
2353 5625 2719 5692 lucrabantur,
2760 5627 2854 5681 scd
2890 5629 3049 5681 etiam
3096 5635 3329 5700 graviori
3364 5635 3625 5703 supplicio

2032 5722 2344 5791 puniuntur.
2399 5718 2628 5788 ltlquue
2679 5719 2819 5774 hanc
2865 5711 3161 5777 terribilem
3218 5740 3403 5779 vocem
3450 5728 3623 5780 emisit

2040 5809 2173 5881 ipsis
2200 5828 2211 5862 :
2244 5808 2538 5879 Numquam
2568 5811 2682 5863 novi
2711 5825 2814 5865 cos.
2869 5808 3066 5866 Multos
3114 5829 3258 5871 emm
3302 5814 3389 5871 hic
3421 5815 3621 5880 odit,et
