4094 6472
518 376 623 434 8ὶό

519 507 643 551 ante
669 491 922 563 iudicium
951 490 968 522 ¹
998 494 1294 543 aversatur.
1323 483 1630 538 Timeamus
1657 481 1853 549 itaque,
1886 475 2086 540 dilecti,

524 595 578 640 et
601 583 821 639 multam
850 577 1187 636 instituendae
1211 577 1332 630 vita:
1355 589 1537 628 curam
1564 571 1968 641 impendamus;
2000 585 2093 624 ne-

518 689 622 744 que
649 683 889 742 putemus
920 671 1096 725 minus
1123 685 1220 722 nos
1249 667 1463 728 habere,
1489 665 1610 734 quia
1641 665 1785 733 signa
1815 675 1956 716 nunc
1986 675 2090 714 non

521 765 766 821 facimus.
793 766 932 820 Nihil
960 767 1102 820 enim
1134 776 1382 831 umquam
1413 759 1645 828 amplius
1670 772 1732 812 ex
1756 756 1918 824 signis
1941 754 2093 808 nobis

459 844 461 846 ’
523 855 947 920 reddetur,sicut
970 853 1098 908 nihil
1123 853 1296 904 minus
1325 849 1544 918 ecquod
1570 849 1718 914 signa
1742 861 1846 899 non
1867 844 2089 899 edamus

523 945 564 997 si
595 946 871 1000 virtutibus
891 944 1135 998 omnibus
1157 945 1345 995 demus
1374 954 1611 1008 operam.
1631 937 1916 1006 Siguorum
1941 936 2092 1006 quip-

522 1054 589 1108 pe
621 1039 884 1092 debitores
913 1052 1017 1090 non
1036 1050 1240 1099 sumus,
1272 1047 1365 1100 pro
1393 1034 1529 1085 bona
1552 1041 1726 1082 autem
1752 1031 1856 1082 vita
1880 1038 1934 1082 et
1963 1042 2094 1096 ope-

523 1128 707 1191 ribus,
742 1127 904 1180 Deum
955 1126 1211 1180 habemus
1255 1124 1574 1177 debitorem.
1621 1119 1754 1188 Quia
1799 1119 1956 1187 igitur
2006 1117 2094 1171 ille

522 1227 708 1272 cuncta
742 1216 976 1286 perfecit.
1005 1225 1058 1269 et
1087 1215 1152 1269 de
1184 1216 1376 1268 virtute
1403 1211 1802 1265 accuratissime
1824 1209 2090 1270 disseruit,

523 1324 583 1363 ac
602 1307 847 1362 virtutem
879 1308 1192 1362 simulantes
1219 1322 1247 1357 a
1279 1304 1458 1373 probis
1496 1303 1736 1356 diversos
1761 1316 1881 1356 esse
1907 1310 2090 1354 osten-

520 1401 634 1464 dit;
662 1400 780 1455 illos
817 1415 1006 1469 nempe
1025 1399 1112 1468 qui
1136 1399 1438 1466 jejunarcnt
1466 1398 1548 1449 vel
1579 1405 1794 1449 orarent
1819 1396 1882 1446 ad
1911 1403 2091 1448 euen-

524 1491 796 1554 ttttiOnem,
827 1505 919 1544 eos
958 1491 1044 1556 qui
1075 1489 1174 1541 sub
1225 1487 1360 1554 pelle
1401 1487 1577 1539 ovium
1643 1484 1974 1547 accederent,
2000 1498 2094 1536 eos

523 1584 607 1651 qui
640 1582 887 1635 virtutem
921 1580 1333 1642 labefactarcnt,
1366 1591 1499 1646 quos
1543 1585 1597 1631 et
1627 1590 1816 1644 porcos
1843 1584 1898 1628 et
1934 1589 2092 1628 canes

525 1671 751 1736 vocavit,
781 1668 1069 1723 ostendens
1101 1668 1311 1722 demum
1344 1677 1598 1736 quantum
1629 1675 1772 1720 esset
1799 1667 1878 1719 vel
1912 1665 1962 1717 in
1995 1664 2093 1719 hac

530 1768 634 1817 vita
667 1765 876 1815 virtutis
904 1763 1103 1815 lucrum
1134 1801 1148 1826 ,
1192 1769 1551 1830 quantumque
1579 1767 1874 1826 emergeret
1903 1771 1966 1811 ex
1997 1757 2093 1810 im-

525 1853 782 1920 probitate
833 1864 1204 1906 nocumentum
1229 1893 1244 1916 ,
1295 1852 1421 1906 dicit
1471 1869 1482 1902 :
1516 1851 1606 1904 24.
1641 1848 1816 1903 Omnis
1844 1849 1928 1918 qui
1951 1849 2093 1902 audit

527 1946 672 1999 verba
695 1961 802 2000 mea
829 1945 934 1999 lucc
959 1986 974 2011 ,
1001 1956 1046 1997 et
1078 1946 1198 2015 facit
1222 1961 1299 2009 ea,
1345 1944 1704 1997 assintilubitnr
1732 1944 1834 1995 viro
1855 1943 2088 2009 sapienti.

526 2034 656 2088 Nam
692 2036 780 2103 qui
812 2035 970 2089 verba
1001 2033 1113 2103 ejus
1144 2051 1246 2087 non
1275 2035 1578 2097 observant,
1610 2033 1816 2086 etiamsi
1847 2033 1990 2100 signa
2019 2030 2094 2083 l‘a-

527 2127 689 2188 ciant,
719 2142 835 2193 qua:
858 2127 1061 2194 passuri
1091 2125 1195 2178 sint
1223 2124 1443 2178 audistis
1472 2140 1484 2174 :
1518 2125 1694 2177 sciatis
1723 2133 1897 2176 autem
1920 2137 2080 2190 opor-

527 2226 621 2279 tet,
654 2217 843 2285 quibus
875 2217 1112 2270 fruentur
1134 2215 1282 2268 bouis
1309 2216 1340 2268 ii
1368 2216 1455 2283 qui
1484 2215 1639 2267 dictis
1665 2214 1911 2266 omnibus
1935 2213 2092 2266 obse-

520 2319 772 2376 quuntur,
804 2323 904 2360 non
939 2308 990 2359 iu
1018 2306 1195 2359 futuro
1226 2315 1427 2358 tantum
1462 2304 1658 2356 sz"culo
1680 2344 1694 2365 ,
1725 2303 1816 2357 sed
1845 2303 2002 2356 etiam
2038 2304 2088 2356 in

521 2395 788 2466 praesenti.
823 2396 1020 2459 Omnis,
1054 2396 1250 2464 inquit,
1283 2395 1368 2463 qui
1395 2395 1537 2445 audit
1579 2393 1725 2445 verba
1755 2409 1862 2446 mea
1887 2397 2009 2455 haec,
2044 2403 2091 2445 et

519 2488 638 2557 facit
679 2504 735 2539 ea
763 2527 776 2548 .
826 2486 1183 2539 assimilabitur
1225 2487 1330 2537 viro
1358 2483 1592 2552 sapienti.
1643 2483 1800 2536 Vides
1827 2484 2091 2552 quomodo

516 2593 817 2632 sermonem
842 2579 1034 2640 variet,
1062 2577 1222 2629 modo
1252 2575 1437 2628 dicens
1459 2615 1473 2636 ,
1505 2573 1624 2626 Non
1664 2576 1826 2626 omnis
1863 2575 1949 2642 qui
1973 2574 2094 2628 dicit

517 2671 641 2723 mihi
672 2711 687 2735 ,
712 2669 944 2731 Domine,
982 2668 1208 2728 Domine,
1240 2681 1466 2734 seseque
1510 2667 1779 2723 revolans;
1813 2666 1970 2718 modo
1997 2681 2090 2720 att-

517 2774 644 2826 tem,
676 2760 771 2824 Qui
799 2761 921 2829 facit
947 2758 1255 2811 uoluntatem
1294 2756 1462 2810 Patris
1491 2756 1603 2817 inci,
1637 2765 1689 2808 et
1719 2770 1903 2808 rursus
1924 2770 1979 2807 se
2000 2756 2088 2823 ju-

516 2851 685 2904 dicem
715 2851 1014 2910 declarans,
1035 2848 1186 2900 Multi
1203 2848 1369 2899 dicent
1393 2846 1515 2897 mihi
1535 2847 1587 2897 in
1609 2845 1698 2897 illa
1715 2845 1794 2898 die
1814 2862 1830 2896 :
1858 2843 2085 2902 Domine,

521 2939 746 3000 Domine,
764 2956 928 3004 nonne
953 2940 1002 2992 in
1032 2938 1234 2991 nomine
1262 2948 1346 2989 tuo
1375 2934 1818 3005 prop/tetarintus?
1843 2933 1903 2986 Et
1927 2934 2090 2985 dicam

515 3033 584 3085 eis
603 3073 617 3092 ,
647 3029 763 3082 Non
791 3030 902 3082 navi
929 3045 1032 3082 ros.
1081 3027 1178 3080 llic
1229 3041 1440 3095 qttoque
1469 3023 1701 3076 ostendit
1750 3038 1808 3077 se
1857 3023 2089 3075 omnium

517 3129 828 3190 potestatem
883 3118 1079 3171 habere
1126 3134 1140 3168 :
1183 3124 1505 3184 quapropter
1547 3112 1754 3166 dicebat
1784 3153 1796 3175 ,
1824 3112 1920 3176 Qui
1949 3111 2093 3163 audit

517 3213 663 3266 verba
693 3230 798 3265 mea
820 3213 944 3264 Ita'c.
981 3209 1108 3276 Quia
1139 3209 1280 3262 enim
1312 3207 1486 3259 omnia
1515 3204 1580 3259 de
1606 3203 1793 3258 futuris
1819 3202 2085 3268 disseruit,

520 3314 573 3358 et
598 3318 816 3372 regnum
858 3314 1158 3355 memorans
1184 3340 1199 3364 ,
1230 3309 1282 3351 et
1325 3297 1624 3351 mercedem
1669 3293 2010 3356 inell'abilem,
2036 3305 2088 3347 ct

516 3395 930 3450 consolationem
955 3401 1008 3446 et
1038 3391 1227 3444 similia
1257 3431 1272 3454 ,
1303 3387 1413 3442 vult
1438 3402 1530 3441 eos
1568 3388 1689 3439 hinc
1717 3385 1952 3454 proferre
1978 3386 2088 3438 fru-

516 3497 632 3541 ctus
678 3500 834 3549 suos,
879 3492 931 3537 et
961 3482 1241 3535 ostendere
1283 3487 1474 3548 quanta
1516 3479 1583 3530 sit
1625 3479 1674 3530 in
1705 3478 1950 3546 praesenti
1984 3478 2087 3530 vita

517 3577 721 3631 virtutis
741 3575 834 3626 vis.
863 3573 991 3638 Quae
1016 3585 1142 3639 ergo
1162 3579 1241 3625 est
1264 3568 1474 3621 virtutis
1502 3567 1580 3619 vis
1601 3568 1624 3617 Υ
1649 3565 1779 3621 Cum
1807 3567 2090 3620 securitate

517 3667 709 3730 vivere,
745 3663 899 3716 nullis
939 3660 1129 3715 cedere
1157 3661 1437 3721 aerumnis,
1488 3656 1804 3710 lmdentibus
1840 3657 2094 3710 onmibus

517 3756 845 3825 superiorem
898 3765 1014 3805 esse
1065 3765 1079 3801 ε
1131 3749 1213 3800 cui
1267 3747 1393 3816 quid
1442 3762 1534 3813 par
1563 3762 1682 3800 esse
1712 3745 2084 3814 possit?lllud

516 3848 658 3900 enim
687 3859 754 3898 ne
784 3844 827 3895 i3
850 3842 1060 3911 quidem
1087 3841 1173 3907 qui
1193 3838 1491 3890 diademate
1538 3837 1832 3900 redimitur,
1865 3837 1966 3889 sibi
1996 3851 2089 3904 po-

517 3946 622 3990 test
642 3947 972 4000 comparare,
1004 3929 1096 3984 sed
1126 3930 1214 3983 ille
1239 3927 1386 3980 solus
1414 3930 1501 3996 qui
1532 3927 1712 3980 virtuti
1736 3927 1825 3979 dat
1848 3941 2085 3994 operam.

519 4029 634 4095 ipse
656 4024 849 4092 quippe
879 4021 1021 4075 solus
1053 4019 1164 4073 διες
1197 4033 1317 4072 cum
1359 4031 1548 4087 magno
1574 4017 1788 4072 cumulo
1827 4017 2084 4085 possidet,

519 4118 571 4169 in
603 4118 701 4167 hoc
730 4111 1066 4181 prtesentium
1099 4125 1273 4162 rerum
1304 4109 1493 4175 euripo
1537 4108 1699 4161 multa
1733 4109 1913 4161 fruens
1944 4118 2087 4161 tran-

518 4207 796 4276 quillitate.
825 4202 955 4256 Nam
986 4200 1126 4268 quod
1166 4198 1405 4257 mirabile
1432 4205 1532 4260 est,
1570 4212 1688 4251 cum
1719 4200 1861 4251 nulla
1889 4201 2090 4253 sereni-

519 4309 596 4351 tas
621 4299 706 4357 sit,
739 4294 830 4348 sed
856 4301 1140 4361 tempestas
1164 4290 1453 4345 vehemens
1473 4297 1527 4343 et
1558 4290 1717 4342 multa
1742 4290 2087 4357 perturbatio,

520 4391 862 4459 plurima-quc
891 4385 1225 4447 tcntationes,
1255 4399 1358 4434 non
1385 4390 1558 4450 potest
1586 4382 1698 4447 ipse
1725 4380 1806 4433 vel
1828 4380 2088 4434 tantillum
2121 4413 2126 4416 -

520 4492 721 4534 nutare.
754 4477 882 4531 Nam
932 4477 1004 4529 ait
1030 4519 1044 4539 ,
1075 4475 1163 4528 25.
1215 4471 1478 4525 Descendit
1507 4471 1692 4535 pluria,
1715 4481 1953 4527 venerunt
1989 4471 2087 4539 ﬁu-

518 4574 653 4624 mina
673 4611 685 4630 ,
727 4572 973 4637 flaverant
1000 4569 1148 4626 renti,
1178 4576 1221 4618 et
1246 4566 1500 4617 irruerunt
1525 4564 1575 4615 in
1612 4563 1814 4615 domum
1849 4561 2010 4623 illam,
2042 4574 2088 4614 et

517 4679 617 4714 non
647 4659 823 4713 εει-πότι
844 4674 861 4709 :
892 4657 1100 4722 fundata
1135 4657 1263 4708 enim
1284 4661 1390 4705 erat
1410 4667 1565 4718 supra
1595 4660 1785 4718 petram
1813 4668 1830 4703 .·
1861 4653 2086 4717 ploviatn

519 4755 601 4807 hic
632 4762 685 4806 et
713 4750 948 4810 ﬁumina,
979 4758 1029 4799 et
1071 4757 1255 4799 ventos
1285 4742 1644 4809 tnetaphorit'e
1679 4758 1870 4796 vocans
1905 4743 2090 4795 it'ttttn—

519 4858 612 4897 nos
636 4840 962 4894 calmuitatos
991 4850 1040 4891 et
1065 4849 1350 4898 .rrumuas,
1380 4831 1625 4884 videlicet
1651 4831 1940 4886 calumnias
1963 4873 1975 4892 ,
2012 4835 2089 4884 in-

515 4935 677 4989 sidias
707 4972 719 4993 ,
753 4942 918 4985 lituos
947 4975 954 4980 .
994 4938 1187 4980 mortes
1209 4968 1221 4985 ,
1252 4924 1544 4978 domestica
1584 4922 1796 4983 damna,
1821 4924 2089 4979 molestius

519 5026 584 5078 ab
614 5024 800 5076 alienis
825 5031 1045 5078 croatas.
1073 5017 1352 5086 omniaque
1381 5023 1572 5068 caetera
1599 5013 1735 5067 maia
1766 5015 1815 5066 in
1849 5031 2087 5082 praesen-

521 5126 624 5168 tetu
665 5118 816 5166 vitam
851 5109 1168 5180 ingruentia.
1200 5108 1303 5161 Sed
1327 5105 1629 5175 huiusmodi
1663 5106 1865 5164 anima,
1898 5107 2082 5174 inquit,

527 5210 654 5260 null:
688 5207 757 5258 rei
799 5205 939 5258 cedit
973 5221 984 5254 :
1020 5200 1174 5270 hujus
1203 5211 1378 5254 autem
1424 5200 1499 5253 rei
1526 5213 1685 5252 causa
1714 5207 1826 5256 est.
1854 5200 1991 5267 quod
2020 5200 2089 5253 sit

521 5313 680 5367 supra
714 5306 913 5363 petram
944 5292 1176 5346 fundata.
1208 5291 1416 5345 Petram
1446 5298 1624 5344 autem
1655 5297 1810 5343 vocat
1831 5287 2088 5345 doctrina:

519 5402 628 5440 suae
659 5386 979 5439 ﬁrmitatem.
1013 5382 1214 5435 Etenim
1241 5393 1383 5450 petra
1411 5378 1626 5433 fortiora
1655 5389 1778 5432 sunt
1801 5388 2085 5448 praecepta,

520 5477 892 5544 hominemque
918 5472 1116 5528 iaciunt
1135 5472 1390 5527 humanis
1403 5471 1653 5525 omnibus
1673 5469 1921 5526 ﬂuetibus
1940 5487 2090 5541 supe-

520 5567 739 5622 riorem.
759 5566 856 5632 Qui
885 5563 1024 5619 enim
1057 5563 1170 5616 haec
1193 5562 1471 5633 diligenter
1496 5560 1762 5628 observat,
1795 5574 1900 5616 non
1929 5559 2088 5618 modo

575 5734 589 5762 ¹
617 5736 814 5793 Quidam
850 5740 1172 5800 ilanuscripti,
1189 5741 1235 5787 et
1258 5742 1364 5787 ante
1381 5735 1691 5802 pimitionem.

1253 367 1309 424 8.
1348 362 1623 422 JOAN'NIS
1659 357 2136 419 οιιῐιῖεοετοπι
2168 358 2489 418 ᾹΒΟΗῘΒΡ.
2518 360 3054 420 CONSTANTINOP.

3683 366 3785 421 324

2201 474 2504 531 hominibus
2529 490 2723 532 nocere
2747 476 3072 530 tentantibus
3098 474 3344 547 superior
3364 475 3484 544 erit,
3503 473 3600 531 sed
3622 479 3782 532 etiam

2200 568 2330 637 ipsis
2357 568 2688 623 daemonibus
2713 567 3106 621 insidiantibus.

2294 659 2346 714 ὅ.
2391 660 2518 714 Sola
2565 661 2718 713 virtus
2747 661 3095 713 inconcussam
3147 662 3283 729 parit
3333 660 3493 712 animi
3541 661 3779 730 quietem.

2198 749 2367 804 Probo
2387 751 2555 804 nullus
2578 759 2734 821 potest
2755 765 2951 803 nocere.
2980 748 3007 802 Ι
3012 749 3206 818 mprobi
3241 749 3423 804 multos
3441 752 3685 804 sustinent
3706 753 3784 804 la-

2197 841 2433 894 bores.——
2453 840 2602 908 Quod
2637 849 2811 895 autem
2844 840 2956 894 Inec
2976 854 3080 893 non
3110 854 3208 909 per
3223 840 3532 908 jactantiam
3570 841 3679 895 sint
3710 842 3788 895 dio

2197 940 2303 993 cta,
2330 935 2480 984 testis
2511 931 2663 984 nobis
2692 942 2773 984 est
2804 929 2936 995 Job,
2967 930 3056 1000 qui
3096 944 3284 983 omnes
3316 931 3512 983 diaboli
3551 931 3786 1000 impetus

2197 1025 2446 1092 excepit,
2490 1025 2846 1090 immotusque
2895 1023 3087 1076 mansit
3119 1040 3130 1074 :
3163 1022 3430 1075 tesulieari
3463 1033 3689 1093 possunt
3733 1033 3785 1077 et

2196 1117 2448 1183 apostoli,
2480 1116 2568 1185 qui
2594 1116 2840 1168 omnibus
2864 1115 3011 1169 orbis
3040 1114 3288 1168 ﬂuctibus
3317 1116 3367 1167 in
3389 1131 3446 1169 se
3477 1117 3774 1184 irrumpen-

2204 1206 2367 1272 tibus,
2404 1208 2613 1276 [iopnlis
2653 1208 2800 1270 item,
2831 1210 3102 1277 tyrannis,
3136 1206 3446 1260 domesticis
3487 1218 3538 1260 et
3569 1208 3783 1268 alienis,

2196 1299 2548 1358 daemonibus.
2575 1299 2807 1358 diabolo,
2842 1301 3092 1368 omnique
3122 1302 3334 1352 admota
3387 1299 3630 1353 machina
3655 1342 3667 1359 .
3699 1299 3786 1354 bis

2199 1389 2385 1442 solutis
2408 1391 2654 1442 omnibus
2677 1430 2691 1449 ,
2723 1398 2869 1456 petra
2902 1388 3162 1442 ﬁrmiores
3201 1399 3485 1442 steterunt.
3519 1389 3655 1454 Quid
3689 1390 3782 1459 igi-

2199 1487 2281 1532 tur
2312 1478 2608 1546 hujusmodi
2639 1479 2743 1531 vita
2763 1478 2968 1533 beatius
2994 1493 3113 1532 esse
3141 1479 3346 1549 pass“?
3378 1479 3488 1532 Hoc
3507 1480 3650 1532 enim
3679 1495 3779 1535 non

2197 1571 2412 1633 divitiae,
2443 1587 2546 1626 non
2576 1575 2819 1643 corporis
2862 1575 3029 1628 robttr
3048 1614 3064 1637 ,
3093 1589 3198 1626 non
3225 1573 3393 1643 gloria
3415 1615 3430 1637 ,
3462 1589 3566 1627 non
3598 1588 3756 1642 puteo

2199 1659 2288 1723 tia,
2319 1677 2487 1731 neque
2513 1664 2654 1716 aliud
2680 1661 3099 1732 quidpiam,'sed
3132 1664 3244 1717 sola
3269 1664 3478 1716 virtutis
3513 1666 3782 1731 possessio

2197 1756 2389 1820 poterit
2409 1754 2712 1807 conciliare.
2738 1752 2848 1807 Noo
2881 1763 3053 1821 potest
3091 1757 3256 1815 enim,
3298 1770 3404 1808 non
3435 1765 3605 1821 potest
3635 1766 3778 1808 certe

2195 1841 2296 1893 alia
2327 1843 2544 1909 reperiri
2579 1843 2683 1896 vita
2720 1843 2873 1897 malis
2901 1845 3152 1897 omnibus
3181 1844 3364 1907 libent,
3399 1845 3497 1896 nisi
3541 1846 3655 1898 tunc
3684 1860 3783 1897 una

2198 1941 2420 1986 tantum.
2454 1933 2561 1986 Vos
2595 1949 2806 2003 quoque
2839 1943 3000 2017 testi;
3025 1938 3177 2000 estis,
3206 1937 3295 2002 qui
3330 1936 3524 1990 videtis
3556 1937 3607 1990 in
3641 1941 3783 2004 regia

2197 2023 2435 2087 insidias,
2456 2027 2542 2095 qui
2576 2027 2834 2081 tumultus
2862 2037 2917 2080 et
2947 2029 3379 2096 perturbationes
3401 2031 3710 2098 conspicitis
3730 2029 3782 2080 iu

2196 2114 2420 2168 divitum
2475 2117 2698 2170 uadibus.
2746 2117 2851 2170 Sed
2905 2118 3044 2185 apud
3093 2119 3362 2187 apostolos
3411 2119 3539 2172 nihil
3587 2119 3779 2173 simile.

2195 2205 2332 2269 Qttid
2365 2206 2568 2275 igitur?
2598 2222 2664 2259 an
2693 2207 2822 2260 nihil
2873 2208 2977 2261 tale
3013 2209 3215 2276 experti
3246 2212 3410 2261 sunt?
3441 2210 3640 2264 nihilne
3667 2224 3782 2263 tuo-

2196 2295 2386 2348 lestum
2414 2295 2481 2348 ab
2506 2297 2681 2364 aliquo
2712 2307 2832 2349 sunt
2862 2298 3138 2365 perpessi?
3168 2298 3272 2352 Sed
3300 2300 3399 2353 hoc
3419 2302 3657 2353 omnium
3683 2302 3782 2353 mi-

2194 2384 2572 2439 rabilissimuin
2599 2388 2847 2456 cst,quod
2879 2387 3073 2442 multas
3096 2389 3234 2457 passi
3265 2391 3368 2442 sint
3397 2390 3783 2458 insidias,quod

2197 2478 2376 2532 multa:
2403 2488 2746 2547 tempestates
2793 2481 2843 2533 in
2884 2497 2979 2535 eos
3030 2482 3353 2550 irruperint,
3395 2499 3513 2552 quas
3547 2485 3782 2552 ipsorum

2197 2569 2429 2623 animum
2465 2585 2566 2623 non
2595 2581 2935 2634 everterunt,
2972 2587 3142 2641 neque
3171 2570 3382 2626 illorum
3423 2576 3782 2629 constantiam

2195 2659 2464 2726 fregerunt
2490 2673 2503 2720 ;
2538 2661 2643 2711 imo
2673 2659 2831 2714 etiam
2865 2660 3018 2714 nudis
3047 2662 3358 2728 Corporibus
3380 2676 3677 2732 pugnantes
3701 2667 3784 2719 vi-

2192 2757 2414 2814 cerunt,
2472 2749 2878 2818 superioresque
2909 2760 3213 2805 evaserunt.
3240 2752 3306 2808 Et
3336 2766 3388 2807 tu
3415 2733 3594 2824 itaque
3623 2757 3665 2807 si
3697 2770 3784 2812 vo-

2192 2839 2258 2894 lis
2292 2837 2406 2894 haec
2435 2849 2683 2894 accurate
2727 2841 3034 2904 observare.
3064 2844 3241 2897 omnia
3270 2843 3541 2899 deridebis
3574 2863 3586 2896 :
3620 2847 3782 2901 modo

2195 2930 2334 2982 enim
2366 2931 2549 2984 barum
2587 2931 3019 3001 adhortationum
3049 2931 3381 3002 philosophia
3417 2935 3655 2988 munitus
3684 2937 3779 3002 sis,

2195 3020 2324 3072 nihil
2358 3034 2409 3074 te
2436 3022 2487 3073 in
2511 3036 2795 3075 mmrorem
2819 3023 3083 3090 conjicere
3113 3027 3325 3092 poterit.
3353 3023 3410 3078 In
3438 3042 3544 3092 quo
3565 3028 3706 3080 enim
3733 3037 3784 3081 te

2197 3111 2352 3163 tardet
2383 3113 2423 3162 is
2452 3111 2538 3180 qui
2586 3111 2805 3164 insidias
2830 3114 3121 3166 struxm'it?
3152 3129 3219 3166 an
3253 3116 3504 3182 pecunias
3526 3116 3726 3170 auferet
3758 3116 3781 3169 ?

2194 3200 2297 3255 Sed
2321 3210 2447 3256 ante
2472 3201 2644 3254 minas
2676 3202 2809 3254 illius
2837 3202 3020 3272 jussus
3046 3217 3107 3256 es
3137 3204 3273 3256 illas
3301 3215 3647 3261 contemnere
3671 3247 3684 3268 ,
3730 3217 3788 3261 et

2196 3293 2264 3344 ita
2291 3291 2358 3344 ab
2389 3292 2492 3346 illis
2519 3293 2759 3347 animum
2787 3294 3072 3360 abducere,
3103 3305 3162 3348 ut
3188 3312 3474 3366 numquam
3505 3313 3532 3350 a
3558 3297 3784 3354 Domino

2193 3383 2497 3451 huiusmodi
2530 3384 2799 3454 quidpiam
2834 3395 3005 3454 petas.
3035 3387 3138 3441 Sed
3175 3398 3225 3441 te
3269 3389 3319 3440 in
3347 3403 3615 3443 carcerem
3652 3402 3782 3444 cono

2187 3473 2378 3539 jiciet?
2410 3476 2478 3527 At
2506 3486 2628 3528 ante
2662 3490 2932 3529 carcerem
2985 3477 3054 3530 ita
3089 3488 3137 3529 te
3168 3479 3350 3532 vivere
3397 3483 3652 3549 princepit
3678 3521 3692 3543 ,
3721 3491 3780 3536 ut

2194 3567 2391 3618 mundo
2407 3567 2622 3620 omnino
2648 3568 2934 3621 crucilixus
2953 3570 3046 3621 sis.
3074 3569 3176 3623 Sed
3198 3570 3335 3626 male
3358 3571 3423 3626 de
3445 3582 3497 3628 te
3523 3573 3785 3642 loquitur?

2197 3655 2391 3709 Verum
2447 3655 2548 3709 hoc
2591 3667 2642 3710 te
2674 3658 2860 3710 dolore
2909 3658 3154 3711 liberav‘tt
3194 3659 3440 3715 Cbri~tns
3466 3704 3478 3727 ,
3513 3663 3639 3718 dum
3681 3665 3777 3721 tibi

2194 3748 2434 3812 multam,
2467 3749 2598 3800 citra
2642 3749 2898 3813 laborem,
2935 3750 3204 3817 patientia:
3229 3751 3499 3820 pollicuns
3525 3764 3610 3808 est
3634 3771 3781 3810 mer-

2190 3838 2578 3906 cedem,atque
2609 3839 2677 3891 ita
2707 3847 2756 3891 te
2800 3853 2987 3906 purum
3018 3841 3084 3895 ab
3126 3840 3426 3910 hujusmodi
3485 3846 3559 3899 ira
3602 3857 3657 3900 et
3700 3848 3780 3901 lac

2192 3928 2322 3985 bore
2350 3929 2599 3992 reddidit,
2634 3940 2690 3983 ut
2711 3931 2931 3998 jusserit
2962 3933 3122 3987 etiam
3157 3950 3254 4002 pro
3292 3935 3524 3993 inimicis
3552 3953 3709 3996 orare
3733 3941 3773 3992 ³.

2189 4019 2294 4074 Sed
2321 4019 2466 4087 pellit
2493 4029 2542 4073 te
2560 4028 2613 4072 et
2639 4021 2933 4075 innumeris
2960 4021 3174 4078 obsidet
3199 4025 3354 4078 malis
3377 4028 3400 4077 ’ὲ
3431 4029 3500 4080 At
3530 4028 3774 4096 Splendiv

2191 4111 2392 4165 diorem
2415 4110 2506 4164 tibi
2538 4121 2686 4178 parat
2713 4126 2984 4165 Coronam.
3013 4115 3113 4168 Sed
3148 4125 3199 4168 te
3228 4117 3422 4170 occidit
3446 4119 3722 4188 etjugnlat
3743 4122 3769 4174 τ

2192 4201 2280 4254 Sic
2319 4200 2438 4254 ideo
2484 4202 2715 4256 maxime
2747 4202 2838 4255 tibi
2866 4203 3178 4259 beneﬁcium
3209 4215 3444 4274 prtestat,
3473 4220 3772 4282 martyrum

2197 4291 2286 4344 tibi
2318 4293 2530 4360 praemia
2555 4307 2765 4359 parans,
2785 4302 2838 4348 et
2861 4295 3017 4350 citius
3039 4305 3089 4351 te
3119 4297 3334 4350 mittens
3353 4298 3402 4352 in
3423 4301 3766 4367 tranquillum

2193 4391 2426 4450 portum,
2457 4382 2773 4452 maiorisque
2818 4386 2910 4438 tibi
2950 4388 3314 4440 retributionis
3359 4389 3489 4442 dans
3530 4393 3776 4445 oceasio-

2194 4490 2336 4540 nem,
2365 4490 2429 4528 ac
2456 4476 2545 4528 tibi
2593 4477 2879 4544 providens
2899 4519 2913 4542 ,
2945 4488 3000 4531 ut
3029 4493 3054 4530 a
3087 4481 3357 4533 communi
3383 4483 3465 4533 iila
3500 4483 3774 4537 reddenda

2197 4567 2398 4619 ratione
2428 4575 2477 4619 te
2507 4565 2772 4635 expedias.
2815 4565 2974 4636 idque
3015 4571 3244 4622 maxime
3288 4572 3525 4625 omnium
3569 4575 3771 4628 miran-

2185 4657 2315 4712 dum
2346 4667 2449 4721 est,
2479 4660 2616 4725 quod
2649 4674 2838 4726 nempe
2859 4675 2964 4713 non
2992 4661 3149 4716 modo
3169 4661 3297 4715 nihil
3327 4663 3523 4717 Ledam
3547 4667 3772 4721 insidia-

2197 4763 2358 4812 tores.
2391 4751 2483 4804 sed
2511 4752 2666 4804 etiam
2694 4751 3083 4820 splendidiores
3108 4755 3227 4807 illos
3255 4755 3479 4810 reddant
3503 4773 3637 4826 quos
3665 4759 3768 4812 int-

2197 4853 2395 4910 petnnt.
2443 4839 2535 4895 Cui
2577 4842 2715 4896 bono
2745 4843 2872 4913 quid
2912 4860 3004 4912 par
3051 4859 3297 4914 umquam
3330 4846 3527 4910 fuerit,
3559 4848 3776 4919 quando

2195 4934 2312 4986 talis
2354 4932 2598 5002 deligitur
2641 4935 2765 4995 vita,
2819 4936 2988 5004 qualis
3030 4937 3144 4989 inec
3192 4936 3303 4990 sola
3341 4939 3592 4991 exsistit?
3634 4939 3773 5006 Quia

2192 5025 2332 5077 enim
2356 5024 2558 5079 dixerat
2582 5039 2782 5079 aretam
2812 5034 2862 5080 et
2891 5037 3165 5095 angustam
3197 5043 3316 5081 esse
3340 5031 3498 5094 viam,
3521 5030 3652 5085 hinc
3683 5033 3764 5084 la-

2193 5118 2335 5171 boris
2355 5119 2767 5172 consolationem
2797 5117 3041 5182 affereos,
3074 5120 3307 5174 ostendit
3331 5137 3575 5191 magnam
3605 5123 3658 5176 in
3677 5123 3767 5177 illa

2193 5225 2312 5266 esse
2339 5211 2702 5274 securitatem,
2736 5225 2975 5280 magnam
3000 5213 3326 5280 voluptatem
3351 5252 3368 5275 ,
3392 5214 3528 5268 sicut
3559 5214 3610 5268 in
3635 5229 3772 5269 con-

2191 5295 2355 5359 traria
2384 5319 2627 5374 magnam
2659 5305 2970 5372 pravitatem
2992 5304 3034 5366 ³,
3062 5303 3548 5374 ingens-damnum.
3580 5306 3774 5374 Quem-

2190 5394 2474 5449 admodum
2503 5396 2644 5448 enim
2675 5395 2796 5448 hinc
2829 5395 3035 5448 virtutis
3068 5396 3281 5464 praemia
3313 5397 3666 5464 moustravit‘,
3689 5399 3770 5453 sic

2187 5494 2244 5540 et
2261 5485 2508 5555 nequitiae
2529 5485 2950 5540 retributionem.
2977 5484 3107 5540 Nam
3130 5486 3272 5556 quod
3293 5481 3471 5540 dicere
3491 5487 3774 5553 consuevi,

2255 5680 2272 5711 ί
2309 5676 2402 5728 ΛΙῖί
2420 5690 2516 5728 non
2538 5679 2696 5739 pauci,
2720 5677 2862 5728 etiam
2886 5693 2974 5740 pro
2994 5679 3078 5732 illa
3098 5694 3260 5733 orare.

2256 5742 2276 5770 '
2308 5740 2423 5800 Alii,
2444 5751 2666 5803 magnam
2688 5740 3017 5790 temeritatem.
