4094 6496
205 468 308 524 3Ἦὶ

209 579 310 634 hoc
350 576 512 633 etiam
554 590 694 631 nunc
741 572 938 637 dicam,
979 583 1045 623 ex
1095 575 1321 636 utroque
1363 564 1588 620 salutem
1637 559 1793 614 audi-

206 681 380 725 torum
409 669 602 739 ubique
627 674 899 735 operatur,
930 676 996 718 ex
1033 657 1243 713 virtutis
1279 655 1476 719 studio,
1504 663 1558 709 et
1579 667 1643 707 ex
1675 651 1800 706 odio

206 763 476 833 nequitias.
509 759 642 826 Quia
674 757 818 812 enim
861 753 1078 826 quidam
1122 750 1282 806 futuri
1327 756 1484 802 erant
1526 745 1619 815 qui
1650 743 1793 798 dicta

205 855 424 926 quidem
475 862 820 916 mirarentur,
873 863 1045 917 neque
1089 855 1264 899 tamen
1310 843 1452 896 bona
1484 839 1800 895 exhiberem

204 962 391 1017 opera,
417 944 536 998 illos
564 943 904 1013 przeveniens
931 945 1096 993 terret
1134 951 1198 992 ac
1226 934 1355 1032 dicit
1387 951 1399 986 :
1436 932 1644 987 etiamsi
1677 929 1798 1032 pul-

201 1041 332 1096 chra
354 1038 540 1092 sintea
571 1050 690 1106 qure
725 1034 998 1093 dicuntur.
1030 1045 1135 1083 non
1165 1026 1412 1081 sufiicere
1439 1035 1618 1078 tamen
1644 1021 1800 1075 audi—

202 1141 316 1186 tum
345 1131 412 1185 ad
441 1131 689 1190 salutem,
718 1127 810 1182 sed
845 1132 1097 1195 oportere
1130 1137 1224 1191 per
1250 1135 1410 1190 Opera
1432 1117 1652 1188 obsequi
1681 1135 1692 1169 :
1721 1126 1800 1169 to-

200 1233 316 1278 tum
345 1232 519 1277 autem
549 1221 649 1275 hac
699 1220 750 1272 in
793 1233 850 1272 re
892 1217 1158 1287 prmcipne
1188 1224 1451 1269 versatur.
1503 1212 1679 1281 Atque
1712 1210 1799 1264 hic

200 1329 505 1372 sermonem
538 1311 851 1375 concludit,
881 1309 1225 1378 validumque
1266 1308 1395 1374 ipsis
1430 1306 1680 1360 timorem
1707 1319 1797 1358 re-

199 1405 417 1476 linquit.
446 1401 904 1470 Quemadmodum
933 1402 1074 1455 enim
1095 1441 1110 1466 ,
1144 1415 1264 1454 cum
1296 1398 1363 1452 de
1390 1398 1586 1452 virtute
1615 1409 1798 1467 agere-

199 1507 308 1561 tur,
340 1512 445 1550 non
489 1496 660 1550 solum
715 1511 778 1550 ex
805 1494 1000 1548 futuris
1032 1493 1304 1556 int-itabat,
1334 1508 1554 1562 regnum
1585 1506 1795 1545 memo—

198 1603 349 1648 rans.
378 1588 559 1652 cados,
593 1586 894 1641 mercedem
925 1585 1245 1640 ineffabilem
1269 1627 1283 1648 ,
1319 1583 1745 1639 consolationem
1774 1624 1789 1647 ,

199 1681 589 1748 innumeraque
640 1678 800 1741 bona,
855 1677 948 1732 sed
976 1676 1136 1731 etiam
1182 1691 1210 1728 a
1263 1675 1641 1745 praesentibus,
1669 1674 1794 1728 dum

199 1771 509 1826 firmitatem
542 1768 1076 1837 immobilitatcmque
1119 1777 1286 1836 petra:
1327 1766 1605 1822 ostendit:
1638 1766 1717 1820 sic
1743 1774 1796 1819 et

198 1877 323 1916 cum
355 1860 423 1915 de
450 1859 648 1914 malitia
695 1861 870 1929 agitur
891 1901 903 1924 ,
937 1875 1040 1912 non
1086 1858 1246 1912 modo
1273 1866 1439 1912 terret
1483 1857 1552 1911 ab
1583 1857 1646 1911 iis
1676 1871 1795 1925 qua:

198 1960 596 2020 exspectantur,
628 1960 684 2004 ut
707 1951 773 2004 ab
801 1951 979 2004 excisa
1007 1949 1201 2004 arbore
1222 1991 1235 2013 ,
1279 1952 1401 2020 igne
1444 1948 1797 2018 inexstingui-

196 2044 314 2109 bili,
347 2043 588 2112 ingressu
618 2041 771 2112 regni
801 2042 1110 2104 intercluso,
1135 2040 1203 2094 ab
1225 2040 1326 2094 hoc
1347 2039 1512 2101 dicto,
1541 2038 1660 2093 Non
1678 2039 1792 2092 novi

197 2152 283 2190 vos
307 2151 325 2198 ;
353 2133 444 2188 sed
468 2133 626 2188 etiam
659 2148 723 2186 ex
752 2133 1142 2201 praesentibus,
1175 2146 1367 2200 nempe
1416 2146 1480 2185 ex
1511 2130 1663 2184 ruina
1694 2130 1790 2182 do.

193 2240 336 2282 mus.
369 2225 601 2293 Ideoque
629 2239 749 2276 eum
793 2225 982 2291 majori
1029 2224 1270 2292 e:nph.tsi
1301 2238 1606 2277 sermonem
1640 2223 1790 2276 insli-

195 2320 317 2382 tuit,
354 2314 601 2384 parabola
654 2314 801 2368 illum
834 2329 1120 2366 exornans.
1162 2313 1274 2367 Non
1325 2316 1468 2369 enim
1517 2316 1646 2370 satis
1681 2325 1796 2370 erat

193 2406 422 2471 dixisse,
453 2407 647 2461 virtute
677 2403 955 2473 prmditum
1007 2405 1263 2459 invictum
1320 2405 1456 2471 fore,
1488 2407 1791 2476 improbum

196 2508 358 2570 captu
397 2498 604 2552 facilem
631 2515 646 2563 ;
675 2497 767 2552 sed
800 2505 1004 2567 petram
1037 2498 1234 2566 posuit,
1264 2497 1506 2561 domum,
1541 2498 1786 2564 flumina,

196 2593 432 2664 pluviam
465 2599 518 2647 et
545 2601 787 2656 ventum,
808 2605 871 2645 ac
897 2590 1112 2644 similia.
1139 2589 1229 2645 26.
1265 2589 1462 2655 Omnis,
1495 2591 1685 2661 inquit,
1710 2591 1797 2661 qui

196 2685 340 2738 audit
370 2699 622 2737 sermones
648 2683 738 2736 hos
766 2698 920 2747 meos,
952 2692 998 2735 et
1027 2699 1128 2737 non
1161 2685 1282 2752 facit
1306 2699 1410 2746 eos,
1433 2683 1796 2737 assinu'labitur

196 2776 307 2830 viro
343 2776 520 2841 stulto,
550 2774 637 2843 qui
666 2775 935 2842 aediﬁcavit
963 2774 1169 2828 domum
1197 2790 1341 2855 suam
1376 2792 1527 2844 super
1565 2792 1792 2829 arenam.

197 2865 369 2921 Recte
405 2873 582 2919 autem
614 2865 835 2918 stultum
881 2865 1020 2919 hunc
1051 2866 1276 2918 vocavit.
1318 2865 1454 2932 Quid
1479 2866 1620 2920 enim
1655 2866 1793 2921 stul-

195 2958 305 3012 tius
335 2955 494 3012 fuerit
519 2956 736 3011 homine
761 2971 923 3026 super
951 2972 1168 3013 arenam
1202 2958 1534 3024 a'tliﬁcante,
1565 2967 1618 3013 ct
1642 2960 1793 3014 labo-

196 3063 312 3104 rem
335 3047 552 3118 quidem
584 3046 788 3103 ferente
814 3089 828 3114 ,
865 3050 1033 3103 fructu
1066 3065 1193 3103 vero
1232 3059 1285 3104 ct
1317 3050 1500 3119 requie
1526 3066 1646 3106 sese
1675 3051 1788 3121 pri-

197 3151 395 3207 vante,
426 3155 628 3212 proque
661 3141 759 3196 hac
786 3157 843 3196 re
889 3142 1204 3212 supplicium
1251 3145 1596 3199 sustinente?
1638 3144 1791 3213 Quod

195 3243 380 3289 autem
409 3234 443 3286 ii
488 3234 576 3303 qui
621 3234 870 3302 nequitia:
919 3249 977 3288 se
1026 3234 1230 3288 dedunt
1267 3235 1537 3299 laborent,
1589 3238 1793 3292 nemini

195 3341 306 3381 non
335 3334 520 3380 notum
549 3336 632 3380 est
665 3344 676 3378 :
705 3341 825 3379 nam
851 3337 1054 3394 raptor,
1086 3327 1383 3392 adulteras,
1415 3328 1749 3398 sycophanta
1772 3369 1785 3394 ,

195 3420 428 3475 multum
476 3417 720 3472 laborant
774 3418 1044 3486 multaque
1085 3419 1371 3484 sustinent,
1426 3429 1484 3473 ut
1538 3420 1794 3474 malitiam

195 3523 350 3565 suam
377 3507 443 3562 ad
474 3509 634 3563 ﬁnem
667 3507 932 3562 deducant
962 3525 976 3570 ;
1006 3509 1098 3563 sed
1133 3525 1236 3563 non
1283 3511 1442 3565 modo
1484 3511 1686 3566 nullum
1715 3527 1799 3567 re-

195 3602 380 3657 ferunt
407 3600 657 3665 fructum,
686 3615 869 3654 verum
890 3586 1059 3654 etiam
1090 3602 1341 3657 damnum
1364 3604 1564 3674 grande
1591 3607 1800 3674 patiun-

195 3701 306 3746 tur.
351 3690 483 3746 Nam
537 3699 592 3746 et
642 3691 839 3746 Paulus
890 3691 1120 3762 idipsnm
1177 3695 1520 3750 subindicans
1546 3698 1795 3752 dicebat:

200 3785 303 3850 Qui
330 3784 546 3837 seminat
573 3784 625 3835 in
646 3800 799 3836 carne
817 3799 928 3846 sua,
965 3784 1028 3838 de
1052 3801 1204 3840 carne
1225 3804 1317 3840 sua
1345 3799 1493 3842 metet
1519 3792 1799 3858 corruptio-

195 3875 543 3943 nem((.'alat.
571 3876 623 3929 6.
658 3877 690 3932 8
717 3876 759 3948 ).
791 3878 928 3930 IIuic
966 3879 1167 3931 similes
1199 3889 1326 3934 sunt
1360 3883 1448 3950 qui
1489 3897 1652 3952 super
1679 3900 1799 3940 are-

198 3983 324 4022 nam
360 3968 659 4033 atdiﬁcant;
687 3970 830 4023 verbi
859 3972 1029 4039 gratia
1061 3972 1152 4040 qui
1197 3973 1248 4024 in
1282 3972 1658 4041 fornicatione,
1706 3978 1795 4046 qui

197 4066 253 4116 in
280 4061 514 4127 luxuria,
545 4061 636 4131 qui
669 4061 720 4115 in
754 4063 1014 4118 ebrietate
1037 4065 1076 4129 ‘,
1106 4063 1194 4132 qui
1222 4065 1274 4118 in
1307 4065 1601 4133 iracundia,
1631 4069 1796 4139 quiin

197 4155 322 4208 aliis
349 4154 622 4208 omnibus.

271 4248 329 4301 4.
369 4243 693 4316 Comparatio
719 4247 885 4301 Achab
909 4259 953 4302 et
977 4248 1128 4315 Elite,
1155 4253 1498 4320 apostolorum
1522 4264 1568 4306 et
1588 4255 1800 4310 Iudico-

199 4353 342 4390 rum.
387 4337 741 4406 Apostolorum
790 4340 978 4406 ﬁducia
1027 4351 1074 4394 ct
1122 4342 1358 4408 ﬁrmitas.
1396 4375 1466 4384 —
1507 4346 1648 4400 Talis
1687 4358 1802 4403 erat

197 4427 422 4492 Achab;
467 4429 559 4483 sed
606 4444 709 4484 non
744 4432 863 4485 talis
909 4432 1068 4487 Elias.
1117 4435 1326 4491 Etenim
1379 4454 1410 4492 e
1448 4441 1662 4509 regione
1701 4458 1800 4512 po-

198 4530 396 4575 nentes
422 4519 643 4575 virtutes
673 4529 727 4574 et
757 4523 880 4575 vitia
906 4564 919 4586 ,
956 4524 1162 4579 illorum
1192 4527 1542 4584 differentiam
1581 4548 1802 4587 accura-

199 4611 310 4664 tius
331 4624 698 4680 agnoscemus.
727 4609 818 4664 llle
841 4627 1069 4682 namque
1088 4631 1250 4685 super
1272 4627 1475 4686 petram
1497 4622 1802 4689 aedificavit,

198 4701 291 4754 hic
321 4715 452 4754 vero
477 4715 638 4769 super
665 4717 883 4756 arenam
921 4722 932 4757 :
973 4705 1199 4775 ideoque
1229 4725 1320 4763 rex
1352 4725 1472 4764 cum
1504 4725 1646 4768 esset
1673 4729 1800 4783 pro-

199 4794 421 4865 phetam
451 4795 719 4850 metuebat
745 4803 797 4849 et
827 4795 1145 4852 formidabat
1166 4842 1178 4863 ,
1209 4803 1296 4870 qui
1320 4803 1577 4872 propheta
1609 4810 1802 4864 melote

201 4894 411 4940 tantum
459 4896 575 4940 erat
617 4886 850 4942 indutus.
904 4888 1062 4943 Tales
1107 4902 1257 4946 erant
1300 4894 1504 4961 Judmi;
1555 4899 1649 4953 sed
1694 4917 1799 4957 non

199 4979 434 5048 apostoli
466 4994 479 5029 :
507 4979 850 5047 quamobrem
882 4981 933 5035 hi
975 4985 1124 5051 pauci
1162 5001 1280 5039 cum
1313 5001 1492 5044 essent
1518 5001 1570 5046 et
1595 4993 1756 5048 vincti
1783 5039 1796 5058 ,

199 5072 512 5130 ﬁrmitatem
547 5082 708 5142 petra:
735 5075 1121 5141 ostendebant;
1170 5079 1239 5134 illi
1278 5097 1404 5138 vero
1430 5086 1528 5139 ctsi
1572 5089 1722 5143 multi
1749 5097 1804 5144 et

199 5166 436 5230 armati,
480 5166 840 5221 inﬁrmitatem
889 5183 1086 5225 arenae.
1138 5172 1391 5228 Dicebant
1434 5179 1574 5231 enim
1621 5183 1803 5246 :Quid

201 5261 454 5332 faciemus
489 5258 775 5313 hominibus
804 5261 910 5314 istis
942 5263 957 5329 (
985 5261 1093 5314 Act.
1122 5264 1175 5317 4.
1209 5266 1273 5319 16
1297 5267 1354 5332 )?
1391 5269 1570 5324 Viden’
1601 5272 1715 5326 illos
1749 5275 1798 5328 in

200 5350 451 5422 angustia
489 5351 723 5414 versari;
755 5367 858 5406 non
890 5363 1066 5408 autem
1088 5371 1188 5410 eos
1227 5359 1314 5425 qui
1351 5363 1543 5428 captivi
1571 5375 1721 5419 erant
1749 5376 1802 5420 et

201 5441 374 5498 vincti
396 5483 410 5507 ,
440 5443 532 5497 sed
563 5443 648 5512 qui
681 5442 990 5498 detinebant
1016 5456 1066 5500 et
1091 5447 1412 5504 vinxerant?
1439 5469 1542 5521 quo
1572 5457 1694 5524 quid
1724 5459 1802 5511 in-

201 5533 470 5589 solentius
495 5534 776 5588 videatur?
818 5535 892 5588 Tu
920 5537 1128 5591 detines
1154 5549 1209 5592 et
1235 5539 1490 5597 dubitas?
1528 5545 1655 5600 Jure
1683 5550 1801 5616 qui-

204 5625 355 5679 dem.
385 5622 519 5691 Quia
548 5625 690 5679 enim
717 5627 893 5680 omnia
925 5641 1087 5696 super
1123 5644 1338 5684 arenam
1369 5633 1760 5692 acdiﬁcaverant
1786 5659 1800 5706 ;

203 5718 334 5773 ideo
359 5715 680 5771 infirmiores
708 5718 958 5772 omnibus
982 5732 1152 5773 erant.
1199 5720 1400 5779 Idcirco
1430 5725 1680 5783 dicebant
1705 5730 1800 5786 de-

276 5888 292 5919 ³
331 5893 410 5938 tta:
437 5900 598 5947 voces,
625 5886 706 5952 qui
729 5887 777 5938 in
806 5886 1047 5950 ebrietate,
1073 5889 1254 5946 desunt;
1279 5891 1331 5946 ia
1355 5895 1517 5958 alorci.

1142 453 1207 510 IN
1246 449 1659 509 MATTHIEUM
1696 448 1929 508 IIOMIL.
1976 447 2164 504 XXIV.
2206 449 2278 501 al.
2323 448 2488 503 XXV.

3404 456 3510 516 326

1908 573 2016 612 nuo
2042 577 2054 612 :
2085 559 2223 627 Quid
2242 563 2410 631 facitis
2433 562 2647 618 volentes
2669 564 2904 618 inducere
2923 582 3076 636 super
3097 583 3186 622 nos
3208 573 3507 639 sanguinem

1905 650 2123 704 hominis
2150 653 2305 722 hujus
2331 654 2469 719 (Act.
2492 653 2543 708 5.
2569 655 2702 723 ‘28)?
2731 657 2864 724 Quid
2891 656 3059 712 dicit?
3085 661 3162 715 Tu
3191 664 3376 731 ca'dis,
3403 678 3508 723 ter-

1905 755 2022 803 res,
2048 742 2225 806 hcdis,
2259 755 2312 799 ct
2343 757 2394 798 In
2430 748 2627 802 times?
2654 760 2705 803 tn
2732 750 2961 817 iudicas,
2996 764 3047 807 et
3078 763 3131 808 tu
3163 759 3388 814 tremis?
3416 757 3507 818 Sic

1905 833 2115 890 inﬁrma
2145 846 2224 890 est
2255 838 2477 892 malitia.
2509 840 2612 896 Sed
2639 844 2866 911 aposzoli
2896 861 2998 898 non
3026 848 3102 902 sic
3130 865 3142 899 :
3178 844 3296 903 Non
3322 870 3505 922 possu-

1905 941 2016 977 mus
2037 942 2128 978 nos
2148 943 2259 994 qua:
2279 929 2560 985 audirimus
2583 943 2627 986 et
2652 932 2865 1010 vidimus
2887 953 2985 990 non
3009 939 3148 1009 loqui
3165 941 3296 1007 (Act.
3318 943 3352 997 4
3367 944 3502 1009 .90).

1905 1015 2150 1070 Vidistin‘
2180 1020 2414 1074 animum
2456 1024 2780 1080 sublimem?
2819 1028 3051 1082 vididin'
3078 1044 3278 1100 petram
3312 1034 3505 1092 ﬂuetus

1904 1109 2204 1167 ridentem?
2228 1114 2457 1168 vidistin‘
2482 1115 2700 1172 domum
2728 1120 3054 1178 immobilem
3073 1127 3096 1178 ?
3118 1126 3375 1198 Quodque
3400 1133 3503 1185 mi-

1903 1203 2124 1257 rabilius
2149 1246 2163 1268 ,
2197 1221 2302 1259 non
2349 1207 2509 1262 modo
2539 1210 2706 1264 timidi
2756 1229 2861 1265 non
2893 1225 3045 1268 erant
3069 1258 3084 1280 ,
3125 1217 3266 1286 quod
3296 1219 3503 1276 ithidia:

1903 1297 2034 1365 ipsis
2076 1310 2407 1366 pararentur,
2440 1304 2532 1357 sed
2561 1305 2720 1359 etiam
2759 1308 3014 1375 majorem
3046 1309 3293 1367 fiduciam
3322 1316 3505 1385 capie-

1903 1389 2068 1454 bant,
2119 1391 2343 1460 illosque
2382 1394 2434 1446 in
2481 1396 2736 1464 majorem
2783 1404 3080 1468 angustiam
3123 1405 3500 1474 conjiciebant.

1902 1478 2034 1534 Nam
2064 1484 2151 1550 qui
2179 1484 2516 1540 adamantetn
2546 1491 2792 1557 percutit,
2820 1493 2931 1560 ipse
2953 1496 3144 1565 estqui
3170 1499 3499 1566 percutitur;

1904 1585 1958 1630 et
1978 1578 2065 1646 qui
2090 1587 2271 1632 contra
2297 1579 2567 1634 stimulum
2589 1583 2852 1651 calcitrat,
2878 1586 2990 1655 ipse
3012 1601 3091 1643 cst
3114 1591 3201 1660 qui
3232 1593 3500 1662 pnngitur,

1902 1679 1953 1724 et
1983 1672 2162 1739 gravia
2193 1674 2388 1742 accipit
2413 1676 2666 1741 vulnera;
2694 1687 2746 1732 et
2773 1679 2861 1748 qui
2887 1681 3084 1736 virtute
3110 1685 3348 1752 pra'ditis
3376 1687 3503 1741 insi-

1902 1760 2077 1815 diatur
2101 1804 2115 1827 ,
2151 1763 2264 1833 ipse
2289 1775 2368 1820 est
2400 1767 2488 1835 qui
2517 1769 2868 1837 periclitatur.
2904 1771 3098 1828 Malitia
3131 1775 3326 1846 quippe
3356 1788 3502 1833 tanto

1902 1852 2165 1909 infirmior
2184 1856 2429 1923 efficitur,
2453 1870 2650 1929 quanto
2669 1864 2837 1933 magis
2858 1874 3039 1920 contra
3060 1868 3305 1923 virtutem
3329 1873 3497 1926 aciem

1901 1946 2136 2002 instruit.
2184 1949 2262 2002 Ac
2287 1951 2736 2019 quemadmodum
2765 1957 2853 2026 qui
2887 1957 3060 2027 ignem
3093 1959 3214 2030 ligat
3257 1961 3308 2015 in
3339 1967 3499 2017 vcsti-

1901 2050 2086 2093 mento
2110 2081 2122 2103 ,
2169 2040 2434 2096 flammam
2475 2043 2689 2114 quidem
2721 2063 2826 2101 non
2859 2051 3147 2120 exstinguit
3173 2095 3187 2115 ,
3217 2053 3310 2107 sed
3342 2059 3504 2110 vcsti-

1901 2139 2138 2184 mentum
2183 2135 2600 2191 consumitzsic
2639 2139 2728 2207 qui
2774 2139 2970 2195 virtute
3017 2143 3270 2212 prmditos
3315 2145 3500 2212 lardit,

1899 2222 2123 2288 detinet,
2159 2224 2314 2294 ligat;
2347 2226 2469 2282 illos
2494 2228 2706 2298 quidem
2734 2231 3124 2300 splendidiores
3153 2236 3350 2304 efﬁcit,
3382 2255 3502 2295 sese

1901 2329 2031 2368 vero
2073 2318 2267 2385 perdit.
2320 2318 2529 2373 Iitcnim
2563 2333 2761 2390 quanto
2796 2327 3039 2394 graviora
3072 2345 3259 2398 passus
3298 2330 3499 2399 fueris,

1901 2406 2024 2459 dum
2057 2409 2222 2476 probe
2253 2411 2412 2464 vitam
2443 2411 2627 2477 duris,
2658 2424 2806 2469 tanto
2833 2416 3022 2473 fortior
3050 2422 3270 2478 cvadis:
3302 2435 3504 2493 quanto

1903 2500 2070 2568 magis
2099 2502 2238 2552 enim
2274 2501 2665 2570 philosophiam
2697 2507 2934 2562 colemus
2958 2553 2970 2574 ,
3004 2519 3151 2565 tanto
3183 2493 3350 2584 magis
3378 2518 3504 2570 nul-

1901 2589 2003 2644 lius
2033 2591 2341 2662 egebimus;
2371 2603 2424 2649 ct
2444 2608 2642 2665 quanto
2671 2601 2838 2669 magis
2863 2602 3010 2656 nullo
3036 2606 3330 2672 egebimus,
3357 2618 3503 2664 tanto

1901 2681 2150 2737 fortiores
2187 2685 2424 2752 erimus,
2465 2696 2518 2742 et
2555 2691 2804 2746 omnibus
2833 2695 3157 2762 superiores.
3210 2698 3352 2753 'l‘alis
3387 2711 3504 2756 erat

1901 2773 2155 2830 Joannes.
2191 2777 2550 2845 Quamobrem
2583 2798 2741 2838 nemo
2783 2785 2857 2840 illi
2902 2789 3200 2844 molestiam
3241 2796 3500 2860 creabat,

1902 2865 1992 2920 ille
2017 2877 2194 2922 autem
2219 2871 2476 2926 molestus
2499 2884 2612 2928 erat
2640 2875 2871 2941 Ilerodi;
2900 2890 2953 2933 et
2978 2883 3067 2951 qui
3096 2883 3228 2937 nihil
3254 2886 3502 2952 habebat,

1900 2957 2161 3013 adversus
2187 2972 2497 3030 regnantem
2526 2965 2852 3034 insurrexit;
2895 2971 2983 3042 qui
3012 2973 3313 3032 diademate
3334 3020 3347 3043 ,
3380 2993 3506 3047 pur-

1903 3065 2032 3121 pura
2052 3094 2066 3119 ,
2094 3053 2368 3125 multoque
2397 3066 2587 3110 ornatu
2617 3058 2847 3130 fulgens,
2874 3065 3122 3119 omnibus
3151 3068 3405 3123 nudatum
3442 3072 3506 3125 ti-

1901 3143 2086 3200 mebat
2127 3143 2553 3218 furntidahatque
2574 3191 2588 3214 ,
2623 3167 2796 3221 neque
2823 3153 2972 3208 illum
3003 3158 3176 3227 capite
3204 3168 3503 3217 truncatum

1903 3245 2114 3307 poterat
2158 3239 2274 3293 sine
2317 3250 2460 3294 metu
2491 3243 2778 3310 rcSpieere.
2829 3246 2980 3311 Quod
3019 3250 3160 3302 enim
3193 3251 3352 3306 ctiam
3388 3265 3506 3323 post

1903 3339 2131 3384 mortem
2164 3345 2268 3384 non
2313 3346 2480 3400 parvo
2521 3333 2711 3389 timore
2749 3334 2972 3393 affectus
3002 3349 3186 3405 esset,
3217 3346 3339 3397 andi
3380 3347 3504 3414 quid

1903 3420 2046 3474 dicat
2074 3439 2085 3472 :
2119 3421 2217 3475 Hic
2246 3432 2316 3475 est
2344 3425 2570 3479 Joannes
2593 3469 2605 3490 ,
2637 3443 2783 3493 quem
2816 3431 2977 3484 occidi
3005 3449 3096 3502 ego
3122 3434 3140 3504 (
3164 3434 3289 3489 Luc.
3320 3437 3372 3492 9.
3403 3439 3436 3494 9
3458 3442 3502 3509 1.

1903 3508 2036 3564 Illud
2060 3521 2234 3566 autem
2263 3554 2277 3579 ,
2310 3514 2525 3582 Occidi,
2559 3533 2663 3571 non
2691 3527 2774 3572 est
2803 3535 2901 3574 Vox
2929 3537 3049 3578 sese
3073 3525 3342 3584 eﬁ‘ercmis
3366 3571 3381 3596 ,
3411 3534 3504 3588 sed

1904 3613 2105 3656 metum
2133 3620 2287 3658 suum
2322 3607 2563 3669 sidantis.
2598 3619 2650 3664 ct
2681 3611 2891 3668 turbato
2920 3619 3098 3670 animo
3125 3623 3415 3689 suadentis,
3450 3639 3506 3680 ut

1904 3697 2278 3758 recordaretur
2305 3698 2572 3754 homicidii
2607 3703 2656 3756 in
2701 3705 2846 3759 illum
2883 3712 3189 3778 perpetrati.
3223 3714 3391 3770 Tanta
3423 3730 3507 3773 est

1903 3789 2116 3842 virtutis
2144 3789 2416 3859 fortitudo,
2449 3804 2504 3848 ut
2529 3796 2687 3850 etiam
2711 3809 2832 3866 post
2859 3811 3086 3856 mortem
3112 3805 3410 3862 viventibus
3438 3813 3509 3865 sit

1906 3880 2193 3946 potentior.
2247 3882 2476 3954 Ideoque
2511 3887 2577 3940 ad
2606 3904 2733 3954 eum
2766 3889 2892 3944 dum
2924 3894 3163 3958 viveret,
3206 3900 3292 3967 qui
3327 3903 3506 3956 niultis

1906 3983 2061 4026 erant
2101 3976 2339 4043 pecuniis
2370 3978 2648 4046 instructi,
2687 3983 3002 4039 accedentes
3041 3987 3332 4046 dicebant:
3369 3994 3506 4062 Quid

1906 4067 2149 4136 faciemus
2177 4069 2327 4142 (Luc.
2355 4073 2408 4127 5.
2435 4073 2556 4143 10>2
2586 4074 2684 4130 Tot
2715 4075 2920 4132 habetis
2941 4121 2955 4142 ,
2983 4089 3037 4134 et
3064 4081 3131 4135 ab
3160 4098 3226 4147 eo
3254 4087 3341 4154 qni
3375 4088 3504 4141 nihil

1906 4159 2067 4213 habet
2098 4163 2259 4216 vultis
2299 4164 2538 4220 ediscere
2566 4166 2702 4221 viam
2747 4180 2936 4226 vestra:
2976 4172 3289 4230 felicitatis?
3319 4195 3347 4233 a
3382 4198 3509 4249 pau-

1906 4265 2035 4321 pere
2064 4251 2294 4307 divites?
2343 4253 2409 4308 ab
2440 4272 2505 4309 eo
2529 4297 2544 4318 ,
2591 4258 2681 4327 qui
2721 4275 2786 4313 ne
2816 4261 3031 4317 domum
3063 4266 3274 4335 quidem
3307 4272 3504 4339 habet,

1907 4343 2142 4398 milites?
2190 4344 2334 4398 Talis
2361 4360 2571 4416 quoque
2597 4357 2715 4402 erat
2755 4350 2931 4406 IIclias
2961 4371 2972 4405 :
3006 4359 3352 4424 quamobrem
3383 4377 3506 4419 cum

1908 4434 2095 4490 eadem
2144 4435 2390 4491 libertate
2436 4453 2500 4492 ac
2547 4439 2737 4494 ﬁducia
2786 4444 2981 4513 populo
3031 4447 3364 4516 loquebatur.
3415 4455 3511 4512 Ille

1909 4542 2140 4596 namque
2166 4527 2396 4592 dicebat,
2433 4527 2700 4584 Genimina
2725 4534 3012 4600 viperarum
3042 4537 3058 4606 (
3082 4537 3271 4594 Matth.
3305 4544 3354 4597 5.
3391 4547 3421 4599 ’ἶ
3450 4551 3465 4614 )
3494 4570 3508 4613 ;

1910 4618 1996 4673 hic
2027 4635 2154 4674 vero
2177 4662 2190 4683 ,
2241 4620 2508 4692 Usquequo
2537 4624 2836 4679 claudicatis
2873 4637 3084 4698 utroque
3113 4635 3303 4701 poplite
3347 4649 3508 4692 t'eslro

1910 4709 1986 4782 (5.
2020 4709 2145 4781 Reg.
2173 4712 2259 4766 18.
2284 4711 2411 4782 9.1)?
2439 4713 2534 4768 llic
2559 4715 2684 4769 item
2711 4716 2941 4783 dicebat,
2975 4719 3238 4786 Occidisti,
3267 4737 3312 4778 ct
3337 4745 3510 4796 posse-

1911 4803 2028 4856 disti
2056 4806 2130 4872 (5.
2164 4804 2291 4875 Reg.
2324 4805 2411 4859 21.
2446 4806 2568 4876 19);
2603 4809 2690 4864 ille
2720 4826 2875 4877 vero,
2908 4811 3027 4866 Non
3061 4815 3174 4868 licet
3204 4820 3293 4872 tibi
3327 4822 3512 4878 habere

1910 4911 2117 4950 uxorem
2161 4896 2391 4968 Philippi
2424 4902 2599 4971 [ratiis
2635 4904 2708 4955 tui
2745 4905 2760 4972 (
2790 4903 2975 4957 Matth.
3009 4908 3092 4960 Η.
3124 4910 3156 4962 4
3182 4910 3224 4980 ).
3263 4913 3508 4971 \‘itiistin‘

1910 4989 2159 5054 petram?
2207 4991 2440 5045 vidistin‘
2485 5008 2701 5048 arenam
2747 4999 3013 5067 quomodo
3057 5000 3208 5060 facile
3254 5006 3508 5065 decidat?

1910 5081 2179 5148 quomodo
2205 5083 2592 5140 calamitatibus
2619 5089 2772 5142 cedat
2792 5134 2805 5155 ,
2835 5095 3103 5161 quomodo
3129 5098 3471 5156 subvertatur
3491 5145 3505 5165 ,

1911 5174 2008 5228 etsi
2053 5175 2192 5243 apud
2239 5192 2458 5247 regem,
2488 5181 2589 5234 etsi
2630 5184 2770 5252 apud
2821 5187 3075 5253 populum
3115 5190 3220 5256 sit‘,
3255 5194 3354 5247 etsi
3385 5211 3506 5250 cum

1912 5267 2182 5333 potentia?
2215 5269 2340 5323 Illos
2367 5271 2506 5325 enim
2535 5274 2622 5342 qui
2653 5289 2710 5327 se
2738 5276 2936 5330 adeunt
2962 5282 3200 5336 omnium
3231 5279 3508 5342 stolidissi-

1911 5371 2027 5410 mos
2057 5359 2247 5413 reddit.
2296 5361 2478 5430 Neque
2509 5365 2678 5417 solum
2709 5367 2899 5421 decidit
2927 5411 2941 5434 ,
2977 5373 3066 5425 sed
3099 5383 3151 5427 et
3181 5390 3299 5429 cum
3343 5381 3507 5436 multa

1911 5450 2232 5505 Calamitate.
2281 5453 2486 5507 Etenim
2516 5455 2605 5509 27.
2639 5456 2801 5510 Facta
2837 5471 2909 5513 est
2931 5503 2944 5520 ,
2991 5463 3191 5532 inquit,
3224 5469 3373 5522 ruina
3400 5474 3507 5540 ejus

1913 5561 2098 5615 magna
2125 5546 2288 5599 valde.
2335 5547 2519 5618 Neque
2544 5551 2684 5604 enim
2713 5553 2765 5606 in
2793 5569 2849 5608 rc
2882 5555 2999 5609 vilis
3026 5559 3178 5626 pretii
3213 5563 3505 5627 periculum

1913 5648 2026 5700 est,
2061 5639 2152 5692 scd
2183 5638 2250 5693 de
2271 5641 2445 5694 anima
2476 5643 2648 5711 agitur
2668 5686 2680 5706 ,
2712 5645 2778 5698 de
2805 5647 3090 5704 amissione
3130 5652 3383 5706 crciorum
3407 5695 3419 5717 ,
3451 5669 3502 5711 et

1912 5727 2172 5784 bonorum
2225 5731 2603 5786 immortalium
2649 5736 2686 5788 ¹.
2718 5737 2829 5790 Iino
2873 5753 3000 5792 vero
3043 5741 3203 5796 etiam
3248 5754 3374 5799 ante
3417 5745 3502 5804 illa

1979 5909 1995 5937 ¹
2034 5914 2157 5970 3155.,
2186 5920 2472 5961 coronarum
2496 5910 2854 5966 immortaliuat.
