4094 6470
188 445 296 500 πεί

191 555 294 611 hoc
337 557 506 614 etiam
550 575 690 616 nunc
737 559 932 627 dicam,
973 574 1040 615 ex
1089 569 1316 632 utroque
1357 563 1583 618 salutem
1633 563 1788 618 audi-

187 657 367 702 torum
398 651 597 722 ubique
621 662 892 721 operatur,
923 666 988 708 ex
1026 653 1236 706 virtutis
1272 654 1469 719 studio,
1498 664 1550 709 et
1573 669 1636 709 ex
1668 655 1793 708 odio

185 742 465 812 nequitim.
500 744 634 809 Quia
667 744 809 798 enim
853 744 1069 815 qttidam
1113 744 1273 799 futuri
1319 756 1476 801 erant
1519 747 1610 816 qui
1642 747 1785 802 dicta

184 834 409 903 quidem
463 848 810 903 mirarentur,
863 853 1034 908 neque
1079 848 1253 893 tamen
1299 840 1442 893 bona
1475 840 1790 896 exhiberent

181 940 372 994 opera,
400 926 524 981 illos
553 929 893 996 prmveuiens
920 939 1084 985 terret
1123 946 1186 986 ac
1215 930 1343 985 dicit
1376 949 1388 984 :
1425 933 1632 987 etiamsi
1665 934 1786 1003 pul-

178 1018 308 1072 chra
331 1019 444 1072 sint
464 1034 528 1074 ea
557 1035 677 1090 qua:
711 1020 985 1085 dicuntur,
1017 1038 1122 1075 non
1151 1022 1400 1078 sufﬁcere
1427 1034 1604 1079 tamen
1631 1025 1786 1080 audi~

178 1117 289 1163 tum
320 1111 390 1164 ad
422 1113 674 1175 salutem,
704 1115 795 1168 sed
830 1124 1082 1184 oportere
1115 1133 1209 1185 per
1235 1131 1396 1187 opera
1417 1117 1638 1189 obsequi
1666 1138 1678 1172 :
1706 1130 1786 1173 to—

175 1209 289 1256 tum
319 1213 502 1258 autem
533 1204 632 1259 hac
683 1205 734 1258 in
776 1222 834 1260 re
876 1208 1141 1277 pr:ecipue
1172 1221 1435 1264 versatur.
1487 1213 1662 1283 Atque
1695 1213 1782 1269 hic

174 1307 486 1349 sermonem
521 1297 794 1351 concludit
820 1339 833 1363 ,
864 1300 1207 1372 validumque
1249 1304 1378 1370 ipsis
1413 1306 1662 1362 timorem
1689 1323 1779 1362 re-

173 1381 390 1454 linquit.
423 1385 884 1452 Quemadmodum
913 1393 1055 1445 enim
1075 1433 1090 1458 ,
1124 1409 1244 1448 cum
1277 1395 1343 1450 de
1370 1397 1567 1453 virtute
1595 1413 1779 1470 agere-

172 1484 277 1539 tur,
310 1491 419 1531 non
466 1479 639 1533 solum
693 1497 757 1536 ex
784 1482 980 1538 futuris
1011 1484 1284 1552 incitabat,
1313 1506 1534 1560 regnum
1565 1509 1774 1548 memov

171 1580 317 1627 rans.
346 1570 536 1636 erelos,
570 1573 872 1629 mercedem
902 1576 1223 1634 ineffabilem
1246 1622 1260 1644 ,
1296 1583 1722 1641 consolationem
1751 1628 1766 1652 ,

170 1658 564 1730 innumeraque
615 1663 775 1727 bona,
830 1667 923 1720 sed
952 1668 1112 1723 etiam
1158 1685 1186 1723 a
1240 1675 1616 1744 praesentibus,
1644 1677 1770 1732 dum

169 1747 482 1806 ﬁrmitatem
516 1753 1051 1828 immobilitatemque
1094 1771 1260 1830 petra:
1302 1767 1579 1820 ostendit:
1613 1768 1692 1822 sie
1717 1778 1770 1823 et

169 1853 286 1893 cum
319 1840 389 1895 de
417 1844 621 1897 malitia
667 1847 876 1915 agitur,
909 1865 1012 1904 non
1059 1853 1219 1906 modo
1247 1864 1412 1910 terret
1455 1857 1524 1911 ab
1557 1859 1619 1912 iis
1648 1875 1767 1928 qua:

165 1941 566 2000 exspectantur,
599 1945 655 1988 ut
677 1937 744 1990 ab
771 1940 950 1993 excisa
979 1941 1172 1997 arbore
1193 1987 1206 2008 ,
1251 1947 1372 2016 igne
1416 1949 1767 2021 inexstingui-

165 2020 276 2088 bili,
309 2023 557 2092 ingressu
587 2028 740 2098 rcgui
770 2029 1079 2097 intercluso,
1105 2034 1173 2088 ab
1195 2035 1295 2090 hoc
1317 2037 1481 2101 dicto,
1510 2039 1630 2094 Non
1647 2044 1762 2096 novi

164 2128 244 2167 eos
268 2129 285 2176 ;
312 2114 406 2168 sed
431 2115 594 2170 etiam
628 2133 691 2171 ex
720 2123 1110 2188 praesentibus,
1143 2141 1336 2195 nempe
1384 2144 1448 2184 ex
1479 2131 1630 2184 ruina
1661 2133 1758 2186 do-

161 2217 295 2258 mus.
328 2205 566 2275 ideoque
596 2224 715 2262 cum
759 2215 948 2280 majori
995 2217 1237 2285 emphasi
1268 2234 1572 2277 sermonem
1607 2225 1757 2279 insti-

161 2297 276 2361 tuit,
310 2296 566 2364 parabola
619 2299 766 2353 illum
799 2317 1085 2358 exornans.
1127 2308 1240 2362 Non
1289 2313 1433 2366 enim
1481 2317 1610 2372 satis
1645 2330 1760 2374 erat

161 2383 378 2451 dixisse,
410 2389 610 2444 virtute
641 2391 918 2458 prmditum
971 2396 1226 2452 invictum
1283 2402 1419 2469 fore,
1451 2406 1753 2476 improbum

161 2487 312 2547 captu
352 2479 566 2535 facilem
593 2499 607 2547 ;
637 2483 729 2537 sed
762 2494 965 2554 petram
998 2492 1196 2558 posuit,
1226 2493 1467 2560 domum,
1502 2499 1747 2569 ﬁumina,

161 2570 386 2640 pluviam
419 2582 476 2629 et
504 2585 746 2643 ventum,
767 2592 830 2633 ae
858 2579 1071 2635 similia.
1099 2583 1189 2640 26.
1225 2585 1422 2654 Omnis,
1455 2593 1644 2662 inquit,
1669 2595 1757 2664 qui

159 2664 294 2715 audit
321 2681 580 2720 sermones
606 2669 697 2722 hos
724 2685 878 2737 meos,
911 2682 957 2725 et
986 2691 1087 2729 non
1119 2679 1240 2746 facit
1265 2695 1368 2744 eos,
1391 2684 1754 2740 assinn'labitur

160 2753 261 2807 uiro
294 2757 474 2823 stulto,
506 2758 594 2825 qui
623 2761 892 2829 adi/ienuit
920 2765 1126 2821 domum
1153 2784 1298 2851 suam
1332 2789 1484 2842 super
1521 2793 1749 2832 arenam.

160 2841 318 2899 Recte
354 2855 538 2901 autem
569 2850 789 2905 stultum
835 2853 975 2910 hunc
1006 2861 1231 2913 vocavit.
1271 2843 1410 2929 Quid
1435 2867 1574 2920 enim
1609 2870 1748 2924 stul-

158 2933 257 2989 tius
283 2934 444 2993 fuerit
469 2939 690 2996 homine
714 2957 876 3013 super
905 2962 1121 3003 arenam
1155 2953 1487 3024 a‘diﬁeante,
1518 2969 1571 3014 et
1595 2961 1746 3017 labo-

157 3038 261 3080 rem
283 3028 502 3097 quidem
534 3029 741 3089 ferente
765 3076 780 3100 ,
817 3038 985 3094 fructu
1019 3057 1145 3096 vero
1184 3054 1236 3098 et
1268 3049 1451 3116 requie
1477 3066 1598 3107 sese
1627 3055 1739 3122 pri-

159 3129 341 3186 vante,
370 3137 579 3194 proque
611 3125 709 3182 hac
737 3144 793 3183 re
839 3133 1155 3202 supplicium
1201 3142 1546 3198 sustinente?
1588 3147 1741 3215 Quod

157 3219 324 3266 autem
353 3215 386 3267 ii
432 3217 523 3285 qui
569 3221 819 3288 nequitia:
867 3239 925 3277 se
974 3225 1179 3282 dedunt
1215 3230 1486 3299 laborent,
1537 3241 1741 3296 nemini

156 3314 254 3356 non
279 3315 464 3361 notum
495 3319 578 3363 est
611 3328 623 3363 :
652 3327 772 3364 nam
798 3325 1000 3382 raptor,
1033 3319 1329 3388 adulteras,
1363 3328 1696 3397 sycophanta
1718 3373 1732 3397 ,

156 3396 369 3451 multant
417 3399 665 3456 laborant
718 3405 989 3475 multaque
1030 3412 1316 3480 sustinent,
1371 3427 1429 3472 ut
1483 3396 1738 3477 malitiam

155 3497 293 3540 suam
319 3487 384 3542 ad
414 3491 577 3545 ﬁnem
610 3491 874 3550 deducant
905 3514 919 3559 ;
950 3500 1042 3553 sed
1077 3518 1179 3557 non
1226 3507 1386 3560 modo
1428 3511 1629 3567 nullum
1658 3530 1743 3570 re-

156 3575 320 3633 ferunt
346 3579 598 3646 fructum,
627 3600 810 3639 verum
834 3574 1001 3645 etiam
1032 3593 1283 3652 damnum
1306 3603 1506 3670 grande
1532 3609 1742 3674 patiun-

155 3673 250 3720 tur.
291 3668 421 3724 Nam
477 3681 532 3728 et
582 3674 779 3732 Paulus
830 3679 1060 3751 idipsum
1117 3668 1460 3747 subiudicans
1487 3697 1735 3756 dicebat:

159 3757 247 3822 Qui
271 3764 483 3817 seminat
510 3766 563 3818 in
585 3783 738 3821 carne
756 3787 867 3835 sua,
904 3774 968 3827 de
991 3792 1142 3832 carne
1164 3798 1256 3834 sua
1284 3796 1432 3839 metet
1458 3795 1738 3860 corruptio-

152 3853 478 3919 ncm((.'alat.
507 3859 560 3910 6.
595 3860 626 3915 8
653 3860 696 3932 ).
728 3864 864 3918 Huic
904 3869 1104 3923 similes
1136 3885 1264 3928 sunt
1298 3880 1384 3946 qui
1426 3897 1589 3951 super
1616 3902 1736 3942 are-

155 3955 263 3997 nam
296 3947 594 4016 aediﬁcant;
621 3955 765 4009 verbi
794 3961 964 4026 gratia
996 3964 1087 4031 qui
1132 3966 1182 4018 itt
1217 3967 1594 4042 fornicatione,
1640 3981 1731 4048 qui

153 4037 199 4085 in
225 4036 446 4106 luxuria,
478 4044 570 4113 qui
602 4044 654 4099 in
687 4049 948 4107 ebrietate
972 4055 1009 4119 ¹,
1040 4057 1127 4124 qui
1155 4059 1208 4112 in
1240 4060 1534 4133 iracundia,
1565 4071 1654 4140 qui
1678 4074 1729 4128 in

153 4127 258 4183 aliis
283 4134 554 4190 omnibus.

213 4221 263 4275 4.
301 4223 623 4296 Comparatio
649 4231 817 4287 Achab
839 4247 884 4290 et
907 4237 1058 4307 Elite,
1086 4249 1428 4312 apostolorum
1452 4263 1498 4306 et
1518 4254 1730 4312 Iudico-

154 4325 274 4365 rum.
316 4316 670 4385 Apostolorum
719 4326 908 4392 ﬁducia
957 4342 1003 4384 ct
1051 4334 1287 4400 ﬁrmitas.
1325 4372 1395 4382 -—-
1437 4345 1576 4401 Talis
1616 4361 1730 4406 erat

152 4399 348 4470 Achab;
392 4411 484 4464 sed
531 4427 636 4468 non
672 4419 790 4472 talis
835 4419 996 4478 Elias.
1044 4399 1254 4485 Etenim
1307 4450 1337 4488 e
1375 4440 1590 4508 regione
1627 4460 1727 4515 po-

153 4505 323 4551 nentes
349 4500 568 4558 virtutes
598 4515 653 4559 et
683 4509 805 4562 vitia
832 4552 845 4574 ,
881 4513 1088 4571 illorum
1118 4521 1468 4583 differentiam
1506 4548 1727 4590 accura-

153 4581 243 4636 tius
261 4600 623 4656 aguoseemus.
651 4595 742 4651 llle
765 4615 994 4672 namque
1012 4622 1174 4678 super
1197 4625 1398 4681 petram
1421 4622 1725 4693 aedificavit,

153 4668 223 4693 Li-
251 4691 280 4693 __

909 4668 918 4672 ν
1079 4668 1097 4678 ⁵
1197 4668 1211 4681 ι
1247 4668 1252 4669 ν
1319 4668 1396 4671 -νν-
1423 4668 1722 4693 -νν-ιινυιτιι,

152 4668 226 4726 hic
251 4691 374 4734 vero
397 4696 562 4750 super
588 4701 805 4744 arenam
843 4711 856 4745 :
896 4694 1121 4768 ideoque
1152 4720 1242 4759 rex
1275 4721 1394 4762 cum
1427 4726 1568 4769 esset
1595 4732 1722 4785 pro-

152 4763 207 4785 ...I.
225 4776 259 4785 ,ι
554 4778 565 4785 .
755 4783 769 4785 -

151 4763 342 4832 phetam
371 4778 640 4833 metuebat
666 4790 718 4835 et
748 4763 1099 4855 formidabat,
1130 4799 1218 4864 qui
1241 4801 1498 4870 propheta
1529 4763 1722 4869 merlote

153 4863 332 4916 tantum
377 4879 491 4922 erat
535 4869 769 4928 indutus.
823 4876 982 4934 Tales
1026 4896 1176 4941 erant
1219 4890 1423 4960 Judtei;
1474 4901 1568 4954 sed
1613 4919 1718 4961 non

151 4957 351 5015 apostoli
382 4974 394 5010 :
422 4964 767 5029 quamobrem
799 4969 851 5023 hi
893 4976 1041 5040 pauci
1080 4994 1197 5033 cum
1231 4999 1410 5042 essent
1436 5002 1487 5046 et
1513 4995 1673 5050 vincti
1699 5043 1712 5062 ,

153 5042 225 5062 ,μ
258 5048 287 5062 ._
331 5058 337 5062 .

150 5042 425 5106 ﬁrmitatem
459 5065 625 5124 petra:
651 5063 1036 5133 ostendebant;
1084 5073 1156 5127 illi
1195 5092 1320 5134 vero
1347 5085 1444 5138 etsi
1487 5091 1638 5145 multi
1665 5101 1718 5147 et

150 5143 351 5208 armati,
393 5147 754 5207 inﬁrmitatem
803 5172 1000 5215 arente.
1051 5165 1305 5224 Dicebant
1348 5177 1488 5230 enim
1534 5185 1716 5248 :Quid

153 5232 367 5295 faciemus
401 5240 688 5298 hominibus
717 5247 823 5302 istis
854 5253 870 5318 (
896 5252 1006 5305 Act.
1035 5256 1087 5309 4.
1122 5260 1185 5313 16
1211 5261 1268 5327 )?
1305 5265 1483 5322 Viden‘
1514 5232 1711 5332 anisi;

151 5320 363 5390 angustia
400 5334 634 5399 versari;
666 5353 769 5392 non
801 5352 977 5398 autem
999 5362 1099 5403 eos
1139 5355 1225 5420 qui
1263 5361 1453 5426 captivi
1482 5377 1632 5420 erant
1660 5380 1714 5423 et

153 5410 324 5482 \‘incti,
353 5423 441 5477 sed
471 5426 558 5494 qui
591 5427 899 5486 detinebant
926 5447 975 5490 et
1000 5439 1321 5500 vinxerant?
1348 5468 1451 5518 quo
1481 5457 1604 5524 quid
1634 5461 1711 5514 in-

288 5508 318 5524 _.
441 5516 487 5524 ..
664 5520 680 5524 -
726 5521 764 5524 _

1484 5501 1603 5524 τη..

152 5501 379 5564 solentius
404 5516 684 5572 videatur?
726 5521 800 5576 Tu
828 5525 1036 5582 detines
1062 5542 1117 5585 et
1143 5533 1351 5593 dubitas
1375 5543 1397 5594 ?
1435 5544 1563 5601 Jure
1591 5553 1709 5618 qui—

156 5588 254 5618 Ann.
303 5597 355 5618 n7
383 5603 394 5613 ο
527 5608 537 5618 ο
756 5614 766 5618 -

1232 5588 1350 5593 ,.s--‘
1379 5588 1389 5594 .
1435 5588 1562 5601 vulv
1591 5588 1705 5618 ειμι-

155 5588 276 5646 dem.
302 5597 425 5667 Quia
454 5608 596 5661 enim
623 5614 800 5667 omnia
832 5629 994 5686 super
1029 5636 1244 5679 arenam
1275 5630 1665 5694 mdiﬁeaverant
1691 5661 1705 5708 ;

155 5680 253 5708 LI..-
279 5688 306 5708 ε.
332 5692 356 5708 ι·
447 5697 457 5706 ·
746 5705 776 5708 ’-

900 5680 913 5686 _
1282 5680 1472 5687 πη--.-
1491 5680 1665 5694 .-......
1691 5687 1703 5708 ,

155 5680 256 5738 ideo
279 5688 584 5755 infirmiores
613 5705 863 5760 omnibus
887 5723 1057 5765 erant.
1104 5714 1304 5776 idcirco
1335 5722 1583 5784 dicebant
1609 5732 1703 5788 de-

210 5854 222 5885 '
254 5863 323 5911 tta:
347 5879 499 5930 voces,
525 5870 609 5935 qui
631 5871 680 5923 in
709 5873 949 5939 ebrietate,
974 5880 1154 5939 desut;
1181 5886 1233 5940 La
1257 5893 1417 5956 Morel.

1138 448 1204 504 ΙΝ
1241 449 1656 511 ΜΑΤΤΗΕΠΜ
1693 452 1925 511 “OMIL.
1973 456 2161 513 XXIV.
2204 462 2274 514 al.
2320 462 2485 518 XXV.

3404 491 3509 552 326

1903 581 2011 620 uno
2037 586 2050 620 :
2080 569 2218 638 Quid
2236 577 2406 644 facitis
2428 579 2642 637 volentes
2663 585 2899 642 inducere
2917 607 3071 662 super
3092 613 3181 651 nos
3203 607 3503 671 sanguinem

1899 658 2116 714 hominis
2143 664 2298 734 hujus
2325 669 2463 734 (Act.
2485 671 2537 726 5.
2563 674 2695 743 ‘28)?
2724 679 2858 745 Quid
2884 658 3053 739 dicit?
3079 689 3155 744 Tu
3184 658 3369 764 caulis,
3396 712 3502 758 tero

1896 763 2013 812 res,
2040 751 2217 818 hcdis,
2251 768 2303 812 et
2334 771 2386 814 tu
2422 765 2619 820 times?
2646 781 2698 823 tu
2724 771 2952 841 iudicas,
2987 791 3037 834 et
3070 790 3122 836 ttt
3155 791 3380 847 tremis?
3408 792 3498 852 Sic

1895 841 2105 900 inﬁrma
2135 859 2215 902 est
2246 853 2466 909 malitia.
2499 858 2602 914 Sed
2630 867 2856 931 apos:oli
2885 885 2988 924 non
3015 875 3092 929 sic
3120 894 3133 928 :
3167 874 3285 934 Non
3311 903 3495 954 possit.

1893 948 2005 984 mus
2026 951 2116 988 nos
2137 954 2248 1005 qum
2268 945 2550 1003 audivimus
2571 963 2617 1005 et
2641 954 2854 1031 vidimus
2876 977 2974 1015 non
2997 965 3137 1037 loqui
3153 971 3284 1037 (Act.
3307 975 3340 1029 4
3356 977 3491 1043 .90).

1893 1022 1953 1043 ,η
1979 1024 2008 1043 ,.
2123 1030 2138 1043 .
2241 1032 2253 1043 .
2516 1042 2520 1043 ν

2741 1027 2746 1031 .
3059 1022 3071 1037 σ
3156 1022 3166 1037 ι
3317 1022 3334 1029 ·
3356 1022 3491 1043 ""’"

1893 1022 2138 1082 Vidistin’
2167 1032 2401 1090 animum
2443 1042 2768 1100 sublimem?
2807 1052 3038 1110 νὶιιὶηιῙιι⁹
3064 1073 3265 1127 petram
3298 1067 3491 1128 fluetus

1889 1117 2191 1178 ridentem?
2214 1128 2443 1184 vidistin‘
2467 1133 2685 1192 domum
2715 1141 3039 1204 immobilem
3058 1155 3082 1206 ‘!
3103 1155 3326 1230 Quodqu
3347 1181 3360 1216 ξ
3384 1167 3488 1219 mi-

3111 1211 3144 1222 η
3265 1211 3355 1230 Γ.

1888 1211 2107 1267 rabilius
2133 1257 2146 1280 ,
2181 1233 2285 1273 non
2332 1224 2492 1279 modo
2524 1229 2690 1284 timidi
2740 1250 2845 1288 non
2877 1252 3029 1294 erant
3052 1285 3068 1308 ,
3109 1248 3249 1316 quod
3279 1251 3487 1310 insidia:

1886 1304 2015 1373 ipsis
2057 1324 2390 1382 pararentur,
2422 1321 2514 1374 sed
2543 1324 2703 1379 etiam
2741 1331 2996 1399 majorem
3027 1336 3275 1398 fiduciam
3303 1349 3487 1418 capie-

1886 1395 2008 1418 I._-_.
2101 1402 2152 1418 HI
2365 1409 2376 1418 ·
2555 1415 2563 1418 ³

2824 1395 2837 1399 ν
3227 1395 3274 1398 "’
3309 1395 3454 1418 "'I""

1883 1395 2048 1465 bant,
2100 1402 2324 1473 illosque
2362 1409 2414 1463 in
2461 1415 2716 1482 majorem
2763 1430 3060 1492 angustiam
3103 1436 3481 1504 conjiciebant.

1883 1485 1925 1504 ιτ
2120 1495 2128 1502 ·
2212 1497 2223 1504 -

1881 1485 2012 1543 Nam
2043 1495 2130 1561 qui
2158 1497 2494 1556 adamantem
2524 1512 2771 1577 percutit,
2799 1515 2910 1583 ipse
2933 1524 3122 1592 estqui
3149 1485 3478 1599 percutitur;

1881 1592 1935 1637 ct
1955 1587 2042 1655 qui
2067 1599 2248 1644 contra
2275 1594 2544 1653 stimulum
2567 1603 2828 1674 caicitrat,
2855 1610 2968 1680 ipse
2989 1629 3067 1670 est
3090 1621 3178 1688 qui
3209 1627 3477 1696 pungitur,

1878 1686 1928 1731 et
1958 1682 2137 1747 gravia
2169 1689 2363 1757 accipit
2389 1693 2642 1762 vulnera;
2669 1708 2722 1753 et
2749 1702 2836 1770 qui
2863 1706 3060 1764 virtute
3085 1715 3324 1780 pra'ditis
3351 1720 3479 1775 insi-

1876 1767 2052 1824 diatur
2075 1814 2089 1837 ,
2125 1775 2238 1845 ipse
2263 1789 2342 1834 est
2374 1784 2462 1850 qui
2491 1767 2842 1854 periclitatur.
2878 1795 3072 1855 Malitia
3104 1805 3300 1877 quippe
3330 1822 3477 1868 tanto

1874 1859 2138 1920 infirmior
2157 1869 2401 1938 efficitur,
2425 1889 2622 1946 quanto
2642 1887 2809 1954 magis
2830 1900 3011 1945 contra
3033 1896 3277 1955 virtutem
3301 1907 3470 1960 aciem

1872 1953 2106 2012 instruit.
2155 1960 2233 2015 Ac
2258 1968 2707 2033 quemadmodum
2736 1953 2824 2048 qui
2858 1981 3030 2051 ignem
3064 1987 3185 2058 ligat
3229 1992 3278 2046 in
3310 2001 3471 2051 vesti-

1871 2059 2091 2114 mento,
2138 2051 2402 2112 flammam
2444 2062 2658 2131 quidem
2691 2084 2795 2123 non
2829 2077 3116 2147 exstinguit
3141 2124 3156 2144 ,
3187 2085 3278 2138 sed
3311 2092 3474 2144 vcsti-

1869 2148 2106 2194 meutum
2151 2151 2419 2204 consumit
2451 2153 2568 2208 :sie
2607 2159 2695 2227 qui
2742 2161 2938 2220 virtute
2983 2172 3237 2238 prmditos
3282 2177 3467 2247 lardit,

1866 2230 2089 2298 detinet,
2127 2235 2281 2306 ligat;
2313 2240 2436 2297 illos
2460 2247 2671 2315 quidem
2700 2254 3090 2322 splendidiores
3119 2266 3315 2337 efﬁcit,
3347 2288 3468 2330 sese

1867 2337 1995 2376 vero
2038 2329 2231 2394 perdit.
2286 2332 2494 2390 Etenim
2528 2355 2726 2409 quanto
2761 2352 3003 2417 graviora
3036 2372 3223 2426 passus
3263 2362 3428 2422 fueris
3450 2412 3464 2434 ,

1869 2413 1947 2434 .I.-.
1975 2432 1982 2434 .
2021 2433 2043 2434 η
2123 2420 2133 2434 ¹
2253 2424 2282 2434 ⁵⁷
2425 2428 2439 2434 ⁸
2515 2431 2527 2434 ⁸

2765 2413 2785 2417 -
3036 2413 3049 2426 .
3209 2413 3217 2414 ί
3263 2413 3366 2420 --ν-
3387 2413 3428 2422 ··’
3450 2413 3464 2434 ν

1863 2413 1987 2468 dum
2019 2420 2185 2485 probe
2217 2424 2374 2478 vitam
2407 2428 2588 2496 rint-is,
2621 2443 2768 2491 tanto
2797 2439 2984 2499 fortior
3013 2451 3232 2525 evadis:
3264 2469 3468 2525 quanto

1864 2509 2031 2576 magis
2060 2514 2200 2565 enim
2235 2515 2626 2587 philosophiam
2658 2528 2896 2587 eoieatus
2919 2578 2931 2600 ,
2965 2546 3112 2592 tanto
3145 2523 3312 2614 magis
3339 2553 3467 2605 nul-

2921 2595 2929 2600 _
3231 2595 3309 2614 σν-
3339 2595 3432 2605 -._.

1861 2595 1962 2652 lius
1993 2603 2300 2673 egebimus;
2330 2618 2384 2664 et
2403 2626 2602 2681 quanto
2630 2623 2797 2691 magis
2823 2627 2970 2682 nullo
2995 2635 3290 2704 egebimug
3317 2651 3463 2699 tanto

1859 2687 2108 2748 fortiores
2145 2698 2344 2753 erimus
2367 2743 2382 2767 ,
2423 2713 2476 2758 et
2513 2711 2761 2767 omnibus
2790 2721 3115 2786 superiores.
3169 2728 3310 2784 'l'alis
3344 2746 3462 2791 erat

1857 2779 2112 2840 Joannes.
2148 2789 2506 2857 Quamobrem
2539 2817 2697 2859 nemo
2740 2807 2813 2862 illi
2859 2815 3156 2873 molestiam
3197 2828 3456 2895 creabat,

1857 2872 1943 2895 ill-
1975 2886 2088 2895 ---ις
2267 2885 2278 2895 “

3129 2872 3152 2873 ν.
3204 2872 3416 2883 --νννιιιπυ
3443 2872 3456 2895 ,

1856 2872 1947 2928 ille
1971 2886 2149 2932 autem
2173 2885 2431 2942 molestus
2453 2903 2567 2946 erat
2595 2895 2826 2964 llerodi;
2855 2914 2908 2958 et
2933 2910 3021 2977 qui
3051 2911 3182 2967 nihil
3209 2917 3457 2987 habebat,

1856 2965 2062 2987 --l---._-r
2485 2983 2496 2987 ⁸

2949 2965 2965 2977 ⁸
3170 2965 3181 2967 κ
3210 2965 3457 2987 ν---νν-σηυι

1853 2965 2113 3024 adversus
2141 2987 2450 3043 regnantem
2480 2983 2804 3057 insurrexit;
2849 2997 2936 3066 qui
2965 3000 3266 3063 diademate
3287 3052 3300 3075 ,
3332 3027 3459 3080 pur—

1854 3072 1984 3127 pura
2003 3103 2018 3128 ,
2046 3065 2320 3138 multoque
2348 3083 2539 3128 ornatu
2568 3077 2798 3150 fulgens,
2826 3065 3073 3146 omnibus
3101 3099 3356 3156 nudatum
3393 3107 3458 3160 ti-

1851 3152 2036 3207 mebat
2077 3153 2503 3234 formidahatque
2523 3209 2537 3232 ,
2573 3186 2745 3242 neque
2772 3176 2921 3234 illum
2953 3186 3126 3254 capite
3153 3197 3452 3251 truncatum

1852 3254 2062 3312 poterat
2105 3250 2222 3306 sine
2265 3265 2409 3310 metu
2439 3262 2726 3329 reSpicere.
2777 3269 2928 3334 Quod
2967 3250 3108 3331 enim
3141 3282 3299 3338 etiam
3335 3300 3454 3356 past

1849 3347 2077 3393 mortem
2110 3357 2214 3397 non
2259 3359 2426 3413 parvo
2467 3351 2658 3410 timore
2695 3356 2918 3418 affectus
2949 3377 3132 3433 esset,
3163 3377 3284 3428 audi
3326 3381 3449 3447 quid

1852 3426 1984 3447 κη,
2253 3446 2259 3447 ,
2307 3438 2318 3447 .

1848 3426 1990 3482 dicat
2019 3449 2029 3481 :
2063 3431 2162 3486 Hic
2190 3446 2261 3489 est
2289 3438 2514 3496 Joannes
2537 3487 2549 3507 ,
2582 3463 2728 3513 quem
2760 3456 2922 3508 occidi
2950 3475 3042 3528 ego
3067 3462 3086 3532 (
3401 3475 3447 3543 ),

1850 3514 1978 3543 Ill...l
2004 3531 2173 3543 --_._,,_
2257 3527 2297 3543 ,ι
2367 3531 2377 3540 .
2404 3533 2431 3543 ..

1847 3514 1979 3572 illud
2003 3531 2177 3576 autem
2205 3566 2220 3592 ,
2254 3527 2431 3584 Occidi
2453 3574 2468 3599 ,
2502 3551 2606 3590 non
2634 3549 2716 3593 est
2745 3558 2844 3598 Vox
2872 3563 2992 3604 sese
3017 3553 3284 3616 efi‘erentis
3309 3605 3323 3627 ,
3353 3569 3448 3622 sed

1847 3621 2046 3664 metum
2074 3631 2228 3669 suum
2263 3621 2504 3686 solantis.
2539 3638 2591 3682 ct
2622 3633 2832 3691 turbato
2861 3644 3040 3696 animo
3067 3651 3356 3722 suadentis,
3391 3672 3448 3715 ut

1844 3706 2218 3769 recordaretur
2246 3711 2511 3772 homicidii
2546 3722 2595 3775 in
2641 3725 2786 3781 illum
2822 3741 3128 3803 perpetrati.
3163 3744 3330 3803 Tanta
3363 3765 3447 3807 est

1843 3795 2055 3851 virtutis
2082 3799 2354 3873 fortitudo,
2387 3820 2442 3864 ut
2467 3814 2625 3870 etiam
2649 3831 2769 3887 post
2797 3836 3024 3884 mortem
3051 3833 3348 3895 viventibus
3375 3847 3447 3899 sit

1843 3889 2129 3952 potentior.
2183 3894 2412 3968 Ideoque
2448 3904 2514 3958 ad
2543 3922 2669 3972 eum
2703 3911 2828 3967 dum
2861 3918 3062 3977 vireret
3086 3966 3099 3987 ,
3143 3931 3229 3997 qui
3264 3935 3443 3990 multis

1842 3991 1995 4033 erant
2035 3989 2274 4052 pecuniis
2305 3991 2583 4065 instructi,
2622 4005 2937 4065 accedentes
2976 4013 3266 4077 dicebant:
3303 4026 3441 4094 Quid

1844 4075 2016 4094 ,μίγη
2115 4080 2164 4094 ,.
2289 4087 2321 4094 -
2521 4092 2559 4094 s

1839 4075 2082 4141 faciemus
2110 4080 2260 4153 (Luc.
2288 4087 2341 4140 5.
2368 4089 2490 4159 10)?
2520 4092 2617 4148 Tot
2648 4095 2854 4154 habetis
2874 4145 2888 4167 ,
2916 4114 2971 4159 et
2997 4108 3065 4162 ab
3094 4127 3159 4176 eo
3187 4075 3274 4183 qui

1838 4164 1999 4221 habet
2030 4174 2191 4227 vultis
2231 4177 2470 4236 ediscere
2497 4184 2634 4240 viam
2678 4202 2867 4250 vestra:
2907 4197 3221 4261 felicitatis?
3250 4227 3278 4264 a
3313 4230 3441 4281 pau-

1838 4271 1963 4281 ᾌΛ..-
2001 4260 2178 4281 Δις--..κῃ
2201 4267 2224 4281 ο
2307 4267 2320 4281 I
2600 4278 2610 4281 -

1837 4271 1966 4326 pere
1994 4260 2224 4318 divites?
2272 4267 2339 4322 ab
2370 4287 2436 4325 eo
2459 4314 2474 4336 ,
2522 4278 2611 4345 qui
2651 4296 2716 4334 ne
2746 4283 2960 4343 domum
2993 4294 3205 4361 quidem
3237 4260 3434 4374 habet,

1837 4350 2071 4374 mut-uo
2119 4355 2160 4374 ηπ
2198 4357 2253 4374 νί
2685 4371 2722 4374 “’
2764 4373 2772 4374 “

3011 4350 3022 4361 ι
3135 4350 3143 4351 ί
3196 4350 3203 4351 ί
3237 4350 3395 4360 ⁷““”⁸“”’“¹“
3419 4352 3434 4374 ν

1835 4350 2071 4407 milites?
2119 4355 2262 4411 Talis
2290 4376 2500 4432 quoque
2526 4377 2643 4422 erat
2683 4371 2858 4430 llelias
2889 4396 2901 4430 :
2934 4388 3280 4450 quamobrem
3311 4409 3434 4454 Cum

1835 4441 2022 4497 eadem
2071 4445 2317 4505 libertate
2363 4469 2426 4508 ac
2475 4456 2664 4514 ﬁducia
2713 4469 2908 4536 populo
2951 4441 3291 4544 loquebatur.
3342 4487 3438 4547 llle

1834 4548 2066 4604 namque
2092 4537 2321 4607 dicebat,
2358 4543 2625 4603 Genimina
2651 4555 2937 4623 viperarum
2967 4564 2983 4632 (
3008 4565 3196 4625 Matt/1.
3230 4575 3280 4629 5.
3317 4580 3347 4632 ’ἶ
3375 4584 3390 4648 )
3420 4605 3433 4648 ;

1834 4624 1918 4648 Li-
1952 4644 2070 4648 ---d-
2168 4632 2211 4648 "
2500 4642 2509 4648 ”
2605 4645 2632 4648 υ

2973 4624 2982 4632 -
3189 4624 3192 4625 ν
3234 4624 3280 4629 ν-
3324 4624 3337 4632 ·
3375 4624 3390 4648 ι
3420 4628 3431 4648 ς

1833 4624 1920 4680 hic
1952 4644 2078 4684 vero
2101 4673 2113 4694 ,
2164 4632 2432 4707 Usquequo
2460 4642 2759 4701 claudicatis
2797 4661 3008 4724 utroque
3036 4665 3227 4730 poplite
3271 4683 3431 4727 vestro

1832 4715 1908 4787 (5.
1941 4717 2067 4790 Reg.
2095 4723 2333 4796 18.21)?
2361 4729 2455 4784 llic
2481 4732 2607 4788 item
2633 4736 2863 4807 dicebat,
2897 4715 3159 4817 tta-iss,
3189 4769 3234 4810 ct
3258 4778 3431 4828 posse-

1831 4810 1949 4864 disti
1977 4815 2050 4880 (5.
2085 4814 2211 4887 Reg.
2245 4818 2332 4873 21.
2367 4821 2488 4893 19);
2523 4827 2610 4884 ille
2641 4847 2795 4899 vero,
2829 4835 2947 4892 Non
2981 4843 3094 4897 licet
3123 4810 3214 4902 tibi

1829 4919 2036 4958 uxorem
2079 4906 2310 4981 Philippi
2343 4918 2518 4986 {ranis
2554 4924 2626 4974 tui
2663 4926 2679 4992 (
2709 4925 2893 4981 Matt/t.
2928 4934 3011 4986 M.
3043 4938 3075 4990 4
3101 4939 3142 5008 ).
3182 4906 3426 5005 Υἰιὶὶδιιι.ζ

1826 4999 2077 5060 petram?
2124 5004 2358 5059 vidistin‘
2402 5024 2618 5068 arenam
2664 5024 2930 5088 quomodo
2974 5027 3125 5089 facile.
3171 5037 3425 5099 decidat?

1825 5091 2094 5154 quomodo
2120 5095 2507 5158 calamitatibus
2535 5109 2720 5176 cedat,
2751 5122 3019 5184 quomodo
3045 5128 3386 5189 subvertatur
3406 5179 3420 5199 ,

1825 5181 1921 5234 etsi
1966 5186 2105 5252 apud
2152 5203 2371 5260 regem,
2402 5198 2502 5251 etsi
2545 5205 2684 5270 apud
2736 5212 2988 5277 populum
3029 5219 3133 5286 sit,
3169 5225 3268 5279 etsi
3299 5244 3419 5285 cum

1824 5276 2094 5339 potentia?
2127 5280 2252 5336 lllns
2278 5285 2418 5339 enim
2447 5291 2535 5359 qui
2566 5307 2623 5346 se
2650 5297 2848 5354 adeunt
2874 5309 3112 5365 omnium
3143 5319 3421 5383 stolidissio

1822 5378 1937 5418 mos
1968 5369 2158 5425 reddit.
2207 5374 2389 5445 Neque
2419 5383 2589 5436 solum
2620 5387 2810 5445 decidit
2837 5435 2851 5457 ,
2887 5399 2978 5452 sed
3011 5411 3062 5454 et
3092 5419 3210 5460 cum
3252 5415 3417 5471 multa

1821 5457 2140 5516 Calamitate.
2189 5465 2396 5522 Etenim
2425 5472 2514 5526 27.
2547 5475 2710 5532 Facta
2746 5495 2852 5546 est,
2899 5489 3100 5560 inquit,
3133 5499 3282 5554 ruina

3308 5508 3416 5574 ejus

1821 5566 2005 5620 magna
2031 5557 2194 5610 valde.

2242 5560 2425 5632 Neque
2451 5570 2590 5622 enim
2620 5573 2673 5627 in
2701 5591 2756 5630 re
2789 5579 2906 5634 vilis
2933 5587 3086 5652 pretii
3119 5594 3412 5656 periculum

1819 5655 1932 5706 est,
1966 5647 2058 5701 sed
2089 5649 2156 5703 de
2176 5653 2350 5708 anima
2381 5659 2585 5728 agitur,
2617 5665 2683 5718 de
2710 5670 2995 5730 amissione
3035 5682 3289 5740 cmlorum
3313 5729 3325 5751 ,
3357 5704 3408 5746 et

1816 5733 2077 5792 bonorum
2128 5741 2507 5804 immortalium
2553 5755 2589 5807 ¹.
2621 5757 2732 5814 lmo
2777 5777 2904 5817 vero
2947 5768 3106 5824 etiam
3152 5787 3278 5832 ante
3321 5779 3406 5838 illa

1881 5915 1895 5944 ⁸
1935 5921 2058 5979 3153.,
2088 5931 2372 5974 coronarum
2397 5927 2756 5990 immorenttuat.
