4094 6490
545 493 650 550 3‘37

550 605 723 664 omnia
752 591 1081 652 miseriorem
1111 580 1194 633 hie
1226 576 1383 628 vitam
1413 567 1569 622 ducet
1596 560 1685 613 illc
1717 551 1927 608 malitiae
1952 553 2123 600 secta-

1202 663 1208 664 ⁷
1514 658 1541 664 ’·
1729 648 1779 664 η·
1798 648 1887 664 -ἰη
1913 638 2103 664 unum...

553 638 723 664 Ullllll-
755 638 903 652 Illlvv-
922 638 984 644 .--
1011 638 1024 640 _

553 713 657 762 tor,
677 698 726 750 iu
752 681 1086 746 maeroribus,
1108 663 1334 727 assiduis
1352 658 1648 718 timoribus,
1665 638 2126 704 sollicitudinibus,

1555 747 1568 762 ‘
1620 759 1636 762 α
1654 742 1822 762 --ῗν---ι-
1870 730 2126 762 “ninnian

553 730 625 755 ιυι
678 730 726 750 ιιι
753 730 1036 746 ...νη-,ων
1074 730 1085 740 ,

551 741 930 846 ceriamiuibus
973 772 1132 826 vitam
1174 775 1336 831 agens
1377 770 1390 806 :
1431 747 1571 821 quod
1616 742 1826 811 sapiens
1869 730 2130 803 quispiam

555 877 895 938 subindicans
923 862 1132 922 dicebat
1162 874 1173 909 :
1209 850 1360 921 Fugit
1388 843 1590 912 impius,
1618 833 1813 888 nemine
1840 835 2136 896 persequen-

1499 933 1509 938 ‘
1649 925 1661 938 '
1780 921 1890 938 ἠη
1919 913 2134 938 “mh...

568 1183 720 1210 ΙΙυιυδ
749 1183 848 1200 an"
873 1183 884 1200 ,
916 1183 926 1191 .
1042 1183 1109 1186 --κ
1141 1183 1152 1192 I

564 1243 693 1297 dant
740 1183 961 1305 pinnas.l3
993 1225 1115 1278 “'J‘C
1160 1229 1315 1286 porro
1351 1207 1526 1264 onmia
1569 1196 1872 1268 significans
1898 1183 2144 1239 Christus

1638 1292 1648 1305 '
1674 1291 1683 1305 '
1749 1300 1760 1305 -
1792 1281 2144 1305 ·λ-αι·ιηι1ηηοη

568 1281 776 1386 diceba't
806 1343 816 1376 :
849 1320 968 1374 Fuit
1000 1281 1321 1368 ruina-illius
1350 1313 1530 1365 magna
1569 1291 1714 1345 valde
1743 1300 1762 1340 :
1787 1281 2146 1337 consetttaneo

1263 1377 1267 1381 ’
1823 1373 1834 1386 -
1914 1370 1925 1386 ι
1951 1363 2145 1386 κώμῃ...-

577 1363 776 1386 Ulbbuu.
806 1366 816 1376 ε
849 1363 869 1374 ι
898 1363 966 1373 υ.--
1001 1363 1011 1368 ν
1031 1363 1072 1366 ,νγ
1102 1363 1105 1364 ,
1433 1363 1451 1365 V-

577 1427 679 1478 fine
708 1421 820 1482 haec
845 1408 1064 1484 pulchra
1095 1377 1354 1472 praecepta
1385 1387 1653 1444 claudens,
1677 1387 1731 1433 et
1758 1373 1836 1428 vel
1864 1363 2146 1424 admodum

1660 1473 1669 1482 '
1791 1478 1870 1484 πμ·
1904 1466 2041 1484 nonan
2094 1458 2146 1484 nl

581 1458 679 1478 "'W
709 1458 820 1482 ο-υ-ν
887 1458 1046 1466 -σ-ν--ν
1097 1458 1110 1472 .
1271 1458 1282 1464 -

581 1458 878 1570 increduli;
891 1499 1121 1555 suadens
1147 1492 1308 1547 etiam
1335 1499 1399 1540 ex
1428 1473 1672 1548 praesenti
1701 1478 1874 1523 rerum
1903 1466 2065 1519 statu,
2094 1458 2152 1506 ut

1216 463 1271 518 S.
1311 448 1583 514 JOANNIS
1621 430 2086 498 CIIRYSOSTOMI
2127 419 2444 482 ARCHIEP.
2482 403 3014 472 CONSTANTINOP.

2232 534 2433 602 fugiant
2461 525 2768 597 nequitiam.
2821 514 3044 573 Etiamsi
3071 511 3212 568 enim
3246 504 3415 576 major
3441 501 3508 557 sit
3535 496 3602 553 de
3633 492 3827 548 futuris

2233 638 2431 687 sermo,
2456 627 2689 675 attamen
2722 614 2807 667 hic
2832 609 3001 678 magis
3028 606 3251 660 idoneus
3276 610 3454 654 sermo
3473 599 3555 647 est
3579 588 3648 643 ad
3675 598 3828 641 cras-

2235 718 2405 772 siores
2431 708 2673 766 homines
2695 676 3024 759 cohibendos
3055 706 3107 752 et
3137 711 3166 748 a
3196 689 3429 760 nequitia
3459 676 3830 739 abducendus.

2239 809 2467 874 Ideoque
2496 801 2585 855 tali
2618 799 2722 852 fine
2748 809 2926 849 sermo
2952 790 3162 844 clausus
3189 791 3308 848 est,
3336 790 3392 834 ut
3419 774 3583 832 menti
3615 771 3834 825 haeren-

2241 909 2346 954 tem
2383 861 2516 949 Ihinc
2563 890 2839 944 utilitatem
2886 887 3191 951 carperent.
3259 874 3383 928 [hcc
3432 871 3608 938 itaque
3653 861 3837 917 omnia

2242 993 2492 1048 scientes,
2528 993 2634 1037 tam
2664 977 2944 1051 praesentia
2972 987 3130 1044 quam
3158 970 3354 1031 futura,
3386 963 3649 1034 fugiamus
3680 953 3840 1009 mali-

2246 1080 2374 1134 tiam
2399 1119 2415 1142 ,
2444 1072 2622 1128 virtuti
2653 1041 3001 1130 studeamus,
3035 1078 3102 1117 ne
3143 1061 3335 1114 frustm
3373 1054 3676 1109 laboremus
3697 1089 3711 1109 ,
3744 1041 3841 1098 sed

2248 1179 2303 1225 et
2349 1167 2433 1222 hic
2463 1163 2748 1220 securitate
2787 1160 3023 1214 fruamur
3049 1197 3061 1219 ,
3104 1163 3156 1208 et
3202 1150 3307 1206 illic
3342 1146 3526 1218 gloriae
3563 1146 3843 1198 consortes

2251 1262 2419 1315 simus
2452 1275 2464 1309 :
2493 1269 2652 1326 quant
2683 1253 2883 1306 utinam
2912 1260 3099 1302 omucs
3128 1251 3522 1311 consequamur
3546 1276 3560 1300 ,
3591 1231 3760 1303 gratia
3791 1236 3844 1282 et

2254 1323 2583 1420 benignitate
2615 1344 2823 1400 Domini
2855 1341 3028 1398 nostri
3059 1338 3185 1394 Jesu
3215 1330 3409 1390 Christi
3435 1372 3449 1394 ,
3481 1331 3564 1382 cui
3596 1323 3768 1396 gloria
3793 1329 3853 1377 et

2263 1439 2546 1511 imperium
2584 1437 2636 1490 in
2667 1434 2859 1490 saecula
2889 1430 3227 1487 szeeulorum.
3263 1428 3450 1477 Amen.

3713 375 3819 431 323

1647 1547 3844 1616 __________________._____———————

1698 1670 2044 1742 HOMILIA
2085 1660 2297 1726 XXV.
2342 1660 2428 1724 al.
2474 1655 2711 1718 XXVi.

575 1613 1497 1665 ___________________._.
1541 1615 1546 1618 .

584 1869 713 1925 Car.
756 1867 808 1919 7.
851 1877 902 1913 v.
941 1856 1030 1912 28.
1073 1851 1138 1904 Et
1200 1851 1389 1917 factum
1441 1847 1542 1890 est.
1597 1843 1708 1881 cum
1768 1814 2158 1882 consummasset

657 1963 802 2017 Iesus
830 1964 1077 2011 sermones
1105 1945 1245 2007 istos,
1276 1933 1587 2012 mirabantur
1617 1919 1772 1977 turba:
1797 1927 1946 1983 super
1973 1904 2158 1962 doctri-

659 2148 710 2200 1.
752 2099 908 2194 Certe
934 2123 1266 2196 consequens
1291 2126 1405 2174 erat
1428 2157 1445 2182 ,
1475 2121 1531 2167 ut
1559 2108 1626 2163 de
1655 2111 1883 2158 oneroso
1921 2099 2167 2148 sermone

597 2238 838 2292 dolerent
865 2272 877 2294 ,
933 2181 1308 2292 torporemque
1345 2217 1414 2263 ob
1454 2206 1831 2276 prxceptorum
1871 2181 2168 2294 sublimita-

598 2272 838 2292 “"“-"-"'
865 2272 877 2294 ι
935 2272 1100 2292 -ν-ινν-
1129 2272 1137 2274 ~
1226 2272 1238 2283 .
1454 2272 1469 2276 -

598 2306 742 2388 tem;
779 2325 889 2394 jam
918 2330 1045 2371 vero
1075 2318 1212 2365 tanta
1244 2310 1357 2359 erat
1383 2293 1620 2359 docentis
1651 2289 1815 2386 virtus
1837 2322 1849 2335 .
1891 2286 1948 2332 ut
1975 2272 2172 2394 mu‘ltos

599 2360 704 2385 lcul
729 2369 742 2388 ,
805 2360 889 2376 uu-
929 2360 1042 2371 τι...
1076 2360 1197 2365 ,τηρ

597 2360 1037 2478 coruchaperet,
1061 2412 1218 2469 atque
1241 2397 1293 2449 in
1315 2383 1716 2446 admirationem
1745 2375 2010 2442 ingentem
2032 2360 2174 2416 abri-

599 2519 782 2584 peret,
819 2502 1169 2564 suaderetque
1215 2491 1431 2558 prepter
1471 2474 1794 2584 voluptatem
1826 2478 1887 2584 erit
1929 2465 2176 2584 sermou‘e

1410 2569 1435 2584 ι·
1530 2581 1560 2584 α
1599 2556 1800 2584 eum:
1867 2559 2038 2584 unum.
2113 2560 2137 2584 ,δ
2164 2560 2176 2584 ι

623 2543 782 2571 mica,
820 2543 1164 2564 ou....v.--1,,-
1219 2543 1231 2558 Ι
1319 2543 1330 2554 ‘

602 2543 803 2672 :yartam
831 2637 846 2660 ,
877 2603 930 2647 ut
963 2604 1030 2645 ne
1055 2628 1068 2650 ,
1101 2589 1380 2652 postquam
1409 2569 1566 2624 finem
1593 2556 1803 2616 dicendi
1847 2553 2044 2606 fecerat
2067 2587 2081 2610 ,
2100 2543 2178 2672 lab

1369 2665 1379 2672 ‘
1562 2671 1570 2672 ί
1608 2668 1660 2672 η-
1687 2657 1864 2672 -ιι-ιιι
1889 2643 2093 2672 ,Ιηροηηι
2123 2636 2158 2672 ς.

640 2635 803 2655 ι¹¹ιι³¹υ
831 2637 846 2660 s
880 2635 930 2647 ν·
963 2635 1029 2645 υ*
1056 2635 1068 2650 ι
1103 2635 1122 2652 ι
1245 2635 1256 2648 .

606 2635 699 2746 illo
720 2684 1071 2744 discederent.
1099 2674 1278 2739 Neque
1298 2665 1438 2719 enim
1460 2671 1580 2713 cum
1601 2668 1662 2706 ex
1687 2657 1865 2704 monte
1888 2635 2180 2697 descendit,

609 2780 877 2836 auditores
901 2733 1261 2824 abcesserunt,
1285 2753 1376 2809 sed
1405 2760 1570 2804 totum
1595 2741 1891 2796 auditorum
1921 2733 2184 2786 theatrum

610 2877 887 2938 sequutum
930 2865 1054 2914 est:
1089 2858 1287 2906 tantum
1336 2841 1440 2894 illis
1481 2832 1741 2891 indiderat
1779 2823 2035 2880 doctrinae
2078 2829 2187 2870 suae

1665 2923 1676 2934 '
1751 2937 1756 2938 ν
1793 2919 1928 2938 “Ihm
1958 2916 2187 2938 ..ιιιηι-ι...Δ

1335 2941 1511 2990 autem
1542 2923 1768 2980 maxime
1793 2919 1932 2973 illius
1958 2916 2189 2981 potesta-

617 3068 741 3110 tem.
766 3049 879 3105 Non
908 3044 1049 3099 enim
1074 3036 1138 3091 ad
1165 3034 1324 3087 alium
1351 3026 1486 3081 dicta
1513 3017 1750 3074 referens
1775 3005 2108 3081 loquebatur.
2137 3007 2193 3058 ut

624 3101 896 3214 propheta:
910 3144 962 3188 et
975 3124 1284 3200 Moyses(a),
1298 3138 1391 3175 seu
1405 3115 1602 3182 ubique
1618 3105 1932 3164 ostendebat
1947 3101 2187 3168 seipsum

628 3195 747 3288 esse
773 3229 866 3298 qui
897 3195 1267 3278 auctoritatem
1289 3212 1530 3267 haberet.
1567 3201 1698 3254 Nam
1717 3213 1838 3251 cum
1875 3195 2019 3262 leges
2053 3203 2193 3257 saepe

627 3285 1339 3394 prontintiaret,a-ljieiebat,
1359 3307 1466 3369 fago
1486 3303 1658 3348 autem
1675 3290 1791 3343 dico
1809 3285 1948 3340 vobis
1970 3289 2052 3335 :et
2069 3293 2190 3332 cum

1499 3388 1510 3394 ‘
1842 3367 2164 3394 Adi—“Lua:

1015 3367 1025 3376 -
1099 3367 1117 3376 -
1409 3367 1426 3369 ἡ

633 3414 771 3467 diem
794 3409 938 3461 illam
957 3388 1674 3457 commemoraret,seipsum
1702 3367 2197 3440 moustrabatjudi-

632 3517 772 3562 com,
792 3506 843 3550 et
859 3510 952 3564 per
975 3487 1233 3558 supplicia
1254 3493 1305 3536 ct
1324 3476 1671 3549 perprmmia.
1693 3467 1852 3536 Atqui
1867 3465 2200 3519 hincconse-

629 3604 798 3660 quens
836 3543 1116 3643 videbatur
1155 3590 1311 3638 esse,
1354 3577 1413 3623 ut
1457 3565 1532 3620 illi
1579 3562 1935 3616 turbarentur.
1982 3551 2112 3604 Nam
2160 3543 2204 3596 si

628 3643 837 3746 scribae,
871 3679 954 3747 qni
986 3674 1223 3726 viderant
1251 3664 1398 3718 illum
1427 3673 1521 3729 per
1550 3666 1709 3723 opera
1741 3643 2023 3718 potentiam
2056 3643 2206 3692 suam

633 3733 944 3832 ostendere,
973 3759 1232 3832 lapidibus
1262 3767 1380 3809 eum
1409 3745 1747 3820 impetierunt
1771 3745 1824 3791 et
1851 3733 2165 3800 expulerunt
2195 3742 2206 3775 ε

635 3861 900 3937 quomodo
931 3855 1017 3911 ubi
1046 3849 1203 3905 verba
1233 3853 1432 3899 tantum
1461 3843 1610 3892 erant
1637 3873 1652 3896 ,
1683 3843 1798 3899 qua:
1827 3827 1966 3879 illam
1997 3817 2212 3874 exhibe-

1423 3931 1434 3937 ·
1734 3919 1828 3937 «ιη
1854 3912 2011 3937 ιτη..ιη
2057 3910 2167 3937 τηρ...

639 3910 756 4012 r'cnt
777 3995 790 4018 ,
823 3965 928 4003 non
952 3937 1240 3999 verisimile
1275 3943 1388 3988 erat
1423 3931 1536 3982 hate
1564 3925 1666 3978 illis
1695 3912 2014 3974 offendiculo
2056 3910 2167 3962 fore
2191 3946 2208 3972 ,

640 4060 758 4100 cum
787 4038 1016 4100 maxime
1056 4033 1172 4086 hmo
1201 4028 1254 4080 in
1285 4019 1504 4078 exordio
1528 4016 1827 4070 dicerentur
1853 4051 1866 4071 ,
1909 4005 2210 4074 priusquam

640 4141 728 4193 ille
775 4130 1022 4203 potentia:
1061 4136 1171 4177 suae
1218 4115 1635 4187 experimentum
1666 4103 1937 4158 dedisset?
1969 4099 2212 4149 Attamen

641 4231 768 4285 nihil
793 4227 977 4280 horum
1001 4215 1332 4289 patiebantur
1359 4224 1373 4262 ι
1396 4201 1611 4277 quando
1626 4198 1765 4254 enim
1789 4193 1996 4248 animus
2020 4186 2214 4258 probus

641 4333 694 4377 et
745 4319 876 4389 frugi
905 4286 1022 4378 est,
1074 4306 1310 4363 veritatis
1360 4296 1616 4354 doctrinae
1664 4290 1816 4343 facile
1863 4286 2213 4352 obtemperat.

642 4372 972 4479 Quaprdpter
1003 4372 1073 4455 illi
1107 4395 1341 4467 quidem,
1371 4383 1576 4440 etiamsi
1606 4385 1720 4450 ejus
1749 4375 2037 4446 potentiam
2071 4372 2216 4438 signa

645 4502 1027 4575 pra-dicarem,
1060 4484 1493 4543 offendebantur;
1529 4473 1580 4528 hi
1617 4485 1736 4530 vero
1760 4477 2060 4522 sermonem
2101 4468 2219 4514 tan-

1435 4569 1447 4575 ‘
1627 4573 1633 4575 -
1721 4574 1726 4575 ν
1781 4557 2040 4575 γαίη-ι--.-
2111 4551 2219 4575 II..-

645 4551 754 4648 iuni
783 4586 1058 4642 audientes
1082 4618 1097 4645 ,
1125 4569 1559 4640 obtemperabant
1588 4573 1643 4617 et
1679 4557 2060 4629 sequebantur.
2111 4551 2220 4605 lloe

645 4685 785 4741 enim
827 4673 1165 4732 subindicans
1200 4662 1519 4733 evangelista
1558 4653 1802 4716 dicebat,
1842 4648 2082 4718 Sequitur:
2106 4654 2221 4698 sunt

648 4792 758 4830 eum
787 4769 945 4824 turba?
973 4764 1146 4818 nautae
1170 4801 1184 4826 ,
1215 4773 1316 4811 non
1344 4752 1502 4821 aliqui
1526 4763 1592 4802 ex
1621 4744 1915 4814 principum
1943 4748 1995 4794 et
2017 4737 2221 4792 scriba-

647 4883 764 4924 rum
803 4874 1026 4917 uumero
1048 4897 1063 4923 ,
1108 4854 1200 4910 sed
1243 4855 1502 4920 quotquot
1530 4859 1558 4896 a
1587 4839 1817 4909 nequitia
1850 4835 1999 4891 liberi
2029 4840 2179 4890 erant
2204 4875 2219 4899 ,

648 4960 959 5023 sinceroque
987 4951 1183 5002 animo.
1228 4944 1328 4995 l‘cr
1361 4946 1519 4992 totum
1558 4941 1733 4985 autem
1765 4927 2091 4997 evangelium
2126 4930 2223 4978 hos

648 5048 798 5106 vides
838 5043 934 5113 ipsi
961 5041 1245 5093 haerentes.
1292 5029 1422 5084 Nam
1463 5039 1582 5081 cum
1622 5022 1964 5089 loqueretur,
2007 5015 2224 5070 silentes

648 5136 968 5194 audiebant,
1014 5143 1118 5183 non
1162 5125 1642 5187 interrumpentes,
1689 5127 1793 5166 nou
1827 5107 2225 5177 interpellantes

649 5232 976 5297 loquentem,
1004 5235 1108 5272 non
1136 5220 1423 5275 tentantes,
1448 5223 1545 5262 nec
1571 5205 1902 5259 occasionem
1930 5206 2222 5268 captantes,

658 5295 1094 5392 quemadmodum
1136 5303 1388 5362 Pharisrei
1429 5319 1441 5355 :
1473 5309 1593 5371 post
1635 5295 1865 5351 habitam
1904 5305 2060 5363 porro
2099 5304 2226 5344 con-

679 5666 689 5678 .
739 5608 811 5678 (ni
835 5595 1212 5678 Quodhtedicit
1245 5595 1536 5678 deJChristo
1554 5609 1665 5663 eum
1693 5601 1942 5663 potestate
1977 5595 2237 5656 loquente,

1180 5671 1252 5678 _-
1347 5665 1437 5678 η..
1487 5658 1564 5678 .,ι,.
1591 5664 1732 5678 φη.
1759 5664 1818 5678 -..
1841 5658 1979 5678 .-......
2005 5657 2212 5678 -..ηηλ

670 5655 908 5728 ,ῇεηὴλέιηὶθ
931 5673 1098 5728 neque
1119 5659 1273 5706 semel
1313 5655 1566 5728 dixitbubi
1588 5655 1736 5728 etiam
1757 5655 1980 5723 aitjllum
2003 5655 2240 5717 quemad-

677 5713 874 5792 modum
895 5713 1163 5792 prophetas
1193 5731 1292 5787 non
1318 5719 1379 5766 de
1423 5713 1536 5792 alio,
1561 5720 1648 5792 sed
1686 5718 1750 5765 de
1777 5715 1944 5792 seipse
1978 5713 2238 5792 Iri—quntum

678 5786 851 5848 fuisse.
895 5776 1089 5848 i’idésis
1131 5779 1332 5842 primam
1384 5778 1748 5830 adnotationem
1816 5776 2056 5828 Friderici
2097 5776 2240 5828 Field

679 5847 737 5897 ad
757 5847 882 5894 hanc
904 5845 1153 5892 bomiliam
1182 5853 1291 5889 xxv.

2264 1801 2471 1856 cionem
2500 1794 2871 1854 admirabuudi
2899 1792 3276 1863 sequebantur.
3306 1785 3384 1840 Tu
3416 1796 3543 1838 vero
3570 1777 3700 1833 mihi
3728 1789 3860 1829 cott-

2265 1893 2471 1951 sideres
2515 1890 2672 1944 velim
2716 1884 2922 1941 Domini
2965 1879 3299 1953 prudentiam
3325 1917 3339 1940 ,
3383 1869 3652 1945 quomodo
3687 1866 3862 1922 variet

2268 1986 2335 2041 ad
2378 1981 2705 2037 audientium
2751 1975 3072 2037 utilitatem,
3101 1966 3372 2040 quomodo
3411 1979 3440 2018 a
3483 1958 3751 2018 miraculis
3793 1954 3861 2008 ad

2274 2077 2430 2131 verba
2453 2115 2467 2139 ,
2500 2081 2554 2126 et
2597 2083 2719 2124 mox
2751 2083 2780 2122 a
2808 2065 2986 2120 verbis
3025 2062 3090 2116 ad
3133 2057 3388 2114 miracula
3430 2059 3684 2109 transeat.
3732 2047 3865 2102 Nam

2277 2170 2583 2239 priusquam
2611 2162 2677 2218 ad
2709 2168 2944 2216 montem
2972 2153 3305 2216 ascenderet,
3335 2148 3531 2202 multos
3555 2140 3779 2202 curavit,
3809 2143 3867 2192 ut

2278 2235 2342 2314 iis
2393 2235 2511 2327 quae
2558 2251 2780 2308 dicenda
2829 2257 2983 2303 erant
3019 2245 3154 2297 viam
3201 2248 3431 2308 pararet.
3480 2235 3548 2289 Et
3589 2241 3870 2302 postquam

2278 2351 2414 2404 hanc
2443 2349 2653 2416 longam
2683 2343 3030 2412 quaestionem
3058 2331 3379 2394 absolverat,
3408 2338 3592 2381 rursus
3617 2322 3685 2375 ad
3714 2320 3872 2373 mira-

2280 2440 2397 2495 cula
2431 2408 2572 2493 venit
2597 2475 2612 2501 ,
2663 2408 2813 2487 factis
2857 2429 2996 2483 dicta
3033 2423 3378 2479 confirmans.
3425 2416 3556 2483 Quia
3597 2412 3740 2466 enim
3780 2408 3873 2463 29.

2286 2535 2562 2602 Tamquam
2593 2536 2883 2599 potestatem
2914 2521 3098 2576 habens
3127 2517 3387 2577 docebat,
3419 2527 3484 2566 ne
3525 2509 3615 2564 hic
3652 2504 3877 2561 docendi

2288 2625 2476 2680 modus
2510 2622 2700 2676 fastum
2749 2624 2961 2686 saperet
3001 2621 3091 2666 aut
3128 2605 3538 2665 ostentationem
3565 2643 3580 2665 ,
3626 2599 3879 2670 operibus

2288 2719 2519 2786 idipsum
2549 2713 2691 2771 facit,
2714 2719 2766 2765 et
2793 2719 3060 2776 tamquam
3088 2708 3404 2771 potestatem
3431 2695 3632 2750 habens
3658 2689 3877 2745 morbos

2290 2815 2476 2870 curat,
2509 2813 2567 2857 ut
2613 2816 2681 2856 ne
2725 2800 2862 2853 ultra
2914 2796 3256 2850 turbarentur
3305 2790 3476 2860 ipsum
3522 2784 3765 2841 videntes
3807 2782 3880 2835 ita

2292 2897 2593 2958 docentem,
2625 2906 2745 2947 cum
2775 2886 3032 2947 miracula
3069 2887 3145 2940 sic
3174 2884 3377 2939 ederet.
3408 2880 3575 2952 (Cap.
3615 2873 3754 2929 VU!
3780 2875 3797 2943 )
3831 2875 3883 2938 j.

2296 2988 2418 3046 Cum
2459 2983 2791 3043 descendisset
2838 2982 2978 3036 enim
3024 2978 3087 3032 de
3115 2984 3318 3039 monte,
3359 2979 3578 3043 sequuta
3618 2974 3733 3021 sunt
3776 2981 3885 3018 eum

2300 3084 2458 3136 turba:
2485 3080 2673 3134 multae.
2701 3076 2756 3131 2.
2786 3073 2855 3128 Et
2881 3070 3086 3126 accessit
3117 3068 3344 3136 leprosus
3379 3063 3551 3116 dicens
3578 3075 3597 3114 :
3625 3057 3842 3112 Domine
3868 3093 3885 3118 ,

2300 3178 2342 3230 si
2386 3177 2492 3239 vis,
2534 3181 2674 3243 potes
2711 3184 2790 3222 me
2831 3162 3094 3218 mundare.
3147 3157 3328 3227 Magna
3361 3150 3638 3224 prudentia
3667 3157 3722 3204 et
3757 3146 3891 3201 fides

2302 3239 2624 3324 accedentis.
2655 3259 2836 3328 Neque
2871 3255 3012 3309 enim
3053 3248 3348 3305 doctrinam
3382 3239 3768 3312 interpellavit,
3797 3251 3885 3292 ne-

2303 3377 2406 3433 que
2433 3356 2733 3412 auditorum
2766 3351 3027 3405 theatrum
3057 3340 3258 3406 secuit,
3293 3335 3386 3394 scd
3413 3343 3770 3414 opportunum
3805 3344 3895 3384 ex-

2305 3409 2563 3523 spectavit
2590 3457 2815 3514 tempus,
2847 3449 2904 3496 et
2931 3437 3020 3493 ubi
3051 3434 3300 3491 Christus
3328 3424 3692 3484 descendisset
3718 3409 3897 3475 acces-

2309 3517 2394 3599 sit.
2422 3540 2530 3595 Nec
2556 3531 2934 3608 perfunctorie,
2967 3527 3061 3583 sed
3094 3524 3259 3580 multo
3285 3535 3404 3576 cum
3435 3517 3663 3578 fervore,
3692 3521 3746 3568 et
3771 3520 3899 3566 ante

2310 3646 2478 3705 genua
2527 3601 2642 3697 ejus
2687 3624 2784 3694 ipsi
2832 3619 3124 3690 supplicat,
3169 3622 3225 3668 ut
3271 3613 3344 3666 ait
3394 3608 3531 3663 alter
3577 3601 3900 3673 evangelista

2314 3696 2501 3796 (Marc.
2525 3696 2791 3788 1.40),,ac
2814 3728 2933 3768 cum
2961 3712 3168 3765 sincera
3194 3704 3319 3765 fide,
3347 3711 3402 3758 et
3426 3697 3735 3768 congruenti
3763 3696 3901 3750 circa

2313 3792 2460 3870 illum
2489 3810 2759 3882 opinione.
2787 3805 2967 3875 Neque
2993 3803 3133 3857 enim
3159 3796 3324 3859 dixit,
3353 3793 3400 3848 si
3445 3792 3612 3847 Deum
3660 3796 3902 3858 precatus

2313 3904 2499 3968 fueris,
2519 3913 2707 3968 neque,
2734 3893 2789 3949 Si
2813 3872 3078 3952 oraveris;
3096 3886 3212 3951 sed,
3232 3881 3291 3939 Si
3307 3884 3402 3947 vis,
3426 3872 3665 3951 potes‘me
3691 3877 3899 3930 inunda-

2313 4012 2387 4050 re.
2423 3993 2605 4060 Neque
2631 3987 2792 4052 dixit,
2825 3983 3066 4044 Domine,
3098 3976 3291 4032 munda
3317 3990 3434 4039 me;
3462 3971 3557 4028 sed
3586 3969 3686 4040 ipsi
3715 3976 3904 4022 cuncta

2316 4083 2643 4146 committit,
2704 4086 2860 4145 atque
2902 4071 3121 4128 curandi
3172 4069 3446 4123 dominum
3491 4065 3638 4118 illum
3685 4075 3806 4116 esse
3852 4069 3907 4114 et

2319 4183 2633 4248 potestatem
2680 4170 2794 4238 ejus
2832 4178 3092 4220 summam
3140 4159 3472 4214 testificatur.
3520 4152 3659 4220 Quid
3705 4151 3906 4222 igitur,

2319 4239 2526 4335 inquies
2551 4303 2564 4325 ,
2599 4261 2642 4314 si
2679 4257 2806 4311 falsa
2836 4263 2951 4308 erat
2981 4249 3176 4319 leprosi
3205 4245 3426 4316 opinio?
3453 4244 3599 4298 Illam
3629 4239 3909 4296 confutare

2322 4356 2574 4425 oportuit,
2601 4353 2877 4422 ipsumque
2901 4347 3175 4413 increpare
3200 4356 3261 4395 ac
3279 4341 3566 4409 corrigere.
3589 4336 3723 4390 Num
3749 4337 3910 4404 igitur

2323 4446 2447 4501 illud
2495 4443 2655 4498 fecit?
2696 4439 3041 4509 Nequaquam
3079 4453 3092 4488 :
3137 4435 3243 4488 imo
3284 4430 3482 4486 dictum
3529 4427 3812 4483 confirmat
3857 4437 3912 4480 et

2324 4540 2554 4595 roborat.
2585 4535 2811 4603 ideoque
2841 4546 2944 4586 non
2975 4527 3143 4593 dixit,
3176 4523 3452 4588 Mundare,
3486 4521 3579 4577 sed
3605 4561 3620 4587 ,
3651 4522 3703 4575 5.
3755 4518 3910 4586 Volo,

2324 4629 2603 4692 mundare;
2633 4635 2690 4680 ut
2719 4639 2823 4679 non
2856 4621 2998 4675 illius
3026 4617 3278 4688 opinione
3297 4657 3311 4680 ,
3345 4613 3436 4669 sed
3467 4611 3663 4667 Christi
3694 4620 3914 4666 senten-

2327 4723 2396 4776 tia
2425 4720 2614 4789 dogma
2641 4716 2960 4771 firmaretur.
2989 4713 3059 4766 At
3089 4726 3191 4764 non
3235 4707 3312 4762 sic
3353 4704 3579 4775 apostoli
3614 4721 3626 4757 :
3655 4702 3749 4756 sed
3776 4718 3912 4769 quo-

2325 4813 2524 4870 modo?
2567 4810 2697 4876 Quia
2743 4805 2966 4878 populus
3008 4812 3149 4857 totus
3187 4798 3467 4868 stupebat,
3501 4795 3748 4850 dicebant
3788 4792 3908 4847 illi:

2330 4906 2464 4974 Quid
2493 4903 2632 4957 nobis
2655 4900 2906 4954 attenditis
2924 4939 2939 4960 ,
2964 4895 3108 4964 quasi
3135 4890 3338 4961 prapria
3369 4891 3546 4942 virtute
3563 4889 3637 4940 vel
3663 4895 3911 4956 potestate

2326 4998 2590 5068 fecerimus
2621 4994 2751 5046 hunc
2776 4989 3031 5043 ambulare
3065 4983 3199 5054 (Act.
3231 4982 3283 5035 '5.
3316 4978 3405 5049 f2)
3424 4986 3447 5030 ἲ
3477 4977 3729 5032 Dominus
3754 4989 3906 5041 vero,

2326 5091 2427 5145 etsi
2476 5087 2636 5141 multa
2682 5083 2922 5138 modeste
2966 5093 3108 5146 saepe
3146 5075 3388 5137 dixerat,
3420 5085 3538 5142 quae
3575 5069 3754 5142 gloria:
3794 5081 3908 5123 sane

2329 5183 2588 5240 inferiora
2630 5187 2836 5240 essent,
2876 5173 3004 5245 quid
3042 5169 3356 5226 dicithicut
3391 5163 3739 5222 conﬁrmant
3775 5159 3901 5229 opi-

2330 5277 2548 5328 nionem
2595 5283 2782 5323 eorum
2818 5267 2910 5335 qui
2952 5264 3018 5318 de
3055 5269 3322 5331 potestate
3352 5257 3524 5327 ipsius
3566 5251 3904 5322 stupebant?

2338 5359 2777 5428 Volonmundare.
2810 5353 2919 5409 Etsi
2950 5366 3068 5407 cum
3097 5359 3172 5403 tot
3199 5356 3447 5415 tantaque
3473 5347 3620 5416 signa
3650 5343 3866 5400 fecisset
3893 5387 3908 5412 ,

2331 5469 2618 5526 numquam
2644 5451 2720 5505 sic
2746 5450 2991 5517 loquutus
3020 5443 3181 5498 fuisse
3204 5439 3464 5494 videatur.

2399 5546 2453 5600 2.
2482 5525 2579 5599 ilic
2618 5555 2780 5604 vero,
2814 5546 2871 5591 ut
2896 5545 2948 5590 et
2975 5534 3151 5605 populi
3196 5539 3249 5586 et
3300 5527 3494 5599 leprosi
3541 5525 3608 5581 de
3640 5535 3913 5596 potestate

2331 5634 2424 5694 s'ua
2451 5633 2753 5704 opinionem
2784 5628 3038 5690 ﬁrmaret,
3072 5624 3192 5678 ideo
3226 5621 3504 5691 pra‘misit,
3541 5615 3688 5670 Volo.
3713 5615 3906 5685 Neque

2329 5729 2482 5792 dixit,
2512 5733 2570 5780 ut
2607 5736 2711 5776 non
2737 5719 2934 5774 faceret
2961 5733 2974 5781 ;
3004 5714 3096 5769 sed
3128 5713 3302 5767 statim
3337 5724 3470 5778 opus
3492 5715 3773 5775 sequutum
3790 5715 3897 5759 est.

2331 5822 2386 5877 Si
2403 5831 2528 5875 vero
2550 5815 2634 5871 ille
2665 5825 2769 5868 non
2797 5810 2932 5866 bene
2957 5806 3199 5869 dixisset,
3231 5802 3272 5856 si
3295 5796 3681 5870 blasphemiam
3703 5802 3902 5863 protu~
