4094 6470
267 387 372 444 329

268 502 442 566 lisset,
485 493 846 553 cobibcmlutn
874 497 989 544 erat
1017 501 1170 556 opus.
1215 483 1362 538 Nunc
1388 492 1566 536 autem
1584 481 1732 551 jussa
1761 497 1856 534 na-

269 604 392 648 tura
435 589 598 646 cessit
625 601 747 641 cum
772 599 832 638 ea
878 595 981 652 qua
1029 594 1124 648 par
1151 586 1266 631 crat
1291 575 1592 639 celeritate,
1623 573 1730 626 ἰιιιο
1761 588 1864 625 ina-

263 685 408 757 jore,
431 696 591 752 quam
620 675 940 745 evangelista
962 666 1307 739 expresserit.
1329 664 1461 720 Nam
1487 663 1619 718 illud
1651 662 1861 727 Statim,

267 753 430 848 longe
458 772 661 828 tardius
685 780 767 824 est
792 807 809 834 ,
854 780 1011 836 quam
1053 761 1232 831 operis
1258 757 1504 813 celeritas
1535 754 1652 810 fuit.
1681 753 1864 823 Neque

268 844 443 924 soliim
489 862 644 924 dixit,
689 858 833 921 Volo,
885 853 1169 915 mundare;
1211 849 1306 905 sed
1357 849 1540 909 etiam,
1577 844 1865 899 Exleudeus

267 976 478 1015 manum
525 951 858 1026 apprehendit
907 964 1018 1004 eum
1055 963 1074 1000 .'
1113 943 1255 1015 quod
1299 943 1469 1012 magis
1521 937 1866 1008 inquisitione

269 1052 490 1121 dignum
517 1055 618 1102 est.
659 1047 766 1098 (Zur
786 1042 928 1097 enim
977 1036 1252 1092 voluntate
1295 1047 1358 1087 ac
1387 1031 1554 1086 verbo
1582 1042 1776 1082 curans
1803 1028 1863 1078 il-

274 1117 410 1207 tuin,
442 1155 626 1196 manus
656 1146 853 1191 tactum
895 1127 1125 1199 adjecit?
1153 1125 1267 1181 Non
1285 1124 1385 1178 alia
1415 1121 1484 1177 de
1507 1134 1691 1184 causa,
1719 1117 1865 1172 arbi-

270 1245 408 1299 tror,
433 1246 590 1302 quam
625 1238 684 1282 ut
713 1225 972 1280 indicaret
1002 1263 1017 1287 ,
1050 1235 1109 1274 se
1134 1233 1241 1272 non
1268 1215 1373 1286 legi
1400 1211 1702 1281 subjectum
1725 1251 1738 1273 ,
1768 1209 1864 1262 sed

268 1339 437 1394 supra
466 1323 635 1392 legem
661 1332 819 1382 esse;
847 1330 911 1371 ac
951 1310 1150 1368 mundo
1191 1307 1447 1375 deinceps
1473 1303 1604 1358 nihil
1629 1303 1865 1356 immun-

267 1393 400 1471 dum
428 1415 557 1469 fore.
606 1411 831 1467 Elisaaus
868 1405 1065 1477 quippe
1092 1400 1194 1471 legi
1243 1399 1584 1468 obsequens,
1623 1393 1869 1448 Neaema-

271 1523 400 1562 nunt
429 1507 444 1536 ¹
475 1519 546 1559 ne
575 1500 810 1571 respexit
837 1496 1095 1569 quidem;
1126 1501 1183 1545 ut
1213 1499 1392 1544 autem
1422 1487 1686 1541 ollensum
1717 1482 1868 1536 andi-

271 1599 367 1663 vit,
423 1595 562 1667 quod
595 1609 700 1648 non
753 1602 1004 1661 egressus
1030 1592 1197 1650 esset,
1231 1595 1332 1638 nec
1379 1594 1438 1634 se
1495 1576 1776 1646 tetigisset,
1811 1582 1868 1626 ut

270 1693 444 1760 legem
471 1694 716 1740 accurate
739 1687 1000 1741 servaret,
1031 1674 1177 1730 domi
1207 1686 1450 1736 manens,
1481 1669 1625 1723 misit
1650 1681 1772 1722 eum
1800 1663 1865 1717 ad

268 1759 584 1845 Joialanem,
633 1787 688 1831 nt
718 1791 838 1830 sese
890 1767 1251 1841 ablueret”.
1286 1763 1416 1836 Reg.
1455 1763 1552 1829 5).
1610 1759 1868 1814 Dominus

273 1895 410 1938 vero
433 1874 728 1934 ostendens
743 1883 802 1924 se
832 1881 938 1920 non
953 1873 1013 1917 ut
1028 1871 1267 1921 servum,
1286 1853 1380 1909 sed
1400 1859 1458 1907 ut
1473 1847 1754 1904 dominum
1769 1864 1864 1904 cu-

278 1990 425 2038 rate,
451 1969 612 2025 etiam
635 1961 807 2032 tangit
827 1959 1126 2026 leprosum.
1165 1947 1351 2017 Neque
1378 1944 1524 2000 enim
1557 1957 1755 1996 manus
1771 1957 1867 2009 per

272 2061 478 2130 lepram
516 2052 784 2109 immunda
824 2050 959 2102 facta
1002 2052 1118 2106 est,
1149 2039 1245 2096 sed
1296 2038 1568 2106 leprosum
1603 2044 1800 2102 corpus
1837 2043 1868 2082 ιι

272 2127 458 2205 sancta
487 2160 646 2200 manu
674 2139 984 2196 mandatum
1009 2143 1112 2190 est.
1145 2130 1259 2186 Non
1289 2127 1432 2184 enim
1461 2137 1686 2192 corpora
1716 2136 1870 2173 cura-

273 2251 426 2294 turus
456 2244 660 2290 tantum
687 2231 996 2290 advenerat,
1030 2223 1124 2280 sed
1151 2224 1384 2276 animam
1415 2231 1630 2287 quoque
1653 2213 1720 2268 ad
1750 2211 1868 2280 phi-

274 2331 576 2401 losophiam
603 2325 950 2381 deducturus.
992 2319 1142 2374 Sicut
1179 2329 1307 2384 ergo
1331 2325 1436 2366 non
1464 2309 1589 2364 lotis
1616 2305 1864 2360 manibus

274 2400 640 2484 manducare,
687 2432 792 2472 non
837 2415 976 2470 ultra
1022 2408 1350 2480 prohibitum
1387 2417 1510 2458 esse
1547 2400 1696 2465 dicit,
1746 2413 1868 2451 cum

270 2515 531 2584 optimam
560 2511 701 2564 illam
737 2509 804 2563 de
833 2505 1075 2560 ciborum
1113 2495 1466 2554 itidilferentia
1499 2492 1668 2562 legem
1717 2488 1872 2542 indu—

277 2607 350 2658 cit
381 2622 394 2656 :
425 2605 501 2659 sic
532 2612 586 2656 et
605 2602 707 2655 hoc
728 2600 847 2655 loco
875 2597 1001 2666 agit,
1041 2592 1304 2659 docetque
1346 2587 1581 2642 animam
1623 2589 1871 2651 oportere

274 2695 492 2760 mirari,
546 2691 878 2758 sublatisque
931 2684 1169 2740 externis
1205 2680 1313 2735 illis
1372 2672 1863 2748 puriﬁcationibus,

275 2787 422 2841 illam
454 2798 576 2838 esse
627 2777 1072 2848 abstergendam,
1116 2771 1389 2842 ipsiusque
1430 2777 1635 2821 tantum
1667 2763 1870 2833 lepratn

275 2893 398 2934 esse
443 2873 754 2935 timendam,
809 2886 932 2940 qua:
973 2875 1057 2922 est
1100 2872 1376 2933 peccaturo
1425 2860 1570 2930 (nam
1605 2858 1871 2926 leprosum

274 2985 397 3026 esse
420 2969 620 3023 nullum
633 2964 699 3019 ad
711 2965 934 3018 salutem
958 2958 1400 3029 impedimentum
1423 2952 1602 3022 al'l’ert)
1625 2969 1638 3017 ;
1671 2949 1875 3022 primus

277 3064 391 3130 ipse
448 3061 716 3128 leprosum
759 3053 961 3123 tangit,
1011 3058 1066 3105 et
1095 3063 1254 3102 utauo
1300 3045 1636 3102 criminatur.
1688 3040 1873 3109 Neque

275 3155 418 3207 enim
442 3156 750 3216 corruptum
776 3153 892 3199 erat
922 3141 1176 3202 tribunal,
1209 3152 1382 3206 neque
1409 3134 1606 3188 invidia
1632 3130 1869 3197 correpti

277 3240 652 3312 speetatorcs'
680 3245 852 3290 erant.
901 3233 1130 3300 Ideoque
1177 3244 1282 3284 non
1327 3225 1489 3282 modo
1527 3239 1631 3277 non
1675 3222 1878 3275 calum-

280 3333 410 3388 niati
435 3343 580 3392 sunt,
613 3327 705 3383 sed
745 3335 966 3393 stupore
1009 3319 1237 3390 perculsi
1275 3317 1340 3372 de
1373 3315 1653 3377 miraculo,
1685 3325 1872 3366 cesse-

283 3435 425 3489 runt,
456 3437 522 3475 cx
550 3420 706 3474 dictis
742 3425 796 3470 et
826 3414 978 3468 factis
1009 3411 1259 3464 invictam
1290 3408 1408 3474 ejus
1450 3405 1742 3475 potentiam
1777 3402 1871 3454 ad-

279 3523 520 3570 orantes.
545 3509 680 3566 Cum
704 3520 899 3576 corpus
933 3518 1071 3573 ergo
1099 3507 1376 3562 curasset,
1409 3496 1662 3567 prmeepit
1685 3537 1699 3558 ,
1727 3495 1782 3549 4.
1818 3504 1874 3548 ιιι

281 3604 484 3664 nemini
517 3605 739 3669 diceret,
772 3599 866 3654 sed
901 3596 1212 3652 ostenderet
1251 3609 1311 3648 se
1339 3589 1610 3646 sacerdoti
1641 3631 1656 3654 ,
1679 3597 1736 3642 ct
1762 3603 1875 3641 mu-

283 3715 388 3756 nus
429 3697 667 3763 offerret,
719 3695 868 3762 Quod
896 3688 1136 3762 praecepit
1167 3686 1390 3757 Moyses,
1442 3684 1497 3736 in
1538 3681 1879 3735 testimonium

283 3793 406 3846 illis.
435 3788 882 3859 Quidamdicunt,
911 3784 1033 3836 ideo
1063 3781 1208 3834 illiilli
1242 3776 1563 3847 pt-tecepissc
1591 3773 1880 3827 ut'nemini

290 3886 530 3946 diceret,
564 3895 632 3934 ne
664 3865 891 3946 maligne
919 3881 1142 3943 agerent
1183 3872 1326 3924 circa
1349 3866 1726 3936 mundationis
1750 3881 1879 3919 exa-

287 3992 448 4039 meo;
495 3971 591 4028 sed
647 3972 762 4024 lucc
810 3968 1122 4034 insipienter
1175 3961 1464 4016 admodum
1519 3958 1878 4025 StISpicantur.

289 4069 471 4134 Neque
491 4064 634 4118 enim
664 4063 734 4115 ita
757 4057 1050 4115 mundavit,
1077 4063 1134 4108 ut
1154 4053 1346 4122 aliquis
1371 4057 1614 4104 maneret
1634 4049 1701 4102 de
1720 4064 1881 4101 inun‘

287 4161 503 4215 dationc
547 4151 820 4210 dubitandi
863 4151 1011 4203 locus
1040 4165 1052 4200 ε
1085 4145 1181 4200 sed
1234 4142 1435 4198 nemini
1485 4142 1664 4204 dicere
1706 4141 1880 4208 jubet,

289 4255 488 4308 docens
511 4259 569 4303 ut
595 4263 626 4303 a
654 4248 789 4300 fastu
811 4254 862 4299 et
893 4241 1183 4296 ambitione
1203 4239 1554 4292 abstineatur.
1589 4235 1748 4289 Certe
1775 4248 1881 4288 no-

291 4354 440 4398 γιιιετιι
467 4344 574 4406 ille,
605 4342 779 4409 ipsum
803 4353 912 4392 non
941 4350 1062 4390 esse
1096 4333 1403 4396 taciturum,
1443 4329 1540 4384 sed
1573 4327 1882 4383 benefacto-

292 4453 408 4493 retn
447 4449 565 4490 esse
594 4432 985 4488 celebratttrum
1016 4446 1028 4478 :
1057 4435 1293 4479 attamen
1323 4422 1464 4492 quod
1496 4436 1658 4490 penes
1686 4435 1743 4473 se
1769 4428 1886 4472 erat

295 4530 438 4584 fecit.
463 4528 571 4580 Cur
597 4540 726 4593 ergo
747 4564 760 4588 ,
801 4522 1027 4589 inquies,
1066 4516 1186 4570 alibi
1230 4515 1500 4583 publicare
1542 4511 1741 4580 jussit?
1768 4510 1884 4563 Non

294 4637 475 4677 secum
508 4629 766 4688 pugnans,
803 4627 972 4680 neque
1000 4609 1263 4664 contraria
1288 4605 1504 4675 jubens,
1533 4602 1628 4657 sed
1652 4612 1708 4655 ut
1727 4602 1889 4654 doce-

299 4721 384 4767 ret
401 4720 580 4782 gratos
607 4721 729 4762 esse
763 4714 1034 4772 oportere.
1063 4699 1247 4766 Neque
1274 4696 1417 4749 enim
1450 4695 1519 4747 ibi
1546 4691 1799 4762 prmecpit
1829 4701 1888 4746 ut

299 4819 357 4858 se
381 4802 734 4858 celebrarent,
767 4801 860 4850 sed
886 4803 941 4847 ut
967 4791 1156 4865 throni
1182 4788 1407 4858 gloriam
1445 4788 1552 4839 Deo
1583 4801 1594 4836 :
1625 4799 1721 4854 per
1744 4784 1888 4838 bunc

301 4897 513 4969 quidem
544 4889 814 4960 leprosum
834 4885 1036 4938 docens
1065 4896 1161 4935 nos
1189 4919 1202 4941 ,
1231 4886 1287 4931 ut
1315 4877 1430 4930 sine
1458 4876 1592 4928 fastu
1624 4876 1790 4928 simus
1837 4882 1892 4926 et

302 4998 492 5038 vanam
520 4979 741 5051 gloriam
768 4976 1030 5044 fugiamus
1054 4989 1068 5036 ;
1104 4985 1198 5040 per
1227 4969 1376 5024 illum
1405 4980 1556 5030 vero,
1596 4973 1650 5018 ut
1679 4963 1810 5032 grati
1838 4972 1893 5016 ct

302 5072 688 5129 beneﬁciorum
717 5079 985 5121 memores
1016 5080 1028 5115 :
1058 5072 1219 5131 atque
1246 5073 1342 5112 nos
1379 5058 1665 5112 instituens
1695 5054 1892 5122 ubique
1973 5073 1976 5075 λ

304 5176 361 5218 ιιι
411 5161 621 5217 laudem
657 5155 880 5211 Domino
907 5153 1220 5208 referamus.
1251 5150 1385 5216 Quia
1425 5147 1569 5200 enim
1622 5144 1888 5208 homines,

306 5269 360 5308 nt
391 5255 695 5323 plurimum,
724 5263 846 5303 cum
874 5245 1060 5300 morbo
1091 5244 1357 5305 laborant,
1392 5241 1483 5294 Dei
1514 5238 1888 5300 recordamur,

304 5347 494 5401 morbo
515 5354 691 5397 autem
719 5338 941 5408 depulso
963 5378 976 5403 ,
1009 5334 1282 5404 segniores
1312 5331 1544 5387 eradunt
1584 5348 1595 5382 :
1624 5330 1817 5398 jubens
1839 5335 1895 5381 et

305 5453 478 5507 agros
506 5451 560 5490 et
602 5446 761 5488 sanos
789 5431 1002 5484 assidue
1047 5429 1097 5479 in
1129 5433 1307 5478 mente
1359 5421 1639 5475 Dominum
1671 5420 1890 5480 habere,

305 5531 436 5585 dicit
468 5548 479 5582 :
512 5527 592 5580 Da
618 5527 831 5597 gloriam
858 5523 963 5576 Deo
985 5520 1163 5592 (.Iemt.
1194 5519 1245 5571 9.
1278 5516 1348 5570 Eli
1371 5518 1410 5585 ).

377 5799 390 5828 ¹
428 5804 566 5843 .luttlzt
587 5789 984 5847 alitb‘lcgetulutu
1018 5790 1166 5842 esset,
1193 5790 1493 5832 Δὶιέέηιίτηιιυι.

376 5862 394 5892 ³
425 5863 597 5919 ﬁnal,
619 5851 879 5902 auditores.

1231 370 1293 424 IN
1331 367 1734 424 ΜΑΤῚιΙλΕωΙ
1769 367 1998 423 1101111..
2041 365 2206 422 XXV.
2249 369 2318 422 al.
2363 364 2552 422 XXVI.

3466 365 3578 424 330

2043 480 2276 533 Christus
2305 479 2454 533 modo
2481 478 2640 550 legem
2661 474 2910 541 sanabat,
2933 485 3083 530 nton'o
3104 492 3203 530 non
3232 481 3479 534 sert'abul.‘
3503 463 3571 523 -—‘

1969 572 2076 626 Cur
2116 583 2294 626 autem
2334 572 2587 642 praecl-pit
2629 580 2686 625 ut
2730 569 3041 626 ostenderet
3076 584 3138 625 se
3166 570 3457 636 sacerdoti,
3516 583 3575 629 et

1969 666 2170 719 donum
2199 664 2418 720 olierret
2440 667 2462 720 ?
2485 664 2660 721 Uthic
2690 664 2862 736 legem
2892 662 3161 734 impleret;
3209 661 3397 734 Neque
3425 665 3571 719 enim

1973 758 2170 828 ubique
2200 757 2447 813 solvebat
2472 757 2643 824 illam,
2691 765 2748 811 ut
2780 770 2880 811 nec
2909 770 3126 825 semper
3154 756 3439 820 servabat;
3475 757 3577 844 sed

1972 849 2130 903 modo
2155 849 2304 912 illud,
2331 849 2490 904 modo
2520 849 2661 904 aliud
2690 866 2702 902 :
2729 849 2882 913 illud,
2913 858 2969 902 ut
2997 846 3189 902 futura:
3207 847 3571 919 philosophia!

1972 941 2109 1024 viam
2142 951 2390 1010 pararet;
2434 941 2594 1004 istud,
2635 951 2690 994 ut
2723 939 3088 1010 impudentem
3119 939 3331 994 interim
3359 939 3575 995 Judmoo

1972 1049 2090 1087 rum
2115 1035 2346 1102 linguam
2369 1041 2669 1097 coerceret,
2698 1043 2752 1086 et
2778 1031 2844 1087 ad
2877 1032 3090 1086 illortun
3135 1031 3494 1086 infirmitatem
3515 1047 3584 1088 se

1971 1124 2302 1180 demitteret.
2337 1125 2538 1195 Ecquid
2568 1124 2782 1178 miraris
2805 1164 2819 1188 ,
2849 1123 2893 1178 si
2927 1123 2978 1176 in
3007 1123 3268 1193 principio
3297 1123 3348 1179 id
3379 1125 3572 1193 egerit.

1971 1218 2188 1289 quando
2206 1227 2259 1272 et
2279 1219 2506 1286 apostoli
2538 1228 2824 1288 postquam
2849 1215 2986 1284 jussi
3023 1224 3150 1270 sunt
3171 1215 3238 1271 ad
3265 1226 3452 1286 gentes
3475 1217 3576 1270 mi~

1971 1323 2146 1378 grare,
2177 1320 2226 1364 et
2267 1318 2446 1378 portas
2495 1309 2707 1377 aperire
2737 1306 2802 1361 ad
2837 1305 3137 1360 doctrinam
3166 1320 3262 1375 per
3292 1304 3574 1360 totum'or-

1972 1409 2098 1464 hem
2153 1404 2555 1478 spargendam,
2605 1400 2777 1471 legem
2833 1397 3162 1462 excludere,
3212 1410 3354 1451 nova
3411 1396 3580 1451 insti—

1973 1509 2146 1564 tuere,
2173 1507 2354 1552 Vetera
2383 1495 2651 1564 abrogare
2675 1493 2896 1551 omnia;
2921 1493 3086 1548 modo
3115 1490 3287 1562 legem
3319 1499 3568 1550 servare,

1975 1586 2135 1640 modo
2165 1585 2309 1639 illam
2340 1581 2636 1650 transgredi
2657 1576 3160 1649 deprehenduntur.
3195 1576 3262 1631 Et
3281 1570 3411 1645 quid
3448 1570 3572 1636 hoc,

1977 1681 2224 1750 inquies,
2277 1678 2343 1732 ad
2397 1677 2530 1747 legis
2578 1674 2876 1730 custodiam
2931 1669 3158 1734 confert,
3210 1664 3354 1736 quod
3409 1663 3574 1729 dicat,

1978 1771 2200 1826 Ostende
2248 1781 2295 1823 te
2337 1768 2584 1824 sacerdoti
2627 1765 2770 1838 (ιρι).
2807 1763 2938 1833 ll)?
2963 1760 3078 1816 Non
3118 1773 3305 1829 parum
3344 1755 3574 1812 confert.

1979 1865 2105 1918 lirat
2129 1863 2327 1932 quippe
2353 1861 2434 1914 lex
2468 1869 2640 1923 vetus,
2685 1865 2743 1912 ut
2769 1856 3012 1927 leprosu:
3039 1851 3329 1904 mundatus
3357 1863 3426 1902 ne
3472 1848 3574 1901 sibi

1976 1955 2269 2026 probanda:
2316 1952 2677 2008 mundationis
2722 1949 3097 2004 auctoritatem
3146 1951 3458 2011 arrogaret;
3485 1939 3579 1994 sed

1975 2066 2034 2104 se
2061 2046 2368 2104 ostenderet
2395 2042 2660 2098 sacerdoti
2688 2085 2702 2106 ,
2733 2041 3010 2110 ipsiusque
3054 2035 3131 2092 rei
3163 2031 3582 2087 demonstratio-

1977 2157 2098 2196 nem
2127 2139 2388 2210 prasberet
2417 2177 2430 2201 ,
2465 2145 2521 2189 ιιι
2562 2134 2729 2202 ipsius
2777 2131 2983 2186 calculo
3017 2125 3583 2181 mundisaonumera-

1977 2245 2146 2288 retur.
2175 2229 2287 2285 Nisi
2333 2229 2476 2284 cnim
2506 2224 2760 2281 sacculos
2797 2220 3043 2288 dixisset,
3075 2217 3390 2273 mttndatum
3417 2213 3585 2269 fuisse

1979 2326 2271 2394 leprosmu,
2312 2322 2357 2375 is
2389 2335 2513 2375 cum
2555 2315 2843 2372 imnmndis
2882 2321 3035 2368 extra
3067 2320 3242 2365 castra
3273 2307 3584 2362 mansisset.

1981 2417 2104 2470 Ideo
2133 2415 2248 2478 ait,
2299 2411 2521 2467 Ostende
2561 2419 2607 2462 te
2636 2405 2886 2460 sacerdoti
2906 2444 2919 2468 ,
2949 2412 2995 2458 ct
3035 2400 3166 2468 offer
3191 2401 3384 2453 donum
3405 2438 3417 2461 ,
3450 2395 3584 2467 quod

1979 2504 2216 2576 prater-pit
2248 2501 2473 2574 Moyses.
2504 2499 2619 2554 Non
2661 2497 2815 2562 dixit,
2862 2494 3014 2564 Quod
3042 2492 3275 2563 prtceepi
3322 2505 3399 2560 cg-
3442 2506 3455 2553 ;
3489 2491 3585 2542 sed

1981 2599 2192 2652 interim
2237 2594 2304 2648 ad
2347 2594 2518 2662 legem
2552 2590 2797 2653 remittit,
2852 2596 2910 2642 ut
2953 2585 3188 2654 undique
3237 2597 3300 2650 os
3346 2581 3590 2651 ipsorum

1981 2689 2213 2744 claudat.
2261 2687 2340 2761 Ne
2387 2685 2631 2740 dicerent
2672 2682 2854 2744 enim,
2888 2681 3062 2748 ipsum
3113 2675 3218 2730 sibi
3245 2672 3588 2728 sacerdotum

1983 2782 2245 2836 bonorcm
2289 2777 2554 2846 rapuisse,
2604 2789 2740 2842 opus
2772 2775 2886 2840 ipse
2918 2768 3182 2838 implevit,
3213 2764 3588 2836 probationem

1984 2874 2112 2944 ipsis
2144 2872 2368 2933 remisit,
2421 2877 2477 2923 et
2521 2867 2641 2923 illos
2690 2864 3071 2919 miraculorum
3118 2874 3337 2914 suorum
3381 2856 3591 2928 judiccs

1982 2965 2280 3021 constituit.
2312 2961 2542 3018 Tantum
2576 2958 2750 3019 abest,
2784 2955 2976 3025 inquit,
3010 2961 3068 3008 ut
3093 2965 3324 3022 pugnem
3356 2950 3438 3004 vel
3465 2963 3591 3004 cum

1983 3061 2187 3132 Moyse.
2215 3060 2299 3112 vel
2325 3074 2446 3114 cum
2475 3052 2869 3118 sacerdotibus,
2894 3061 2952 3106 ut
2981 3065 3098 3116 eos,
3130 3031 3219 3119 qui
3249 3063 3280 3102 a
3310 3062 3397 3102 me
3427 3047 3592 3102 bene-

1986 3153 2109 3208 licio
2135 3151 2309 3206 allecti
2341 3156 2467 3205 sunt
2489 3189 2504 3214 ,
2535 3147 2765 3211 mittam,
2792 3143 2883 3213 qui
2917 3142 3021 3196 illis
3052 3140 3445 3209 obtemperent.

2060 3244 2112 3298 5.
2146 3242 2284 3309 Quid
2331 3254 2494 3310 porro
2537 3237 2668 3291 illud
2697 3245 2780 3290 est
2804 3277 2819 3301 ,
2855 3233 2921 3286 In
2966 3231 3308 3286 testimonium
3355 3229 3502 3284 illis?
3531 3229 3587 3284 lu

1987 3334 2443 3403 redargntionem,
2488 3329 2542 3384 in
2583 3326 3005 3390 accusationem,
3049 3323 3096 3377 si
3153 3339 3257 3377 non
3316 3321 3484 3391 probe
3535 3335 3594 3376 so

1986 3427 2271 3498 gesserint.
2302 3425 2436 3492 Quia
2467 3422 2611 3477 enim
2634 3420 2906 3484 dicebant,
2936 3416 3008 3473 Ut
3033 3416 3374 3472 seductorem
3406 3423 3461 3469 et
3490 3413 3591 3470 de-

1987 3528 2262 3588 ceptorem
2293 3514 2668 3585 persequimur
2690 3552 2703 3573 ,
2739 3521 2795 3564 ut
2826 3510 2938 3564 Deo
2967 3507 3341 3563 adversariqu
3370 3516 3422 3561 et
3453 3506 3593 3576 legis

1990 3621 2445 3680 transgressorem
2471 3624 2484 3658 :
2511 3605 2593 3660 Tu
2624 3603 2778 3668 mihi,
2801 3602 2994 3670 inquit,
3021 3600 3174 3654 testis
3200 3599 3307 3654 eris
3336 3599 3426 3652 illo
3457 3607 3596 3651 tem-

1989 3717 2143 3774 pore,
2167 3716 2254 3755 me
2284 3714 2391 3753 non
2421 3713 2543 3752 esse
2579 3696 2714 3763 legis
2756 3703 3211 3763 transgressorein
3244 3707 3257 3743 :
3292 3705 3411 3743 nam
3441 3699 3597 3757 post-

1988 3807 2148 3864 quam
2182 3802 2232 3845 tc
2262 3788 2467 3852 curavi,
2506 3799 2556 3842 te
2579 3784 2644 3840 ad
2677 3786 2850 3854 legem
2881 3783 3121 3844 remitto,
3144 3791 3301 3849 atque
3323 3779 3388 3832 ad
3411 3793 3606 3832 sacer-v

1989 3885 2173 3939 dotum
2202 3880 2578 3952 probationem
2601 3895 2616 3940 ;
2639 3875 2691 3930 id
2720 3874 2877 3946 quod
2908 3883 3023 3928 erat
3053 3872 3279 3927 colentis
3316 3871 3510 3939 legem,
3539 3879 3598 3923 et

1989 3979 2224 4048 Moyscm
2248 3971 2584 4035 ltouorantis,
2623 3983 2723 4023 nec
2749 3967 2985 4037 antiquis
3025 3964 3363 4035 dogmatibus
3393 3962 3590 4016 adver-

1989 4069 2180 4124 santis.
2207 4063 2361 4134 Quod
2404 4063 2450 4119 si
2497 4059 2629 4114 nibil
2660 4058 2786 4113 inde
2831 4058 2962 4111 lucri
2993 4057 3275 4126 percipere
3300 4053 3594 4118 debebant,

1991 4163 2119 4216 hinc
2176 4157 2416 4213 maxime
2471 4163 2651 4208 tamen
2714 4149 2890 4203 discas
2937 4156 3167 4217 quantus
3221 4160 3386 4214 penes
3444 4145 3596 4199 illum

1991 4255 2060 4308 sit
2087 4251 2216 4321 legis
2245 4250 2417 4304 bonor
2445 4286 2461 4313 ,
2489 4243 2612 4314 quia
2658 4257 2778 4298 cam
2829 4239 3104 4309 przcsciret
3148 4238 3268 4311 illos
3298 4236 3428 4288 nihil
3471 4235 3598 4290 inde

1991 4346 2199 4400 fructus
2224 4347 2575 4410 percepturos
2611 4348 2730 4389 esse
2752 4374 2766 4398 ,
2803 4340 2979 4385 tamen
3011 4345 3131 4398 quzc
3161 4342 3329 4398 penes
3356 4343 3414 4382 se
3441 4336 3602 4380 erant.

1992 4439 2168 4494 cnmia
2194 4433 2474 4502 implebat.
2508 4431 2639 4485 Nam
2685 4429 2786 4481 hoc
2816 4427 2987 4491 ipsum
3024 4422 3342 4493 pr.cscicbat
3374 4431 3425 4474 et
3455 4436 3596 4489 prte-

1993 4532 2225 4588 dicebat.
2255 4527 2438 4596 Neque
2482 4522 2626 4576 enim
2666 4519 2878 4574 dicebat
2903 4559 2916 4578 ,
2952 4517 3006 4569 In
3035 4515 3468 4571 emendationem
3505 4528 3601 4568 co-

1995 4641 2136 4688 rum,
2167 4633 2358 4688 ucqoe,
2394 4617 2451 4672 lu
2495 4613 2798 4667 doctrinam
2849 4624 3037 4662 eorum
3067 4625 3080 4671 ;
3128 4607 3245 4671 scd,
3278 4606 3342 4657 In
3373 4606 3600 4658 testimo-

1997 4717 2138 4770 nium
2164 4713 2285 4771 illis,
2317 4708 2368 4762 id
2397 4715 2498 4773 est,
2538 4705 2593 4758 ln
2626 4703 3050 4761 accusationem,
3082 4697 3134 4751 in
3172 4696 3597 4750 confutationcm

1995 4819 2046 4863 et
2081 4809 2130 4860 in
2166 4801 2554 4863 testinnniium,
2595 4796 2737 4866 quod
2767 4795 2913 4849 tibia
2964 4807 3050 4846 me
3091 4791 3269 4850 omnia
3307 4789 3440 4844 facta
3468 4790 3597 4842 sint.

1995 4902 2130 4955 Cum
2163 4896 2468 4966 [ti‘aibt‘ll‘cm
2510 4904 2603 4943 eos
2630 4889 2749 4940 sine
2777 4883 3155 4940 emendatione
3187 4896 3495 4946 mansuros,
3531 4897 3600 4935 ne

1997 4995 2076 5048 sic
2105 4991 2320 5061 quidem
2351 5001 2469 5055 qua:
2500 4985 2675 5036 facere
2724 4980 3009 5048 oportebat
3055 4974 3210 5028 omisi
3237 4991 3250 5038 ;
3283 4973 3356 5026 illi
3387 4989 3514 5027 vero
3545 4973 3598 5025 in

1999 5084 2199 5140 malitia
2229 5097 2322 5136 sua
2349 5078 2717 5150 perstiterunt.
2753 5071 2862 5125 lloc
2889 5079 2942 5125 et
2964 5068 3090 5123 alibi
3123 5067 3318 5121 dicitur
3353 5084 3364 5119 :
3393 5064 3570 5119 Prwdt‘
3590 5095 3602 5106 ο

2000 5180 2194 5230 rabitur
2219 5176 2311 5226 hoc
2355 5169 2666 5239 cvangeliuttt
2696 5167 2745 5216 in
2793 5163 3025 5216 universo
3055 5159 3264 5222 mundo,
3296 5161 3345 5211 in
3371 5157 3598 5210 testimo-

1998 5273 2141 5323 nium
2174 5263 2405 5320 omnibus
2437 5261 2686 5331 gentibus,
2717 5266 2760 5310 ct
2786 5270 2903 5307 tunc
2933 5255 3092 5308 vcnict
3115 5252 3231 5319 [iiiis
3263 5249 3475 5320 (Matth.
3507 5248 3600 5302 2i.

2005 5363 2092 5420 lli
2120 5381 2131 5413 :
2165 5356 2412 5429 gentibus
2440 5353 2665 5415 scilicet,
2700 5366 2804 5402 non
2828 5345 3224 5408 obedientibns,
3259 5355 3364 5396 non
3393 5343 3605 5396 obtem-

2007 5451 2336 5525 perantibns.
2361 5447 2438 5500 Ne
2460 5446 2579 5514 quis
2596 5442 2737 5495 enim
2764 5441 2988 5500 diceret,
3010 5437 3116 5490 Cur
3133 5435 3381 5490 omnibus
3406 5433 3604 5502 νηριΙὲ-

2006 5565 2117 5612 eas,
2142 5560 2262 5598 cum
2295 5555 2401 5594 non
2445 5551 2635 5590 omnes
2665 5531 2918 5587 credituri
2952 5531 3098 5583 sint?
3127 5528 3196 5583 Ut
3241 5529 3421 5581 omnia
3455 5540 3595 5589 mea,

2008 5641 2100 5701 ait,
2128 5634 2440 5707 prostitisse
2479 5628 2683 5689 videar,
2727 5633 2780 5677 ct
2825 5638 2983 5675 nemo
3011 5637 3095 5675 me
3145 5631 3326 5688 postea
3361 5619 3607 5673 incusare

2011 5730 2200 5801 possit,
2225 5722 2367 5793 quod
2397 5738 2502 5775 non
2530 5716 2778 5772 audierit.
2821 5713 2954 5766 Nam
2982 5713 3092 5780 ipsa
3123 5709 3428 5778 praedicatio
3455 5707 3606 5758 testi-

2020 5805 2256 5875 tnonitnii
2290 5826 2472 5870 contra
2513 5814 2642 5866 lcrcl
2685 5828 2695 5863 :
2745 5824 2839 5862 nec
2879 5814 3130 5876 poterunt
3180 5810 3359 5872 po~tca
3405 5795 3609 5861 dicere,
