4094 6470
586 392 681 448 351
1381 389 1438 444 S.
1494 382 1768 444 JOANNIS
1804 376 2276 438 CHRYSOSTOMI
2316 378 2630 437 ARCHIEP.
2671 379 3206 439 CONSTANTINOP.

590 514 706 570 Non
742 506 1039 564 audivimus
1071 521 1084 558 :
1131 516 1254 558 nam
1290 514 1474 556 sermo
1516 498 1724 569 pietatis
1764 496 1814 551 in
1849 493 1979 550 ﬁnes
2007 493 2152 549 orbis

589 616 745 659 terra:
766 611 1074 671 progressus
1097 604 1179 651 est
1204 591 1378 664 (Paul.
1400 593 1485 648 18.
1509 591 1587 662 5).

653 690 869 747 Herulis
897 689 1202 744 exhortatio.
1232 683 1475 753 Beneﬁcii
1519 680 1766 743 custodia,
1794 687 1869 732 est
1897 679 2005 748 ejus
2047 691 2152 728 me-

584 784 766 839 moria.
800 779 1120 836 Eucharistia
1169 793 1259 831 cur
1303 776 1375 829 sic
1414 772 1713 841 appelletur.
1745 799 1816 808 —-
1843 769 1966 823 Haec
1996 768 2155 837 igitur

585 889 686 930 nos
710 887 922 944 quoque
947 870 1239 938 cogitantes
1262 906 1276 930 ,
1309 880 1428 934 quae
1455 870 1634 917 nostra
1675 870 1798 915 sunt
1823 859 2000 915 omnia
2028 872 2154 928 erga

584 966 880 1034 proximum
927 958 1241 1028 impleamus
1265 999 1280 1020 ,
1315 955 1529 1025 Deoque
1555 967 1769 1021 semper
1810 952 2008 1022 gratias
2031 965 2157 1020 aga-

579 1069 715 1109 mus.
738 1051 944 1106 Etenim
973 1047 1259 1104 absurdum
1291 1055 1454 1108 esset,
1495 1060 1613 1098 cum
1656 1043 1892 1114 quotidie
1915 1042 2030 1111 ejus
2059 1041 2150 1095 be-

584 1143 787 1200 neﬁciis
818 1142 1074 1202 fruamur.
1109 1153 1175 1193 ne
1204 1137 1364 1191 verbo
1393 1135 1608 1207 quidem
1635 1135 1750 1204 ejus
1770 1133 1997 1203 gratiam
2025 1145 2150 1185 con-

579 1235 736 1298 ﬁteri,
769 1247 890 1287 cum
914 1232 1142 1286 maxime
1168 1229 1436 1284 confessio
1468 1228 1556 1283 illa
1607 1243 1803 1286 novam
1860 1224 2017 1280 nobis
2047 1221 2150 1278 uti-

573 1325 774 1378 litatem
804 1321 991 1377 alferat
1018 1323 1056 1376 ί.
1098 1320 1278 1390 Neque
1307 1321 1446 1374 enim
1476 1319 1564 1374 ille
1590 1318 1751 1372 rebus
1779 1325 1899 1386 eget
1929 1313 2147 1378 nostris,

575 1416 671 1471 sed
699 1429 794 1468 nos
825 1413 940 1482 ejus
960 1412 1149 1482 opibus
1174 1427 1409 1481 egemus.
1439 1411 1570 1465 Nam
1591 1410 1882 1479 gratiarum
1904 1404 2042 1460 actio
2071 1403 2151 1459 illi

579 1506 790 1577 quidem
833 1503 964 1560 nihil
1005 1502 1214 1571 adjicit,
1260 1501 1352 1556 sed
1384 1516 1476 1553 nos
1514 1499 1610 1569 ipsi
1653 1498 1824 1566 magis
1863 1495 2150 1551 familiares

575 1595 716 1650 facit.
766 1594 896 1649 Nam
950 1593 993 1646 si
1038 1592 1307 1646 hominum
1353 1589 1605 1644 beneﬁcia
1649 1588 1701 1644 in
1734 1596 1966 1643 mentem
1996 1601 2148 1642 revo-

571 1701 772 1749 cemus,
807 1684 976 1754 magis
997 1699 1178 1740 eorum
1201 1697 1382 1736 amore
1407 1679 1780 1735 succendimur
1804 1697 1814 1729 :
1841 1677 2008 1732 multo
2034 1691 2147 1730 ma-

569 1778 652 1849 gis
694 1777 739 1831 si
770 1777 979 1831 Domini
1017 1790 1140 1845 erga
1183 1789 1279 1828 nos
1325 1773 1578 1828 beneﬁcia
1603 1771 1814 1826 assidue
1859 1772 1912 1825 in
1969 1779 2148 1824 mente

568 1883 878 1930 versemus,
924 1867 993 1920 ad
1031 1851 1145 1935 ejus
1183 1866 1432 1920 mandata
1479 1862 1740 1918 servanda
1793 1862 2144 1917 studiosiores

567 1961 784 2014 erimus.
817 1957 939 2012 Ideo
965 1958 1161 2011 Paulus
1190 1955 1401 2010 dicebat
1433 1971 1448 2008 :
1477 1953 1619 2008 Grati
1649 1963 1804 2006 estote
1832 1949 2052 2021 (Colon.
2087 1951 2140 2006 5.

570 2050 697 2119 15).
728 2046 976 2102 Beneﬁcii
1000 2047 1142 2100 enim
1165 2046 1362 2115 optima
1381 2043 1621 2099 custodia
1650 2053 1733 2098 est
1753 2042 1995 2098 beneﬁcii
2030 2057 2144 2094 me-

568 2140 752 2203 moria,
784 2147 839 2193 et
865 2137 1072 2192 assidua
1110 2138 1396 2206 gratiarum
1424 2136 1584 2189 actio.
1615 2135 1844 2203 Ideoque
1877 2132 2141 2187 horrenda

567 2230 655 2284 illa
683 2229 954 2299 mysteria,
988 2237 1092 2280 tam
1125 2226 1374 2281 salutaria
1405 2241 1523 2295 qum
1554 2225 1606 2278 in
1643 2224 1869 2294 singulis
1903 2221 2142 2278 collectis

565 2319 922 2383 celebramus,
949 2317 1281 2372 Eucharistia
1317 2316 1669 2386 appellantur,
1699 2316 1826 2386 quia
1849 2313 2138 2371 beneﬁcio-

565 2425 682 2464 rum
715 2409 1002 2463 multorum
1030 2407 1467 2463 commemoratio
1499 2414 1644 2472 sunt,
1676 2415 1938 2476 caputque
1969 2407 2140 2473 ipsum

564 2501 755 2556 divina:
815 2500 1157 2570 providentia:
1205 2500 1493 2553 ostendunt
1521 2540 1536 2564 ,
1573 2513 1776 2567 nosque
1822 2512 1920 2568 per
1965 2497 2141 2552 omnia

563 2602 821 2660 apparant
847 2590 927 2643 .ad
965 2590 1163 2660 gratias
1190 2588 1442 2658 agendas.
1475 2588 1606 2641 Nam
1640 2590 1685 2642 si
1716 2603 1778 2642 ex
1813 2587 2018 2656 virgine
2047 2602 2141 2640 na-

563 2683 639 2737 sci
685 2696 933 2750 magnum
978 2688 1060 2735 est
1100 2678 1448 2742 miraculum,
1490 2692 1553 2731 ac
1595 2687 1813 2747 stupore
1865 2676 2140 2746 perculsus

563 2771 886 2841 evangelista
931 2769 1175 2833 dicebat,
1231 2768 1343 2822 Hoc
1396 2779 1564 2822 autent
1621 2777 1780 2822 totum
1827 2771 2016 2838 factum
2067 2775 2139 2820 est

565 2863 775 2930 (Matth.
809 2864 861 2917 1.
890 2861 998 2930 22)
1026 2880 1038 2916 :
1070 2861 1333 2915 immolari
1361 2876 1458 2929 pro
1486 2861 1638 2914 nobis
1667 2860 1719 2913 in
1754 2875 1878 2929 quo,
1920 2875 2101 2931 quaeso
2120 2901 2136 2925 ,

561 2963 858 3008 statuemus
884 2951 1041 3006 loco?
1085 2950 1215 3005 Nam
1248 2950 1292 3004 si
1327 2950 1477 3008 nasci
1509 2948 1691 3002 Totum
1733 2959 1987 3015 vocatur,
2019 2964 2142 3004 cru-

561 3043 696 3113 ciﬁgi
737 3083 752 3105 ,
778 3052 831 3096 et
855 3040 1162 3110 sanguinem
1197 3053 1291 3107 pro
1318 3021 1471 3091 dobis
1502 3036 1797 3104 effundere,
1823 3052 1886 3092 ac
1905 3039 2140 3107 seipsum

560 3132 688 3186 dare
732 3133 783 3184 in
805 3130 980 3184 cibum
1008 3139 1062 3185 et
1102 3129 1406 3184 convivium
1443 3128 1736 3196 spirituale,
1766 3143 1872 3197 quo
1923 3129 2138 3184 nomine

558 3221 966 3290 appellandum?
995 3220 1202 3274 Gratias
1227 3234 1356 3288 ergo
1380 3219 1454 3272 illi
1505 3218 1714 3272 assidue
1751 3233 2006 3288 agamus;
2038 3219 2138 3274 hoc

560 3313 825 3382 praecedat
874 3322 930 3366 et
965 3313 1127 3367 verba
1175 3321 1227 3366 et
1254 3326 1414 3380 opera
1467 3323 1666 3365 nostra.
1716 3310 1926 3366 Gratias
1956 3322 2133 3366 autem

558 3419 778 3475 agamus
803 3419 906 3458 non
950 3418 1046 3473 pro
1073 3403 1270 3457 nostris
1297 3411 1521 3467 tantum,
1565 3404 1656 3456 sed
1689 3405 1846 3457 etiam
1880 3418 1975 3472 pro
2004 3405 2134 3458 alie-

559 3496 642 3550 nis
689 3493 879 3556 bnnis;
923 3495 993 3547 ita
1019 3493 1247 3548 enimet
1295 3491 1544 3547 invidiam
1593 3493 1780 3548 tollere
1823 3494 2134 3563 poterimus,

557 3586 934 3653 caritatemque
976 3585 1176 3648 fovere,
1224 3583 1679 3652 sineerioremque
1725 3581 1920 3638 facere.
1957 3583 2137 3653 Neque

557 3679 697 3731 enim
722 3677 919 3745 poteris
945 3675 1196 3744 deinceps
1227 3674 1450 3729 invideri
1493 3676 1545 3728 in
1577 3675 1663 3742 iis,
1702 3677 1769 3731 de
1797 3676 1990 3744 quibus
2018 3692 2139 3746 gra-

561 3771 660 3821 tias
687 3771 800 3836 agis
829 3767 1071 3820 Domino.
1115 3766 1316 3821 idcirco
1343 3765 1594 3822 sacerdos
1620 3783 1717 3837 pro
1743 3765 1876 3821 orbe
1899 3807 1914 3832 ,
1948 3781 2042 3835 pro
2069 3767 2134 3822 iis

556 3858 645 3926 qui
668 3865 788 3911 ante
811 3856 1041 3917 fuerunt,
1068 3871 1164 3925 pro
1186 3857 1248 3910 iis
1269 3857 1360 3925 qui
1383 3872 1521 3910 nunc
1544 3869 1684 3922 sunt,
1705 3874 1800 3925 pro
1826 3856 1890 3911 iis
1909 3857 1997 3927 qui
2021 3857 2130 3923 jam

557 3946 686 4009 nati,
723 3962 817 4015 pro
847 3946 1051 4009 futuris,
1088 3960 1182 4000 nos
1209 3947 1409 4014 gratias
1449 3961 1605 4015 agere
1648 3947 1839 4015 jubet,
1871 3948 2133 4002 sacriﬁcio

557 4038 649 4093 illo
675 4038 963 4106 proposito.
1009 4037 1120 4091 Hoc
1143 4039 1285 4090 enim
1319 4052 1416 4090 nos
1442 4045 1499 4090 et
1524 4051 1552 4092 a
1585 4047 1724 4091 terra
1753 4037 1960 4102 liberat,
1994 4047 2046 4092 et
2077 4039 2128 4090 in

566 4128 754 4183 caelum
811 4127 1085 4192 transfert,
1145 4127 1469 4197 angelosque
1520 4143 1588 4180 ex
1645 4129 1942 4183 numinibus
1986 4128 2126 4183 facit.

554 4220 686 4275 Nam
707 4228 762 4275 et
789 4221 880 4284 illi,
915 4229 1113 4273 statuto
1135 4219 1321 4279 choro,
1350 4236 1443 4286 pro
1465 4219 1736 4273 beneficiis
1756 4221 1906 4272 nobis
1927 4220 2132 4272 ciuitatis

554 4313 751 4380 gratias
777 4321 940 4380 agunt
991 4311 1116 4370 Deo.
1147 4310 1378 4365 dicentes
1415 4328 1426 4361 :
1461 4308 1634 4371 Gloria
1663 4312 1715 4360 in
1745 4310 1952 4363 excelsis
1981 4308 2088 4360 Deo
2115 4350 2128 4370 ,

554 4413 598 4452 et
628 4403 678 4454 in
724 4412 854 4455 terra
887 4417 1019 4465 pum,
1071 4402 1119 4451 in
1166 4399 1444 4452 hominibus
1485 4400 1848 4466 beneplacitum
1879 4400 1897 4466 (
1922 4397 2043 4450 Late.
2074 4399 2127 4451 2.

557 4495 666 4562 14).
704 4493 768 4546 Et
797 4495 919 4559 quid
945 4494 1007 4544 ad
1041 4508 1137 4546 nos
1163 4534 1176 4556 ,
1217 4495 1440 4560 inquies,
1474 4493 1558 4558 qui
1594 4506 1690 4542 nec
1735 4491 1783 4541 in
1821 4501 1959 4544 terra
1983 4533 1994 4553 ,
2033 4504 2130 4542 nec

557 4587 798 4638 homines
849 4589 972 4635 sunt
1007 4585 1017 4634 l
1074 4583 1183 4636 imo
1207 4585 1433 4635 maxime
1463 4583 1527 4632 ad
1559 4597 1689 4636 nos:
1726 4598 1845 4635 nam
1873 4581 1940 4633 ita
1977 4582 2124 4633 insti—

555 4677 875 4737 tutisumus,
937 4684 989 4726 ut
1035 4688 1326 4726 conservus
1361 4672 1666 4741 diligamus,
1718 4673 1786 4725 ita
1815 4681 1870 4725 ut
1918 4671 2126 4726 illorum

555 4775 714 4834 bona,
748 4781 923 4822 nostra
951 4783 1068 4822 esse
1096 4768 1486 4821 existimemus.

624 4865 679 4915 4.
711 4862 831 4914 ldcu
861 4871 911 4911 et
941 4859 1128 4911 Paulus
1156 4860 1207 4911 in
1241 4858 1488 4926 Epistolis
1513 4858 1621 4911 suis
1651 4857 1842 4927 ubique
1867 4872 1961 4925 pro
1984 4859 2127 4911 orbis

556 4953 718 5007 totius
743 4951 893 5004 bonis
919 4951 1114 5018 gratias
1144 4950 1264 5017 agit.
1311 4947 1416 5001 Nos
1450 4949 1624 5016 itaque
1653 4961 1748 5015 pro
1774 4948 1964 5000 nostris
1987 4989 2000 5008 ,
2033 4963 2126 5016 pro

554 5043 741 5096 alienis
767 5081 780 5102 ,
820 5039 1123 5110 proparvis
1143 5079 1156 5100 ,
1190 5053 1284 5105 pro
1313 5038 1514 5106 magnis
1541 5038 1752 5092 assidue
1790 5039 1982 5107 gratias
2007 5054 2128 5107 aga-

555 5148 691 5185 mus.
724 5130 939 5184 Etiamsi
959 5129 1098 5183 enim
1120 5144 1332 5197 parvum
1358 5132 1422 5181 sit
1449 5129 1497 5181 iil
1526 5130 1664 5199 quod
1688 5129 1870 5192 datur,
1901 5130 1982 5183 vel
2009 5130 2126 5185 hinc

556 5237 802 5291 magnum
843 5220 1071 5274 efﬁcitur
1113 5220 1249 5288 quod
1277 5234 1303 5271 a
1341 5221 1446 5275 Deo
1491 5221 1667 5275 datum
1701 5223 1804 5284 sit;
1860 5222 1964 5274 imo
2005 5238 2126 5275 vero

555 5315 687 5369 nihil
733 5328 952 5383 parvum
991 5313 1057 5366 ab
1099 5311 1187 5365 illo
1231 5313 1415 5374 datur,
1447 5327 1550 5366 non
1585 5315 1752 5366 solum
1779 5313 1919 5381 quod
1945 5312 2014 5364 ab
2041 5314 2127 5365 illo

556 5407 888 5475 praebeatur,
919 5403 1013 5457 scd
1042 5404 1198 5457 etiam
1229 5403 1338 5471 ipsa
1366 5413 1550 5455 natura
1581 5419 1693 5456 sua.
1727 5402 1794 5457 Ut
1819 5413 1995 5457 autem
2026 5403 2124 5455 alia

552 5496 729 5550 numia
771 5495 1009 5558 mittam,
1048 5509 1166 5562 qua:
1202 5507 1416 5547 arenam
1462 5507 1680 5547 numero
1714 5497 1930 5548 vincunt
1963 5513 1974 5545 :
2002 5496 2125 5562 quid

556 5602 650 5655 par
674 5593 755 5642 est
779 5599 875 5654 pro
902 5583 1057 5638 nobis
1083 5583 1234 5640 facta:
1256 5585 1588 5650 teconomize,
1612 5584 1723 5638 sive
1744 5585 2126 5639 incarnationi?

622 5744 1026 5812 fHQuidamLcum
1059 5745 1267 5805 maxime
1319 5744 1552 5808 confessio
1600 5744 1685 5796 illa
1729 5756 1953 5810 magnam
1992 5741 2129 5793 nobis

563 5807 818 5858 utilitatem
841 5808 1030 5873 afferat.

3735 384 3852 440 532

2265 489 2415 557 Quod
2447 492 2589 546 enim
2631 491 2704 546 illi
2745 491 3189 562 pretiosissimum
3218 491 3455 547 omnium
3486 502 3621 554 erat,
3657 493 3850 563 unige-

2263 581 2431 634 nitum
2460 580 2497 635 F
2502 582 2645 636 ilium
2671 596 2766 650 pro
2795 582 2948 638 nobis
2973 582 3199 636 inimicis
3220 582 3363 638 dedit
3394 581 3527 638 :nbc
3556 584 3708 638 dedit
3737 598 3856 636 mo-

2261 671 2330 725 do
2372 672 2544 738 nobis,
2577 673 2668 726 sed
2719 680 2774 726 et
2815 673 2963 727 illum
3005 672 3059 726 in
3103 687 3340 728 mensam
3380 675 3534 730 nobis
3577 674 3849 746 apposuit,

2261 766 2436 820 omnia
2459 780 2555 833 pro
2577 763 2726 819 nobis
2752 764 2971 829 faciens,
3000 775 3053 822 et
3079 764 3275 828 dando,
3297 774 3350 821 et
3371 781 3468 823 nos
3495 782 3590 837 pro
3618 765 3703 821 bis
3727 781 3852 836 gra-

2261 865 2344 913 tos
2390 855 2685 911 efﬁciendo.
2732 855 2862 922 Quia
2903 858 3046 910 enim
3088 866 3147 912 ut
3187 856 3470 927 plurimum
3500 859 3739 928 ingratus
3767 865 3851 910 est

2263 951 2420 1001 immo
2443 988 2456 1010 ,
2485 947 2680 1018 ubique
2709 946 2824 1014 ipse
2845 948 3067 1016 suscipit
3093 957 3144 1003 et
3173 956 3393 1018 apparat
3420 963 3480 1001 ea
3512 947 3630 1017 qua:
3655 947 3724 1002 ad
3755 963 3852 1001 no-

2259 1047 2421 1093 stram
2459 1047 2583 1093 sunt
2611 1039 2916 1095 utilitatem.
2957 1040 3023 1094 Et
3050 1040 3192 1111 quod
3221 1041 3272 1095 in
3301 1039 3503 1097 Judaeis
3530 1041 3747 1110 agebat,
3780 1056 3846 1096 ex

2258 1131 2408 1195 locis,
2441 1129 2765 1198 temporibus
2804 1139 2856 1186 et
2897 1131 3045 1185 festis
3087 1131 3341 1188 beneﬁcia
3381 1131 3512 1202 ipsis
3547 1130 3600 1184 in
3639 1145 3851 1185 memo-

2257 1219 2390 1275 riam
2421 1234 2676 1276 revocans
2700 1261 2712 1285 ,
2753 1220 2981 1290 idipsum
3009 1222 3170 1276 ctiam
3197 1221 3282 1277 liic
3311 1221 3435 1277 fecit
3458 1264 3471 1290 ,
3497 1236 3566 1276 ex
3593 1220 3848 1275 sacriﬁcii

2257 1309 2416 1365 modo
2442 1309 2508 1364 ad
2542 1325 2830 1379 perennem
2860 1310 3104 1366 beneﬁcii
3139 1311 3360 1381 hujusce
3397 1312 3713 1368 memoriam
3746 1326 3848 1368 nos

2256 1403 2531 1456 inducens.
2560 1402 2648 1457 Sic
2676 1416 2834 1457 nemo
2864 1403 2932 1455 ita
2966 1402 3188 1469 studuit,
3216 1417 3314 1458 nos
3345 1402 3578 1472 probos,
3617 1416 3847 1474 magnos

2255 1501 2308 1546 et
2348 1507 2441 1559 per
2482 1491 2660 1545 omnia
2698 1500 2876 1561 gratos
2914 1490 3164 1556 efficere,
3194 1500 3250 1546 ut
3273 1492 3364 1562 qui
3395 1507 3496 1547 nos
3525 1491 3649 1546 fecit
3677 1492 3844 1547 Deus.
3926 1488 3928 1490 ’

2253 1581 2584 1650 Quapropter
2609 1596 2706 1636 nos
2733 1592 2789 1638 et
2817 1582 3011 1638 invitos
3038 1597 3182 1652 saepe
3204 1593 3258 1638 et
3284 1583 3508 1653 plurima
3533 1582 3846 1652 ignorantes

2251 1673 2525 1729 beneﬁciis
2550 1674 2729 1729 afﬁcit.
2761 1673 2815 1730 Si
2832 1685 3008 1729 autem
3033 1675 3084 1730 id
3105 1676 3244 1747 quod
3268 1676 3471 1732 dictum
3491 1687 3573 1732 est
3590 1677 3840 1740 miraris;

2253 1783 2358 1821 non
2391 1769 2442 1822 in
2471 1767 2701 1822 obscuro
2728 1768 2977 1836 quopiam
3007 1769 3156 1834 viro,
3187 1769 3280 1823 sed
3321 1770 3374 1823 in
3407 1770 3561 1825 beato
3591 1770 3758 1824 Paulo
3785 1769 3840 1824 id

2251 1861 2536 1927 contigisse
2573 1859 2874 1913 ostendam.
2917 1860 3122 1914 Etenim
3159 1859 3345 1916 beatus
3375 1860 3464 1917 ille
3491 1862 3671 1916 multis
3698 1863 3842 1932 peri-

2250 1951 2383 2006 culis
2407 1959 2462 2005 et
2488 1951 2740 2004 :rrumnis
2769 1952 3109 2019 exercitatus,
3140 1967 3284 2023 saepe
3309 1954 3529 2025 rogabat
3560 1956 3749 2020 Deum,
3780 1965 3839 2009 ut

2249 2040 2316 2096 ab
2344 2056 2401 2096 se
2427 2043 2746 2096 tentationes
2776 2043 3008 2098 auferret
3037 2061 3048 2096 :
3075 2053 3439 2100 verumtamen
3469 2061 3572 2099 non
3601 2046 3666 2100 ad
3697 2047 3840 2116 peti.

2251 2133 2447 2187 tionem
2471 2174 2484 2194 ,
2514 2131 2606 2188 sed
2647 2133 2715 2187 ad
2754 2133 3034 2188 utilitatem
3065 2136 3183 2204 ejus
3209 2137 3444 2205 respexit
3473 2137 3642 2203 Deus;
3675 2139 3839 2208 idque

2252 2219 2533 2275 declarans
2562 2221 2635 2274 ait
2664 2239 2677 2274 :
2711 2220 2908 2290 Sit/ﬁcit
2929 2223 3020 2276 tibi
3041 2223 3206 2294 gratia
3231 2241 3341 2277 mea
3363 2240 3384 2278 :
3404 2241 3521 2279 nam
3544 2227 3704 2280 virtus
3725 2243 3838 2282 mea

2246 2310 2299 2363 in
2329 2311 2622 2378 inﬁrmitate
2649 2312 2907 2380 perﬁcitur
2933 2314 2950 2382 (
2974 2314 3028 2366 2.
3055 2311 3174 2368 Cor.
3201 2313 3286 2370 12.
3314 2313 3406 2386 9).
3452 2315 3636 2386 Itaque
3661 2318 3838 2386 prius-

2247 2419 2404 2473 quam
2433 2403 2505 2456 illi
2537 2419 2751 2459 causam
2779 2406 3090 2474 explicaret,
3124 2407 3346 2462 invitum
3375 2409 3644 2464 alliciebat
3671 2410 3839 2466 bene-

2250 2493 2389 2561 ﬁcio,
2415 2495 2576 2548 etiam
2605 2494 2956 2565 ignorantem.
2986 2495 3123 2562 Quid
3157 2497 3316 2566 igitur
3339 2513 3592 2568 magnum
3624 2501 3832 2570 poscit,

2247 2601 2366 2640 cum
2394 2585 2463 2640 de
2489 2596 2629 2639 tanta
2661 2586 2990 2657 providentia
3015 2589 3196 2658 gratos
3230 2605 3327 2646 nos
3351 2606 3473 2648 esse
3495 2592 3687 2661 jubet?
3717 2593 3831 2648 0b-

2247 2685 2600 2746 temperemus
2631 2677 2828 2748 itaque,
2857 2689 2910 2734 et
2942 2681 3041 2734 hoc
3072 2679 3265 2752 ubique
3291 2695 3584 2738 servemus.
3619 2683 3834 2739 Etenim

2243 2766 2458 2822 Judzeos
2483 2767 2610 2821 nihil
2634 2769 2713 2822 sic
2743 2769 3007 2837 perdidit,
3037 2785 3194 2842 quam
3218 2772 3360 2842 quod
3390 2772 3578 2843 ingrati
3602 2785 3783 2829 essent
3815 2792 3830 2828 :

2245 2858 2545 2928 multasque
2575 2859 2692 2913 illas
2712 2869 2765 2914 et
2790 2858 3096 2929 frequentes
3125 2862 3305 2932 plagas
3335 2863 3462 2917 nihil
3490 2865 3632 2919 aliud
3664 2881 3828 2935 quam

2245 2950 2347 3006 hoc
2377 2952 2582 3006 induxit
2615 2969 2628 3004 :
2663 2953 2769 3007 imo
2798 2953 2960 3008 etiam
2988 2965 3113 3009 ante
3148 2956 3329 3026 plagas
3369 2958 3599 3012 animam
3641 2975 3833 3014 eorum

2243 3042 2474 3113 perdidit
2499 3051 2553 3098 et
2579 3041 2934 3098 labefactavit.
2967 3045 3169 3117 Ingrati
3193 3047 3327 3100 enim
3347 3064 3461 3116 spes
3484 3058 3536 3103 ut
3556 3047 3834 3106 hibernalis

2245 3134 2428 3202 pruina
2456 3133 2611 3204 (Sap.
2641 3136 2726 3190 16.
2751 3134 2866 3207 29).
2895 3136 3064 3206 inquit
3093 3154 3107 3190 :
3139 3138 3210 3191 ita
3237 3147 3448 3207 torpere
3471 3151 3523 3194 et
3551 3141 3719 3196 emori
3747 3159 3834 3197 ωε

2241 3225 2317 3293 git
2343 3225 2595 3292 animam,
2629 3236 2686 3280 ut
2716 3227 2799 3280 illa
2829 3241 3075 3296 corpora.
3106 3228 3217 3284 lloc
3244 3244 3372 3285 vero
3393 3231 3625 3299 procedit
3657 3248 3722 3302 ex
3743 3249 3835 3289 ar-

2241 3316 2478 3383 rogantia
2505 3357 2520 3382 ,
2550 3316 2692 3381 quod
2721 3330 2779 3370 se
2803 3317 2924 3386 quis
2954 3327 3103 3387 putet
3132 3319 3350 3389 dignum
3375 3321 3658 3376 beneﬁcio.
3685 3313 3830 3379 Con-

2243 3407 2396 3462 tritus
2425 3417 2622 3471 autem,
2649 3412 2752 3463 non
2777 3424 2874 3476 pro
2898 3410 3050 3464 bonis
3083 3421 3307 3470 tantum.
3330 3414 3422 3466 sed
3451 3413 3611 3467 etiam
3639 3430 3734 3483 pro
3763 3417 3831 3471 iis

2243 3512 2360 3565 qua:
2388 3496 2608 3550 adversa
2641 3506 2891 3565 putantur
2913 3539 2926 3564 ,
2955 3501 3155 3568 gratias
3185 3499 3397 3556 habebit
3429 3501 3559 3566 Deo,
3584 3514 3639 3557 et
3659 3521 3832 3573 quan-

2244 3587 2436 3641 tumvis
2464 3588 2710 3656 patiatur,
2732 3603 2836 3643 non
2858 3605 2919 3644 se
2940 3599 3116 3644 tamen
3143 3591 3340 3662 aliquid
3362 3592 3579 3662 indigne
3610 3609 3828 3663 passum

2242 3678 2464 3749 putabit.
2510 3677 2577 3733 Et
2609 3693 2704 3732 nos
2735 3679 2909 3749 itaque
2937 3689 3137 3750 quanto
3167 3683 3332 3752 magis
3358 3681 3410 3736 in
3436 3683 3631 3738 virtute
3663 3689 3826 3754 preli-

2240 3771 2441 3825 ciemus
2465 3811 2480 3834 ,
2525 3779 2670 3826 tanto
2700 3773 2866 3841 magis
2901 3787 2997 3827 nos
3033 3775 3176 3842 ipsos
3205 3785 3547 3830 conteramus
3579 3795 3592 3830 :
3621 3780 3824 3833 etenim

2240 3861 2344 3917 hoc
2372 3863 2601 3917 maxime
2632 3864 2796 3916 virtus
2819 3873 2920 3917 est.
2943 3864 3091 3919 Sicut
3110 3864 3253 3918 enim
3283 3874 3481 3936 quanto
3507 3870 3717 3924 acutius
3749 3870 3824 3923 vi-

2239 3953 2446 4018 demus,
2477 3963 2623 4006 tauto
2653 3955 2818 4023 magis
2847 3954 3134 4009 ediscimus
3159 3965 3414 4023 quantum
3443 3971 3470 4007 a
3495 3956 3629 4011 calo
3649 3951 3830 4014 diste-i

2237 4057 2355 4097 mus
2386 4062 2398 4097 :
2430 4044 2509 4098 sic
2547 4051 2746 4112 quanto
2790 4045 2954 4112 magis
2994 4043 3047 4097 in
3088 4043 3282 4100 virtute
3311 4045 3637 4114 proﬁcimus,
3675 4058 3824 4104 tanta

2239 4135 2405 4201 magis
2425 4135 2680 4186 docemur
2707 4143 2959 4201 quantum
2985 4135 3051 4187 sit
3083 4136 3220 4189 inter
3246 4136 3408 4192 Deum
3440 4147 3493 4193 et
3519 4155 3618 4195 nos
3649 4143 3821 4197 inter-

2239 4224 2452 4276 vallum.
2488 4224 2595 4278 Nec
2621 4239 2749 4278 sane
2777 4225 2990 4277 minima
3025 4241 3144 4293 pars
3172 4235 3252 4280 est
3279 4228 3626 4300 plzil050pliia:
3652 4275 3667 4299 ,
3697 4250 3820 4287 cum

2239 4314 2484 4368 meritum
2511 4324 2750 4368 nostrum
2777 4315 3090 4384 dignoscere
3119 4331 3423 4386 possumus.
3449 4320 3546 4374 llic
3573 4322 3717 4376 enim
3744 4339 3833 4377 se-

2240 4407 2411 4473 ipsum
2463 4408 2692 4478 maxime
2741 4393 2906 4470 novit,
2942 4408 3038 4476 qui
3191 4408 3319 4462 nihil
3369 4426 3489 4466 esse
3527 4415 3816 4468 existimat.

2239 4497 2466 4565 Ideoque
2495 4497 2654 4552 David
2683 4508 2736 4551 et
2763 4489 3050 4560 Abraham,
3082 4513 3200 4553 cum
3223 4500 3288 4552 ad
3318 4516 3584 4556 summum
3605 4505 3823 4559 virtutis

2241 4589 2503 4658 fastigium
2532 4592 2914 4655 ascendissent,
2949 4599 3070 4645 tunc
3103 4593 3332 4646 maxime
3362 4592 3498 4648 banc
3520 4609 3818 4663 exercueris

2239 4684 2485 4737 virtutem
2509 4693 2590 4737 :et
2623 4683 2705 4737 liic
2726 4685 2936 4750 quidem
2957 4701 3013 4736 se
3039 4684 3308 4751 pulverem
3332 4694 3385 4740 et
3405 4687 3636 4740 cinerem
3656 4687 3813 4760 (Gen.

2238 4775 2324 4829 18.
2356 4775 2446 4844 9.7)
2470 4818 2485 4840 ,
2523 4775 2609 4829 ille
2638 4791 2760 4829 vero
2790 4789 2848 4829 se
2876 4789 3119 4854 vermen;
3140 4776 3361 4830 vocabat
3405 4776 3573 4847 (Pent.
3603 4778 3692 4834 21.
3722 4782 3774 4850 7)
3795 4799 3816 4854 ﬁ:

2235 4882 2296 4920 ac
2327 4867 2569 4920 similiter
2595 4882 2781 4921 omnes
2807 4872 2972 4920 sanet!
3001 4882 3056 4921 se
3083 4866 3309 4924 miseros
3337 4869 3625 4939 pradicant
3649 4890 3661 4924 :
3686 4874 3818 4927 con;

2237 4969 2311 5012 tra
2347 4974 2472 5012 vero
2517 4959 2558 5012 is
2601 4959 2686 5028 qui
2733 4960 3031 5028 arrogantia
3075 4961 3381 5026 extollitur,
3422 4975 3542 5036 sese
3585 4965 3817 5020 maxime

2235 5051 2470 5104 omnium
2495 5052 2716 5120 ignorat.
2743 5050 3095 5115 Quamobrem
3115 5051 3181 5105 de
3197 5054 3438 5122 superbis
3461 5053 3614 5125 vulgo
3635 5055 3819 5112 dicere

2235 5143 2468 5197 solemus
2502 5160 2512 5193 :
2540 5141 2654 5194 Non
2683 5155 2742 5194 se
2777 5143 2942 5206 novit,
2970 5156 3027 5196 se
3055 5157 3273 5209 prorsus
3303 5144 3529 5213 ignorat.
3556 5145 3655 5210 Qui
3687 5160 3818 5200 vero

2235 5252 2294 5291 se
2321 5237 2543 5305 ignorat,
2572 5251 2727 5303 quem
2760 5235 2939 5289 novit?
2965 5235 3422 5303 Quemadmodum
3447 5238 3588 5292 enim
3610 5239 3696 5310 qui
3725 5254 3818 5295 se-

2236 5331 2403 5398 ipsum
2434 5327 2659 5390 noverit,
2695 5326 2868 5380 omnia
2894 5335 3184 5395 cognoscet
3214 5344 3227 5379 :
3252 5330 3329 5384 sic
3356 5331 3443 5398 qui
3475 5344 3535 5384 se
3563 5330 3814 5400 ignorat,

2236 5435 2406 5489 neque
2428 5419 2527 5473 alia
2559 5419 2784 5472 noverit.
2817 5417 2956 5472 Talis
2985 5418 3074 5472 ille
3099 5427 3215 5473 erat
3238 5421 3326 5490 qui
3353 5420 3564 5476 dicebat
3597 5443 3609 5476 :
3639 5424 3818 5493 Supra

2235 5515 2381 5568 castos
2413 5530 2597 5580 ponam
2620 5514 2802 5567 solium
2827 5529 2992 5566 meum
3021 5511 3187 5585 (lsai.
3224 5514 3309 5569 11.
3338 5517 3404 5570 15
3424 5515 3464 5587 ).
3505 5514 3639 5582 Quia
3668 5517 3816 5572 enim

2234 5606 2464 5674 seipsum
2496 5605 2773 5676 ignoravit,
2798 5614 2987 5658 emtera
3011 5619 3221 5675 quoque
3241 5608 3414 5661 omnia
3440 5607 3716 5679 ignoravit.
3746 5609 3815 5669 At

2234 5712 2337 5749 non
2366 5695 2582 5761 Paulus,
2609 5696 2696 5765 qui
2723 5711 2780 5750 se
2806 5696 3103 5751 abortivum
3127 5707 3181 5752 et
3205 5699 3478 5753 minimum
3505 5710 3815 5756 sanctorum

2238 5787 2555 5858 appellabat,
2582 5802 2751 5857 neque
2779 5800 2896 5857 post
2925 5797 3003 5844 tot
3029 5797 3276 5860 tantaque
3297 5791 3549 5863 prieclara
3571 5807 3732 5862 opera
3753 5807 3821 5849 se
