4094 6472
394 503 630 579 apostoli
667 503 882 558 nomine
909 502 1128 574 dignum
1156 517 1276 558 esse
1302 505 1520 575 putabat
1551 505 1627 573 (-l.
1653 504 1773 560 Cor.
1804 507 1894 562 15.
1922 507 1976 560 8.

392 596 473 664 9).
510 595 661 650 llunc
692 595 868 665 itaque
895 594 1210 649 mmulemur
1239 603 1292 649 et
1324 595 1613 650 imitemur.
1648 593 1981 652 lmitabimur

390 698 570 745 autem
591 674 635 743 Si
665 702 694 740 a
724 697 862 741 terra
902 701 966 742 ac
996 686 1220 743 terrenis
1247 687 1472 756 negotiis
1509 687 1813 743 liberemur.
1839 688 1976 742 Nihil

389 778 532 835 enim
557 780 629 834 ita
657 777 1007 848 ignorantiam
1039 778 1118 832 sui
1154 778 1323 848 parit,
1355 788 1413 832 ut
1437 779 1773 834 smcularium
1797 795 1978 835 rerum

388 870 612 926 affectus
639 888 653 925 :
681 869 921 939 nihilque
946 869 1019 924 ita
1043 869 1378 924 saecularium
1407 885 1590 926 rerum
1617 870 1862 925 affectum
1888 887 1978 940 pa-

388 963 496 1026 rit,
526 969 584 1014 ut
609 961 906 1031 ignorantia
933 961 1016 1016 sui
1049 979 1062 1015 :
1089 960 1353 1030 siquidem
1382 977 1546 1016 unum
1578 961 1775 1030 pendet
1796 961 1865 1014 ab
1892 963 1974 1016 al-

389 1063 524 1108 tero.
547 1052 695 1107 Sicut
716 1051 858 1107 enim
880 1054 923 1107 is
947 1054 1036 1122 qui
1058 1060 1333 1107 externam
1348 1053 1573 1123 gloriam
1597 1062 1742 1108 amat
1761 1061 1816 1109 et
1840 1069 1977 1124 pra:-

384 1147 552 1202 sentia
583 1160 772 1216 magna
801 1160 921 1200 esse
943 1153 1112 1215 putat,
1133 1145 1343 1201 etiamsi
1371 1145 1422 1199 id
1449 1145 1643 1200 millies
1668 1147 1970 1211 teutaverit,

384 1239 510 1294 huic
541 1253 647 1293 non
678 1239 912 1308 seipsum
939 1251 1100 1293 nosse
1124 1238 1439 1293 conceditur
1465 1253 1480 1292 :
1513 1237 1591 1293 sic
1617 1239 1705 1308 qui
1733 1239 1972 1308 seipsum

383 1328 630 1400 despicit,
656 1345 715 1386 se
739 1329 892 1385 facile
917 1338 1222 1400 cognoscet.
1246 1329 1382 1386 Cum
1405 1343 1532 1384 vero
1553 1344 1674 1385 sese
1698 1330 1965 1398 didicerit,

1336 387 1404 445 ΙΝ
1441 389 1845 448 διΑττιιίΕωι
1887 391 2114 448 IIOMIL.
2156 392 2345 450 XXVI.
2387 394 2461 450 al.
2502 395 2718 454 XXVII.

3578 406 3686 462 εει

2085 506 2152 562 ad
2183 517 2404 565 caeteras
2434 525 2622 568 omnes
2644 513 2855 569 virtutis
2880 523 3059 583 partes
3078 518 3360 584 procedet.
3403 516 3476 577 Ut
3524 521 3686 592 igitur

2087 599 2361 668 pulchram
2397 602 2534 658 hanc
2562 604 2843 660 scientiam
2869 607 3231 677 adipiscamur
3255 652 3268 672 ,
3300 611 3507 665 liberati
3538 627 3568 666 a
3600 629 3688 668 re-

2083 689 2182 744 bus
2208 690 2362 746 ﬂuxis
2383 693 2653 762 omnibus,
2679 710 2800 766 qua:
2819 711 3066 766 magnam
3092 700 3144 754 in
3167 702 3323 757 nobis
3349 703 3686 758 succendunt

2085 779 2375 847 ﬂammant,
2398 792 2454 838 et
2481 786 2738 842 vilitatem
2770 798 3007 844 nostram
3037 800 3218 848 notam
3249 793 3531 861 habentes,
3566 813 3682 851 om-

2083 888 2204 928 nem
2223 874 2578 934 exhibeamus
2601 879 2957 938 humilitatem
2984 894 3145 955 atque
3171 887 3590 957 philosophiam,
3623 901 3684 946 ut

2083 973 2136 1019 et
2169 969 2454 1034 praesentia
2483 978 2538 1024 et
2566 971 2742 1027 futura
2774 973 2912 1029 bona
2943 989 3373 1046 consequamur,
3415 981 3586 1051 gratia
3628 992 3685 1037 et

2080 1057 2447 1114 misericordia
2477 1062 2686 1118 Domini
2711 1067 2880 1120 nostri
2904 1067 3035 1123 Jesu
3061 1067 3260 1124 Christi
3285 1112 3300 1136 ,
3328 1072 3545 1140 quicum
3575 1073 3680 1127 Pa-

2083 1150 2146 1203 tri
2172 1151 2365 1220 gloria,
2401 1153 2705 1224 impcrium,
2737 1157 2931 1225 honor,
2956 1173 3078 1216 cum
3105 1173 3316 1227 sancto,
3346 1163 3491 1219 bono
3518 1174 3573 1219 et
3596 1166 3681 1219 vi-

2081 1242 2237 1298 vifico
2261 1244 2483 1314 Spiritu,
2509 1265 2650 1306 nunc
2690 1261 2746 1307 et
2791 1267 3006 1323 semper
3049 1263 3102 1310 et
3143 1254 3196 1309 in
3232 1257 3427 1312 saecula
3455 1241 3683 1313 smeulo-

2080 1349 2219 1390 rum.
2249 1337 2440 1394 Amen.

423 1486 2882 1512 mm

1474 1563 1828 1634 HOMILIA
1871 1571 2108 1638 XXV].
2155 1574 2238 1638 al.
2283 1575 2554 1639 XXVII.
3217 1573 3240 1590 δ

379 1733 508 1790 Car.
538 1730 590 1786 8.
617 1745 668 1783 ν.
699 1729 752 1784 5.
804 1726 929 1782 Cum
972 1735 1138 1780 autem
1175 1727 1428 1794 ingressus
1461 1730 1586 1777 esset
1625 1720 1966 1790 Capernamn,

451 1823 660 1878 accessit
694 1821 763 1874 ad
801 1835 915 1873 eum
945 1819 1190 1883 centurio,
1221 1831 1408 1886 rogans
1435 1830 1570 1879 eum,
1595 1814 1649 1868 6.
1676 1822 1724 1867 et
1754 1813 1924 1867 dicens
1949 1829 1968 1868 :

448 1915 686 1979 Domine,
711 1929 835 1982 puer
861 1927 1002 1965 meus
1016 1911 1152 1980 jacet
1173 1909 1227 1962 in
1244 1908 1393 1962 domo
1410 1907 1743 1978 paralyticus,
1770 1915 1816 1960 et
1838 1906 1971 1960 male

450 2016 727 2077 torquetur.

449 2099 499 2153 Ι.
532 2097 802 2165 Leprosus
828 2091 1068 2162 quidem,
1101 2105 1222 2146 cum
1257 2087 1622 2145 descendisset
1651 2087 1720 2142 de
1749 2097 1964 2152 monte,

376 2189 602 2244 accessit
632 2207 644 2242 :
678 2185 766 2241 hic
809 2199 937 2239 vero
979 2183 1219 2238 centurio
1243 2223 1257 2248 ,
1301 2189 1580 2251 postquam
1627 2179 1877 2236 intrasset
1914 2179 1967 2232 in

375 2280 730 2351 Caperuaum.
761 2276 868 2331 Cur
904 2289 1032 2345 ergo
1055 2315 1070 2338 ,
1103 2287 1275 2343 neque
1302 2272 1388 2327 hic
1414 2287 1590 2341 neque
1619 2270 1708 2324 ille
1737 2271 1792 2326 in
1813 2284 1968 2324 mon-

377 2380 482 2424 tem
521 2366 898 2423 accesserunt?
944 2364 1060 2420 Non
1104 2363 1174 2418 ob
1221 2363 1546 2433 segnitiem:
1579 2375 1698 2414 nam
1741 2368 1966 2428 uterque

375 2459 480 2515 ﬁde
505 2459 724 2514 ardebat
745 2458 759 2488 ⁸
781 2473 796 2522 ;
828 2455 922 2512 sed
944 2470 1012 2510 ne
1036 2455 1317 2509 docentem
1347 2451 1772 2522 interpellarent.
1796 2453 1968 2506 Acce-

374 2552 506 2606 dens
536 2559 715 2604 autem
741 2548 874 2602 dixit
901 2565 914 2601 :
945 2547 1083 2600 Puer
1113 2562 1254 2599 meus
1279 2547 1419 2614 jacet
1448 2544 1500 2598 in
1529 2546 1680 2598 domo
1708 2541 1964 2613 paralyti-

375 2661 486 2708 σιω,
505 2652 551 2697 et
576 2643 706 2695 male
728 2649 1004 2710 torquetur.
1030 2639 1256 2705 Quidam
1282 2639 1466 2693 dicunt
1486 2652 1630 2703 eum,
1655 2647 1712 2691 ut
1739 2650 1860 2690 sese
1880 2650 1965 2690 ex-

372 2745 604 2800 cusaret,
650 2750 866 2789 causam
912 2733 1131 2798 dixisse,
1177 2748 1273 2787 cur
1311 2747 1434 2786 eum
1481 2746 1586 2784 non
1628 2729 1959 2784 adduxisset.

373 2825 488 2880 Non
511 2826 651 2880 enim
679 2834 907 2893 poterat,
936 2824 1198 2893 inquiunt,
1220 2821 1541 2891 paralyticus
1561 2819 1648 2888 qui
1680 2823 1965 2889 torqueba-

375 2928 488 2983 tur,
523 2926 576 2972 et
607 2926 902 2972 extremum
930 2916 1038 2984 jam
1069 2915 1283 2970 efﬂabat
1309 2913 1532 2968 halitum
1567 2912 1786 2982 gestari.
1826 2910 1957 2964 Nam

371 3026 492 3065 eum
511 3010 620 3077 jam
653 3011 702 3063 in
731 3010 985 3064 extremis
1018 3009 1178 3062 fuisse
1204 3017 1392 3061 narrat
1413 3006 1482 3058 ita
1511 3005 1680 3059 Lucas
1711 3022 1724 3056 :
1760 3003 1825 3057 Et
1853 3019 1961 3056 mo-

371 3105 562 3157 riturus
593 3112 699 3156 erat
726 3101 874 3172 (an.
906 3102 956 3154 7.
986 3099 1060 3171 9.).
1094 3101 1205 3170 Ego
1228 3112 1354 3153 vero
1381 3097 1432 3150 id
1459 3104 1586 3166 puto
1611 3096 1819 3166 signum
1840 3109 1962 3149 esse

370 3208 577 3260 magum
606 3193 744 3246 illius
774 3192 918 3256 fidei,
946 3201 1000 3246 et
1025 3189 1192 3244 multo
1220 3187 1459 3256 majoris,
1479 3202 1636 3256 quam
1660 3200 1846 3241 eorum
1869 3184 1960 3254 qui

371 3299 465 3353 per
494 3295 689 3339 tectum
718 3282 1043 3337 demiserunt
1069 3281 1257 3350 (Marc.
1281 3279 1334 3332 2.
1361 3279 1438 3347 4).
1468 3277 1601 3344 Quia
1628 3277 1770 3332 enim
1793 3276 1958 3346 probe

368 3375 575 3429 sciebat
595 3375 710 3427 solo
733 3372 940 3426 Domini
965 3381 1230 3440 ρι’ωρονιο
1246 3371 1512 3439 jacentem
1535 3383 1755 3437 surgere
1777 3381 1954 3436 posse,

368 3465 699 3536 superﬂuum
730 3465 946 3534 putabat
974 3475 1092 3518 esse
1121 3464 1294 3530 ipsum
1324 3463 1610 3516 adducere.
1637 3459 1774 3526 Quid
1801 3459 1960 3528 igitur

367 3562 564 3620 Jcsus?
606 3549 758 3626 Quod
807 3573 1064 3624 nusquam
1098 3555 1324 3622 fecerat,
1359 3555 1443 3609 hic
1481 3553 1621 3638 fecit.
1656 3555 1784 3608 Cum
1812 3553 1957 3607 enim

372 3653 565 3719 ubique
593 3651 1000 3720 supplicantium
1030 3649 1354 3702 voluntatem
1383 3656 1716 3716 sequeretur,
1738 3645 1824 3699 hic
1843 3659 1959 3714 proc

370 3743 509 3807 silit,
539 3757 635 3797 nec
669 3756 727 3795 se
758 3750 1064 3795 curaturum
1095 3748 1297 3794 tantum
1320 3781 1335 3804 ,
1369 3738 1463 3794 sed
1494 3739 1711 3792 domum
1744 3750 1956 3806 quoque

369 3847 648 3892 venturum
678 3838 972 3905 pollicetur.
1008 3835 1059 3889 ld
1091 3851 1216 3889 vero
1241 3835 1382 3899 facit,
1408 3842 1468 3888 ut
1493 3831 1823 3887 centurionis
1849 3829 1955 3883 vir-

371 3937 538 3982 tutem
564 3927 850 3981 discamus.
873 3926 984 3980 Nisi
1013 3925 1154 3980 enim
1181 3925 1280 3979 hoe
1308 3923 1656 3994 promisisset,
1679 3921 1773 3977 sed
1792 3920 1956 3975 dixis-

369 4027 468 4080 εει,
509 4017 671 4078 Vade,
701 4026 915 4070 sanetur
942 4032 1073 4086 puer
1105 4025 1224 4069 tuus
1257 4032 1270 4067 :
1301 4014 1428 4068 nihil
1453 4016 1640 4066 horum
1671 4025 1956 4080 cognosce-

368 4121 568 4161 remus.
605 4106 834 4174 Idipsum
871 4107 1028 4158 etiam
1058 4121 1181 4173 erga
1211 4103 1541 4157 Pluenissam
1568 4101 1844 4155 mulierem
1873 4099 1954 4154 fc-

369 4199 459 4254 cil.
491 4196 590 4248 etsi
634 4197 900 4249 contrario
950 4196 1106 4249 modo
1156 4193 1362 4267 (Marc.
1406 4194 1456 4246 7.
1496 4193 1584 4247 26.
1637 4210 1744 4263 sqq.
1768 4193 1806 4261 ).
1856 4190 1953 4246 Hic

368 4288 508 4341 enim
538 4302 633 4341 nec
660 4297 873 4339 vocatus
899 4286 946 4339 in
969 4285 1208 4350 domtuu,
1231 4299 1290 4339 5e
1313 4299 1435 4338 esse
1460 4293 1738 4337 venturum
1764 4293 1953 4353 sponte

367 4379 514 4440 dicit,
543 4387 599 4430 ut
620 4377 791 4430 discas
813 4377 1137 4430 centurionis
1161 4375 1318 4429 fidem
1345 4375 1668 4443 multamque
1694 4376 1954 4430 humilita-

371 4480 477 4525 tem
504 4487 516 4522 :
548 4471 598 4524 in
633 4469 906 4522 l’hmnissa
949 4484 1074 4520 tero
1113 4467 1310 4521 donum
1354 4468 1619 4538 denegat,
1676 4467 1951 4537 ipsamque

365 4570 800 4630 perseverantem
833 4559 884 4611 in
915 4559 1132 4610 dubium
1154 4559 1385 4627 eonjicit.
1415 4557 1545 4612 Nam
1573 4574 1691 4611 cum
1714 4573 1873 4627 sagax
1899 4567 1953 4612 ct

369 4652 569 4719 peritus
598 4650 664 4702 sit
692 4650 948 4710 medicus,
970 4651 1232 4702 contraria
1255 4651 1538 4703 contrariis
1566 4651 1760 4705 elicere
1783 4652 1947 4706 novit.

369 4739 437 4794 Et
467 4740 552 4793 hic
581 4740 792 4809 quidem
821 4758 914 4808 per
943 4750 1293 4808 spontanetnn
1324 4742 1607 4797 adventum
1634 4786 1646 4806 ,
1682 4745 1789 4798 illic
1820 4761 1950 4799 vero

371 4846 462 4899 per
487 4831 788 4883 diuturnam
819 4831 1145 4890 dilationem.
1171 4833 1505 4900 etrepulsam
1533 4835 1687 4889 fidem
1713 4835 1949 4889 mulieris

370 4923 558 4990 aperit.
585 4923 670 4976 Sic
693 4923 853 4977 etiam
874 4936 995 4990 erga
1027 4917 1385 4977 Ahrahamum
1412 4924 1529 4978 fecit
1560 4926 1746 4980 dicens
1779 4945 1791 4978 ε
1831 4925 1948 4979 Non

367 5016 536 5067 celabo
559 5032 770 5083 puerum
794 5031 954 5067 meum
976 5015 1227 5067 Abt-altam
1257 5017 1406 5085 (Gen.
1436 5020 1518 5072 18.
1545 5019 1669 5088 17);
1698 5029 1751 5072 ut
1776 5020 1949 5075 discas

370 5105 510 5158 illius
534 5121 766 5158 amorem
790 5147 804 5170 ,
835 5114 889 5160 et
912 5117 1159 5174 quantam
1191 5106 1257 5160 de
1285 5109 1530 5163 Sodomis
1561 5112 1946 5178 providentiam

369 5203 596 5263 gereret.
630 5195 695 5249 Et
714 5197 802 5264 qui
826 5197 890 5249 ad
919 5196 1104 5250 Lutum
1130 5199 1273 5252 missi
1296 5210 1468 5264 erant,
1500 5201 1702 5270 ingredi
1733 5203 1947 5257 domum

370 5287 489 5355 ei-ts
523 5288 729 5352 nolunt,
764 5294 820 5340 ut
843 5286 969 5356 justi
998 5288 1411 5358 hospitalitatem
1443 5292 1733 5348 cdisceres.

443 5377 760 5433 Centurionis
782 5379 927 5447 ﬁdes.
946 5410 1016 5419 —
1037 5381 1172 5446 Quid
1196 5383 1354 5453 igitur
1369 5385 1441 5439 ait
1462 5387 1736 5439 centurio?
1765 5391 1814 5441 ἀ.
1843 5387 1950 5442 Do-

372 5471 524 5532 mine,
550 5488 649 5524 non
675 5489 787 5524 sum
808 5472 1011 5541 dignus,
1041 5483 1093 5526 ut
1121 5475 1272 5529 intres
1300 5477 1391 5528 sub
1417 5486 1597 5530 tectum
1629 5495 1810 5531 meum.
1843 5486 1948 5532 Au-

371 5560 579 5615 diamus
622 5568 880 5629 quotquot
927 5563 1167 5617 volumus
1226 5563 1498 5619 Christum
1559 5570 1840 5638 excipere,
1891 5580 1949 5624 ut

374 5666 512 5704 nunc
555 5651 713 5704 etiam
755 5668 1054 5719 possumus.
1109 5655 1396 5710 Audiamus
1438 5669 1488 5712 et
1537 5661 1838 5728 imitemur,
1888 5678 1946 5718 ac

445 5807 456 5836 '
493 5807 705 5867 quidam,
728 5808 948 5872 utrinque
974 5822 1102 5862 recula
1129 5816 1260 5874 fides.

2076 1740 2199 1780 cum
2228 1730 2338 1798 pari
2371 1729 2520 1787 illum
2545 1734 2723 1791 studio
2744 1733 2761 1768 ²
2790 1739 3116 1810 excipiamus
3146 1761 3160 1798 :
3191 1759 3314 1800 cum
3353 1745 3496 1802 enim
3540 1763 3675 1820 pau-

2076 1833 2290 1889 perem,
2319 1825 2646 1882 esurientem
2667 1839 2721 1884 et
2750 1831 2950 1886 nudum
2979 1835 3184 1906 excipis
3203 1877 3219 1902 ,
3251 1837 3398 1892 illum
3426 1848 3481 1894 et
3510 1855 3674 1897 exce-

2076 1911 2202 1981 pisti
2229 1922 2283 1968 et
2311 1917 2510 1972 almsti.
2540 1919 2648 1974 Sed
2673 1931 2866 1978 tantum
2890 1925 2972 1980 dic
2997 1929 3163 1992 verba,
3187 1938 3237 1984 et
3262 1934 3526 1987 sanabitur
3550 1951 3675 2004 puer

2075 2019 2243 2061 meus.
2285 2007 2418 2064 Vide
2443 2013 2812 2070 centurionem
2845 2019 3066 2086 perinde
3091 2030 3252 2090 atque
3280 2024 3551 2092 leprosum
3578 2040 3675 2081 ve-

2073 2110 2187 2151 ram
2217 2097 2285 2154 de
2310 2100 2522 2157 Christo
2548 2105 2796 2162 habuisse
2817 2111 3146 2180 opinionem.
3180 2113 3310 2168 Nam
3332 2125 3388 2171 et
3409 2117 3522 2184 ipse
3543 2132 3676 2186 quo-

2074 2201 2179 2255 que
2225 2204 2332 2245 non
2375 2192 2530 2258 dixit,
2567 2195 2745 2268 Roga;
2789 2215 2893 2252 non
2924 2201 3079 2269 dixit,
3114 2203 3360 2269 Precare,
3397 2207 3670 2276 supplira;

2073 2277 2166 2332 sed
2190 2280 2386 2346 solum,
2413 2282 2640 2354 Impera.
2666 2288 2871 2344 Deinde
2899 2291 3118 2356 timens,
3143 2309 3211 2348 ne
3234 2309 3329 2362 per
3354 2296 3673 2351 modestiam

2073 2380 2343 2433 renucrct.
2374 2373 2508 2428 dixit
2538 2394 2550 2428 :
2579 2375 2634 2432 9.
2667 2376 2806 2432 Nam
2827 2391 2874 2434 et
2899 2399 2990 2452 ego
3013 2383 3163 2438 homo
3183 2403 3295 2439 sum
3317 2388 3406 2441 sub
3429 2397 3674 2460 potestate

2073 2460 2399 2530 constitutus,
2429 2464 2617 2521 habens
2635 2472 2726 2522 sub
2754 2487 2836 2525 me
2861 2473 3084 2540 milites;
3114 2485 3160 2528 et
3186 2477 3300 2531 dico
3328 2477 3464 2542 huic,
3506 2477 3668 2545 Vade,

2072 2560 2118 2603 et
2143 2553 2278 2606 vadit
2303 2569 2324 2606 :
2347 2564 2396 2608 et
2424 2558 2534 2623 alii,
2572 2559 2712 2626 Veni,
2741 2573 2789 2616 et
2817 2567 2950 2619 venit
2978 2585 2994 2619 :
3021 2577 3067 2620 et
3092 2584 3234 2622 seruo
3259 2586 3390 2636 meo,
3416 2571 3528 2626 Fac
3547 2575 3665 2638 hoc,

2073 2653 2118 2697 et
2149 2644 2292 2712 facit.
2328 2645 2394 2701 Et
2423 2649 2550 2718 quid
2575 2651 2717 2718 inde,
2739 2656 2968 2726 inquies,
2988 2659 3033 2714 si
3056 2663 3297 2718 centurio
3323 2663 3401 2719 sic
3427 2666 3672 2734 suspica-

2075 2741 2160 2787 tus
2185 2735 2289 2788 sit?
2316 2736 2447 2792 Nam
2476 2740 2528 2795 id
2557 2744 2837 2811 qumritur,
2870 2749 2914 2801 si
2949 2749 3049 2804 hoc
3077 2742 3322 2807 Christus
3351 2755 3631 2822 protulerit
3652 2799 3666 2820 ,

2071 2830 2126 2876 et
2150 2827 2563 2883 confirmaverit.
2594 2833 2827 2890 Pulchre
2854 2847 2908 2890 et
2936 2839 3224 2894 admodum
3256 2844 3550 2912 prudenter
3583 2847 3668 2900 di-

2070 2912 2168 2967 cis.
2211 2915 2351 2985 Ergo
2383 2917 2484 2974 hoc
2514 2922 2684 2990 ipsum
2717 2926 2993 2984 videamus
3023 2947 3036 2984 :
3069 2945 3194 2986 nam
3224 2932 3558 2989 inveniemus
3586 2937 3669 2990 id-

2072 3009 2243 3075 ipsum
2270 3010 2412 3077 quod
2443 3013 2497 3066 in
2526 3016 2736 3085 leproso
2763 3018 2852 3074 hic
2888 3021 3086 3077 factum
3121 3039 3264 3080 esse.
3308 3026 3670 3095 Quemadmo-

2069 3098 2194 3152 dum
2223 3101 2365 3156 enim
2392 3104 2636 3172 leprosos
2661 3151 2675 3171 .
2707 3110 2769 3166 Si
2781 3112 2878 3168 ,ινίδ
2898 3155 2912 3178 ,
2955 3115 3088 3169 dixit
3117 3117 3137 3184 (
3155 3133 3327 3188 neque
3357 3136 3422 3175 ex
3453 3122 3668 3192 leproso

2069 3200 2272 3245 tantum
2314 3196 2662 3252 confirmatur
2702 3200 2895 3257 Christi
2945 3208 3178 3273 potentia
3203 3250 3217 3272 ,
3263 3209 3358 3264 sed
3397 3212 3560 3268 etiam
3601 3231 3668 3272 ex

2065 3278 2264 3336 Christi
2295 3299 2425 3339 voce
2461 3304 2474 3339 :
2507 3303 2610 3341 non
2656 3291 2816 3346 modo
2857 3295 2999 3348 enim
3039 3298 3156 3365 ejus
3199 3300 3508 3368 opinionem
3558 3321 3666 3360 non

2069 3371 2343 3440 refutavit,
2371 3377 2463 3431 sed
2497 3380 2656 3434 etiam
2686 3383 3045 3453 confirmavit,
3074 3404 3194 3444 cum
3229 3392 3278 3446 id
3309 3393 3452 3463 quod
3477 3413 3667 3466 super-

2067 3465 2232 3520 ﬂnum
2259 3469 2535 3524 videbatur
2554 3487 2673 3528 esse
2698 3474 2912 3546 adjecit,
2943 3487 2995 3533 et
3024 3480 3180 3548 dixit,
3215 3482 3362 3553 Volo,
3393 3465 3663 3556 mundare,

2068 3567 2121 3612 ut
2151 3560 2264 3630 ejus
2292 3566 2612 3619 sententiam
2645 3566 2923 3641 firmaret)
2961 3595 2972 3628 :
3003 3575 3080 3628 sic
3109 3585 3161 3630 et
3191 3575 3293 3634 hoc
3322 3580 3441 3636 loco
3472 3584 3664 3653 explo-

2065 3650 2290 3704 randum
2317 3664 2399 3707 cst
2423 3695 2438 3720 ,
2471 3672 2596 3710 num
2627 3659 2752 3727 quid
2779 3661 2954 3718 simile
2985 3667 3178 3720 factum
3206 3671 3274 3722 sit
3307 3687 3321 3725 :
3355 3687 3477 3727 nam
3509 3650 3664 3731 invee

2066 3739 2277 3797 niemus
2308 3743 2536 3814 idipsum
2567 3748 2651 3802 hic
2675 3752 2950 3808 accidisse.
2983 3756 3115 3810 Cum
3141 3761 3282 3814 enim
3313 3767 3555 3819 centurio
3579 3775 3659 3820 ta-

2063 3833 2132 3886 lia
2159 3834 2400 3902 dixisset,
2431 3850 2486 3894 et
2511 3849 2670 3894 tantm
2704 3849 2950 3911 potestati
2987 3853 3348 3908 testimooium
3376 3856 3653 3925 dedisset,

2064 3941 2170 3980 non
2200 3929 2362 3982 modo
2395 3947 2498 3986 non
2531 3933 2874 4000 reprehendit
2896 3979 2910 3997 ,
2951 3941 3043 3993 sed
3083 3951 3135 3995 et
3166 3947 3477 4012 approbarit
3501 3991 3513 4012 ,
3549 3950 3661 4006 imo

2063 4020 2291 4088 amplius
2322 4022 2591 4089 quidpiam
2624 4026 2764 4077 fecit.
2797 4025 2982 4098 Neque
3020 4033 3192 4087 solum
3225 4036 3360 4090 dixit
3386 4043 3658 4110 evangeli-

2063 4117 2163 4171 sta,
2195 4110 2468 4165 Christum
2502 4115 2616 4182 ejus
2641 4115 2781 4170 dicta
2814 4117 3091 4187 laudasse;
3121 4125 3216 4179 sed
3247 4137 3301 4181 et
3327 4129 3498 4184 laudis
3527 4133 3661 4186 sub-

2061 4199 2341 4257 limitatem
2373 4202 2614 4260 indicans
2639 4206 2790 4272 dixit,
2816 4225 2938 4264 eum
2965 4212 3283 4271 admiratum
3317 4235 3456 4283 esse,
3487 4237 3660 4293 neque

2064 4305 2265 4349 tantum
2289 4296 2608 4352 admiratum
2641 4316 2781 4367 esse,
2801 4303 2895 4356 Sed
2917 4305 3077 4360 etiam
3103 4310 3246 4362 omni
3273 4323 3537 4380 prmsente
3565 4333 3660 4386 po-

2062 4389 2208 4456 pulo,
2239 4389 2360 4442 aliis
2387 4392 2690 4459 exetnplnm
2725 4393 2976 4458 dedisse.
3014 4407 3067 4452 ut
3103 4400 3253 4454 illum
3298 4404 3654 4462 imitarentur.

2063 4479 2249 4532 Videu'
2286 4482 2560 4549 quomodo
2585 4483 2776 4551 singuli
2807 4486 2897 4554 qui
2937 4489 3361 4547 testificabantnr
3389 4495 3486 4564 ipsi
3517 4539 3528 4560 ,
3564 4515 3660 4568 po-

2061 4572 2279 4625 tentiam
2330 4575 2494 4642 ipsius
2539 4574 2904 4630 mirabantur?
2949 4579 3014 4633 Et
3056 4585 3339 4651 stupebant
3382 4589 3550 4644 turba:
3589 4593 3658 4647 de

2059 4661 2300 4715 doctrina
2336 4662 2472 4728 ejus,
2515 4667 2636 4734 quia
2681 4676 2949 4737 utinquam
2981 4683 3297 4741 potestatem
3327 4680 3529 4735 habens
3560 4685 3656 4738 do-

2059 4754 2244 4818 cebat;
2281 4770 2377 4808 nec
2398 4758 2569 4810 solum
2601 4775 2703 4812 non
2735 4763 3102 4833 τρι›ι’θ1ιριί(1ίι,
3129 4771 3221 4823 sed
3245 4773 3403 4827 etiam
3428 4790 3548 4829 eum
3578 4780 3657 4834 eis

2062 4844 2127 4897 dc
2161 4853 2342 4900 monte
2372 4847 2670 4915 descendit,
2698 4867 2759 4904 ac
2793 4855 3006 4923 leproso
3039 4863 3309 4925 mundata,
3347 4866 3560 4921 illorum
3589 4871 3656 4927 dc

2058 4953 2116 4990 se
2147 4939 2450 5004 npiuioimn
2483 4941 2728 4995 tit-mavit.
2763 4944 2975 5000 Dicebat
3019 4950 3140 5013 ille,
3175 4954 3236 5006 Si
3277 4957 3376 5021 vis,
3410 4970 3551 5026 potes
3577 4978 3658 5017 me

2059 5031 2341 5093 mundare;
2389 5047 2484 5084 nee
2514 5033 2672 5086 modo
2702 5035 2846 5090 ilium
2879 5053 2982 5092 non
3011 5042 3305 5112 increpavit
3328 5089 3340 5110 ,
3371 5047 3469 5103 sed
3490 5049 3657 5106 etiam

2062 5132 2115 5172 ut
2149 5123 2258 5189 Ipse
2286 5123 2508 5187 dixerat,
2544 5126 2621 5178 sic
2648 5127 2735 5179 ille
2765 5131 2987 5184 Curavil.
3020 5132 3250 5189 Rursum
3281 5136 3366 5193 hie
3395 5151 3650 5196 centena-

2060 5214 2168 5266 rius
2199 5215 2409 5268 diccbat
2434 5234 2444 5266 :
2472 5215 2566 5268 llic
2589 5216 2733 5269 verbo
2757 5229 3029 5288 tantum,ct
3051 5227 3309 5280 sanabitur
3329 5247 3455 5298 puer
3476 5249 3614 5287 meus
3635 5250 3654 5289 :

2060 5315 2110 5356 et
2140 5304 2408 5359 admirans
2437 5307 2609 5374 ipsum
2632 5309 2842 5364 dicebat
2875 5329 2886 5364 :
2920 5314 3004 5367 10.
3038 5313 3157 5368 Non
3188 5318 3352 5372 inreni
3374 5331 3567 5375 latitant
3592 5326 3656 5392 [i-

2060 5396 2170 5450 dem
2204 5399 2253 5449 in
2285 5398 2469 5451 Israel.

2131 5493 2182 5540 2.
2219 5489 2285 5542 Ut
2308 5503 2480 5544 autem
2508 5495 2777 5546 contrario
2807 5497 3051 5566 exemplo
3080 5499 3203 5554 illud
3232 5502 3438 5558 edistas
3473 5523 3484 5560 :
3512 5523 3647 5576 quo-

2059 5581 2200 5633 niam
2245 5579 2444 5634 Martha
2493 5583 2620 5636 nihil
2663 5583 2852 5639 horum
2889 5589 3115 5654 dixerat,
3166 5592 3257 5645 sed
3299 5597 3650 5661 contrarium,

2065 5670 2428 5738 Quodcumque
2471 5676 2754 5740 poposceris
2797 5694 2825 5725 α
2875 5677 2998 5740 Deo,
3042 5682 3174 5734 dul'it
3215 5683 3301 5735 tibi
3339 5684 3514 5756 (λέγω.
3563 5687 3649 5741 Η.

2127 5827 2141 5854 ⁸
2176 5823 2369 5882 Quidam
2395 5826 2593 5886 habent,
2621 5827 2735 5889 (an,
2765 5845 2866 5892 pro,
2891 5835 3064 5884 studit).
