4094 6496
518 421 624 480 335

516 533 648 602 22):
679 543 783 586 non
813 525 970 584 modo
997 540 1100 580 non
1132 522 1337 579 laudata
1363 530 1466 588 est,
1494 518 1700 576 etiamsi
1727 525 1852 571 nota
1875 517 2090 572 Christo

512 631 661 680 esset
685 622 941 691 abeoquo
976 619 1298 688 diligeretur,
1338 623 1393 669 et
1427 614 1536 682 ipsa
1567 610 1849 666 admodum
1895 610 2094 664 coleret

517 729 674 773 eum;
706 713 799 770 sed
825 713 984 768 etiam
1013 709 1081 763 ab
1125 710 1240 780 ipso
1283 706 1562 762 emendata
1603 702 1701 757 fuit
1727 711 1784 757 ut
1824 716 1942 771 quae
1985 714 2092 754 non

521 805 656 859 bene
686 803 927 858 dixisset.
955 799 1085 855 Nam
1110 796 1322 852 dicebat
1350 795 1424 850 illi
1454 810 1468 843 :
1498 792 1684 847 Nonne
1711 791 1930 847 dicebam
1958 789 2044 842 tibi
2073 801 2093 842 :

521 893 584 949 Si
607 891 898 954 credideris,
931 888 1113 942 uidebis
1144 887 1357 957 gloriam
1391 883 1486 936 Dei
1517 882 1694 952 (Joan.
1722 882 1807 936 ll.
1841 879 1973 948 ιον
2015 878 2094 932 sic.

520 985 664 1039 illam
714 979 1108 1051 reprehendens
1152 977 1293 1048 quod
1344 974 1579 1029 nondum
1625 971 1956 1029 credidisset.
2014 970 2092 1025 Ac

520 1088 728 1128 rursum
752 1073 870 1141 quia
902 1071 1108 1126 dicebat
1141 1088 1155 1125 :
1186 1069 1524 1136 Qumumqtte
1551 1065 1747 1134 petieris
1775 1080 1808 1116 α
1839 1062 1962 1127 Deo,
1994 1063 2090 1115 da-

515 1165 586 1219 bit
616 1166 702 1218 tibi
732 1163 868 1219 Deus
900 1180 917 1218 :
941 1164 1084 1219 illam
1113 1180 1144 1218 a
1171 1163 1262 1217 tali
1293 1161 1541 1231 opinione
1569 1160 1836 1213 abducens
1862 1157 2091 1212 docens-

515 1270 640 1324 que,
670 1254 769 1310 sibi
796 1270 901 1309 non
927 1269 1061 1323 Opus
1087 1268 1205 1309 esse
1233 1261 1291 1306 ut
1315 1253 1382 1306 ab
1405 1250 1509 1304 alio
1533 1249 1822 1318 acciperet,
1851 1247 1943 1302 sed
1975 1260 2092 1302 esse

519 1359 578 1400 se
608 1346 864 1400 bonorum
910 1343 1128 1407 l‘nutem,
1179 1343 1352 1397 dixit:
1386 1339 1492 1410 Ego
1541 1356 1654 1392 sum
1705 1339 2000 1392 resurrectio
2046 1346 2093 1390 et

516 1436 618 1490 vita
652 1435 809 1505 (ibid.
837 1451 883 1490 υ.
917 1432 1032 1502 25).
1073 1433 1126 1486 id
1153 1441 1254 1496 est,
1290 1431 1404 1506 Non
1451 1430 1518 1485 ab
1559 1431 1664 1484 alio
1692 1427 1943 1498 aperandi
1984 1429 2090 1482 vim

517 1533 794 1591 exspecto,
822 1524 914 1578 sed
944 1539 1009 1578 ex
1039 1523 1242 1591 meipso
1266 1523 1441 1575 omnia
1471 1521 1626 1573 facio.
1655 1519 1936 1586 Propterea
1965 1533 2092 1573 cen-

518 1615 783 1668 turionem
828 1613 1070 1676 miratur,
1103 1613 1301 1681 totique
1351 1610 1544 1680 populo
1582 1609 1750 1679 ipsum
1792 1609 2089 1679 anteponit,

519 1706 662 1777 regni
688 1704 893 1759 honore
913 1703 1093 1766 donat,
1121 1705 1359 1774 aliosque
1381 1701 1445 1756 ad
1474 1716 1594 1758 eum
1628 1700 1941 1755 imitandum
1965 1715 2089 1768 pro-

518 1806 687 1850 vocat.
718 1794 786 1850 Ut
803 1809 928 1849 vero
953 1795 1129 1849 discas
1159 1796 1326 1865 ipsum
1359 1792 1477 1848 ideo
1502 1793 1614 1846 htcc
1647 1791 1866 1855 dixisse,
1905 1801 1961 1844 ut
1986 1805 2092 1844 cte-

517 1896 660 1940 teros
683 1885 749 1938 ad
775 1876 932 1939 iidem
958 1884 1182 1939 similem
1229 1884 1545 1946 institueret,
1586 1881 1708 1936 audi
1753 1881 2091 1951 evangelista:

514 1976 860 2047 diligentiam,
904 1977 1170 2046 quomodo
1209 1991 1399 2047 nempe
1449 1975 1674 2045 idipsum
1720 1974 2090 2029 subindicave—

515 2068 627 2122 rit:
659 2082 780 2121 nam
811 2068 904 2131 ait,
945 2068 1222 2124 Conuersus
1259 2066 1429 2131 Iesus,
1477 2066 1792 2136 sequentibus
1827 2082 1881 2120 se
1917 2066 2044 2118 dixit
2071 2083 2091 2118 :

512 2161 824 2217 Noninueni
867 2171 1060 2216 tantam
1104 2161 1258 2231 [idem
1300 2162 1353 2215 in
1394 2160 1570 2214 Israel.
1614 2161 1754 2230 Ergo
1794 2174 1982 2231 magna
2022 2158 2091 2214 de

520 2247 617 2304 illo
629 2252 964 2320 existimare,
988 2253 1040 2308 id
1061 2253 1298 2311 maxime
1317 2253 1438 2311 ﬁdei
1455 2262 1556 2320 est,
1573 2269 1910 2325 regnumque
1933 2254 2092 2308 caelo—

508 2359 630 2399 rum
682 2352 736 2399 et
759 2344 863 2398 alia
913 2343 1045 2397 bona
1096 2343 1363 2398 conciliat.
1409 2341 1589 2412 Neque
1619 2342 1759 2397 enim
1807 2341 2086 2400 verborum

508 2445 668 2490 tenus
703 2439 874 2504 ipsum
903 2434 1151 2500 laudavit,
1182 2433 1277 2489 sed
1315 2443 1524 2501 propter
1551 2432 1708 2487 ﬁdem
1736 2431 1852 2501 ejus
1889 2448 2087 2500 aegrum

511 2526 612 2594 ipsi
642 2539 828 2579 sanum
859 2530 1107 2591 rcsntuit,
1143 2523 1580 2592 splendidamque
1617 2521 1712 2591 ipsi
1747 2522 1909 2575 nectit
1936 2537 2089 2575 coro-

510 2633 657 2682 nam,
685 2633 746 2672 ac
767 2632 953 2687 magna
981 2615 1240 2684 promittit
1262 2615 1399 2668 dona
1434 2615 1515 2668 his
1549 2613 1728 2667 verbis
1753 2631 1765 2666 :
1799 2613 1884 2666 ll.
1936 2612 2089 2665 Multi

522 2709 586 2759 ab
612 2708 809 2759 oriente
845 2718 893 2759 et
934 2710 1198 2761 occidente
1232 2709 1452 2772 uenient,
1485 2719 1535 2763 et
1569 2711 1864 2762 recutttbent
1884 2712 1938 2761 in
1972 2713 2089 2761 sine

518 2800 786 2853 Abraham
801 2800 817 2830 ¹
832 2808 879 2852 et
897 2798 1053 2853 Isaac
1065 2798 1313 2854 etlacob:
1331 2801 1398 2853 l2
1410 2800 1509 2868 ﬁlii
1522 2811 1697 2854 autent
1717 2802 1862 2870 regni
1875 2801 2088 2868 ejicien-

507 2899 588 2944 tur
616 2890 770 2960 foras.
804 2891 936 2958 Quia
964 2891 1106 2946 enim
1136 2891 1298 2944 multa
1327 2890 1634 2944 exhibuerat
1665 2889 1936 2954 miracula,
1965 2903 2084 2942 cum

509 2983 696 3051 majori
724 2983 974 3051 deinceps
1003 2981 1195 3037 llducia
1235 2994 1291 3038 et
1327 2981 1575 3038 libertate
1614 2983 1755 3050 ipsos
1779 2981 2083 3050 alloquitur.

506 3071 725 3137 Deinde,
759 3090 825 3129 ne
853 3074 970 3143 quis
1004 3084 1207 3141 putaret
1234 3089 1293 3127 se
1327 3089 1392 3128 ex
1422 3073 1725 3128 adulatione
1751 3075 1835 3128 illa
1863 3074 2078 3138 dixisse,

504 3172 666 3232 utque
690 3178 876 3217 omnes
903 3163 1184 3224 discerent,
1213 3163 1303 3217 illo
1329 3178 1451 3216 vere
1488 3164 1666 3216 animo
1711 3163 1871 3216 fuisse
1899 3173 2084 3216 centu-

505 3253 730 3317 rionem,
761 3254 833 3306 ait
862 3270 874 3304 :
901 3254 985 3307 l3.
1029 3251 1197 3315 Vane;
1226 3263 1279 3306 ut
1307 3253 1581 3318 credidisti,
1614 3255 1702 3320 ﬁat
1731 3254 1835 3306 tibi.
1865 3254 2082 3307 Statim-

503 3359 608 3413 que
639 3345 808 3412 ipsum
832 3359 966 3411 opus
991 3354 1268 3409 sequutum
1302 3353 1400 3404 est,
1430 3342 1570 3412 quod
1607 3342 1746 3395 illius
1770 3343 1999 3396 animum
2026 3351 2082 3397 et

505 3433 825 3487 voluntatem
858 3435 1247 3488 testiﬁcaretur.
1295 3433 1358 3485 Et
1388 3448 1592 3486 sanatus
1625 3445 1694 3486 es:
1722 3451 1846 3501 puer
1883 3436 1991 3502 ejus
2018 3435 2079 3485 ab

504 3523 627 3597 liora
652 3523 759 3577 illa.
790 3524 940 3591 Quod
963 3525 1123 3579 etiam
1151 3527 1202 3577 in
1227 3525 1631 3595 Syrophmnissa
1661 3522 1886 3594 contigit
1915 3546 1928 3579 :
1957 3541 2076 3578 nam

501 3614 633 3668 dixit
659 3614 730 3668 illi
760 3632 772 3668 :
805 3614 848 3667 0
877 3617 1074 3677 mulier,
1107 3632 1290 3684 magna
1316 3625 1398 3667 est
1414 3615 1538 3683 ﬁdes
1567 3625 1651 3668 tua
1678 3631 1696 3678 ;
1723 3616 1814 3684 ﬁat
1838 3616 1923 3669 tibi
1949 3616 2080 3670 sicut

501 3706 593 3758 uis.
620 3704 685 3757 Et
713 3715 890 3758 sanata
913 3715 986 3758 est
1016 3706 1124 3773 ﬁlia
1150 3723 1258 3773 ejus
1289 3705 1498 3772 (.llaltli.
1533 3707 1615 3760 l5.
1650 3705 1759 3772 28).
1791 3706 1919 3771 Quia
1949 3722 2076 3760 vero

499 3795 668 3850 Lucas
709 3797 858 3863 (Cap.
909 3799 960 3863 7)
1006 3797 1103 3850 hoc
1144 3798 1453 3849 miraculum
1500 3813 1737 3860 narrans,
1782 3799 1880 3850 alia
1913 3799 2073 3853 multa

499 3887 703 3947 inserit,
734 3903 850 3954 qnzu
893 3886 1135 3939 videntur
1178 3887 1407 3954 aliquatn
1445 3885 1634 3963 diferre
1675 3887 2025 3942 differentiam
2057 3908 2070 3950 ;

499 3977 611 4029 hare
652 3979 963 4031 exetttiensla
997 3991 1050 4030 et
1091 3977 1341 4031 solvenda
1389 3977 1541 4031 nobis
1583 3990 1722 4032 sunt.
1765 3979 1900 4046 Quid
1944 3997 2071 4050 ergo

496 4066 623 4119 dicit
652 4066 860 4119 Lucas?
887 4068 1057 4134 Ipsum
1098 4068 1304 4119 misisse
1338 4067 1578 4122 seniores
1610 4067 1934 4132 Judteorum,
1980 4089 2068 4125 ro-

493 4168 680 4226 gautes
721 4169 776 4210 ut
828 4159 1046 4210 veniret.
1107 4158 1382 4210 Mattio-tus
1428 4174 1556 4210 vero
1607 4160 1677 4211 ait
1728 4161 2068 4215 accedentem

497 4247 667 4315 ipsum
699 4247 909 4308 dixisse,
959 4247 1076 4299 Non
1104 4265 1210 4300 sum
1239 4249 1440 4316 dignus.
1473 4249 1694 4313 Quidam
1727 4263 1852 4302 vero
1893 4251 2072 4304 dicunt

497 4351 602 4388 non
629 4350 747 4389 esse
773 4335 1016 4389 eunulem
1047 4337 1236 4404 ipsum,
1264 4338 1361 4390 etsi
1393 4341 1554 4390 inuita
1582 4338 1688 4391 sint
1727 4339 1972 4407 utrinque
1999 4343 2070 4394 st-

497 4427 659 4479 tttilia.
706 4426 779 4480 De
825 4428 915 4479 illo
959 4445 1181 4498 namque
1212 4429 1340 4482 dicit
1373 4449 1384 4481 :
1420 4430 1747 4500 Synagogant
1775 4433 1916 4485 vobis
1942 4435 2062 4486 a'di-

496 4515 682 4583 ﬁmoit,
727 4525 774 4568 et
803 4529 995 4586 gentem
1042 4520 1202 4586 diligi!
1231 4518 1376 4587 (Luc.
1424 4521 1474 4571 ’1.
1518 4521 1611 4590 ὕ);
1647 4521 1709 4573 de
1752 4521 1851 4577 hoc
1895 4534 2066 4577 autem

493 4605 801 4660 dicitJesns
832 4627 844 4660 :
880 4606 1052 4676 Neque
1083 4610 1131 4660 in
1173 4608 1336 4663 Israel
1374 4619 1562 4662 tentant
1602 4612 1747 4677 fidem
1781 4614 1962 4666 inveni.
1997 4614 2066 4668 De

494 4694 586 4751 illo
615 4710 792 4750 autem
822 4714 924 4750 non
955 4698 1104 4764 dixit,
1136 4698 1288 4752 Multi
1322 4700 1512 4752 venient
1543 4702 1601 4752 ab
1640 4702 1825 4755 oriente
1857 4705 1898 4768 ',
1931 4708 2070 4758 unde

494 4787 780 4842 verisimile
802 4789 867 4841 sit
904 4789 1069 4858 ipsum
1107 4789 1346 4844 Judaeum
1382 4788 1564 4844 fuisse.
1597 4791 1731 4856 Quid
1775 4809 1900 4862 ergo
1927 4794 2070 4848 dicc-

494 4880 652 4934 mus?
679 4879 766 4933 Sic
802 4879 1008 4933 facilem
1038 4896 1155 4935 esse
1184 4882 1501 4934 solutionem
1538 4899 1548 4933 :
1580 4883 1833 4951 quzeritur
1866 4893 2065 4950 autem,

496 4982 668 5023 utrum
709 4970 778 5023 sit
822 4985 966 5024 vera.
1012 4970 1132 5023 Mihi
1179 4981 1321 5025 certe
1361 4971 1569 5026 videtur
1604 4972 1847 5028 eumdem
1896 4975 2065 5042 ipsum

495 5076 633 5115 esse.
684 5060 962 5127 Quomodo
1010 5077 1158 5133 ergo,
1207 5063 1438 5133 inquies,
1491 5064 1764 5118 lllattnrens
1803 5065 2064 5121 dicentem

494 5151 644 5206 illum
671 5153 928 5221 perhibet.
965 5153 1082 5207 Non
1120 5171 1230 5208 sunt
1273 5156 1452 5225 dignus
1493 5168 1545 5208 ut
1587 5159 1738 5211 intres
1765 5160 1852 5211 sub
1885 5169 2067 5213 tectum

495 5262 654 5298 meum
687 5261 704 5298 :
731 5245 896 5299 Lucas
923 5262 1051 5301 vero
1077 5249 1166 5308 ait,
1212 5249 1416 5303 misisse
1449 5260 1688 5302 vocatum
1733 5260 1784 5303 ut
1826 5253 2065 5305 veniret?

500 5337 714 5392 Videtur
758 5331 883 5393 mihi
915 5339 1082 5393 Lucas
1117 5341 1470 5401 adulationem
1515 5340 1787 5396 Judaicam
1832 5343 2068 5397 subiudi-

493 5443 634 5489 cure.
667 5429 1013 5500 hominesque
1052 5432 1100 5486 in
1151 5432 1446 5487 calamitate
1477 5443 1752 5486 versantes
1796 5435 2064 5489 instabiles

504 5525 1272 5595 esse,suliimlequeeonsilium
1297 5537 1518 5580 mutare.
1545 5525 1843 5582 Verisimile
1869 5530 2064 5597 quippe

521 5690 572 5758 ’.ι
618 5688 715 5745 Alii.
742 5691 1023 5758 recutitbent
1074 5699 1203 5758 cum.
1238 5689 1491 5758 Abraham.
1530 5691 1670 5758 Paulo
1687 5698 1796 5753 post
1813 5690 1977 5750 iidem,
2004 5689 2060 5751 ﬁ-

498 5752 547 5798 lii
572 5759 730 5799 autem
757 5754 891 5814 regni
913 5752 1237 5814 eiicieutttrin
1255 5755 1472 5814 tenebras
1500 5752 1780 5814 exteriores.

558 5814 574 5841 ³
609 5819 712 5861 Mss.
736 5811 946 5875 plurimi,
971 5813 1108 5864 multi
1128 5812 1188 5863 ab
1203 5813 1382 5864 oriente
1407 5820 1451 5864 et
1473 5813 1717 5867 occidatte
1735 5811 1936 5866 venient.

1238 408 1292 464 S.
1333 403 1609 464 JOANNIS
1645 397 2112 458 CllliYSOSTOMI
2154 396 2468 452 ARCIIIEP.
2509 395 3042 453 CONSTANTINOP.

3680 390 3780 448 336

2201 521 2283 566 est
2317 514 2678 567 centurionem
2713 527 2832 566 cum
2864 511 3012 565 abire
3054 509 3210 565 vellet
3245 508 3517 564 detentum
3560 506 3722 562 fuisse
3752 523 3780 561 a

2198 601 2394 657 Iuda-is
2438 603 2775 656 adulantibus
2822 601 3226 670 dicentibusque
3268 617 3281 652 :
3327 598 3434 653 Nos
3487 598 3680 650 ibinms
3730 607 3780 650 et

2197 694 2522 748 adducemus
2549 709 2692 747 eum.
2727 691 2856 746 Vide
2901 692 3076 760 itaque
3105 689 3530 745 adhortationem
3564 689 3781 741 illorum

2197 782 2498 839 adulatione
2518 789 2747 853 plenam.
2779 782 2958 851 Diligit
2989 784 3141 847 enim,
3175 783 3436 853 inquiunt,
3466 789 3659 851 gentem
3689 797 3781 832 no-

2197 884 2373 937 stram,
2402 885 2448 928 et
2487 890 2794 947 synagogam
2831 873 2976 927 nobis
3026 874 3322 926 construxit.
3376 870 3553 940 Neque
3606 869 3777 922 sciunt

2199 967 2339 1022 unde
2365 969 2532 1022 virum
2579 970 2794 1026 laudare
2835 987 2929 1041 par
2974 970 3062 1024 sit.
3116 967 3246 1022 Nam
3291 981 3413 1020 cum
3460 963 3782 1036 oportuisset

2197 1057 2397 1125 dicere,
2434 1059 2607 1115 Voluit
2634 1062 2746 1131 ipse
2787 1063 2865 1117 ire
2909 1070 3168 1131 rogatum,
3207 1072 3304 1112 nos
3350 1065 3524 1111 autetn
3553 1053 3784 1108 retinui-

2199 1165 2338 1214 mus,
2361 1152 2718 1209 calamitatem
2747 1154 3151 1209 considerantes
3181 1159 3234 1205 et
3261 1164 3458 1220 corpus
3481 1146 3607 1202 illud
3636 1145 3780 1200 domi

2193 1244 2372 1313 jacere
2408 1244 2685 1309 videntes;
2716 1255 2875 1315 atque
2914 1246 2992 1301 sic
3030 1245 3145 1313 ejus
3195 1240 3318 1296 ﬁdei
3361 1237 3780 1309 magnitudinem

2197 1348 2463 1403 exponere
2495 1352 2509 1388 :
2540 1335 2613 1390 illi
2657 1337 2839 1406 utique
2876 1337 2977 1390 hoc
3021 1350 3126 1388 non
3163 1333 3374 1398 dicunt;
3427 1345 3602 1398 neque
3637 1329 3781 1384 enim

2199 1428 2464 1491 volebant,
2497 1429 2690 1484 invidia
2729 1445 2920 1500 nempe
2957 1429 3107 1492 moti,
3141 1427 3239 1480 viri
3280 1425 3437 1480 (idem
3460 1422 3734 1478 declarare
3767 1441 3780 1474 :

2196 1517 2289 1573 sed
2321 1519 2622 1576 maluerunt
2647 1519 2762 1590 ejus
2799 1519 3047 1574 virtutem
3083 1518 3355 1587 obtegere,
3383 1529 3480 1584 pro
3511 1527 3617 1583 quo
3654 1526 3783 1579 sup.

2201 1609 2362 1678 plices
2386 1609 2729 1677 accedebant,
2765 1627 2832 1667 ne
2875 1611 3147 1666 videretur
3188 1621 3412 1678 magnus
3449 1620 3568 1661 esse
3613 1604 3656 1658 is
3693 1603 3781 1671 qui

2196 1710 2425 1766 rogaret,
2471 1719 2571 1757 neu
2617 1702 2771 1759 ﬁdem
2810 1703 2928 1773 ejus
2973 1702 3345 1771 praedicantes,
3387 1697 3466 1753 sic
3505 1712 3640 1760 rem,
3687 1708 3783 1763 pro

2196 1807 2297 1860 qua
2329 1800 2605 1854 venerant,
2633 1792 2969 1860 perlicerent.
2997 1791 3152 1846 Livor
3182 1791 3322 1845 enim
3347 1798 3580 1864 mentem
3612 1799 3775 1839 exem-

2194 1896 2317 1936 care
2341 1881 2496 1936 solet.
2529 1881 2633 1936 Sed
2663 1882 2754 1952 qui
2797 1892 3002 1936 secreta
3050 1882 3217 1946 novit,
3263 1879 3442 1933 invitis
3479 1877 3582 1930 illis
3609 1875 3781 1929 virum

2195 1973 2497 2027 celebravit.
2527 1973 2679 2041 Quod
2708 1984 2883 2027 autem
2913 1972 3042 2027 illud
3078 1983 3262 2026 verum
3296 1970 3387 2033 sit,
3419 1966 3542 2022 audi
3583 1965 3781 2021 Lucam

2196 2065 2366 2134 ipsum
2418 2065 2763 2134 interpretem
2807 2066 2896 2136 qui
2950 2067 3027 2120 sic
3087 2065 3202 2118 ait:
3233 2063 3322 2118 illo
3356 2076 3461 2115 non
3495 2061 3654 2129 longe
3697 2059 3781 2110 di-

2194 2164 2389 2215 stante,
2422 2156 2633 2211 misisse
2661 2155 2728 2211 ad
2758 2156 2902 2210 illum
2943 2155 3033 2224 qui
3060 2154 3300 2208 dicerent
3343 2171 3356 2207 :
3401 2150 3638 2213 Domine,
3672 2149 3779 2202 noli

2194 2247 2363 2299 vexari
2383 2262 2402 2299 :
2428 2264 2529 2300 non
2584 2248 2714 2301 enim
2767 2264 2878 2301 sum
2931 2247 3113 2318 dignus
3155 2257 3208 2298 ut
3260 2246 3352 2300 sub
3391 2252 3573 2298 tectum
3614 2257 3780 2294 meum

2194 2337 2348 2390 intres
2392 2336 2559 2409 (Luc.
2609 2340 2661 2392 Ἰ.
2695 2339 2728 2392 6
2755 2340 2792 2407 ).
2838 2337 2972 2393 Cum
3011 2339 3152 2392 enim
3189 2350 3218 2389 a
3262 2335 3567 2391 Judaeorum
3608 2334 3777 2386 mole-

2194 2428 2293 2480 Stia
2319 2427 2453 2480 liber
2481 2427 2598 2492 fuit,
2631 2437 2754 2481 tunc
2780 2428 2923 2482 misit
2950 2427 3037 2497 qui
3077 2427 3320 2482 dicerent
3351 2444 3362 2477 :
3388 2424 3463 2480 Ne
3498 2436 3654 2494 putes
3696 2438 3777 2477 me

2193 2533 2257 2570 ex
2285 2518 2508 2588 segnitie
2549 2534 2651 2572 non
2693 2519 2941 2582 venisse;
2972 2518 3065 2572 sed
3100 2533 3184 2574 me
3212 2533 3315 2572 non
3347 2515 3565 2587 dignum
3590 2515 3776 2569 crusti-

2196 2611 2354 2676 mavi,
2382 2611 2470 2680 qui
2503 2621 2552 2665 te
2583 2612 2875 2680 reciperem
2903 2609 3070 2665 domi.

2260 2703 2313 2757 5.
2344 2703 2456 2758 Etsi
2487 2717 2614 2758 vero
2643 2703 2924 2759 Matthzeus
2957 2704 3094 2758 dicat
3133 2717 3237 2758 non
3281 2716 3379 2771 per
3419 2699 3639 2765 amicos,
3681 2698 3774 2754 sed

2191 2793 2337 2848 illum
2370 2794 2542 2866 ipsum
2570 2793 2684 2849 ha‘c
2711 2795 2931 2861 dixisse,
2959 2795 3090 2849 nihil
3123 2794 3173 2848 id
3200 2793 3266 2848 ad
3297 2809 3409 2847 rem
3434 2792 3557 2846 facit
3583 2809 3596 2844 :
3625 2806 3774 2862 qute-

2192 2886 2323 2940 ritur
2349 2887 2489 2940 enim
2512 2888 2684 2942 solum
2715 2903 2840 2942 num
2871 2897 3096 2957 uterque
3129 2887 3226 2942 viri
3268 2887 3559 2942 studiosam
3581 2884 3772 2940 volun-

2194 2984 2352 3029 tatem
2379 2975 2750 3042 declaraverit,
2780 2987 3301 3047 consentaneamque
3330 2977 3470 3032 circa
3498 2976 3771 3031 Christum

2189 3067 2306 3135 ejus
2358 3067 2685 3138 opinionem.
2749 3068 3050 3126 Verisimile
3096 3077 3272 3123 autem
3321 3075 3435 3134 est,
3490 3077 3772 3137 postquam

2186 3159 2387 3213 amicos
2408 3160 2659 3226 misisset,
2691 3162 2902 3216 venisse
2929 3161 3098 3230 ipsum
3122 3161 3355 3230 illudque
3378 3159 3595 3214 dixisse.
3618 3159 3771 3224 Quod

2185 3250 2228 3302 si
2253 3249 2352 3302 hoc
2380 3265 2485 3304 non
2515 3250 2709 3306 dixerit
2738 3251 2926 3314 Lucas,
2966 3261 3022 3305 at
3064 3267 3235 3322 neque
3271 3251 3400 3306 illud
3441 3251 3722 3306 Matutinus
3753 3268 3767 3304 :

2187 3354 2290 3392 non
2321 3343 2464 3410 quod
2511 3351 2694 3397 mutuo
2734 3345 2786 3396 in
2831 3348 3136 3400 narratione
3191 3353 3445 3415 pugnent,
3487 3344 3579 3398 sed
3624 3342 3767 3414 quod

2185 3433 2320 3487 alter
2349 3437 2704 3501 praetermissa
2745 3436 2813 3490 ab
2842 3437 3012 3489 altero
3045 3447 3243 3491 narret.
3289 3436 3419 3489 Vide
3445 3445 3621 3489 autem
3661 3449 3767 3503 quo

2185 3531 2339 3590 pacto
2368 3523 2522 3576 iidem
2553 3524 2667 3590 ejus
2712 3523 2883 3578 Lucas
2919 3525 3024 3579 alio
3061 3524 3218 3579 modo
3258 3525 3506 3596 prtedicet
3539 3523 3720 3579 dicens
3752 3566 3764 3577 .

2185 3610 2464 3665 Morituros
2489 3625 2595 3666 erat
2625 3631 2768 3681 puer.
2798 3617 3044 3670 Attamen
3072 3632 3243 3685 neque
3273 3618 3373 3670 hoc
3397 3617 3540 3670 illum
3585 3616 3634 3668 in
3667 3616 3754 3670 de-

2180 3704 2539 3770 sperationem
2588 3704 2848 3773 conjccit.
2915 3721 2983 3763 ne
3041 3723 3068 3758 a
3113 3721 3206 3776 spe
3248 3707 3508 3773 detrusit;
3550 3709 3646 3763 5rd
3688 3711 3764 3764 sic

2179 3792 2338 3848 etiam
2371 3794 2711 3862 superstitem
2754 3797 2864 3850 fore
2902 3802 3158 3866 speravit.
3201 3799 3349 3867 Quod
3388 3799 3430 3852 si
3481 3799 3762 3854 Matthasus

2179 3883 2390 3953 quidem
2434 3894 2613 3939 narret
2635 3883 2903 3941 Christum
2936 3889 3154 3955 dixisse,
3193 3904 3251 3943 se
3281 3899 3478 3944 tantam
3511 3891 3560 3943 in
3602 3889 3760 3944 lnl'ilCi

2179 3991 2283 4028 non
2312 3977 2577 4032 invenisse
2617 3976 2795 4041 ﬁdem,
2825 3995 2930 4050 quo
2978 3980 3212 4035 declarat
3254 3981 3424 4048 ipsum
3465 3981 3761 4036 lsraelifam

2179 4083 2281 4121 non
2333 4068 2528 4134 fuisse;
2581 4071 2748 4125 Lucas
2796 4088 2942 4132 vero.
2994 4072 3164 4141 ipsum
3213 4086 3533 4144 synagogam
3589 4074 3754 4128 rediti-

2175 4172 2328 4212 casse
2359 4175 2371 4208 ε
2406 4174 2577 4228 neque
2611 4160 2726 4214 [nec
2768 4164 3049 4231 pugnantia
3082 4173 3223 4218 sunt.
3269 4163 3446 4219 Potuit
3476 4166 3618 4218 cnim
3653 4182 3757 4218 non

2175 4247 2389 4303 Judceus
2417 4265 2736 4320 synagogam
2782 4263 3007 4316 struere,
3041 4265 3358 4323 gentemque
3397 4255 3637 4324 diligere.
3680 4256 3755 4309 Tn

2177 4355 2301 4392 vero
2330 4356 2393 4394 ne
2424 4342 2779 4409 perfunctorie
2820 4345 2958 4398 dicta
2989 4345 3105 4413 ejus
3131 4347 3396 4414 CXIIIOI‘CS.
3429 4348 3520 4402 Sed
3564 4350 3756 4416 pracfe—

2172 4442 2375 4485 ctttram
2407 4433 2520 4501 ejus
2547 4433 2735 4502 adjice,
2770 4446 2823 4489 et
2855 4445 2976 4489 tunc
3019 4437 3115 4490 viri
3153 4438 3399 4491 virtutem
3444 4440 3750 4507 parSpiCies.

2174 4524 2376 4578 Etenim
2408 4536 2583 4579 tantus
2621 4527 2776 4594 vulgo
2811 4539 2890 4580 est
2939 4543 3120 4580 eorum
3158 4534 3246 4595 qui
3287 4529 3627 4596 pt-ml‘ccluras
3666 4546 3756 4600 ge-

2174 4626 2292 4668 runt
2325 4615 2506 4681 fastus,
2541 4625 2597 4666 ut
2627 4631 2692 4669 ne
2723 4617 2934 4685 quidem
2977 4617 3026 4669 in
3074 4617 3460 4671 calamitatibus
3499 4634 3618 4673 sese
3658 4621 3754 4674 de-

2175 4709 2420 4774 primant.
2473 4709 2601 4761 Nam
2639 4710 2718 4770 is,
2770 4709 2858 4784 qui
2902 4709 3039 4776 apud
3093 4707 3352 4762 Joannem
3405 4723 3751 4774 memoratur,

2177 4794 2322 4848 illum
2351 4797 2400 4850 in
2426 4797 2644 4851 domum
2676 4799 2834 4851 trahit
2866 4808 2920 4853 et
2943 4799 3072 4853 dicit
3105 4819 3116 4853 z
3152 4798 3426 4864 Descende,
3461 4804 3754 4872 priusquam

2173 4890 2311 4956 ﬁlim
2341 4907 2474 4943 metu
2508 4892 2751 4944 moriatur
2776 4891 2953 4962 (Joau.
2985 4893 3036 4946 4.
3069 4892 3181 4961 :59).
3211 4893 3310 4950 Hic
3340 4910 3468 4950 vero
3498 4911 3602 4950 non
3633 4897 3752 4950 ita:

2172 4981 2264 5034 sed
2296 4991 2398 5033 tam
2431 4981 2536 5045 illo,
2563 4997 2719 5049 quant
2746 4983 2826 5046 iis,
2852 4983 2936 5051 qui
2962 4999 3055 5052 per
3077 4993 3272 5039 tectum
3307 4986 3556 5042 lectulum
3586 4987 3756 5042 demi-

2173 5079 2375 5133 serunt,
2408 5074 2740 5137 pra-stantior
2782 5082 2880 5128 est.
2909 5073 3024 5129 Non
3069 5075 3209 5130 enim
3247 5081 3576 5145 corporalem
3619 5094 3751 5148 prm-

2173 5164 2393 5216 δοιιιίειτιι
2428 5165 2670 5233 requirit.
2704 5180 2871 5235 neque
2905 5181 3070 5236 prope
3094 5169 3357 5224 medicum
3376 5180 3632 5239 migratum
3660 5173 3757 5225 de.

2173 5256 2320 5312 tulit;
2355 5255 2402 5308 id
2433 5256 2570 5324 quod
2601 5267 2774 5310 tamen
2795 5273 2897 5310 non
2931 5274 3143 5326 parvam
3173 5261 3616 5315 existimationem
3644 5278 3750 5331 pne

2171 5358 2228 5397 se
2259 5343 2446 5409 ferret;
2479 5345 2572 5399 scd
2600 5360 2659 5398 ea
2691 5363 2807 5415 qua:
2851 5348 3015 5401 Deum
3055 5349 3276 5403 decebat
3303 5351 3552 5418 Opinione
3592 5354 3748 5407 l'ultns

2170 5437 2241 5488 ait
2275 5453 2287 5488 :
2325 5435 2417 5488 Dic
2447 5437 2588 5490 verba
2628 5439 2808 5490 solum.
2859 5437 3039 5508 Neque
3073 5440 3220 5494 initio
3249 5440 3397 5506 dicnt,
3449 5442 3545 5495 Dic
3580 5447 3744 5508 uerbo,

2170 5529 2260 5582 sed
2286 5529 2649 5596 :rgtitudinrm
2674 5540 2873 5583 tantum
2891 5530 3124 5585 declarat
3156 5549 3167 5583 :
3197 5532 3264 5587 ob
3285 5549 3529 5603 magnam
3557 5536 3750 5605 quippe

2169 5620 2517 5675 humilitatem
2548 5635 2650 5673 non
2699 5625 2912 5690 putabat
2954 5620 3220 5676 Christum
3264 5628 3439 5680 statim
3475 5642 3584 5682 .em
3615 5646 3747 5681 eon-

2169 5725 2464 5770 ccssurum.
2500 5721 2550 5764 et
2580 5711 2794 5764 domum
2821 5713 3104 5784 petiturum
3127 5728 3265 5768 esse.
3296 5715 3418 5770 ideo
3437 5731 3556 5771 eum
3577 5721 3746 5786 ipsum

2169 5804 2374 5860 audivit
2402 5803 2681 5870 dicentem,
2727 5803 2833 5874 Ego
2863 5806 3059 5861 veniens
3090 5808 3272 5862 curabo
3313 5825 3445 5877 eunt,
3485 5819 3608 5863 tunc
3663 5809 3756 5873 ait,
