4094 6468
284 443 384 500 337

290 555 384 609 Dic
412 552 578 608 verba.
606 549 788 623 Neque
809 550 957 605 illum
982 549 1052 604 ita
1081 562 1279 604 maeror
1300 508 1551 613 turbai'it,
1579 546 1673 602 sed
1707 546 1866 601 etiam

288 647 341 702 in
368 646 673 702 calamitate
720 640 1215 715 philosophabatur,
1267 654 1374 694 non
1423 648 1531 693 tam
1580 638 1875 707 respiciens

284 738 353 794 ad
384 739 531 809 pueri
562 735 940 801 valetudinem,
970 746 1129 803 quam
1159 746 1226 785 ne
1252 730 1380 800 quid
1413 730 1527 799 ipse
1568 729 1743 784 minus
1774 728 1872 784 de-

286 840 470 885 center
512 828 731 883 faceret.
782 825 1114 895 Quamquam
1154 838 1261 877 non
1314 822 1429 891 ipse
1478 822 1727 891 petebat,
1779 820 1871 876 sed

285 920 529 975 Christus
554 932 673 973 sese
697 916 889 972 obtulit
918 933 931 967 :
961 924 1193 969 attamen
1223 913 1300 968 sic
1345 926 1556 982 quoque
1602 911 1775 967 timuit
1806 927 1873 967 ne

286 1012 421 1066 ultra
468 1025 622 1079 quam
653 1009 882 1079 dignitas
929 1022 1022 1062 sua
1064 1005 1355 1077 postularet
1397 1004 1682 1074 acciperet,
1735 1020 1872 1059 neve

285 1117 399 1156 rem
427 1116 641 1171 gravem
670 1100 892 1154 subiret.
918 1097 1164 1151 Vidistin‘
1190 1096 1307 1165 ejus
1340 1096 1709 1163 prudentiam?
1739 1096 1869 1150 Per-

286 1191 459 1263 pende
482 1191 783 1247 Jud:corum
807 1188 1087 1244 stultitiam
1119 1186 1429 1249 dicentium,
1464 1185 1661 1257 Dignus
1690 1198 1762 1240 est
1791 1187 1871 1240 cui

282 1286 499 1355 gratiam
524 1287 755 1353 conferas
782 1280 935 1351 (Luc.
961 1280 1012 1332 7.
1037 1278 1116 1348 ι).
1145 1278 1280 1332 Cum
1310 1287 1581 1347 oporteret
1608 1277 1674 1331 ad
1705 1277 1869 1332 mise-

282 1374 565 1430 ricordiam
591 1372 715 1428 Jesu
748 1372 1052 1443 confugere,
1098 1369 1172 1424 illi
1203 1369 1514 1440 dignitatem
1552 1370 1866 1432 obtendunt,

283 1482 453 1534 neque
476 1481 582 1535 quo
622 1473 775 1535 pacto
817 1462 1108 1518 obtendere
1150 1462 1385 1531 Oportuit
1425 1464 1623 1516 sciunt.
1672 1461 1867 1515 Verum

280 1572 388 1611 non
418 1558 485 1609 ita
516 1557 635 1620 ille;
669 1554 760 1610 sed
799 1570 858 1609 se
897 1554 1116 1608 omnino
1160 1553 1435 1623 indignum
1473 1552 1683 1607 dicebat
1725 1566 1865 1619 esse,

280 1664 386 1701 non
430 1647 589 1701 modo
632 1646 900 1711 beneﬁcii,
946 1646 1040 1700 sed
1082 1646 1239 1699 etiam
1281 1644 1369 1714 qui
1422 1641 1693 1698 Christum
1723 1643 1865 1697 domi

281 1740 561 1807 reciperet.
595 1737 952 1805 Quamobrem
982 1752 1103 1790 cum
1144 1736 1387 1798 dixisset,
1438 1734 1572 1789 Puer
1601 1752 1738 1789 meus
1772 1738 1865 1805 ja-

278 1841 374 1894 cet,
408 1844 510 1882 non
543 1828 835 1897 sulijunxit,
886 1828 998 1893 Dic,
1031 1836 1296 1893 metuens,
1329 1843 1393 1881 ne
1441 1827 1686 1898 indignus
1725 1836 1869 1883 esset

278 1924 370 1978 tali
394 1922 535 1977 dono
570 1940 583 1976 :
613 1922 705 1976 sed
747 1921 1103 1976 calamitatem
1151 1919 1320 1975 solum
1370 1920 1676 1975 declaravit.
1732 1919 1864 1987 Quia

278 2031 410 2074 vero
442 2014 567 2068 vidit
605 2012 877 2067 Christum
923 2026 1041 2066 sese
1085 2012 1150 2067 ad
1190 2011 1422 2066 eundum
1458 2026 1756 2081 parantem,
1798 2027 1866 2068 ne

276 2112 354 2164 sic
377 2110 592 2179 quidem
623 2105 713 2163 ille
742 2105 795 2157 in
824 2118 936 2157 rem
966 2103 1198 2158 oblatam
1233 2102 1438 2168 insiliit,
1468 2104 1561 2157 sed
1606 2103 1781 2157 adhuc
1812 2108 1863 2158 in

274 2201 440 2271 gradu
469 2200 567 2255 sibi
599 2195 911 2270 congruenti
937 2195 1149 2251 mansit.
1176 2193 1229 2250 Si
1260 2195 1379 2263 quis
1410 2210 1537 2249 vero
1568 2195 1727 2259 dicat,
1756 2196 1865 2251 Cur

272 2293 519 2348 Christus
560 2292 707 2347 illum
753 2306 859 2345 non
903 2280 1102 2361 pariter
1131 2287 1451 2344 honoravit?
1485 2288 1709 2342 dixerim
1740 2303 1860 2358 ego,

273 2386 646 2455 magnumipsi
671 2386 929 2439 honorem
958 2384 1225 2440 retulisse.
1256 2380 1437 2439 Primo
1460 2382 1695 2451 quidem,
1723 2382 1863 2450 quod

272 2476 510 2529 animum
542 2489 867 2545 pronamque
896 2474 1218 2529 voluntatem
1250 2471 1565 2535 ostenderit,
1596 2488 1713 2541 qua:
1746 2488 1859 2526 ma-

272 2567 417 2620 xime
439 2566 701 2634 apparuit,
733 2566 854 2635 quia
896 2566 1009 2634 ipse
1050 2566 1102 2619 in
1129 2565 1349 2621 domum
1391 2565 1506 2634 ejus
1536 2580 1643 2620 non
1678 2563 1858 2627 venit;

272 2656 529 2722 secundo,
561 2656 703 2725 quod
745 2658 890 2709 illum
939 2657 989 2710 in
1038 2671 1261 2725 regnum
1306 2656 1682 2721 introduxerit,
1712 2673 1863 2711 cum-

272 2768 375 2820 que
399 2751 491 2805 toti
520 2749 755 2804 Judaicm
789 2749 929 2818 genti
960 2749 1328 2818 praeposuerit.
1359 2748 1492 2816 Quia
1523 2750 1663 2803 enim
1697 2764 1755 2803 se
1782 2750 1862 2803 in-

271 2845 489 2913 dignum
538 2842 868 2912 judicaverat
910 2842 996 2911 qui
1049 2841 1320 2896 Christum
1373 2842 1516 2895 domi
1574 2842 1857 2911 reciperet,

272 2936 433 2989 etiam
466 2948 628 3004 regno
653 2933 841 3003 dignus
866 2932 1088 2988 ellectus
1116 2942 1215 2996 est,
1246 2942 1300 2985 et
1320 2932 1504 2986 eadem
1531 2948 1650 3003 qua:
1685 2932 1859 2986 Abra-

274 3025 395 3079 ham
425 3035 780 3093 consequutus
803 3034 886 3077 est
913 3025 1067 3077 bona.
1095 3023 1161 3077 Et
1182 3039 1284 3092 qua
1320 3022 1387 3077 de
1412 3038 1590 3086 causa,
1631 3022 1859 3091 inquies,

272 3116 540 3184 leprosus,
586 3117 671 3184 qui
719 3116 801 3169 his
840 3116 1037 3183 majora
1084 3115 1415 3179 exhibuerat,
1465 3130 1570 3168 non
1623 3114 1863 3168 laudatus

258 3196 388 3263 est?
416 3207 598 3277 Neque
622 3208 760 3262 enim
786 3208 915 3261 dixit
943 3207 1049 3274 ille,
1077 3206 1175 3260 Dic
1200 3206 1344 3261 verbo
1369 3224 1385 3270 ;
1422 3208 1511 3261 St‘tl
1544 3208 1682 3276 quod
1708 3208 1864 3277 longe

272 3304 447 3371 majus
475 3314 608 3367 erat,
641 3301 784 3355 Vclis
815 3299 1181 3353 tantummodo
1215 3316 1225 3350 :
1260 3300 1309 3352 id
1338 3300 1476 3368 quod
1506 3300 1573 3353 dc
1597 3301 1751 3353 Patre
1790 3301 1864 3353 ait

273 3394 577 3465 propheta:
612 3390 831 3454 Omnia,
885 3406 1209 3460 quacumque
1261 3390 1449 3449 voluit,
1517 3391 1634 3460 fecit
1689 3389 1858 3459 (Psal.

274 3485 397 3539 H5.
427 3484 479 3537 5.
516 3480 674 3551 [11]).
708 3482 899 3535 Verum
932 3481 1024 3539 ille
1053 3495 1263 3549 quoque
1298 3480 1545 3533 laudatus
1585 3487 1686 3533 est.
1729 3479 1860 3534 Cum

272 3575 415 3629 cnim
440 3574 602 3635 dixit;
626 3571 767 3637 Olfcr
786 3566 1156 3641 donum,quod
1178 3572 1415 3639 prwcepit
1444 3570 1665 3641 Moyses,
1699 3573 1751 3624 in
1793 3582 1865 3624 te-

273 3667 563 3719 stimonium
603 3665 725 3730 illis,
758 3664 889 3717 nihil
917 3664 1058 3717 aliud
1090 3671 1203 3718 erat
1239 3678 1395 3733 quam
1427 3663 1623 3729 dicere,
1666 3664 1745 3717 Tu
1772 3680 1861 3719 ac-

274 3756 489 3810 cusabis
526 3756 661 3819 illos,
704 3756 825 3825 quia
866 3754 1160 3809 credidisti.
1207 3754 1456 3825 Alioquin
1496 3770 1599 3808 non
1642 3755 1863 3823 perinde

274 3856 390 3902 erat
436 3847 699 3908 Judaeum,
746 3856 903 3915 atque
952 3855 1261 3900 extraneum
1314 3846 1564 3914 gentilem
1618 3845 1860 3901 credere.

275 3938 429 4007 Quod
456 3940 597 3992 enim
623 3938 864 3992 centurio
893 3936 1108 3990 Judazus
1139 3951 1243 3990 non
1270 3947 1433 4001 esset,
1473 3936 1523 3990 id
1572 3938 1740 4006 liquet
1780 3938 1865 3992 vel

275 4046 339 4086 ex
364 4046 430 4085 eo
452 4030 591 4100 quod
618 4031 859 4083 centurio
888 4036 1051 4092 esset,
1084 4037 1138 4082 ct
1178 4026 1317 4097 quod
1353 4028 1594 4081 Christus
1620 4028 1814 4082 dixerit
1849 4047 1861 4082 :

278 4119 457 4191 Neque
486 4123 537 4173 in
570 4119 728 4173 Israel
754 4130 943 4173 tantam
970 4119 1123 4186 fidem
1151 4118 1335 4170 iuveni.

347 4215 402 4269 4.
433 4214 663 4283 Eratque
701 4212 937 4281 profecto
978 4226 1062 4265 res
1094 4224 1303 4279 magna,
1347 4209 1614 4265 hominem
1656 4210 1742 4279 qni
1774 4226 1868 4265 ex-

278 4318 356 4361 tra
387 4306 689 4360 Iudaeorum
713 4305 1007 4374 catalogum
1038 4312 1173 4369 erat,
1205 4310 1350 4356 tanta
1372 4301 1437 4356 de
1474 4301 1690 4357 Christo
1718 4304 1867 4373 cogi-

279 4409 440 4453 utsse.
472 4397 624 4460 Nam,
654 4406 710 4451 ut
746 4396 873 4449 mihi
914 4396 1139 4456 videtur,
1168 4408 1433 4462 supernos
1473 4392 1561 4447 ille
1600 4395 1869 4449 exercitus

281 4497 459 4543 mente
488 4497 839 4557 conceperat;
887 4484 1228 4553 morbosque,
1263 4495 1488 4538 mortem
1517 4484 1727 4554 aliaque
1754 4499 1869 4538 om-

281 4582 367 4636 nia
398 4582 467 4635 ita
494 4579 707 4634 Christo
745 4579 982 4647 subjecta
1013 4592 1151 4642 esse,
1184 4586 1242 4631 ut
1275 4577 1470 4631 milites
1509 4578 1631 4633 sibi.
1667 4578 1867 4644 Quam-

281 4674 466 4729 obrem
495 4673 703 4728 diccbat
731 4688 745 4724 :
778 4670 913 4724 Nam
940 4688 1032 4741 ego
1062 4671 1210 4725 homo
1230 4688 1341 4724 sum
1366 4671 1456 4725 sub
1487 4681 1728 4741 potestate
1752 4690 1871 4725 cou-

282 4770 525 4831 stitutus;
574 4767 673 4819 hoc
720 4776 822 4831 est,
870 4764 948 4817 'l‘u
998 4764 1154 4827 Deus,
1205 4779 1303 4834 ego
1346 4765 1505 4818 homo
1554 4783 1565 4818 :
1618 4780 1719 4835 ego
1773 4764 1872 4819 sub

285 4866 570 4929 potestate,
602 4867 655 4911 tu
687 4873 790 4911 non
818 4856 916 4909 sub
956 4863 1239 4924 potestate.
1266 4854 1320 4909 Si
1352 4870 1450 4924 ego
1488 4856 1665 4924 igitur,
1712 4855 1872 4910 homo

283 4959 341 5005 et
368 4948 467 5005 sub
512 4957 794 5017 potestate,
833 4956 977 5000 tanta
1023 4960 1237 5014 possum
1272 4962 1284 4997 :
1320 4948 1485 4999 multo
1533 4949 1700 5018 magis
1736 4948 1871 5015 ipse,

287 5043 459 5112 quiet
490 5040 628 5095 Deus
654 5046 738 5095 est
762 5050 817 5093 et
845 5038 941 5093 sub
988 5046 1249 5107 potestate
1287 5052 1392 5092 non
1438 5048 1551 5104 est;
1589 5041 1702 5094 vult
1730 5041 1872 5094 enim

287 5152 356 5191 ex
400 5149 605 5189 summa
654 5132 1051 5201 prteeminentia
1095 5131 1201 5187 hoc
1243 5132 1315 5185 illi
1370 5132 1617 5199 suadere,
1659 5150 1719 5189 se
1766 5151 1871 5189 non

288 5227 464 5281 simile
493 5225 795 5294 exemplum
849 5222 1057 5287 all‘erre,
1100 5224 1193 5279 sed
1221 5226 1295 5291 rei
1340 5225 1498 5296 longe
1526 5227 1871 5282 sublimioris.

290 5318 422 5375 Nam
465 5317 509 5371 si
540 5332 661 5387 ego,
694 5314 881 5384 inquit,
934 5315 1024 5383 qui
1066 5330 1160 5382 par
1189 5316 1442 5385 subjectis
1488 5332 1627 5381 sum,
1683 5327 1736 5373 et
1776 5320 1877 5373 sub

292 5419 555 5480 potestate
598 5409 936 5469 constitutus,
966 5406 1035 5461 ob
1065 5422 1277 5477 parvam
1327 5419 1500 5463 tamen
1552 5409 1876 5479 prtelectura:

291 5501 683 5565 auctoritatem,
719 5508 862 5553 tanta
896 5514 1109 5568 possunt
1142 5501 1353 5553 nomine
1392 5511 1751 5570 repugnante;
1782 5501 1877 5557 sed

292 5609 411 5663 qum
441 5594 645 5661 impero
690 5593 889 5655 omnia,
939 5592 1153 5645 diversa
1196 5592 1317 5645 licet
1348 5593 1471 5655 sint,
1508 5591 1878 5662 exsequutioni

294 5682 642 5746 mandantur;
678 5683 778 5735 Alii
807 5684 937 5734 enim
964 5683 1097 5745 dico,
1129 5680 1286 5745 Vade,
1314 5692 1357 5734 et
1381 5684 1514 5734 vadit
1543 5699 1560 5736 :
1586 5684 1695 5747 alii,
1733 5682 1877 5751 Vetti,

294 5782 341 5827 et
368 5774 496 5826 venit
530 5788 548 5825 :
579 5773 734 5842 longe
772 5774 970 5837 majora
1019 5784 1071 5825 tu
1112 5776 1328 5842 poteris.
1358 5772 1581 5839 Quidam
1625 5772 1765 5828 hunc
1804 5774 1882 5829 lo—

296 5878 417 5920 cum
442 5864 510 5919 ita
537 5865 717 5936 legunt
747 5886 760 5923 :
794 5864 854 5921 Si
884 5866 1016 5919 enim
1044 5880 1134 5935 ego
1163 5864 1310 5917 homo
1338 5881 1449 5917 cum
1476 5866 1594 5933 sint,
1624 5874 1677 5920 ct
1715 5864 1881 5919 inter-

1244 435 1311 491 IN
1347 385 1754 491 MATTHEUM
1796 428 2021 486 ιιωιιι..
2068 429 2255 485 XXVI.
2298 432 2367 488 al.
2412 433 2622 489 XXVII.

3474 440 3577 493 37.8

1980 544 2267 611 punctione
2292 547 2464 616 posita
2491 548 2838 617 sulijungunt,
2878 548 2971 601 sub
2998 558 3239 616 potestate
3262 549 3451 607 habens
3485 556 3579 607 sub

1978 652 2058 690 me
2084 638 2283 694 milites.
2307 638 2387 694 Tu
2413 655 2541 701 vero
2557 640 2869 696 consideres
2898 641 3077 707 velim,
3105 642 3377 712 quomodo
3392 656 3576 700 05ten-

1977 726 2069 782 dat
2093 728 2265 797 ipsum
2298 724 2456 784 etiam
2486 732 2643 785 morti
2676 740 2733 785 ut
2769 746 2927 787 servo
2976 732 3260 801 imperare,
3299 742 3353 788 et
3381 736 3574 803 prmci-

1978 833 2108 887 pere
2134 827 2192 873 ut
2214 818 2511 875 dominum.
2542 819 2677 875 Cum
2699 823 2842 877 enim
2869 822 3015 884 dicit,
3058 821 3204 887 Veni,
3236 833 3285 878 et
3315 825 3467 890 venit,
3496 833 3572 890 et,

1986 907 2148 973 Vade,
2175 918 2222 962 et
2254 911 2412 977 vadit,
2460 910 2513 967 id
2560 911 2825 981 signiﬁcat
2858 932 2869 967 :
2904 914 2959 968 Si
2986 912 3213 981 jusseris
3244 930 3348 968 non
3392 916 3576 971 venire

1976 1009 2203 1054 mortem
2236 1015 2399 1071 super
2432 1019 2575 1068 eum,
2604 1020 2707 1058 non
2744 1004 2940 1059 veniet.
2984 1005 3167 1060 Viden‘
3196 1022 3355 1076 quam
3402 1006 3573 1062 ﬁdelis

1976 1094 2153 1147 esset?
2178 1093 2331 1161 Quod
2367 1096 2509 1151 enim
2560 1098 2808 1151 omnibus
2862 1107 3043 1166 postea
3084 1098 3289 1152 clarum
3336 1098 3570 1156 futurum

1976 1192 2111 1246 erat,
2138 1186 2499 1255 Omnibusque
2526 1197 2737 1251 notum,
2770 1187 2857 1242 hic
2881 1188 2991 1256 jam
3022 1190 3193 1257 palam
3224 1188 3368 1256 facit,
3398 1191 3570 1259 ipsum

1976 1288 2171 1344 nempe
2212 1274 2411 1333 habere
2446 1287 2760 1347 potestatem
2815 1279 3001 1334 mortis
3040 1288 3093 1333 et
3134 1281 3275 1347 vitm,
3310 1297 3574 1353 posse-que

1975 1364 2039 1418 ad
2076 1376 2254 1433 portas
2281 1368 2468 1423 mortis
2490 1368 2757 1425 deducere
2786 1385 2848 1425 ac
2869 1370 3144 1426 reducere.
3175 1371 3360 1440 Neque
3387 1372 3451 1432 dc
3475 1374 3574 1427 mi-

1978 1459 2156 1514 litibus
2186 1461 2358 1517 solum
2404 1461 2556 1525 dixit,
2586 1462 2681 1516 sed
2713 1463 2871 1516 etiam
2902 1461 2970 1517 de
2996 1464 3185 1528 servis,
3220 1463 3362 1533 quod
3405 1465 3573 1532 majo-

1974 1553 2048 1607 ris
2078 1554 2445 1624 obsequentia:
2466 1563 2601 1609 erat.
2646 1556 2893 1609 Attamen
2926 1564 3127 1609 tantam
3159 1556 3362 1610 habens
3388 1556 3567 1621 (idem,

1975 1658 2035 1699 se
2079 1645 2350 1716 indignum
2379 1646 2596 1716 putabat
2622 1662 2636 1711 ;
2681 1646 2927 1701 Christus
2957 1657 3134 1702 autem
3166 1648 3458 1703 ostendens
3488 1650 3570 1701 di-

1973 1749 2137 1804 gnum
2180 1736 2324 1790 illutn
2367 1751 2510 1802 esse,
2542 1738 2697 1805 cujus
2722 1736 2940 1792 domum
2974 1738 3217 1804 intraret,
3253 1739 3421 1791 multo
3460 1756 3572 1792 ma-

1969 1826 2087 1896 jora
2137 1828 2186 1882 ei
2235 1820 2687 1898 contulitSipsum
2741 1829 3013 1885 admirans
3060 1840 3216 1899 atque
3253 1832 3566 1900 prtedicans,

1974 1918 2233 1987 pluraque
2280 1917 2415 1973 dans
2454 1933 2613 1987 quam
2644 1920 2893 1988 petierat.
2944 1918 3101 1973 Venit
3131 1920 3274 1975 enim
3330 1921 3571 1990 corporis

1972 2011 2199 2064 salutem
2234 2026 2399 2080 puero
2438 2025 2705 2081 quaerens.
2736 2020 2790 2066 et
2836 2021 3058 2081 accepto
3096 2028 3263 2083 regno
3299 2012 3567 2067 discessit.

1974 2100 2163 2155 Viden‘
2202 2100 2472 2171 quomodo
2498 2101 2606 2170 jam
2662 2101 2939 2171 impletum
2995 2113 3105 2156 erat
3163 2102 3313 2167 illud,
3350 2102 3573 2167 Qum-ite

1971 2209 2180 2264 regnum
2200 2193 2459 2255 cwlomm,
2486 2202 2532 2246 et
2553 2192 2659 2246 haec
2684 2193 2856 2246 omnia
2870 2193 3177 2262 adjicientur
3196 2192 3331 2247 vobis
3356 2192 3432 2263 (Μ
3442 2195 3570 2246 uult.

1973 2285 2025 2339 6.
2056 2285 2185 2356 55)?
2223 2285 2359 2352 Quia
2386 2284 2528 2340 cnim
2559 2284 2780 2338 multam
2818 2284 2975 2340 ﬁdem
3007 2294 3060 2339 et
3096 2285 3449 2339 humilitatem
3478 2301 3572 2339 exs

1973 2377 2240 2441 hibuerat,
2271 2386 2326 2432 et
2354 2378 2545 2433 caelum
2571 2375 2739 2442 dedit,
2763 2385 2818 2430 et
2842 2377 2994 2447 pueri
3016 2377 3298 2432 sanitatem
3330 2377 3525 2447 adjecit
3553 2394 3565 2430 :

1971 2486 2071 2524 nec
2093 2472 2263 2539 ipsum
2293 2470 2383 2525 illo
2412 2478 2616 2524 tantum
2640 2456 2799 2523 modo
2821 2468 3123 2534 honoravit,
3148 2468 3240 2523 sed
3263 2470 3423 2521 etiam
3450 2485 3570 2521 cum

1970 2564 2203 2618 ostendit
2251 2563 2446 2632 quibus
2489 2562 2676 2631 ejectis
2728 2561 2817 2615 ille
2872 2560 3322 2616 introduceretur.
3394 2561 3570 2629 Atque

1969 2655 2163 2711 exinde
2192 2656 2442 2710 omnibus
2488 2665 2670 2710 notum
2714 2653 2857 2719 facit,
2889 2669 2955 2709 ex
3010 2653 3113 2709 ﬁde
3157 2654 3381 2708 salutem
3430 2669 3567 2718 csse,

1968 2764 2075 2804 non
2108 2764 2171 2801 ex
2200 2748 2263 2802 iis
2293 2763 2410 2816 qua:
2440 2746 2732 2801 secundum
2762 2746 2933 2815 legem
2964 2754 3117 2800 erant
3134 2745 3402 2815 Operihus.
3434 2745 3572 2811 Qua-

1969 2852 2185 2916 propter
2216 2841 2545 2899 nouJudazis
2583 2850 2811 2907 tantum,
2855 2846 2948 2897 sed
2976 2843 3134 2896 etiam
3183 2842 3429 2911 gentibus
3474 2842 3573 2895 hoc

1968 2936 2169 2989 donum
2226 2938 2555 3005 propositum
2596 2940 2727 2998 erit;
2777 2931 2883 2989 imo
2916 2930 2998 2986 his
3030 2932 3203 3000 potius
3243 2947 3401 3000 quam
3446 2931 3569 2984 illis.

1968 3027 2044 3082 Ne
2066 3028 2263 3096 putetis
2302 3029 2464 3092 cnim,
2512 3028 2701 3097 inquit,
2734 3027 2783 3081 id
2829 3032 2881 3082 in
2911 3024 3223 3077 centurione
3264 3032 3464 3075 tantum
3499 3020 3575 3074 l'a-

1969 3128 2111 3173 ctum
2142 3134 2281 3180 esse,
2316 3120 2409 3172 sed
2440 3120 2490 3172 in
2525 3128 2637 3174 toto
2668 3120 2797 3174 orbe
2820 3120 3049 3188 idipsum
3091 3116 3213 3173 erit.
3255 3114 3365 3167 Hoc
3395 3124 3571 3167 autem

1969 3209 2121 3267 dixit.
2170 3225 2263 3278 per
2299 3212 2632 3279 prophetiam
2678 3211 2744 3265 de
2774 3211 3022 3280 gentibus
3064 3213 3308 3282 loquens,
3338 3208 3574 3281 ipsisque

1970 3298 2163 3352 bonam
2219 3314 2366 3367 spem
2409 3300 2662 3354 oll‘erens.
2706 3301 2914 3355 Etenim
2964 3318 3030 3355 ex
3080 3303 3300 3356 Calilma
3329 3304 3567 3371 gentium

1970 3400 2124 3444 erant
2145 3392 2230 3458 qui
2260 3392 2620 3459 sequebantur
2658 3408 2800 3445 eum.
2831 3391 2957 3446 Haec
2983 3408 3145 3461 porro
3174 3393 3405 3457 dicebat,
3439 3410 3571 3461 geu-

1972 3487 2054 3531 tes
2085 3495 2188 3531 non
2236 3480 2419 3535 sinetis
2459 3480 2696 3534 animum
2752 3479 3109 3549 despondere,
3159 3481 3573 3550 Judtcoruniqne

1974 3568 2164 3622 fastum
2196 3570 2521 3637 deprimens.
2552 3570 2630 3626 Ne
2657 3580 2836 3625 autem
2867 3572 2949 3625 his
2974 3571 3130 3626 dictis
3156 3571 3455 3627 oﬁ‘t-ndei'ct
3480 3588 3573 3626 au-

1972 3659 2193 3721 ditores,
2228 3676 2365 3715 neve
2398 3662 2733 3717 occasionem
2767 3662 3033 3731 prmberet
3058 3662 3254 3727 ullam;
3286 3680 3387 3717 non
3425 3665 3574 3733 prius

1974 3750 2039 3804 de
2066 3752 2310 3820 gentibus
2340 3751 2610 3821 loquutus,
2644 3753 2737 3807 sed
2783 3756 3065 3808 occasione
3096 3764 3245 3822 capta
3276 3769 3338 3809 ex
3380 3765 3569 3808 centu—

1973 3841 2143 3906 rionc,
2176 3858 2242 3895 ne
2269 3858 2462 3896 nomen
2486 3843 2697 3912 quidem
2717 3844 2953 3914 gentium
2981 3856 3165 3913 aperte
3194 3844 3360 3913 ponit.
3386 3844 3571 3912 Neque

1973 3935 2117 3988 enim
2146 3933 2298 3999 dixit,
2324 3935 2466 3989 Multi
2498 3951 2564 3989 ex
2606 3936 2890 4005 gentibus;
2935 3936 3050 4002 sed,
3082 3936 3234 3989 Multi
3282 3953 3344 3989 ex
3382 3938 3573 3990 oriente

1974 4037 2019 4079 et
2051 4026 2323 4091 occidente,
2358 4026 2499 4093 quod
2539 4039 2728 4097 gentes
2771 4028 2955 4097 utique
3000 4028 3355 4098 signiﬁcabat,
3400 4046 3574 4099 neque

1974 4128 2150 4173 tamen
2179 4119 2489 4174 offendebat
2519 4121 2821 4185 auditores;
2859 4120 3157 4175 involutum
3183 4122 3327 4176 enim
3354 4132 3471 4176 crat
3497 4122 3571 4175 di.

1973 4221 2137 4267 ctum.
2170 4212 2352 4283 Neque
2386 4212 2487 4267 hoc
2528 4222 2731 4267 tantum
2760 4213 2918 4267 modo
2949 4216 3079 4269 lenit
3106 4214 3246 4268 hanc
3273 4232 3463 4270 novam
3488 4217 3572 4271 in-

1974 4304 2293 4373 solitamque
2329 4303 2651 4370 doctrinam,
2683 4303 2775 4359 sed
2816 4305 2957 4375 quod
3004 4306 3178 4360 sinum
3208 4307 3438 4362 Abraha:
3479 4324 3575 4377 pro

1976 4411 2143 4465 regno
2174 4397 2433 4465 posuerit.
2466 4396 2651 4465 Neque
2679 4396 2821 4452 enim
2863 4395 2966 4451 hoc
2994 4397 3122 4466 ipsis
3151 4408 3335 4452 notum
3375 4416 3572 4455 nomen

1976 4499 2092 4542 erat
2125 4506 2137 4541 :
2170 4490 2443 4559 magisque
2478 4490 2598 4545 illos
2628 4488 2912 4544 mordebat
2942 4490 3211 4545 Abraham
3243 4492 3295 4545 in
3339 4492 3572 4546 medium

1976 4579 2256 4633 adductus.
2308 4580 2646 4648 Quapropter
2682 4580 2914 4635 Joannes
2962 4582 3094 4635 nihil
3134 4582 3313 4636 statim
3368 4583 3435 4637 de
3480 4598 3574 4653 ge-

1980 4672 2153 4726 henna
2199 4671 2491 4735 dixit;sed
2540 4672 2679 4741 quod
2714 4674 2877 4741 magis
2923 4672 3043 4727 illos
3085 4675 3350 4743 pungebat
3376 4676 3573 4742 attulit,

1982 4764 2160 4819 Nolite
2181 4766 2361 4827 dicere,
2402 4762 2605 4819 Patrem
2628 4765 2868 4819 habemus
2890 4766 3145 4820 Aera/iam
3178 4766 3387 4838 (Matth.
3413 4768 3464 4821 5.
3497 4768 3571 4837 9).

1980 4857 2226 4937 Cunthis
2251 4854 2394 4911 aliud
2422 4858 2582 4911 etiam
2617 4856 2880 4926 providet,
2911 4875 2978 4913 ne
3004 4859 3249 4914 videatur
3290 4862 3454 4915 veteri
3496 4862 3575 4913 vi-

1980 4949 2137 5006 vendi
2165 4949 2407 5005 instituto
2432 4950 2733 5004 contrarius
2762 4964 2905 5004 esse.
2940 4950 3071 5004 Nam
3115 4952 3205 5020 qui
3249 4951 3580 5019 patriarchas

1982 5041 2299 5106 admiratur,
2328 5054 2619 5109 eorumque
2659 5042 2807 5094 sinus
2837 5051 3037 5097 sortem
3090 5042 3352 5097 bonorum
3394 5031 3578 5111 appel-

1982 5132 2076 5197 lat,
2127 5134 2263 5185 hanc
2304 5132 2662 5201 suspicionem
2707 5133 2931 5186 omnino
3002 5141 3056 5187 et
3115 5133 3370 5187 radicitus
3422 5135 3574 5187 tollit.

1982 5222 2149 5278 Nemo
2184 5224 2361 5293 itaque
2396 5238 2555 5276 unam
2600 5238 2720 5277 esse
2753 5233 2899 5291 putet
2940 5225 3410 5279 comminationem
3440 5242 3452 5277 :
3484 5226 3574 5280 du-

1982 5318 2103 5387 plex
2131 5318 2326 5386 quippe
2360 5324 2442 5371 est
2488 5316 2597 5371 illis
2614 5314 3181 5387 supplicium,duplex
3226 5318 3308 5372 his
3353 5318 3573 5373 lauuia:

1986 5408 2091 5462 illis
2117 5408 2349 5477 quidem,
2394 5422 2500 5461 non
2542 5407 2683 5476 quod
2720 5407 3017 5462 excidet-int
3049 5420 3277 5474 tantum,
3307 5410 3398 5463 sed
3439 5412 3584 5481 quod

1986 5514 2050 5554 ex
2082 5501 2311 5569 propriis
2341 5500 2665 5561 exciderint;
2697 5498 2778 5553 his
2809 5513 2937 5554 vero
2968 5517 3076 5571 non
3102 5502 3242 5570 quod
3270 5513 3468 5557 sortem
3498 5520 3582 5557 ac-

1986 5592 2249 5660 ceperint,
2295 5591 2388 5645 sed
2419 5591 2559 5660 quod
2591 5605 2749 5660 quam
2792 5607 2895 5645 non
2942 5594 3323 5661 exspectabant
3360 5588 3583 5663 accepe-

1988 5684 2095 5737 rint
2128 5700 2140 5734 :
2176 5682 2257 5737 his
2281 5684 2434 5737 tertia
2456 5680 2724 5749 adjicitur,
2756 5682 2895 5751 quod
2922 5680 2974 5735 hi
3003 5698 3066 5737 ea
3093 5699 3212 5751 qum
3244 5684 3307 5737 ad
3332 5685 3451 5738 illos
3476 5700 3583 5751 per-
3640 5745 3646 5751 δ

1990 5774 2232 5829 tinebant
2264 5774 2587 5842 acceperint.
2634 5771 2799 5825 Filios
2842 5780 3018 5827 autem
3064 5775 3211 5844 regni
3258 5786 3413 5829 vocat
3446 5776 3581 5838 illos,

1995 5865 2188 5936 quibus
2205 5880 2428 5938 regnum
2461 5873 2699 5936 paratum
2732 5871 2881 5929 erat;
2914 5862 3053 5934 quod
3086 5868 3316 5923 maxime
3341 5867 3457 5922 illos
3482 5863 3584 5919 do-
