4094 6464
528 396 634 455 539

531 513 644 568 lore
669 510 949 566 afﬁciebat.
981 507 1262 577 Postquam
1297 507 1523 562 ostendit
1546 506 1685 559 enim
1711 503 1827 558 illos
1870 517 1934 556 ex
1979 515 2101 570 pro-

531 605 785 659 missione
813 603 861 655 in
885 602 1005 655 sinu
1043 600 1270 654 Abrahae
1301 614 1436 661 esse,
1480 598 1604 652 hinc
1643 597 1760 648 illos
1787 593 1964 647 statim
2008 606 2103 645 ex-

529 693 713 748 cludit.
754 692 971 756 Deinde,
1011 693 1132 760 quia
1182 690 1280 743 lmc
1328 690 1525 743 dictum
1551 688 1653 740 lata
1679 684 1940 740 sententia
1969 692 2102 748 erat,

530 785 582 840 id
609 787 758 856 signo
783 784 1077 848 confirmat,
1115 781 1554 852 quemadmodum
1587 789 1639 833 et
1685 781 1832 847 signa
1871 793 1937 830 ex
1970 790 2104 843 prte-

532 877 766 932 dictione
795 891 968 930 rerum
993 890 1109 944 qua!
1131 885 1310 942 postea
1337 880 1626 926 evenerunt
1656 879 1982 922 asseruntur.

607 987 659 1039 5.
707 987 804 1054 Qui
853 988 1007 1055 igitur
1066 999 1170 1037 non
1219 985 1382 1037 credit
1432 993 1556 1036 tunc
1605 993 1845 1036 sanatum
1888 990 2103 1047 puerum

534 1077 716 1139 fuisse,
747 1077 792 1130 is
818 1078 897 1129 vel
928 1091 990 1129 ex
1022 1074 1314 1143 prOphetia,
1350 1089 1466 1142 quae
1486 1074 1595 1141 jam
1629 1071 1840 1139 impleta
1875 1070 1986 1128 init,
2021 1069 2103 1119 in-

531 1169 755 1222 ducatur
783 1176 838 1219 ut
863 1165 1062 1220 credat.
1113 1165 1241 1218 Nam
1273 1164 1550 1232 prophetia
1583 1172 1706 1216 ante
1747 1172 1992 1214 eventum
2040 1172 2105 1211 ex

530 1263 683 1330 signo
708 1273 830 1314 tunc
860 1257 995 1313 facto
1020 1267 1139 1312 nota
1170 1257 1416 1310 omnibus
1441 1257 1554 1309 fuit.
1593 1255 1816 1322 Ideoque
1839 1268 1956 1306 eum
1994 1250 2110 1302 hch

530 1362 656 1404 ante
686 1349 1019 1419 prredixisset
1051 1391 1064 1414 ,
1096 1359 1218 1402 tunc
1247 1348 1592 1418 paralyticum
1625 1345 1818 1407 erexit,
1851 1355 1903 1395 ut
1937 1342 2107 1392 httnra

534 1456 596 1494 cx
626 1440 976 1510 prmsentibus
1004 1447 1372 1492 assererentur
1399 1479 1412 1500 ,
1443 1447 1489 1490 et
1525 1451 1551 1489 a
1585 1435 1770 1503 majori
1804 1433 1976 1486 minus
2017 1433 2110 1483 lir-

533 1542 784 1586 maretur.
819 1529 948 1584 Nam
979 1527 1119 1598 quod
1153 1528 1346 1581 virtute
1398 1526 1597 1594 pra'diti
1632 1525 1783 1577 bonis
1832 1524 2069 1574 fruantur
2092 1559 2107 1583 ,

535 1621 722 1690 hisque
761 1620 986 1688 oppositi
1034 1633 1216 1688 poenas
1251 1618 1436 1682 luant,
1491 1617 1537 1668 id
1584 1632 1610 1668 a
1653 1611 2112 1669 verisimilitudine

535 1729 640 1764 non
669 1712 919 1765 abhorret
945 1728 957 1764 :
993 1711 1097 1763 imo
1127 1719 1178 1762 et
1209 1710 1396 1762 rationi
1427 1715 1479 1759 et
1508 1707 1678 1774 legum
1721 1703 1953 1772 mquitati
1987 1717 2114 1754 con-

537 1812 845 1854 sentaneum
873 1811 980 1859 est;
1016 1800 1358 1869 paralyticum
1382 1806 1555 1849 autem
1587 1796 1796 1847 lirmarc
1827 1803 1878 1846 et
1905 1806 2109 1858 curare,

537 1892 706 1958 majus
727 1905 882 1960 quam
913 1901 1093 1942 natura
1125 1892 1282 1943 ferret
1307 1896 1442 1942 erat.
1473 1889 1718 1939 Attamen
1745 1884 1808 1937 ad
1839 1899 1951 1937 rem
1972 1884 2110 1936 illam

538 1997 778 2051 magnam
820 1990 976 2050 atque
1014 1981 1306 2034 mirabilem
1336 1994 1444 2031 non
1492 1992 1674 2046 parum
1724 1975 1946 2030 contulit
1985 1989 2113 2028 ceu-

541 2078 712 2136 turio;
762 2072 809 2124 id
856 2072 993 2139 quod
1039 2072 1196 2125 etiam
1248 2069 1490 2123 Christus
1531 2068 1808 2121 declarans
1855 2066 2111 2119 dicebat:

551 2165 686 2218 Vade
716 2206 728 2227 ,
775 2173 821 2218 et
863 2165 985 2217 sicut
1036 2163 1290 2216 credidisti
1337 2162 1423 2226 ﬁat
1456 2159 1817 2212 tibi.Vidistin‘
1849 2155 2116 2225 (promodo

542 2258 780 2311 restituta
807 2272 968 2322 puero
994 2256 1194 2308 sanitas
1240 2265 1293 2305 et
1317 2252 1512 2305 Christi
1547 2253 1828 2320 potentiam
1858 2259 1908 2303 et
1935 2257 2118 2303 centu-

541 2348 706 2400 rionis
737 2347 890 2399 Iidem
922 2344 1302 2411 prmdicaverit,
1333 2353 1385 2397 et
1415 2342 1550 2410 quod
1585 2341 1819 2394 futurum
1846 2348 1960 2394 erat
1989 2354 2117 2392 con-

542 2436 855 2492 ﬁrmaverit.
905 2437 1013 2491 lmo
1043 2451 1166 2490 vero
1207 2435 1382 2490 omnia
1424 2429 1620 2488 Christi
1655 2434 1941 2502 potentiam
1986 2447 2118 2500 pra:-

537 2528 808 2579 dieabant.
841 2526 952 2579 Non
984 2527 1124 2578 enim
1153 2540 1345 2593 corpus
1375 2535 1574 2576 tantum
1608 2524 1753 2591 pueri
1794 2521 2120 2587 sanavit,sed

539 2617 699 2670 etiam
726 2615 1050 2669 centurionis
1088 2615 1316 2668 animam
1350 2615 1400 2667 in
1435 2613 1589 2667 ﬁdem
1622 2629 1713 2682 per
1745 2614 1995 2667 miracula
2037 2622 2122 2666 at-

545 2709 723 2760 traxit.
756 2707 832 2760 Tu
865 2723 991 2761 vero
1037 2722 1103 2760 ne
1145 2706 1194 2760 id
1235 2715 1436 2759 tantum
1478 2707 1775 2775 perpendas
1800 2748 1814 2769 ,
1863 2708 2002 2774 quod
2039 2706 2125 2760 hic

539 2796 851 2861 crediderit,
895 2797 980 2850 ille
1008 2804 1222 2850 sanatus
1249 2797 1334 2860 sit,
1367 2797 1457 2849 sed
1489 2798 1561 2850 rei
1590 2797 1916 2850 celeritatem
1961 2798 2122 2849 mira-

547 2903 642 2951 re;
689 2904 806 2939 nam
851 2886 952 2941 hoc
999 2888 1319 2957 evangelista
1370 2888 1696 2942 declaravit:
1728 2888 1792 2941 Et
1821 2902 2027 2943 sanatus
2053 2900 2123 2942 est

551 2995 676 3043 puer
702 2980 751 3030 in
799 2979 886 3031 illa
937 2980 1106 3031 hora:
1137 2979 1274 3047 quod
1307 2979 1464 3032 etiam
1510 2979 1576 3032 de
1621 2981 1832 3047 leproso
1873 2982 2120 3047 dicebat,

551 3068 823 3134 Confestim
854 3070 1122 3120 mundatus
1167 3080 1257 3122 est.
1309 3068 1420 3121 Non
1468 3070 1606 3122 enim
1639 3070 1872 3124 curando
1911 3071 2125 3136 solum,

551 3159 643 3210 sed
672 3161 828 3212 etiam
875 3159 922 3211 id
955 3160 1314 3227 inexspectato
1362 3161 1518 3212 modo
1561 3171 1613 3214 et
1663 3163 1712 3214 in
1756 3173 2025 3216 momento
2056 3164 2129 3216 la-

553 3247 760 3311 ciendo,
794 3249 1081 3315 potentiam
1109 3248 1442 3302 ostendebat.
1478 3250 1654 3318 Neque
1685 3251 1784 3305 hoc
1817 3251 1976 3306 modo
2008 3263 2127 3305 tan-

555 3347 661 3389 tum
688 3337 837 3405 juvat
878 3337 1124 3407 utilisque
1155 3349 1234 3392 est
1259 3381 1272 3402 ,
1321 3339 1411 3392 sed
1456 3339 1594 3408 quod
1623 3341 1780 3394 etiam
1827 3342 2130 3411 frequenter

553 3428 674 3483 dum
710 3427 957 3483 miracula
1003 3437 1170 3494 patrat
1192 3471 1203 3487 .
1233 3428 1297 3481 de
1327 3445 1488 3496 regno
1513 3445 1816 3484 sermonem
1849 3433 2049 3499 aperiat
2079 3442 2133 3488 cl.

555 3536 740 3574 υιιιηεε
776 3521 839 3574 ad
871 3517 993 3574 illud
1025 3520 1274 3574 attrahat.
1310 3519 1512 3574 Etenim
1543 3535 1660 3574 cum
1689 3538 1747 3576 se
1785 3523 1996 3576 Judzcos
2026 3525 2133 3592 eje-

557 3622 761 3664 Clurum
788 3612 1103 3675 minabatur,
1138 3629 1241 3666 non
1267 3623 1320 3667 ut
1350 3615 1565 3682 ejiceret
1596 3614 1925 3677 minabatur;
1955 3615 2044 3668 sed
2081 3624 2136 3668 ut

559 3713 701 3756 metu
749 3705 863 3757 illos
913 3705 961 3755 in
1017 3720 1235 3773 regnum
1290 3721 1386 3775 per
1438 3707 1594 3760 verba
1642 3721 1733 3759 sua
1783 3705 2132 3775 pertraheret.

560 3797 706 3862 Quod
736 3799 775 3848 si
809 3796 932 3848 nihil
966 3797 1085 3850 hinc
1118 3798 1246 3850 lucri
1277 3797 1519 3852 fecerunt
1541 3839 1554 3863 ,
1588 3799 1638 3852 id
1672 3800 1902 3866 ipsorum
1931 3800 2133 3853 crimen

559 3897 670 3946 est.
720 3889 1058 3954 omniumque
1103 3887 1190 3955 qui
1247 3887 1360 3955 pari
1408 3887 1593 3942 morbo
1644 3888 1968 3942 laborarunt.
2019 3888 2133 3942 Non

561 3980 700 4032 enim
727 3979 920 4030 Jltdtl‘js
941 3980 1106 4031 solum
1133 3977 1181 4031 id
1207 3979 1417 4044 accidit,
1445 3980 1745 4056 Sed‘multis
1767 3983 1923 4034 etiam
1951 3997 2133 4034 eorum

562 4070 648 4137 qui
690 4070 1048 4124 crediderunt.
1095 4068 1224 4123 Nam
1256 4069 1417 4124 Judas
1465 4070 1603 4126 ﬁlius
1632 4073 1780 4142 regni
1812 4082 1926 4126 erat
1955 4081 2006 4126 et
2043 4088 2138 4125 an-

564 4161 691 4213 divit
738 4177 855 4214 cum
888 4161 1180 4228 discipulis,
1215 4160 1462 4214 Sedebitis
1506 4179 1656 4231 super
1697 4166 1836 4216 sedes
1875 4164 2138 4218 duodecim

565 4251 795 4320 (.llatllt.
849 4252 933 4306 l9.
991 4252 1117 4320 28);
1171 4252 1261 4304 sed
1309 4251 1473 4305 lactus
1516 4265 1595 4307 est
1648 4256 1902 4322 gehenna:
1960 4257 2134 4318 ﬁlius;

566 4343 816 4411 Ethiops
845 4353 1018 4396 autem
1052 4344 1156 4401 ille,
1187 4343 1442 4395 barbarus
1468 4359 1587 4396 cum
1620 4353 1794 4407 esset,
1828 4359 1890 4396 ex
1921 4360 2141 4398 numero

566 4448 749 4485 eorum
797 4433 882 4500 qui
922 4432 988 4483 ab
1038 4433 1239 4485 oriente
1269 4439 1323 4484 et
1352 4433 1628 4486 occidente
1675 4444 1971 4495 venerunt,
2021 4449 2139 4487 cum

571 4521 871 4584 Abraham,
916 4520 1059 4573 lsaac
1112 4529 1165 4572 et
1208 4519 1371 4574 Jacob
1417 4535 1616 4574 corona
1659 4521 1960 4574 donabitur.
1994 4521 2046 4574 ld
2090 4532 2145 4576 et

571 4628 709 4665 nunc
736 4614 923 4681 agitur.
961 4611 1110 4664 Multi
1130 4611 1291 4675 enim,
1323 4612 1510 4681 inquit,
1543 4622 1688 4666 erunt
1715 4613 1863 4680 primi
1887 4615 2142 4667 novissimi

570 4713 614 4754 et
638 4702 891 4754 novissimi
934 4702 1082 4771 primi
1111 4700 1271 4770 (Ibid.
1303 4717 1350 4753 υ.
1383 4703 1492 4770 50).
1543 4702 1651 4755 lloc
1697 4714 1871 4756 autem
1911 4704 2140 4770 dicebat,

572 4809 628 4849 ut
659 4811 827 4862 neque
856 4794 906 4848 hi
953 4794 1219 4862 negligant
1245 4833 1258 4854 ,
1290 4807 1352 4846 ac
1383 4793 1426 4846 si
1456 4808 1558 4845 non
1588 4793 1788 4860 possint
1817 4796 2011 4858 redire,
2052 4811 2144 4850 ne-

572 4903 672 4956 que
701 4886 774 4938 illi
803 4885 951 4954 quasi
995 4893 1197 4938 stantes
1225 4883 1515 4937 conﬁdant.
1565 4883 1674 4936 lluc
1718 4893 1768 4937 et
1807 4883 2036 4939 Joannes
2076 4885 2143 4939 ab

572 4975 792 5030 exordio
834 4974 1460 5044 prmnuntiabatdicens:
1504 4973 1678 5028 Potest
1717 4973 1845 5029 Deus
1873 4992 1933 5029 ea:
1959 4975 2144 5045 lapidi-

575 5071 663 5120 bus
710 5066 785 5119 Itis
827 5067 1067 5118 suscitare
1110 5065 1240 5131 filios
1292 5065 1506 5118 Abraha:
1560 5064 1735 5134 (Ibid.
1787 5067 1839 5118 5.
1872 5065 1964 5136 9).
2011 5069 2141 5134 Quia

576 5158 717 5211 enim
748 5157 846 5210 hoc
870 5165 1180 5210 eventurum
1209 5165 1341 5220 erat,
1375 5156 1463 5209 diu
1495 5166 1617 5210 ante
1650 5161 2053 5226 prtenuntiatur,
2088 5171 2145 5215 ut

577 5264 734 5304 nemo
764 5248 828 5301 de
851 5249 923 5301 rei
951 5247 1226 5300 insolentia
1259 5249 1576 5303 turbaretur.
1606 5249 1794 5301 Verum
1826 5249 1930 5312 ille,
1962 5259 2144 5321 utpote

579 5341 758 5405 homo,
807 5339 1096 5410 secundum
1137 5347 1348 5404 captum
1431 5352 1588 5393 suum
1681 5339 1792 5393 haec
1878 5343 2142 5412 dicebat;

573 5425 827 5481 Christus
858 5430 1058 5482 autem,
1102 5434 1211 5472 rem
1246 5427 1299 5470 ut
1340 5419 1640 5471 certissime
1683 5418 1918 5469 futuram
1961 5420 2139 5486 operi-

575 5530 678 5570 nus
699 5524 752 5569 et
779 5512 1040 5581 exemplis
1078 5509 1420 5566 conﬁrmavit
1443 5508 1541 5578 (α).

651 5673 722 5735 (a)
747 5673 911 5735 Graece
956 5673 1180 5722 ediderat
1203 5673 1370 5723 Monll'.
1404 5689 1415 5720 τ
1452 5674 1578 5723 ἈΠ’
1604 5673 1779 5730 ἐκεῖνος
1825 5673 1910 5735 ph
1935 5674 1999 5729 ὡς
2022 5673 2146 5722 ἐνδε-

584 5734 783 5799 κὸμιξθογ
818 5734 930 5781 αὐτὸ
952 5737 1089 5799 ὶέγςι·
1126 5737 1364 5799 ἄνθρωπος
1386 5737 1472 5797 γὰρ
1492 5736 1566 5799 ἦγ’
1590 5738 1620 5799 όν
1637 5734 1921 5799 se,me
1942 5738 2005 5790 ὡς
2029 5737 2142 5799 argiv-

583 5795 676 5848 tu:
699 5795 940 5856 ἐσόμενον,
963 5798 1046 5856 τὴν
1084 5797 1178 5846 ἀπὸ
1213 5795 1314 5845 ’τῶν
1348 5795 1493 5861 ἐργών
1534 5795 2018 5859 ἀπόδειξιν’παρέχων.
2039 5795 2144 5846 Hoc

1267 392 1318 450 S.
1357 391 1631 448 .IOANNIS
1669 385 2135 445 CIIRYSOSTOMI
2174 384 2484 441 ARClllEP.
2525 387 3057 444 CONSTANTINOP.

3687 395 3786 450 510

2286 505 2631 570 Presumptio
2649 505 2753 558 vita
2763 511 2886 558 nda.
2911 507 3102 559 Contra
3121 507 3610 566 Manicheam—Ne
3631 510 3793 582 igitur

2217 598 2464 665 ﬁdamus,
2490 602 2591 655 etsi
2630 612 2856 664 stemus.
2893 604 2986 657 sed
3018 603 3172 656 nobis
3206 603 3336 671 ipsis
3368 603 3655 657 dicamus:
3692 601 3792 668 Qui

2214 691 2416 744 videtur
2428 702 2585 756 stare,
2606 694 2778 746 videat
2795 710 2856 746 ne
2873 696 3026 746 cadat
3044 696 3086 763 (l
3104 735 3116 746 .
3135 694 3252 750 Cor.
3277 694 3358 747 l0.
3384 694 3493 761 12).
3510 693 3590 748 Ne
3607 696 3796 765 despe~

2217 796 2418 845 remus,
2449 781 2538 851 qui
2573 783 2828 851 prostrati
2863 783 3138 852 jacemus,
3173 785 3268 838 sed
3298 784 3542 838 dicamus
3571 804 3583 838 :
3621 784 3794 838 Num-

2217 872 2340 940 quid
2361 873 2448 940 qui
2474 873 2631 934 radit,
2667 889 2767 925 non
2798 875 3059 942 resurget?
3085 872 3209 941 (Jer.
3230 875 3368 943 8.4).
3403 875 3612 929 Etenim
3639 876 3792 930 multi

2213 957 2303 1024 qui
2332 956 2397 1010 ad
2426 957 2594 1025 ipsum
2623 956 2737 1010 caeli
2772 958 3023 1009 vertit-em
3052 954 3409 1010 ascenderant
3436 995 3450 1020 ,
3480 955 3570 1025 qui
3599 955 3802 1024 patien-

2215 1049 2340 1102 tiam
2372 1064 2613 1117 magnam
2643 1048 2997 1102 exhibuerant
3020 1092 3033 1112 ,
3065 1047 3336 1102 desertum
3367 1055 3764 1118 occupaverant
3786 1089 3800 1108 .

2214 1140 2490 1193 mulierem
2524 1155 2590 1192 ne
2632 1142 2682 1192 in
2711 1141 2913 1194 somnis
2954 1140 3168 1208 quidem
3199 1138 3478 1204 viderant,
3525 1156 3592 1196 ex
3623 1147 3801 1209 'parva

2216 1230 2536 1300 negligentia
2576 1231 2896 1298 supplantati
2945 1239 3085 1293 sunt,
3134 1241 3186 1284 et
3224 1230 3274 1283 in
3317 1229 3488 1299 ipsum
3541 1231 3794 1299 nequitia:

2218 1324 2534 1396 barathrum
2554 1323 2776 1390 dejecti;
2824 1324 2910 1376 alii
2948 1333 3130 1376 contra
3159 1340 3224 1378 ex
3252 1324 3438 1378 eodem
3470 1324 3723 1378 barathro
3754 1324 3803 1377 in

2216 1415 2403 1468 etclam
2449 1415 2846 1475 ascenderunt,
2874 1423 3032 1484 atque
3075 1431 3103 1468 a
3146 1430 3302 1469 scena
3332 1423 3384 1470 et
3418 1417 3699 1470 orchestra
3739 1415 3803 1470 ad

2218 1507 2508 1576 angelicam
2539 1507 2700 1560 vitam
2746 1510 2989 1562 cenversi
3029 1515 3182 1572 sunt;
3219 1516 3524 1577 tantamque
3554 1508 3806 1564 virtutem

2217 1598 2573 1653 exhibuerunt
2598 1640 2611 1655 .
2646 1607 2702 1652 ut
2739 1599 3014 1652 daemonas
3054 1599 3350 1667 pellerent,
3383 1600 3660 1667 multaque
3706 1598 3805 1653 alia

2217 1689 2409 1742 similia
2441 1689 2588 1758 signa
2622 1689 2860 1743 ederent.
2894 1689 2988 1742 llis
3013 1689 3270 1756 exemplis
3302 1689 3470 1758 plena:
3501 1700 3628 1743 sunt
3657 1688 3805 1744 Scri-

2219 1789 2408 1847 pturrc,
2440 1781 2594 1850 plena
2627 1781 2900 1834 hominum
2933 1781 3058 1832 vita.
3091 1779 3208 1833 1am
3237 1777 3506 1833 fornicarii
3535 1789 3584 1832 et
3618 1779 3808 1832 molles

2219 1872 2628 1926 Manichaeorum
2671 1888 2760 1926 ora
2793 1874 3172 1942 comprimunt,
3217 1871 3308 1942 qui
3338 1872 3522 1925 dicunt
3548 1872 3808 1926 malitiam

2220 1979 2341 2017 esse
2369 1965 2641 2018 immotam
2675 2005 2688 2028 ,
2737 1965 2932 2019 diaboli
2975 1980 3088 2019 rem
3116 1973 3368 2034 agentes,
3418 1973 3471 2017 et
3501 1980 3688 2018 eorum
3722 1965 3808 2032 qui

2220 2056 2401 2109 virtuti
2433 2071 2649 2124 operam
2681 2057 2808 2110 dare
2835 2057 3032 2110 vellent
3061 2071 3248 2110 manus
3289 2055 3647 2110 dissolventes
3675 2098 3688 2116 ,
3737 2058 3811 2108 vi-

2226 2159 2436 2218 tamque
2462 2164 2672 2203 omnem
2703 2158 3023 2204 evertentes.
3053 2147 3184 2201 Nam
3215 2148 3303 2216 qui
3333 2147 3445 2200 hate
3483 2148 3813 2216 persuadere

2223 2253 2519 2305 conantur,
2553 2257 2655 2295 non
2699 2243 2870 2295 futura
2905 2250 3104 2294 tantum
3131 2241 3508 2310 pessumdant;
3542 2240 3635 2293 sed
3672 2255 3813 2304 prtew

2222 2335 2392 2386 sentia
2419 2349 2628 2404 quoque
2654 2350 2748 2403 pro
2770 2334 2905 2387 virili
2935 2348 3025 2387 sus
3063 2333 3235 2402 deque
3267 2342 3503 2387 vertunt.
3533 2331 3814 2398 Quomodo

2225 2425 2366 2480 enim
2411 2425 2462 2478 in
2509 2425 2744 2494 nequitia
2790 2423 2974 2479 vivens
3022 2424 3284 2492 quispiam
3311 2465 3324 2485 ,
3367 2423 3549 2476 virtuti
3593 2437 3810 2491 operam

2225 2516 2355 2571 dare
2399 2517 2642 2581 studeat,
2692 2516 2734 2569 si
2778 2531 2837 2570 se
2878 2515 2943 2569 ad
2993 2515 3135 2570 illam
3181 2525 3454 2569 revertere
3502 2529 3608 2567 non
3659 2529 3813 2583 posse

2230 2617 2394 2676 putet,
2426 2607 2468 2660 si
2502 2622 2606 2660 non
2633 2605 2814 2662 credat
2845 2620 2902 2659 se
2942 2606 2992 2658 in
3025 2606 3214 2658 melius
3239 2618 3394 2673 posse
3420 2604 3656 2656 mutari?
3684 2603 3813 2658 Nam

2228 2701 2270 2752 si
2299 2714 2459 2760 nunc,
2492 2697 2755 2751 stantibus
2787 2697 3011 2766 legibus,
3046 2697 3258 2750 indictis
3287 2697 3582 2765 suppliciis,
3617 2713 3815 2766 prope-

2229 2793 2324 2844 sita
2353 2791 2518 2860 gloria
2543 2832 2556 2853 ,
2603 2805 2721 2857 qua:
2752 2788 3210 2861 multos_excitare
3256 2789 3461 2858 possit;
3486 2804 3608 2842 cum
3637 2798 3694 2844 et
3720 2803 3815 2858 ge-

2231 2885 2404 2938 benna
2437 2891 2796 2950 exspectetur,
2830 2890 2884 2935 et
2908 2897 3126 2950 regnum
3160 2881 3499 2950 promittatur
3523 2921 3537 2945 ,
3566 2895 3690 2935 cum
3719 2881 3820 2936 im-

2231 2975 2380 3044 probi
2411 2965 2692 3037 dedecore,
2748 2973 2869 3026 boni
2911 2973 3152 3027 laudibus
3195 2972 3517 3033 afﬁciantur.
3571 2973 3659 3026 vix
3702 2972 3822 3042 qui-

2235 3069 2375 3136 piam
2409 3067 2572 3120 velint
2600 3066 2808 3119 virtutis
2834 3068 3058 3120 sudores
3079 3064 3225 3120 adire
3251 3082 3265 3119 :
3295 3065 3375 3119 his
3414 3065 3662 3132 sublatis,
3693 3065 3820 3136 quid

2237 3158 2486 3227 impediet
2512 3157 2795 3226 quominus
2821 3158 2997 3211 omnia
3030 3171 3245 3225 pessum
3267 3157 3430 3210 eant?

2306 3252 2354 3302 6.
2402 3248 2526 3301 Cum
2557 3250 2744 3316 ﬁducia
2793 3257 2838 3311 et
2869 3251 3048 3303 timore
3089 3265 3178 3316 per
3206 3260 3474 3319 cogitatam
3517 3251 3649 3302 riam
3681 3252 3820 3305 ince-

2235 3340 2472 3393 dendum.
2492 3341 2738 3408 Exemplo
2762 3338 2970 3393 Davidis
2998 3340 3334 3410 vigilantiam,
3363 3340 3605 3407 ﬁduciam
3637 3352 3684 3394 et
3715 3359 3822 3410 pa:-

2235 3435 2496 3487 nitentiam
2521 3431 3112 3486 docemur.—Videntes
3143 3436 3322 3500 itaque
3350 3430 3593 3485 fraudem
3635 3433 3824 3503 nequi-

2238 3527 2470 3594 tiamque
2509 3525 2823 3578 diabolicam
2851 3565 2865 3588 ,
2909 3523 3161 3593 ipsosque
3202 3538 3409 3578 necnon
3455 3539 3547 3578 eos
3592 3526 3684 3594 qui
3733 3525 3824 3580 l'ati

2241 3618 2384 3684 leges
2414 3623 2648 3668 statuere
2677 3623 2942 3683 satagunt,
2974 3613 3197 3668 adversa
3228 3615 3448 3677 sentire,
3477 3625 3531 3668 et
3555 3618 3824 3669 contraria

2242 3704 2633 3774 legislatorihus
2654 3713 3019 3769 externorum,
3043 3711 3097 3756 et
3118 3703 3208 3757 Dei
3232 3704 3518 3767 ‘oraculis,
3541 3715 3597 3758 et
3621 3717 3825 3759 natura:

2241 3795 2555 3856 ratiociniis,
2599 3804 2651 3846 et
2680 3794 2948 3846 communi
2985 3793 3218 3847 omnium
3252 3795 3526 3862 opinioni,
3561 3795 3822 3861 barbaris,

2239 3897 2291 3942 et
2320 3887 2550 3956 Scythis,
2582 3895 2631 3937 et
2661 3884 2976 3948 Thracibus,
3004 3883 3325 3954 demumque
3353 3885 3563 3940 caeteris
3591 3887 3824 3941 homini-

2242 3985 2361 4048 bus,
2390 3985 2688 4051 vigi!etnus,
2718 3980 2896 4034 dilecti
2930 4022 2943 4046 ,
2990 3989 3150 4048 atque
3185 3981 3284 4032 illis
3327 3981 3576 4034 omnibus
3603 3982 3720 4035 vale
3740 3980 3824 4034 di-

2240 4087 2453 4140 centes,
2501 4075 2804 4128 incedamus
2848 4088 2943 4142 per
2973 4081 3248 4141 angustam
3296 4073 3434 4126 \‘iam
3475 4088 3595 4126 eum
3638 4073 3827 4128 ﬁducia

2241 4177 2294 4223 et
2324 4169 2544 4228 timore;
2575 4181 2696 4220 cum
2745 4167 2932 4219 timore
2959 4165 3191 4233 quidem,
3225 4165 3293 4217 ob
3332 4165 3620 4234 pra'cipitia
3654 4168 3829 4219 "tritt-

2245 4277 2346 4328 qne
2374 4260 2538 4327 posita
2564 4275 2578 4322 ;
2608 4273 2727 4310 eum
2759 4256 2946 4310 ﬁducia
2975 4273 3102 4310 vero
3125 4298 3138 4322 ,
3170 4259 3239 4312 ob
3263 4257 3452 4312 ducem
3486 4259 3584 4311 viae
3619 4258 3825 4313 Jesum.

2247 4351 2351 4404 lter
2379 4363 2597 4419 agamus
2640 4349 2802 4402 sobrii
2833 4363 2896 4404 ac
2934 4349 3137 4418 vigiles.
3177 4349 3308 4403 Nam
3341 4349 3384 4402 si
3428 4349 3510 4401 vel
3557 4351 3827 4416 paululum

2246 4443 2361 4510 quis
2390 4442 2674 4505 dormitet,
2732 4441 2905 4495 statim
2936 4455 2993 4493 se
3027 4442 3346 4510 pratcipitetn
3389 4441 3496 4496 dat.
3527 4442 3643 4496 Non
3687 4443 3827 4496 enim

2245 4547 2428 4586 sumus
2462 4531 2804 4600 perfecdores
2838 4531 3053 4594 Davide,
3095 4531 3185 4596 qui
3212 4547 3275 4585 ex
3303 4547 3461 4598 parva
3506 4534 3826 4604 negligentia

2249 4623 2300 4676 in
2333 4623 2529 4690 peccati
2561 4621 2868 4676 barathrum
2903 4622 3003 4675 rnit
3033 4664 3046 4687 ,
3089 4622 3182 4675 sed
3216 4623 3392 4676 statim
3445 4627 3701 4680 surrexit.
3750 4625 3828 4682 Ne

2248 4729 2373 4782 ergo
2399 4721 2702 4781 peccantem
2731 4712 2903 4765 solum
2935 4712 3208 4779 re5pieias,
3237 4712 3330 4765 sed
3359 4713 3516 4766 etiam
3551 4722 3825 4783 peccatum

2247 4804 2569 4858 abluentem.
2597 4803 2711 4858 Non
2752 4804 2893 4858 enim
2929 4802 3047 4858 ideo
3075 4812 3276 4857 tantum
3306 4805 3419 4860 haec
3447 4806 3667 4860 historia
3690 4808 3829 4862 scri-

2249 4904 2336 4962 pta
2364 4905 2443 4948 est
2468 4935 2482 4958 ,
2519 4904 2573 4948 ut
2599 4894 2801 4963 lapsum
2834 4893 3107 4961 respicias,
3138 4894 3229 4948 sed
3261 4905 3316 4948 ut
3344 4907 3650 4966 surgentem
3677 4900 3832 4958 mire-

2249 4985 2322 5038 ris
2365 5002 2379 5036 :
2443 4992 2498 5036 ut
2539 4983 2712 5037 discas
2773 4990 2891 5052 post
2935 4983 3179 5050 lapsum,
3226 4987 3497 5054 quomodo
3546 5003 3825 5059 resurgere

2248 5087 2506 5147 oporteat.
2561 5077 3017 5144 Quemadmodum
3058 5078 3198 5132 enim
3247 5079 3440 5134 medici
3483 5082 3856 5149 gravissimos

2249 5170 2464 5224 morbos
2511 5170 2560 5222 in
2608 5169 2798 5224 libellis
2845 5168 3191 5237 describunt,
3253 5179 3414 5239 atque
3458 5171 3531 5225 ita
3578 5174 3827 5228 medendi

2314 5285 2329 5314 ¹
2367 5281 2479 5339 Alii,
2503 5280 2697 5331 Christi.

2241 5363 2419 5433 ρει,μά
2447 5360 2666 5433 litteram
2691 5377 2702 5409 :
2733 5363 2913 5433 ferum
2937 5359 3021 5433 ille
3043 5359 3131 5433 Itoc
3167 5364 3395 5427 praedicit
3413 5373 3600 5418 troitum
3624 5378 3676 5420 ut
3699 5384 3786 5433 pos

2433 5419 3369 5506 ἱὲξιέηῗῖῖίΰέέῖίῖῗέῗέ-ΡθέζξέἑίὲέἮΨ
3383 5466 3404 5506 »Α
3433 5438 3482 5506 ια
3506 5419 3726 5506 ,οηυιίηά
3739 5419 3802 5506 tis-

2239 5488 2418 5550 turum,
2430 5483 2652 5549 operibus
2676 5483 2959 5550 (dictorum)
2996 5483 3408 5550 confirmationem
3435 5483 3698 5544 exhibens.
3713 5483 3811 5546 Uti-

2239 5543 2302 5618 de
2326 5543 2473 5618 patet.
2489 5543 2817 5618 interpretem
2851 5543 3113 5618 aberrasse
3146 5562 3254 5597 cum
3281 5553 3450 5618 verba,
3473 5557 3536 5608 ὡς
3559 5543 3810 5618 ἔνδιχόῇ-

2235 5608 2331 5679 glov,
2355 5604 2572 5679 reddere.
2603 5604 2813 5679 credidit
2837 5607 3119 5679 scribendo,
3142 5611 3403 5679 secundum
3428 5604 3623 5679 capiam
3644 5604 3806 5679 cratim,

2237 5663 3804 5748 31915:}!915391Pt‘if‘vi’ewﬂslie_ivz_§e99"lt*eir°<{r§ei§§

2235 5732 2414 5835 estponc
2436 5740 2614 5838 senius
2638 5735 2734 5787 est,
2754 5735 2859 5778 erat
2878 5732 3004 5779 enim
3029 5743 3321 5793 prtecursor.
3340 5733 3424 5786 Cir
3445 5732 3803 5790 'Adnothieid;

2235 5801 2258 5833 a
2372 5801 2482 5836 cum
2574 5803 2665 5837 otr.

2233 5801 2293 5833 aa
2324 5801 2482 5836 locum
2530 5801 2665 5837 ινιτ.
