4094 6480
322 469 419 525 Sil

321 576 637 640 tn’etltodum
664 584 798 639 alios
837 583 1065 649 docent,
1096 583 1233 637 utin
1277 580 1569 651 majoribus
1592 578 1908 645 exercitati,

320 677 559 732 minores
582 676 930 747 tegritudiues
961 674 1167 731 facilius
1206 686 1463 745 superent
1494 694 1506 730 :
1553 676 1631 730 sic
1664 664 1728 731 et
1772 677 1914 733 Deus

319 769 633 838 gravissima
677 777 893 837 peccata
936 768 990 823 in
1035 766 1269 822 medium
1315 767 1577 834 adduxit,
1627 778 1686 822 ut
1728 770 1815 838 qui
1859 770 1911 823 in

317 862 525 931 exiguis
588 861 721 930 lapsi
773 869 998 924 essent,
1057 875 1246 916 eorum
1296 860 1547 929 exemplo
1613 860 1910 943 faciliorem

316 950 637 1006 emendandi
683 952 945 1007 rationem
984 950 1309 1007 invenirent.
1334 951 1389 1008 Si
1416 952 1559 1007 enim
1588 953 1789 1022 majora
1823 970 1911 1009 re-

315 1042 549 1114 medium
583 1042 904 1109 hahueruut,
935 1031 1105 1099 multo
1130 1042 1337 1098 facilius
1361 1044 1590 1099 minora.
1626 1045 1911 1100 Videamus

313 1130 474 1201 igitur
506 1147 608 1202 qua
640 1134 847 1189 ratione
872 1133 1247 1205 mgrotavcrit,
1292 1148 1399 1204 qua
1436 1134 1792 1191 valetudinem
1820 1152 1909 1191 re-

310 1225 646 1293 cuperaverit
679 1226 760 1280 vir
804 1225 895 1280 ille
938 1226 1145 1281 beatus.
1193 1225 1323 1293 Quae
1365 1225 1524 1295 igitur
1553 1225 1726 1280 morbi
1770 1228 1908 1282 ratio

309 1314 455 1369 fuit?
484 1315 777 1372 llmchatus
805 1325 908 1383 est,
938 1326 991 1371 et
1009 1316 1232 1372 occidit:
1257 1317 1374 1372 Non
1405 1319 1546 1374 enim
1575 1333 1767 1373 vereor
1790 1319 1908 1375 haec

309 1422 501 1478 magna
548 1423 684 1464 voce
712 1408 1003 1478 publicare.
1036 1409 1167 1464 Nam
1203 1411 1248 1465 si
1279 1410 1511 1480 Spiritus
1541 1422 1759 1467 sanctus
1796 1428 1905 1468 non

308 1509 463 1570 turpe
491 1502 817 1557 existimavit
864 1518 1012 1575 esse,
1042 1503 1179 1559 hanc
1210 1514 1374 1559 totam
1418 1504 1695 1560 historiam
1722 1507 1903 1578 publi-

304 1606 453 1659 care,
486 1595 656 1648 multo
686 1594 856 1665 magis
881 1611 980 1649 nos
1002 1595 1147 1649 illam
1182 1610 1287 1651 non
1316 1597 1545 1652 obscure
1582 1597 1784 1653 referre
1809 1598 1904 1653 de-

302 1683 514 1739 bemus.
542 1686 880 1756 Quapropter
923 1704 1029 1743 non
1060 1689 1223 1743 modo
1261 1687 1378 1745 haec
1405 1691 1708 1760 praedicabo
1746 1732 1762 1757 ,
1804 1692 1901 1747 sed

303 1778 449 1833 aliud
477 1794 692 1849 quoque
737 1780 1008 1849 adjiciam.
1052 1781 1266 1835 Etenim
1294 1782 1381 1851 qui
1425 1782 1544 1838 lucc
1582 1784 1895 1849 occultant,

303 1870 401 1926 viri
451 1870 593 1925 illius
642 1873 894 1927 virtutem
934 1874 1261 1928 obscuraut:
1291 1888 1355 1929 ac
1398 1876 1538 1929 sicut
1587 1875 1624 1930 ii
1663 1876 1751 1945 qui
1782 1874 1899 1944 ejus

300 1978 423 2019 cum
464 1963 715 2020 Goliatho
776 1980 1007 2036 pugnam
1054 1975 1470 2034 tacerent,-non
1518 1968 1765 2038 exiguam
1793 1969 1896 2039 ipsi

299 2072 553 2113 coronam
604 2059 932 2125 adimerent,
966 2058 1188 2129 perinde
1215 2060 1451 2117 facerent
1491 2062 1579 2145 qui
1623 2062 1758 2117 hanc
1810 2063 1932 2139 ἰπὶ-ί

299 2152 521 2205 storiam
552 2158 1041 2220 praetercurrcrent.
1075 2155 1268 2217 Annon
1296 2170 1412 2210 rem
1458 2155 1610 2211 rubis
1642 2156 1894 2225 inexspe-

298 2251 495 2298 ctatam
544 2244 702 2298 dico?
732 2244 837 2299 Sed
880 2245 1143 2300 tantillum
1188 2246 1593 2316 prtestolamini,
1632 2256 1685 2302 et
1711 2248 1894 2302 scietis

299 2350 397 2389 nos
427 2333 544 2389 haec
591 2336 712 2403 jure
752 2338 803 2391 in
850 2337 1086 2394 medium
1130 2338 1437 2408 protulisse.
1487 2337 1611 2393 ltleo
1664 2354 1894 2407 namque

294 2437 572 2495 peceatum
604 2428 889 2497 atnplilico,
914 2429 1074 2500 idque
1104 2431 1473 2499 inexspectata
1506 2430 1757 2501 loquendi
1783 2432 1887 2494 via,

296 2526 355 2572 ut
385 2522 667 2587 pbarmaca
692 2535 874 2590 parem
903 2521 1227 2589 copiosiora.
1250 2520 1387 2587 Quid
1418 2521 1593 2590 itaque
1617 2520 1891 2589 propono?
1962 2578 1968 2585 ,

296 2608 558 2665 Virtutem
607 2609 745 2673 viri;
780 2611 830 2665 id
860 2611 1002 2682 quod
1040 2612 1254 2681 gravius
1297 2611 1500 2667 crimen
1540 2612 1727 2667 efﬁcit.
1770 2611 1887 2667 Non

291 2697 435 2754 enim
480 2716 574 2770 par
600 2711 684 2757 est
724 2703 775 2756 in
830 2704 1079 2758 omnibus
1117 2713 1172 2758 et
1213 2704 1352 2761 circa
1383 2719 1574 2761 omnes
1604 2704 1705 2760 hac
1733 2709 1786 2760 in
1830 2721 1889 2761 re

287 2789 547 2859 judicium
583 2809 595 2844 :
628 2791 869 2848 Potentes
898 2795 1040 2849 enim
1066 2835 1082 2860 ,
1127 2796 1297 2865 inquit
1323 2835 1339 2860 ,
1374 2805 1601 2864 potenter
1639 2805 1888 2849 tormenta

289 2886 543 2955 patientur
572 2887 725 2957 (Sap.
755 2888 808 2942 6.
834 2888 924 2956 7);
954 2897 1026 2952 et,
1060 2888 1160 2955 Qui
1187 2889 1324 2942 novit
1352 2889 1656 2942 voluntatem
1692 2888 1888 2943 domini

286 2975 389 3040 sui,
418 2987 465 3029 et
499 2992 601 3029 non
626 2978 786 3045 facit,
817 2980 1075 3049 vapulabit
1106 2979 1280 3033 multis
1328 2977 1480 3049 (Luc.
1514 2980 1599 3033 l2.
1634 2979 1749 3050 47).
1785 2979 1887 3032 lta-

286 3081 391 3135 que
420 3068 590 3137 major
636 3071 867 3139 cognitio
899 3071 1117 3138 majoris
1144 3080 1227 3126 est
1272 3085 1436 3125 causa
1463 3071 1727 3141 supplicii.
1760 3071 1885 3125 ideo

285 3160 538 3215 sacerdos
565 3162 652 3230 qui
682 3163 731 3215 in
767 3162 933 3232 paria,
965 3172 1127 3231 atque
1155 3163 1387 3227 subditi,
1421 3164 1612 3218 incidit
1637 3175 1879 3234 peccata,

286 3265 390 3305 non
423 3267 597 3320 pares,
630 3252 725 3307 sed
757 3253 927 3307 multo
976 3254 1253 3325 graviores
1293 3255 1442 3310 dabit
1486 3271 1694 3325 pmnas.
1749 3256 1881 3310 For-

284 3352 428 3399 tasse
471 3344 597 3398 dum
642 3361 729 3401 me
757 3346 950 3408 videtis
991 3348 1319 3416 ampliﬁcare
1349 3349 1551 3404 crimen
1587 3390 1601 3413 ,
1654 3351 1881 3405 tremitis

280 3446 336 3489 et
363 3436 676 3500 formidatis,
722 3446 777 3493 et
821 3453 909 3493 me
951 3438 1101 3508 quasi
1143 3454 1239 3508 per
1283 3440 1576 3509 praecipitia
1625 3441 1875 3495 inceden-

282 3537 390 3581 tem
443 3528 732 3583 miramini.
777 3530 891 3599 Ego
933 3540 1062 3587 vero
1102 3538 1307 3585 tantum
1348 3534 1488 3587 circa
1530 3533 1660 3601 justi
1714 3535 1881 3590 virtu-

280 3627 388 3671 tem
416 3626 470 3672 et
492 3606 680 3673 merita
706 3618 939 3683 conﬁdo,
969 3630 1027 3673 ut
1050 3620 1213 3675 etiam
1241 3621 1464 3676 ulterius
1517 3624 1831 3693 progrediar
1861 3644 1875 3679 :

277 3718 479 3780 quanto
535 3712 678 3765 enim
723 3712 893 3783 magis
937 3712 1140 3767 crimen
1180 3713 1387 3783 augebo
1416 3756 1430 3780 ,
1474 3724 1621 3771 tanto
1656 3718 1878 3787 majori-

279 3802 380 3856 ltus
426 3801 677 3857 Davidem
745 3804 990 3859 laudibus
1031 3805 1307 3861 celebrare
1358 3817 1566 3875 potero.
1629 3810 1693 3863 Et
1745 3810 1874 3879 quid

279 3894 365 3949 his
416 3894 591 3964 majus
619 3939 633 3957 ,
687 3896 927 3964 inquies,
977 3895 1217 3965 proferre
1254 3898 1474 3966 possis?
1517 3898 1681 3955 Multo
1728 3912 1877 3957 certe

279 3985 506 4055 majora.
554 3984 1014 4052 Quemadmodum
1076 3988 1220 4041 enim
1276 3989 1425 4043 Caini
1494 3991 1701 4046 crimen
1766 4009 1871 4046 non

274 4077 455 4133 credes
494 4078 654 4134 modo
695 4089 806 4134 erat
837 4122 852 4145 ,
900 4079 994 4136 sed
1041 4080 1228 4135 multis
1257 4082 1496 4137 cazdibus
1540 4086 1730 4152 pejus;
1766 4100 1871 4140 non

275 4169 423 4225 enim
451 4171 705 4231 alienum,
736 4171 830 4225 sed
862 4169 1116 4233 fratrem;
1151 4183 1207 4227 et
1232 4176 1472 4239 fratrem,
1506 4190 1614 4229 non
1667 4175 1874 4232 laeden-

275 4272 386 4316 tem
420 4303 435 4329 ,
479 4261 574 4317 sed
626 4262 809 4316 laesum
845 4262 1076 4327 occidit;
1112 4278 1216 4318 non
1264 4274 1384 4335 post
1411 4266 1603 4321 inultas
1634 4276 1872 4336 patratas

273 4352 473 4417 cmdcs,
508 4352 600 4407 sed
641 4354 753 4421 ipse.
793 4355 1182 4410 exsecrandum
1232 4358 1409 4411 scelus
1440 4358 1585 4425 prior
1615 4360 1818 4415 invenit:
1851 4376 1865 4415 :

273 4444 355 4519 sic
381 4444 432 4497 in
459 4442 559 4497 hoc
587 4460 694 4513 quo
722 4445 789 4499 de
822 4446 1027 4513 agimus
1054 4447 1321 4512 exemplo,
1364 4466 1469 4503 non
1497 4450 1675 4505 credes
1707 4453 1867 4507 modo

274 4536 481 4590 facinus
506 4535 606 4591 hoc
626 4545 771 4596 erat:
803 4553 908 4591 non
932 4538 1073 4591 enim
1107 4539 1183 4593 vir
1204 4556 1232 4593 e.
1257 4542 1413 4594 trivio
1444 4542 1708 4597 homicida
1730 4556 1864 4610 erat,

270 4630 370 4683 sed
413 4629 705 4698 propheta;
752 4645 855 4683 non
886 4630 1167 4685 lmdentem
1195 4672 1209 4696 ,
1258 4632 1351 4687 sed
1392 4633 1579 4689 lmsum
1624 4637 1861 4691 occidit:

273 4720 434 4775 Iazsus
458 4720 651 4789 quippe
690 4719 863 4775 literae.
895 4734 959 4773 ex
985 4720 1250 4775 adulterio
1289 4737 1409 4776 cum
1442 4739 1609 4781 uxore
1659 4744 1672 4778 :
1706 4737 1867 4797 atque

272 4813 378 4866 hoc
412 4811 571 4866 etiam
603 4814 777 4867 set-ius
807 4813 1029 4866 addidit.
1082 4814 1356 4869 Videtisne
1408 4819 1677 4886 quomodo
1717 4820 1865 4887 justo

272 4903 391 4955 viro
416 4918 521 4956 non
554 4919 787 4972 parcam.
828 4914 875 4957 et
898 4906 1014 4957 sine
1055 4906 1161 4959 ullo
1201 4916 1625 4977 temperamento
1656 4912 1862 4966 scelera

269 4994 390 5063 ejus
417 4999 780 5050 recenseam?
827 5000 1072 5050 Attamen
1123 4998 1190 5051 ita
1233 4999 1300 5052 de
1358 5000 1502 5055 illius
1546 5003 1866 5072 purgatione

267 5084 514 5151 conﬁdo,
567 5096 624 5140 ut
655 5098 770 5156 post
817 5099 1019 5142 tantum
1064 5089 1328 5143 scelerum
1375 5091 1586 5146 culmen
1614 5134 1627 5157 ,
1681 5104 1861 5163 optem

266 5176 459 5231 adesse
492 5177 838 5241 Munichmos,
883 5179 971 5248 qui
1018 5180 1133 5233 haec
1172 5181 1406 5235 maxime
1443 5183 1764 5250 traducunt,
1810 5197 1862 5241 et

266 5268 639 5323 Marcionistas
664 5310 680 5336 ,
714 5280 771 5323 ut
816 5270 1027 5324 illorum
1070 5286 1166 5325 ora
1208 5275 1425 5342 egregie
1481 5275 1747 5329 claudam.
1780 5277 1862 5332 llli

268 5377 500 5428 nutuque
516 5363 699 5417 dicunt
716 5363 887 5431 ipsunt
912 5376 963 5418 et
979 5366 1241 5421 occidisse
1262 5376 1315 5421 et
1331 5368 1653 5423 mmchatum
1675 5368 1858 5437 fuisse;

265 5468 369 5523 ego
395 5470 524 5509 vero
555 5471 659 5509 non
691 5455 743 5508 id
786 5464 989 5510 tantum
1035 5456 1190 5521 (lico,
1243 5458 1337 5513 sed
1388 5460 1653 5529 duplicem
1698 5461 1861 5516 fuisse

265 5544 474 5601 etedem
501 5546 863 5601 demonstravi
891 5587 905 5602 .
956 5558 1066 5601 tum
1096 5549 1235 5617 quod
1268 5550 1353 5604 ille
1388 5552 1497 5619 jam
1530 5564 1653 5607 ante
1702 5555 1860 5608 laesus

264 5638 355 5700 sit.
386 5646 500 5695 tum
525 5637 666 5707 quod
697 5647 855 5692 tanta:
882 5639 1158 5709 dignitatis
1184 5651 1327 5694 esset
1360 5645 1403 5695 is
1432 5645 1522 5712 qui
1555 5646 1764 5699 cecidit.

339 5731 391 5785 7.
437 5730 708 5785 Peccatum
742 5733 948 5786 Doridis
985 5743 1249 5801 quantum.
1291 5732 1464 5804 Ipsius
1515 5748 1622 5805 post
1654 5739 1855 5806 lapsum

262 5831 455 5885 minuta
490 5821 665 5875 virtus.
716 5852 787 5862 -—-
838 5824 952 5877 Non
996 5825 1137 5879 enim
1185 5840 1281 5894 par
1324 5838 1406 5881 est
1446 5830 1648 5883 crimen
1686 5833 1857 5885 virum

264 5914 465 5978 Spiritu
492 5926 675 5969 sancto
704 5915 998 5986 (lignatum,
1042 5927 1119 5971 tot
1147 5917 1422 5975 beneﬁciis
1451 5920 1716 5988 affectum,
1764 5924 1853 5992 qui

1270 465 1335 521 ΙΝ
1374 459 1787 521 ΜΑΤΤΙΙᾸΞΗΜ
1827 459 2059 516 ιιοδυι..
2106 462 2294 518 XXVI.
2336 466 2407 520 al.
2452 466 2669 527 XXVII.

3527 487 3633 544 3‘2

2031 587 2230 634 tantam
2270 590 2591 650 potestatem
2636 595 2752 640 erat
2796 587 3041 657 adeptus,
3091 590 3145 645 in
3177 592 3267 647 tali
3313 604 3472 653 :etate
3516 598 3630 655 haec

2026 669 2258 727 facinora
2286 674 2522 743 aggredi,
2552 684 2711 746 atque
2740 677 2970 748 idipsum
2993 686 3289 753 perpetrari
3317 701 3345 739 a
3372 688 3509 756 viro,
3541 693 3627 746 cui

2023 762 2157 817 nihil
2187 778 2374 821 eorum
2404 776 2691 838 competat.
2743 770 2994 827 Attamen
3027 772 3152 831 hinc
3179 776 3478 835 mirabilior
3501 797 3630 836 eva-

2020 853 2100 909 dit
2131 855 2216 910 vir
2257 856 2350 913 ille
2392 858 2566 925 fortis,
2608 861 2749 932 quod
2800 862 2851 917 in
2899 864 3219 935 profundum
3257 873 3510 943 nequitia:
3551 876 3624 929 la-

2021 958 2168 1014 psus,
2210 962 2318 1002 non
2344 950 2525 1005 animo
2549 950 2827 1020 defecerit,
2878 971 2984 1026 non
3010 957 3334 1031 desperarit,
3379 978 3486 1019 non
3532 982 3623 1022 se-

2022 1035 2192 1103 ipsum
2224 1040 2473 1111 supinum
2507 1045 2815 1116 projecerit,
2862 1047 3003 1104 letali
3034 1049 3256 1108 vulnere
3280 1054 3564 1113 confossus
3579 1073 3622 1113 ‘a

2018 1129 2254 1211 diabolo,
2306 1136 2400 1191 sed
2428 1137 2555 1201 cito,
2592 1141 2699 1193 imo
2726 1141 2930 1210 statim,
2963 1158 3153 1214 magna
3181 1160 3303 1201 eum
3326 1148 3623 1206 vehemen-

2020 1227 2089 1277 tia
2121 1226 2291 1296 majus
2321 1228 2575 1284 iullixerit
2604 1231 2819 1299 vulnus,
2862 1249 3023 1304 quam
3056 1248 3356 1307 acceperat.
3388 1230 3624 1300 Perinde

2018 1324 2178 1385 atque
2213 1317 2255 1371 si
2298 1318 2348 1372 in
2378 1321 2496 1375 acie
2525 1319 2785 1377 barbarus
2814 1325 3079 1403 quispiam
3120 1328 3172 1383 in
3204 1345 3300 1385 cor
3331 1333 3412 1388 vel
3443 1330 3499 1403 i‘n_
3524 1334 3617 1393 he-

2013 1421 2112 1476 par
2138 1410 2341 1464 strenui
2372 1411 2471 1466 viri
2502 1412 2708 1487 hastam
2744 1415 3000 1485 inﬁxerit,
3040 1428 3096 1475 et
3123 1423 3414 1479 secundam
3448 1429 3616 1497 magis

2011 1500 2224 1555 letalem
2257 1504 2461 1575 plagam
2490 1507 2780 1575 addiderit,
2826 1520 2935 1566 tum
2968 1513 3057 1569 ille
3096 1515 3279 1585 lapsus
3305 1519 3609 1590 plagarum-

2008 1606 2115 1661 que
2143 1596 2401 1664 sanguine
2427 1598 2802 1668 circumfusus,
2832 1604 2939 1658 cito
2960 1610 3271 1672 surrexerit,
3300 1611 3613 1684 hastamque

2008 1684 2225 1741 vibrans
2256 1688 2466 1744 hostem
2496 1692 2817 1762 confoderit,
2860 1706 2915 1752 et
2960 1700 3195 1754 occisura
3240 1704 3419 1758 statim
3463 1706 3609 1762 lttmti

2009 1790 2334 1848 prostratum
2365 1776 2641 1855 reliquerit
2673 1804 2688 1841 :
2721 1788 2798 1843 sic
2826 1798 2878 1843 et
2907 1806 3067 1857 nunc,
3097 1808 3202 1863 quo
3223 1796 3478 1865 majorem
3508 1801 3607 1853 Da-

2006 1872 2144 1927 vidis
2170 1875 2377 1945 plagam
2418 1878 2641 1947 dixeris,
2689 1896 2756 1936 eo
2796 1882 3180 1942 mirabiliorem
3208 1890 3442 1947 confossi
3484 1897 3606 1949 aui-

2005 1976 2151 2017 mum
2199 1967 2471 2032 ostendis,
2518 1971 2660 2039 quod
2702 1981 2823 2041 post
2869 1975 3063 2032 vulnus
3104 1989 3211 2034 tam
3253 1998 3452 2053 grave,
3512 2004 3607 2057 pn-

2005 2057 2167 2110 tuerit
2194 2066 2250 2112 et
2291 2074 2536 2130 surgere,
2570 2071 2623 2117 et
2656 2064 2709 2118 in
2740 2064 2920 2123 fronte
2949 2070 3070 2125 valli
3092 2080 3255 2141 stare,
3290 2075 3605 2149 hostemque

2002 2158 2366 2217 prosternere.
2397 2153 2511 2210 Hoc
2539 2171 2671 2213 vero
2699 2171 2958 2228 quantum
2987 2164 3076 2225 sit.
3100 2167 3273 2221 sciunt
3301 2185 3490 2227 omnes
3512 2179 3601 2244 qui

2001 2238 2054 2294 in
2073 2242 2253 2311 gravia
2285 2242 2421 2315 lapsi
2447 2255 2573 2302 sunt
2601 2258 2841 2318 peccata.
2866 2251 2983 2309 Non
3010 2256 3155 2311 enim
3184 2259 3252 2312 ita
3284 2259 3438 2316 fortis
3464 2238 3599 2318 stre-

2007 2334 2212 2403 unique
2236 2335 2404 2391 animi
2431 2346 2516 2392 est
2542 2349 2689 2392 recta
2712 2339 3050 2395 incedentem
3075 2356 3299 2397 cursum
3335 2345 3597 2413 perﬁcere

2004 2424 2074 2494 (is
2090 2428 2237 2482 enim
2252 2428 2514 2483 comitem
2534 2428 2863 2501 babetspent
2878 2431 3077 2487 bonam
3091 2434 3461 2490 concitantem
3476 2452 3597 2492 ner-

2004 2532 2105 2574 vos
2124 2526 2179 2574 et
2201 2518 2546 2574 alacritatem
2574 2519 2911 2591 addentem),
2938 2531 2998 2576 ut
3015 2534 3138 2591 post
3157 2525 3305 2579 mille.
3332 2540 3591 2594 coronas,

2004 2617 2231 2678 tropaea,
2248 2610 2527 2675 victorias,
2543 2612 2779 2681 graviter
2792 2611 3005 2684 lapsum
3025 2630 3188 2684 posse
3203 2617 3459 2673 eumdem
3472 2633 3592 2674 cur-

2002 2714 2125 2755 sum
2142 2699 2323 2756 denuo
2338 2714 2597 2771 repetere.
2608 2699 2870 2759 Utautem
2890 2704 2943 2759 id
2957 2708 3103 2775 quod
3118 2707 3245 2763 dico
3257 2710 3458 2766 clarius
3468 2725 3592 2767 eva-

1992 2790 2103 2859 dat,
2155 2793 2303 2847 aliud
2345 2794 2523 2864 priore
2567 2812 2675 2853 non
2716 2800 2898 2857 minus
2939 2804 3246 2874 exemplum
3277 2807 3332 2861 in
3360 2810 3594 2864 medium

1994 2887 2145 2942 vobis
2194 2887 2436 2956 proferre
2481 2891 2719 2947 tentabo.
2776 2893 2961 2966 Cogita
3003 2897 3133 2951 mihi
3177 2898 3593 2969 gubernatorem

1992 2978 2160 3033 maria
2207 2980 2353 3035 mille
2396 2996 2699 3050 emensum,
2757 2997 2879 3055 post
2923 2992 3593 3063 tantamutavigationem,

1992 3079 2112 3137 post
2157 3071 2353 3127 multas
2403 3081 2771 3144 tempestates,
2823 3080 3097 3149 scopulos,
3140 3058 3364 3149 iluctus,
3415 3058 3597 3141 multis

1992 3161 2307 3218 instructum
2355 3166 2612 3229 mercium
2662 3169 2907 3235 sarcinis,
2943 3172 2994 3226 in
3046 3172 3165 3243 ipso
3210 3186 3399 3244 portus
3452 3180 3594 3235 ostio

1989 3255 2319 3322 demersum,
2361 3260 2451 3327 qui
2496 3262 2578 3313 vix
2610 3276 2642 3315 e
2671 3270 2817 3316 tanto
2844 3264 3121 3332 naufragio
3160 3269 3333 3324 nudus
3355 3270 3595 3341 effugere

1990 3350 2220 3416 potuerit
2250 3367 2265 3409 ;
2293 3366 2401 3419 quo
2432 3352 2520 3408 ille
2550 3354 2733 3407 animo
2761 3355 2923 3410 fuerit
2948 3371 3075 3427 erga
3110 3360 3501 3431 navigationem
3537 3375 3593 3421 et

1990 3440 2190 3494 marina
2215 3440 2491 3510 pericula?
2519 3459 2645 3498 num
2671 3444 2762 3499 ille
2784 3446 3011 3501 voluerit
3036 3463 3312 3521 umquam,
3348 3455 3448 3509 nisi
3477 3458 3594 3511 ani-

1987 3533 2057 3586 mi
2086 3534 2155 3587 sit
2181 3534 2470 3590 admodum
2492 3538 2718 3604 strenui,
2742 3539 2825 3593 vel
2852 3539 2998 3607 litus,
3023 3543 3110 3597 vel
3128 3555 3362 3614 portum,
3382 3549 3469 3603 vel
3496 3565 3591 3605 na-

1990 3642 2105 3681 vem
2137 3627 2297 3682 ullam
2327 3628 2643 3698 respicere?
2677 3629 2793 3685 Non
2821 3632 3004 3701 utique
3031 3642 3159 3704 puto
3187 3653 3199 3688 :
3232 3638 3326 3692 sed
3355 3641 3590 3696 occulta-

1986 3727 2072 3773 tus
2091 3718 2307 3786 jaeebit,
2342 3721 2483 3776 diem
2508 3722 2558 3775 in
2588 3733 2800 3778 noctem
2822 3734 3058 3791 vertens,
3084 3731 3339 3801 omnique
3365 3748 3461 3803 spe
3491 3734 3588 3789 de-

1983 3811 2236 3873 Stitutus;
2282 3813 2551 3881 maletque
2579 3814 2741 3867 vitam
2772 3815 3050 3871 mendicus
3074 3833 3255 3887 agerc,
3281 3838 3438 3891 quant
3473 3826 3585 3894 pri-

1983 3901 2153 3955 stinos
2178 3901 2328 3955 adire
2355 3902 2587 3958 labores.
2620 3905 2690 3959 At
2716 3921 2822 3959 non
2858 3907 2979 3961 talis
3010 3908 3107 3962 fttit
3134 3910 3220 3965 hic
3245 3915 3323 3967 vir
3355 3917 3540 3973 beatus
3573 3938 3587 3976 :

1982 3993 2076 4045 sed
2123 4004 2243 4061 post
2273 4002 2477 4048 tantum
2506 3996 2863 4067 naufragium,
2911 4011 3027 4066 post
3062 4010 3137 4055 tot
3168 4004 3379 4062 labores
3406 4018 3461 4063 et
3490 4025 3585 4065 su-

1981 4081 2164 4150 dores,
2216 4099 2321 4138 non
2368 4086 2559 4140 mansit
2608 4089 2889 4154 occultus;
2942 4091 3033 4145 sed
3096 4095 3273 4150 navim
3326 4104 3579 4171 extraxit,

1979 4177 2338 4245 expansisque
2380 4178 2533 4245 velis,
2582 4187 2637 4233 et
2683 4192 2905 4250 accepto
2952 4185 3339 4256 gubernaculo,
3376 4192 3585 4251 labores

1978 4268 2129 4334 adiit,
2171 4280 2227 4322 et
2268 4268 2500 4338 majores
2544 4286 2702 4341 quam
2757 4275 2903 4343 prius
2946 4276 3159 4333 divitias
3198 4282 3426 4351 adeptus
3476 4300 3577 4341 est.

1980 4358 2131 4427 Quod
2178 4358 2221 4412 si
2268 4368 2415 4415 stare
2470 4371 2523 4415 ct
2576 4360 2784 4431 lapsum
2833 4379 2937 4419 non
2983 4381 3200 4437 semper
3239 4371 3425 4439 jacere
3479 4378 3584 4431 mi-

1978 4451 2145 4506 rabile
2176 4462 2278 4517 est,
2312 4451 2490 4508 denuo
2518 4455 2743 4519 excitari
2774 4466 2828 4511 et
2862 4457 2987 4512 talia
3018 4461 3298 4533 perlicere,
3330 4477 3461 4537 quot
3491 4484 3584 4525 co-

1978 4545 2122 4600 ronis
2149 4545 2369 4615 dignum
2398 4562 2503 4600 non
2527 4547 2667 4601 erit?
2691 4549 2850 4618 Atqui
2880 4550 3046 4605 multa
3076 4564 3231 4609 erant
3257 4570 3379 4627 qua:
3407 4559 3581 4629 ipsum

1976 4638 2029 4692 in
2068 4638 2497 4707 deSperationem
2544 4639 2911 4709 conjicerent?
2964 4645 3160 4713 primo,
3205 4652 3410 4717 pecmti
3462 4670 3582 4707 ma-

1970 4729 2193 4795 gnitutlo
2216 4729 2518 4795 psecuitdo,
2548 4731 2690 4800 qttod
2721 4749 2826 4787 non
2860 4733 2911 4788 in
2940 4736 3192 4805 primaeva
3214 4751 3393 4808 tetate,
3414 4761 3579 4815 quan-

1970 4822 2044 4877 do
2087 4821 2257 4891 major
2301 4832 2418 4876 erat
2453 4836 2576 4892 spes
2619 4826 2964 4889 reversionis.
2998 4828 3091 4883 sed
3123 4829 3433 4891 declinante
3470 4838 3578 4905 jam

1976 4928 2137 4971 :ctatc
2169 4915 2218 4971 id
2246 4930 2437 4985 passus
2473 4928 2637 4973 esset.
2685 4919 2869 4989 Neque
2897 4926 3040 4977 enim
3077 4938 3363 4996 mercator,
3396 4936 3483 5001 qui
3516 4952 3579 4989 ex

1973 5016 2130 5073 portu
2176 5022 2429 5077 egressus
2472 5010 2651 5064 statim
2697 5012 3029 5084 naufragium
3082 5021 3300 5086 patitur,
3357 5026 3581 5093 perinde

1972 5097 2201 5151 afﬁcitur
2244 5098 2451 5165 dolore,
2506 5110 2667 5169 atque
2714 5104 2757 5157 is
2800 5106 2889 5174 qui
2936 5118 3061 5177 post
3092 5113 3288 5168 multas
3336 5129 3578 5185 peractas

1975 5192 2362 5258 negotiationes
2420 5194 2469 5247 itt
2513 5198 2792 5264 scopulum
2839 5199 3106 5272 impingit.
3162 5205 3379 5275 'l'ertio,
3435 5214 3576 5279 quod

1975 5294 2089 5350 post
2124 5294 2297 5337 tantas
2340 5286 2595 5341 cnllectas
2646 5290 2859 5345 divitias
2905 5292 2956 5347 id
3004 5311 3191 5364 passus
3228 5302 3297 5353 sit
3333 5320 3343 5353 :
3374 5306 3571 5360 ctenim

1974 5392 2076 5428 non
2110 5392 2283 5443 parva-
2312 5378 2385 5432 illi
2420 5390 2544 5433 tunc
2570 5381 2794 5437 aderant
2831 5388 3095 5441 mercium
3121 5392 3383 5458 sarcina);
3421 5414 3572 5449 nent-

1973 5481 2038 5535 pe
2076 5466 2163 5520 illa
2193 5483 2311 5537 qua:
2344 5470 2392 5521 iu
2428 5471 2675 5537 priutzeva
2710 5484 2867 5530 :etate
2898 5490 3164 5546 geSscrat,
3218 5499 3340 5538 cum
3395 5498 3575 5554 pastor

1970 5570 2147 5623 esset;
2199 5576 2373 5630 pugna
2416 5574 2604 5618 contra
2663 5567 2995 5637 Goliathum,
3063 5589 3184 5629 cum
3232 5580 3573 5647 splendidum

1969 5655 2139 5709 erexit
2167 5664 2425 5721 tropazum
2460 5677 2471 5708 :
2509 5660 2843 5729 philosophia
2880 5664 2966 5717 illa
2997 5681 3156 5735 quam
3182 5671 3423 5727 exhibuit
3445 5691 3572 5746 erga

1968 5744 2202 5799 Saﬁlem.
2226 5748 2593 5815 Evangelicam
2626 5752 2767 5803 enim
2795 5755 3032 5809 05teudit
3053 5744 3569 5830 magnanimitatem,

1968 5851 2088 5889 cum
2136 5840 2435 5892 sexcenties
2479 5840 2686 5895 hostem
2734 5860 2843 5911 pra:
2884 5848 3130 5903 manibus
3171 5851 3435 5917 habuerit,
3485 5858 3569 5911 cui

1972 5940 2182 5997 semper
2208 5930 2480 5997 pepercit;
2514 5932 2806 6003 maluitquc
2830 5938 3073 6004 patriam,
3109 5941 3431 6013 libertatem,
3458 5945 3567 6003 imo
