4094 6488
540 435 642 490 555

541 560 697 601 vitam
728 548 992 611 amittere,
1021 561 1177 618 quam
1210 546 1305 601 sibi
1351 549 1544 617 injuste
1587 546 1916 600 insidiantem
1940 546 2108 600 intor-

541 639 718 693 tieere.
743 635 870 691 Post
895 636 1142 707 adeptum
1170 652 1379 708 quoque
1399 653 1615 706 regnum
1644 652 1745 689 non
1779 651 1934 704 parva
1967 647 2111 690 recte

540 729 726 798 gessit.
777 730 947 799 Supra
994 728 1300 782 memoralls
1345 728 1583 783 addenda
1610 727 1724 795 ejus
1759 726 1897 794 apud
1925 740 2110 780 omnes

534 819 875 885 existimatio,
911 833 1030 873 nam
1058 818 1198 890 quod
1226 834 1255 873 a
1287 826 1429 873 tanta
1457 819 1617 889 gloria
1645 818 1946 882 excidisset,
2002 832 2107 871 non

537 925 754 977 parvum
784 908 962 965 animi
1004 919 1202 964 motum
1249 910 1482 966 excitare
1524 917 1753 980 poterat.
1806 908 1920 964 Non
1964 910 2105 964 enim

535 1009 738 1054 tantum
769 999 990 1054 ornabat
1017 1014 1262 1068 purpurte
1283 1001 1467 1062 decus.
1491 1009 1744 1072 quantum
1771 1000 1973 1070 pudore
1995 1000 2106 1053 suf-

534 1090 782 1145 fundebat
813 1091 1009 1160 peccati
1038 1092 1165 1144 tanti
1193 1091 1418 1146 macula.

602 1181 653 1235 8.
695 1179 854 1236 Scitis
904 1196 1065 1251 porro
1116 1198 1272 1252 quam
1321 1198 1559 1238 amarum
1605 1184 1673 1238 sit
1719 1197 1838 1238 cum
1892 1192 2103 1252 peccata

531 1272 866 1342 evulgantur,
916 1283 969 1327 et
1013 1281 1210 1342 quanto
1252 1274 1320 1328 sit
1363 1289 1495 1343 opus
1533 1275 1730 1339 animo,
1767 1283 1878 1328 uta
1925 1273 2104 1326 multis

528 1376 806 1423 accusatus
844 1367 943 1430 vir.
991 1376 1175 1436 totque
1222 1367 1423 1422 habens
1464 1368 1721 1422 scelerum
1768 1375 1952 1432 testes,
1998 1382 2103 1420 non

531 1473 746 1527 prorsus
772 1458 1035 1512 concidat.
1068 1462 1313 1512 Attamen
1341 1468 1589 1514 strenuus
1627 1458 1714 1512 ille
1742 1459 1841 1524 vir,
1872 1458 1971 1510 tela
2007 1458 2097 1510 ist-

528 1549 642 1605 hmc
671 1549 845 1602 omnia
885 1548 952 1603 ab
981 1549 1157 1602 anima
1187 1564 1276 1602 sua
1305 1548 1518 1613 evulsit,
1563 1547 1857 1617 deindeque
1889 1548 1956 1600 ita
1990 1547 2100 1601 cla-

527 1641 652 1705 ruit,
699 1641 768 1694 ita
811 1641 1043 1694 maculas
1087 1639 1252 1705 eluit,
1298 1640 1369 1694 ita
1429 1639 1652 1693 mundus
1691 1638 1969 1708 apparuit,
2045 1647 2099 1690 ut

525 1733 682 1786 etiam
732 1743 848 1803 post
899 1741 1122 1785 mortem
1167 1740 1418 1799 nepotum
1446 1745 1664 1786 suorum
1699 1740 1914 1801 peccata
1943 1729 2096 1784 obte-

522 1832 672 1891 geret
698 1839 713 1878 :
743 1824 959 1891 etquod
991 1823 1058 1878 de
1090 1823 1393 1877 Abrahamo
1420 1823 1629 1878 dixerat
1655 1823 1810 1886 Deus,
1859 1821 1910 1876 id
1939 1822 2096 1876 etiam

521 1917 587 1970 de
631 1916 721 1969 illo
767 1916 1059 1985 proferret;
1102 1917 1208 1969 itno
1253 1917 1418 1971 multo
1461 1917 1628 1984 magis
1668 1915 1734 1970 de
1772 1914 1986 1969 Davide.
2025 1915 2099 1970 De

522 2007 818 2076 patriarcha
861 2009 1002 2062 enim
1041 2008 1114 2061 ait
1163 2026 1176 2060 :
1225 2005 1536 2061 Recordatus
1557 2023 1666 2060 sum
1697 2007 1977 2059 testamenti
2004 2007 2099 2059 mei

519 2100 654 2166 quod
682 2101 776 2168 fuit
805 2100 872 2150 ad
895 2099 1147 2151 Abraham
1173 2098 1364 2167 (Exod.
1388 2099 1442 2152 2.
1468 2097 1594 2165 2i);
1626 2097 1711 2151 hic
1737 2112 1864 2152 vero
1892 2112 1995 2150 non
2017 2097 2095 2150 lo-

519 2189 696 2257 quitur
721 2188 788 2243 de
819 2197 1137 2242 testamento
1171 2205 1183 2240 :
1213 2188 1307 2241 sed
1338 2187 1503 2258 quid?
1534 2185 1752 2256 PrOpter
1782 2186 1947 2239 David
1969 2204 2095 2255 pue-

519 2296 632 2331 rttm
672 2295 835 2331 meum
879 2288 1137 2348 protegam
1182 2278 1312 2331 hanc
1354 2279 1601 2332 civitatem
1646 2275 1812 2346 (Isai.
1846 2279 1932 2332 57.
1962 2278 2029 2332 55

515 2369 850 2422 Salonionem
877 2368 1035 2422 etiam
1063 2368 1150 2437 qui
1184 2377 1325 2420 tanta
1361 2365 1561 2422 scelera
1586 2367 1822 2432 admisit,
1851 2367 1920 2422 ob
1944 2381 2092 2422 suam

515 2449 640 2528 erga
688 2458 936 2513 Daridem
979 2459 1400 2515 benevolentiam
1452 2474 1558 2513 non
1597 2459 1838 2529 permisit
1885 2459 2024 2514 Deus
2065 2475 2095 2515 e

517 2563 680 2619 regno
717 2549 984 2604 excidere.
1037 2548 1312 2618 Tantaque
1351 2558 1466 2604 erat
1500 2549 1596 2603 viri
1645 2549 1989 2612 existimatio,
2041 2559 2097 2602 ιιι

519 2649 631 2706 post
666 2650 738 2692 tot
776 2653 944 2693 annos
988 2639 1175 2694 Petrus
1215 2640 1268 2694 in
1301 2641 1557 2694 concione
1599 2640 1664 2694 ad
1702 2638 1916 2695 Judmos
1955 2641 2094 2694 dicc-

517 2742 599 2787 ret
637 2747 649 2784 :
685 2731 854 2785 Liceat
892 2731 1138 2785 audenter
1162 2731 1330 2786 dicere
1367 2731 1437 2784 ad
1465 2747 1548 2785 ros
1578 2731 1640 2786 de
1667 2732 1957 2801 patriarcha
1981 2731 2092 2784 Da-

516 2823 618 2888 vid,
653 2821 886 2889 quoniam
933 2822 1194 2887 defunctus
1230 2829 1300 2876 est
1349 2830 1394 2875 et
1449 2822 1672 2891 sepultus
1727 2819 1943 2892 (143.2.
1974 2821 2088 2891 29).

514 2913 756 2968 Christus
808 2929 1018 2984 quoque
1069 2912 1280 2968 .ludreos
1333 2913 1633 2982 alloquens,
1688 2912 1921 2968 ostendit
1971 2928 2089 2967 eum

514 3003 671 3058 etiam
715 3011 834 3072 post
877 3013 1150 3072 peccatum
1195 3005 1264 3057 ita
1312 3003 1540 3071 Spiritus
1585 3005 1751 3071 gratia
1795 3003 2088 3074 dignatum,

515 3108 569 3148 ιιι
616 3097 774 3149 etiam
825 3093 890 3148 de
941 3095 1107 3164 ipsius
1152 3093 1426 3149 divinitate
1472 3094 1802 3163 prophetiam
1852 3094 2094 3150 emittere

515 3187 763 3241 meruerit
815 3204 827 3240 :
875 3183 1102 3255 indeque
1147 3185 1380 3254 ipsorum
1409 3199 1500 3240 ora
1529 3187 1784 3239 obturans
1831 3185 2038 3239 dicebat
2076 3204 2086 3238 :

518 3277 780 3345 Quomodo
823 3292 940 3347 ergo
981 3275 1147 3329 David
1187 3277 1239 3329 iu
1281 3276 1461 3346 spiritu
1485 3286 1628 3330 vocat
1656 3293 1767 3330 eum
1795 3275 2088 3341 Dominum,

511 3371 699 3434 dicens,
749 3368 888 3422 Dixit
931 3367 1170 3421 Dominus
1218 3367 1436 3421 Domino
1479 3384 1618 3432 meo,
1663 3368 1796 3423 Sede
1841 3383 1872 3420 a
1901 3369 2090 3422 dextris

510 3463 630 3512 meis
665 3459 873 3529 (Matth.
901 3457 992 3511 Ξῖ.
1026 3459 1161 3526 43)ἳ
1192 3459 1258 3512 Ει
1282 3459 1418 3525 quod
1454 3461 1503 3512 in
1526 3458 1703 3529 Moyse
1731 3457 1925 3513 factum
1966 3469 2087 3526 est,

513 3548 613 3602 hoc
640 3549 797 3602 etiam
828 3548 877 3600 in
908 3547 1124 3602 Davide.
1174 3545 1628 3612 Quemadmodum
1672 3549 1814 3602 enim
1848 3548 2086 3614 Mariam,

509 3639 673 3691 invito
702 3639 859 3692 etiam
887 3637 1084 3708 Moyse,
1114 3638 1390 3707 castigavit
1436 3639 1592 3704 Deus,
1617 3653 1679 3693 eo
1707 3638 1845 3709 quod
1871 3640 2086 3693 fratrem

514 3775 1482 3786 .._._._—.—————

1273 437 1329 490 S.
1370 434 1646 491 JOANNIS
1683 430 2151 491 CHRYSOSTOMI
2187 430 2499 487 ARCIIIEI’.
2541 427 3072 516 CONSTANTINOP.

3693 437 3797 494 5M

2219 548 2544 603 contumelia
2564 546 2850 610 allecisset,
2876 549 3000 618 quia
3026 563 3220 618 nempe
3242 557 3492 602 sanetum
3518 547 3668 603 illum
3693 549 3792 603 ad.

2218 641 2437 694 modum
2468 639 2720 711 diligebat
2751 657 2763 694 :
2797 639 2896 701 sic,
2929 649 2983 693 et
3014 640 3115 694 hoc
3149 638 3388 705 nolente,
3422 639 3589 694 lilium
3619 640 3798 693 rebel-

2215 732 2319 786 lem
2344 733 2488 787 ultus
2515 745 2616 787 est.
2643 731 2767 786 ll:ee
2791 747 2912 786 cum
2935 733 3074 795 aliis,
3109 733 3218 785 imo
3246 749 3358 802 pra:
3383 733 3523 797 aliis,
3556 733 3654 787 viri
3683 733 3798 786 vir-

2215 833 2382 900 tutem
2418 827 2546 879 satis
2585 824 2874 878 declarant.
2924 822 3055 876 Nam
3091 839 3215 877 cum
3254 824 3394 878 Deus
3427 822 3530 878 fert
3565 833 3796 877 senten-

2215 913 2363 972 tiam.
2397 914 2530 967 nihil
2559 915 2696 967 ultra
2727 913 3138 981 exp'orandnm.
3177 912 3234 966 Si
3267 913 3432 968 vultis
3466 922 3648 968 autem
3676 912 3793 980 ejus

2213 998 2596 1068 philosophiam
2640 997 2937 1051 minutatim
2969 995 3232 1063 ediscere,
3273 996 3396 1070 licet
3426 996 3792 1066 percurrenti-

2210 1091 2308 1144 hns
2359 1088 2631 1143 historiam
2688 1101 2870 1143 eorum
2919 1102 3036 1156 qua!
3081 1096 3201 1156 post
3246 1095 3522 1155 peceatum
3574 1085 3792 1155 gessit,

2210 1181 2389 1237 videre
2432 1192 2679 1248 quantam
2728 1178 2814 1231 ille
2852 1177 2990 1245 apud
3024 1179 3184 1232 Deum
3227 1175 3473 1231 fiduciam
3501 1176 3790 1239 habuerit,

2207 1280 2401 1343 quanta
2441 1272 2557 1340 ejus
2601 1269 2967 1326 benevolentia
3005 1269 3253 1340 dignatus
3294 1268 3383 1332 sit,
3432 1277 3690 1338 quantum
3737 1267 3789 1320 in

2208 1366 2398 1420 virtute
2422 1365 2723 1434 profecerit,
2753 1379 2911 1434 quam
2940 1373 3086 1420 recte
3112 1363 3178 1418 a'd
3207 1363 3451 1417 ultimum
3481 1376 3651 1431 usque
3680 1362 3792 1429 spio

2205 1458 2363 1512 ritum
2385 1455 2594 1510 vixerit.
2627 1456 2717 1509 His
2744 1455 2904 1524 igitur
2925 1454 3185 1523 exemplis
3211 1454 3458 1514 instituti,
3480 1452 3786 1520 vigilemus,

2205 1561 2592 1615 caveamusque
2620 1562 2686 1600 ne
2715 1546 2960 1600 labamur
2992 1562 3007 1598 :
3047 1544 3186 1614 quod
3213 1546 3260 1599 si
3286 1543 3499 1614 quando
3527 1542 3631 1597 labi
3658 1556 3791 1597 cono

2205 1640 2390 1708 tingat,
2439 1652 2507 1692 ne
2553 1637 2801 1706 prostrati
2834 1637 3126 1706 jaceamus.
3184 1635 3364 1706 Neque
3405 1637 3544 1689 enim
3567 1644 3786 1705 peccata

2205 1728 2418 1783 Davidis
2445 1731 2689 1798 exposui,
2731 1737 2788 1783 ut
2818 1744 2911 1782 vos
2941 1728 2992 1782 in
3020 1728 3296 1798 segnitiem
3324 1727 3604 1796 conjiciam
3631 1742 3646 1789 ;
3689 1725 3786 1779 sed

2203 1829 2260 1874 ut
2289 1819 2533 1874 timorem
2561 1820 2833 1874 incutiam.
2869 1819 3001 1874 Nam
3033 1820 3075 1874 si
3102 1819 3276 1888 justus
3308 1818 3420 1884 ille,
3449 1819 3571 1888 quia
3601 1833 3787 1887 parum

2201 1912 2464 1980 neglexit,
2517 1919 2592 1965 tot
2633 1913 2844 1982 excepit
2885 1911 3125 1976 vulnera,
3176 1910 3300 1980 quid
3343 1911 3549 1981 passuri
3601 1924 3790 1964 sumus

2201 2019 2318 2070 nos,
2347 2004 2435 2073 qui
2463 2003 2698 2074 quotidie
2727 2018 2916 2072 segnes
2943 2004 3169 2058 sumus?
3211 2002 3287 2058 Ne
3311 2004 3518 2074 cogites
3555 2017 3684 2072 ergo
3713 2003 3788 2055 la-

2203 2112 2352 2168 psum
2394 2098 2536 2150 illum
2575 2111 2715 2159 esse,
2749 2105 2804 2150 ut
2851 2096 2973 2151 hinc
3017 2096 3288 2165 negligens
3313 2095 3508 2149 evadas
3535 2111 3550 2153 :
3582 2093 3677 2149 sed
3704 2103 3783 2145 te-

2200 2203 2320 2243 cum
2351 2197 2535 2256 reputa
2565 2198 2692 2258 quot
2716 2197 3016 2256 quantaque
3044 2197 3224 2255 postea
3259 2186 3459 2248 fecerit.
3517 2193 3648 2255 quot
3693 2186 3788 2239 fle-

2201 2289 2304 2346 tus,
2337 2288 2589 2350 quantam
2631 2279 2995 2348 paruitentiam
3043 2289 3195 2333 nocte
3227 2278 3421 2347 dieque
3447 2277 3786 2342 exhibuerit,

2198 2371 2371 2427 fontes
2413 2371 2767 2441 lacrymarum
2820 2371 3089 2436 emittens,
3139 2370 3308 2438 iisque
3355 2370 3539 2424 lavans
3591 2368 3782 2423 lectum

2197 2479 2381 2526 suum;
2432 2473 2485 2517 et
2524 2463 2635 2516 hzcc
2679 2477 2836 2515 sacco
2887 2462 3121 2515 indutus.
3178 2461 3232 2515 Si
3274 2469 3451 2514 autem
3500 2460 3589 2514 ille
3637 2445 3782 2514 tatita

2198 2555 2402 2624 eguerit
2431 2553 2804 2615 conversione,
2833 2566 2934 2621 qua
2967 2552 3172 2606 ratione
3202 2551 3494 2620 poterimus
3522 2564 3621 2604 nos
3642 2553 3783 2602 satu-

2200 2657 2304 2702 tcm
2335 2647 2608 2715 coosequi,
2657 2654 2778 2715 post
2819 2653 2896 2698 tot
2926 2654 3142 2714 peccata
3176 2643 3324 2696 nullo
3349 2641 3654 2712 compuncti
3683 2640 3782 2694 do-

2196 2739 2347 2792 lore?
2375 2736 2504 2790 Nam
2538 2736 2624 2805 qui
2673 2735 2851 2788 multis
2880 2735 3133 2802 operibus
3162 2733 3316 2788 bonis
3343 2735 3632 2788 instructus
3679 2741 3782 2796 est,
3813 2781 3834 2791 -

2196 2829 2348 2883 facile
2390 2829 2556 2898 possit
2605 2828 2729 2882 hinc
2771 2837 2985 2898 peccata
3032 2842 3126 2881 sua
3155 2827 3409 2896 obtegere
3441 2843 3454 2879 :
3485 2826 3576 2895 qui
3603 2835 3783 2878 autem

2197 2921 2367 2975 nudus
2410 2929 2512 2984 est,
2559 2933 2893 2988 quocumque
2934 2918 3039 2971 telo
3078 2919 3386 2986 impetatur.
3419 2916 3632 2972 letalem
3665 2914 3782 2985 pla-

2195 3027 2312 3081 gam
2346 3011 2557 3078 accipit.
2609 3008 2686 3063 Ne
2715 3009 2872 3079 igitur
2900 3008 2999 3062 hoc
3029 3009 3254 3072 accidat,
3290 3023 3387 3062 nos
3417 3007 3573 3060 bonis
3601 3007 3781 3077 operi-

2194 3104 2293 3158 bus
2322 3105 2337 3134 ¹
2388 3102 2708 3165 muniamus,
2761 3112 2814 3155 et
2859 3101 2901 3155 si
2945 3100 3086 3170 quod
3128 3109 3406 3170 peccatum
3435 3099 3778 3160 admittatur.

2195 3191 2474 3248 ceiifestim
2506 3207 2603 3246 nos
2633 3193 2946 3254 abluamus;
2983 3201 3037 3244 ut
3068 3190 3166 3244 hac
3205 3191 3308 3243 vita
3341 3190 3405 3243 ad
3437 3189 3528 3244 Dei
3555 3189 3782 3259 glariam

2193 3293 2431 3354 peracta,
2477 3284 2651 3338 futura
2685 3284 2770 3336 illa
2807 3283 3043 3337 fruamur
3071 3283 3176 3335 vita
3210 3299 3222 3335 :
3253 3297 3410 3351 quam
3453 3296 3552 3336 nos
3592 3294 3783 3336 omnes

2193 3376 2411 3444 assequi
2443 3376 2734 3443 contingat.
2763 3374 2928 3443 gratia
2959 3383 3012 3428 et
3035 3373 3359 3444 benignitate
3383 3372 3592 3426 Domini
3614 3374 3781 3427 nostri

2191 3467 2314 3521 Jesu
2347 3466 2566 3531 Christi,
2597 3467 2679 3519 cui
2702 3465 2874 3535 gloria
2903 3475 2958 3519 et
2985 3465 3266 3533 imperium
3299 3465 3349 3518 in
3380 3463 3574 3518 saecula
3605 3477 3777 3517 s:ccu-

2195 3559 2388 3612 lorum.
2424 3560 2616 3611 Anien.

2259 3651 2275 3679 ι
2316 3647 2369 3696 ιιι
2391 3647 2554 3695 Morel.
2581 3646 2702 3704 solo,
2721 3645 2797 3693 ba:
2825 3657 2985 3703 voces,
3011 3643 3141 3694 bonis
3162 3643 3404 3706 operibus,
3426 3643 3656 3693 deerant.

1578 3867 1920 3929 HOMILIA
1973 3869 2238 3931 XXVII.
2283 3867 2368 3930 al.
2417 3866 2713 3928 XXVIII.

509 3987 634 4039 ιῗΑιι.
694 3987 743 4038 8.
798 4001 848 4036 ι’.
903 3986 986 4039 Η.
1043 3984 1106 4037 Et
1159 4001 1272 4037 cum
1329 3986 1541 4038 venisse?
1580 3984 1727 4041 Jestts
1772 3990 1824 4040 in
1882 3989 2085 4041 domum

584 4077 740 4137 l’rtri,
787 4078 907 4128 vidit
945 4093 1141 4130 socrum
1186 4080 1295 4146 ejus
1330 4077 1579 4146 jaceutem
1605 4088 1650 4132 ct
1686 4079 2086 4149 febricitantem:

585 4169 661 4220 l5.
705 4177 751 4218 et
792 4167 947 4236 tetigit
978 4183 1180 4219 umnam
1223 4172 1350 4236 ejus,
1381 4177 1426 4221 et
1453 4170 1654 4238 reliquit
1685 4187 1793 4224 eam
1825 4172 1974 4240 febris
1998 4189 2016 4226 :
2043 4183 2088 4227 et

578 4259 792 4310 surrexit
820 4267 864 4309 et
894 4257 1204 4309 ministrabat
1233 4258 1294 4310 ei.

581 4351 630 4400 l.
677 4347 880 4400 “arcos
929 4357 983 4400 ut
1026 4356 1235 4415 tempus
1283 4348 1643 4415 significaret,
1681 4350 1851 4413 dixit,
1907 4351 2089 4402 Statim

507 4436 712 4506 (Merc.
751 4439 797 4491 Ι.
828 4438 887 4491 51
914 4440 964 4504 )z
1004 4437 1090 4490 hic
1118 4452 1242 4490 vero
1287 4438 1493 4506 signum
1529 4441 1863 4494 solummodo
1897 4443 2088 4509 posuit,

512 4541 822 4598 tempusque
853 4543 954 4581 non
985 4529 1204 4582 notauit.
1235 4529 1336 4582 Alii
1363 4540 1537 4584 autem
1567 4531 1766 4597 dicunt,
1789 4549 1984 4601 a-gram
2007 4534 2093 4588 de-

509 4622 846 4674 nunbentcm
895 4634 1110 4688 rogasse
1159 4603 1303 4674 illum
1344 4638 1356 4672 :
1405 4622 1489 4676 hic
1539 4637 1697 4690 porro
1753 4624 1876 4677 illud
1932 4628 2088 4679 etiam

511 4712 690 4765 tacuit.
743 4711 794 4763 lu
839 4725 939 4779 qua
981 4725 1036 4763 re
1069 4722 1240 4764 tamen
1293 4713 1432 4765 nulla
1469 4716 1549 4765 est
1576 4713 1962 4782 discrepantia;
1997 4721 2087 4772 sed

509 4803 650 4854 aliud
691 4811 774 4855 est
825 4801 1112 4866 brevitatis,
1157 4803 1298 4856 aliud
1342 4805 1591 4872 [:ilenioris
1623 4807 1955 4861 narrationis.
1985 4808 2089 4864 Sed

512 4912 606 4948 cur
637 4899 905 4965 ingressus
936 4903 1016 4948 cst
1042 4896 1092 4948 in
1137 4894 1350 4948 domum
1395 4898 1574 4949 l’etri'.’
1613 4897 1733 4950 Mihi
1769 4900 1974 4965 quidem
2011 4905 2088 4955 vi-

513 4987 665 5039 detur
692 5027 707 5051 ,
741 4994 797 5039 ut
840 4988 1015 5040 cibum
1058 4996 1293 5040 sumeret
1325 5005 1336 5038 :
1367 4987 1414 5039 id
1463 4987 1600 5056 quod
1649 4988 1925 5055 signiﬁcat,
1968 5007 2085 5044 cum

511 5081 584 5127 ait
613 5093 625 5127 :
657 5075 909 5142 Surrexit,
942 5087 987 5128 et
1020 5077 1330 5129 ministrabat
1367 5081 1429 5129 ei.
1462 5077 1589 5130 Nam
1631 5080 1765 5146 apud
1805 5083 2090 5150 discipulos

511 5167 828 5231 divertebnt,
865 5176 993 5221 utet
1020 5167 1155 5237 apud
1188 5167 1507 5231 Matthzcuiu,
1535 5169 1744 5238 quando
1769 5171 1909 5224 ilium
1939 5188 2090 5226 voca-

513 5263 604 5324 vit,
632 5264 832 5313 honore
863 5262 979 5313 illos
1001 5261 1238 5314 alliciens
1269 5269 1323 5313 ut
1343 5262 1683 5314 studiosiores
1717 5263 1975 5316 redderet.
2011 5267 2086 5318 Ίίι

519 5368 641 5404 vero
673 5351 757 5404 liic
781 5351 908 5405 mihi
937 5351 1242 5406 consideres
1274 5354 1424 5406 velim
1457 5354 1592 5406 l’ctri
1620 5369 1741 5420 erga
1767 5353 1911 5407 illum
1943 5372 2088 5409 reve-

515 5442 757 5496 rentiam.
791 5441 920 5496 Cum
964 5443 1102 5496 enim
1135 5458 1344 5498 socrum
1391 5445 1606 5499 haberet
1645 5445 1786 5498 domi
1827 5447 2087 5514 jaccntem

517 5548 563 5586 et
593 5533 874 5588 admodum
910 5533 1318 5600 febricitantem,
1361 5552 1463 5590 non
1507 5538 1664 5589 traxit
1703 5551 1822 5592 eum
1851 5538 2086 5606 domum,

516 5627 608 5679 sed
656 5626 982 5696 exspectavit
1026 5628 1198 5683 donec
1236 5629 1488 5684 doctrina:
1522 5632 1824 5698 praedicatio
1849 5632 2090 5687 abSolvc-

517 5730 683 5781 retur,
726 5720 1010 5789 exterique
1049 5736 1234 5774 omnes
1279 5731 1613 5782 sanarentur,
1645 5731 1697 5778 et
1723 5733 1846 5775 lllttc
1877 5723 2087 5777 demum

518 5822 636 5860 cum
667 5810 936 5876 intrasset,
967 5809 1111 5863 illum
1143 5813 1360 5879 rogavit.
1390 5812 1474 5864 Sic
1503 5812 1566 5864 ab
1588 5815 1737 5868 initio
1775 5816 2080 5867 institueba-

2196 3998 2294 4051 tur,
2325 3998 2383 4041 nt
2414 4003 2498 4041 res
2537 3987 2762 4040 aliorum
2800 3988 2908 4040 suis
2935 3998 3303 4057 anteponeret.
3331 3988 3511 4060 Itaque
3540 4006 3645 4044 non
3679 3984 3781 4038 Pe-

2196 4090 2304 4134 trus
2332 4080 2500 4148 ipsum
2521 4078 2753 4140 induxit,
2779 4077 2870 4130 sed
2889 4079 3000 4146 ipse
3022 4090 3213 4147 sponte.
3231 4081 3467 4147 intravit,
3499 4094 3780 4151 postquam

2192 4171 2434 4225 centurio
2455 4170 2658 4224 dixerat
2691 4188 2701 4221 :
2734 4167 2850 4222 Non
2873 4185 2982 4221 sum
3001 4173 3203 4238 dignus,
3233 4182 3284 4223 ut
3305 4173 3460 4226 intres
3479 4174 3572 4226 sub
3596 4183 3780 4227 tectum

2195 4276 2393 4322 mcum;
2435 4261 2714 4314 declarans
2769 4271 3021 4329 quantum
3067 4262 3451 4331 gratificaretur
3493 4264 3757 4334 discipulo

2197 4353 2352 4422 Atqui
2379 4354 2684 4407 consideres
2715 4355 2870 4408 velim
2902 4355 3086 4422 quales
3110 4365 3291 4408 essent
3326 4355 3646 4424 piscatorum
3678 4357 3778 4409 bo-

2196 4461 2377 4499 rumce
2401 4446 2572 4509 a-dt-s;
2604 4455 2836 4500 attamen
2867 4447 2918 4500 in
2969 4448 3178 4502 illorum
3209 4449 3412 4519 tuguria
3446 4450 3644 4504 intrare
3671 4466 3776 4505 non

2194 4537 2505 4607 dedignatus
2534 4551 2647 4598 est:
2673 4555 2779 4608 quo
2802 4555 2897 4594 nos
2918 4540 3139 4596 doceret
3166 4551 3222 4594 ut
3247 4542 3298 4595 in
3321 4543 3568 4596 omnibus
3583 4542 3777 4597 fastum

2197 4631 2456 4685 ealeemus
2490 4632 2796 4685 humanum.
2849 4631 2911 4685 Et
2939 4631 3098 4685 modo
3127 4633 3340 4702 quidem
3370 4633 3546 4688 verbis
3574 4643 3777 4690 tantum

2195 4732 2366 4784 sanat,
2403 4723 2559 4776 modo
2599 4739 2812 4778 manum
2857 4725 3099 4794 porrigit,
3132 4727 3293 4780 modo
3322 4736 3607 4798 utrumque
3637 4743 3776 4796 pra-.o

2197 4821 2318 4872 stat,
2354 4814 2666 4866 medicinam
2696 4813 2765 4865 ob
2796 4815 2982 4867 oculos
3008 4814 3227 4870 ducens.
3261 4815 3375 4869 Non
3396 4817 3538 4871 enim
3565 4817 3777 4872 Volebat

2197 4919 2406 4972 semper
2455 4907 2714 4973 stupcudo
2755 4905 2913 4958 modo
2966 4907 3215 4959 miracula
3264 4909 3446 4963 cdere.
3489 4909 3776 4978 Opormbat

2194 4997 2386 5064 quippe
2412 4999 2617 5049 interim
2643 4998 2825 5058 latere,
2852 5000 3080 5052 maxime
3100 5001 3454 5067 prmsentibus
3477 5001 3774 5072 discipulis,

2195 5089 2280 5155 qui
2313 5103 2374 5141 ex
2411 5090 2569 5142 nimio
2611 5091 2802 5156 gaudio
2830 5091 3001 5143 omnia
3041 5092 3437 5158 prmdicassent.
3473 5095 3604 5149 Illud
3651 5112 3777 5150 vero

2197 5181 2314 5233 hinc
2345 5182 2509 5248 paiant
2541 5191 2639 5246 est,
2675 5184 2812 5253 quod
2848 5194 3120 5253 postquam
3169 5189 3401 5241 venisset
3438 5187 3488 5242 in
3517 5197 3774 5255 montem,

2194 5273 2503 5341 prmcipt-rct
2532 5275 2826 5340 discipulis,
2865 5292 2930 5330 ne
2958 5278 3038 5328 cui
3069 5277 3118 5330 id
3150 5278 3408 5333 dict-rent.
3429 5279 3624 5348 Tetigit
3648 5297 3776 5350 ergo

2194 5364 2408 5430 eorpn§,
2444 5381 2614 5430 neque
2645 5365 2799 5418 modo
2833 5368 3020 5420 febrim
3053 5371 3329 5430 exstinxit,
3364 5369 3457 5424 sed
3487 5380 3541 5425 et
3575 5372 3776 5427 valetu-

2193 5455 2372 5508 dinem
2417 5456 2569 5524 plene
2613 5458 2874 5510 restituit:
2905 5461 3026 5529 quia
3055 5461 3196 5514 enim
3240 5462 3368 5516 levis
3392 5471 3508 5517 erat
3535 5465 3773 5528 merbus,

2193 5562 2257 5600 ex
2283 5546 2527 5600 medendi
2570 5546 2725 5601 modo
2752 5549 3036 5617 potentiam
3077 5565 3228 5607 suam
3253 5552 3512 5619 ostendit;
3555 5552 3608 5608 id
3635 5553 3777 5624 quod

2193 5652 2280 5690 ars
2311 5637 2584 5691 medicina:
2613 5653 2717 5692 non
2745 5639 2974 5694 fecisset.

2268 5727 2506 5782 Christus
2524 5730 2754 5783 celeriter
2771 5731 2969 5784 morbos
2985 5733 3512 5802 auferebat.—Scitis
3528 5748 3779 5793 cessante

2200 5817 2347 5870 fcln'c
2374 5820 2540 5872 multo
2571 5831 2807 5891 tempore
2837 5840 2969 5892 opus
2991 5840 3129 5884 esse,
3169 5836 3220 5878 nt
3246 5827 3368 5894 (ΡΨ-ἱ
3400 5826 3450 5878 in
3487 5827 3777 5898 pristinam
