4094 6492
313 538 671 594 valetudinem
702 534 1069 593 restituantur.
1092 529 1198 586 Sed
1227 538 1351 585 tunc
1373 528 1552 583 omnia
1578 526 1733 580 simul
1761 524 1899 579 facta

314 637 461 685 sunt.
490 628 607 683 Non
649 626 736 681 hic
762 633 939 680 autem
980 622 1179 687 solum,
1212 619 1306 675 sed
1333 620 1493 673 etiam
1526 618 1576 670 in
1605 615 1760 670 mari.
1791 613 1904 669 Illic

313 720 455 775 enim
485 734 590 774 non
621 726 810 773 ventos
840 724 1043 769 tantum
1070 727 1125 769 et
1152 718 1521 781 tempestatem
1549 708 1779 769 sedavit,
1808 699 1907 760 sed

313 813 475 867 etiam
498 819 701 865 motum
720 807 971 863 ﬂuctuum
997 806 1175 861 statim
1199 800 1537 871 compressit,
1565 798 1705 868 quod
1729 798 1903 866 ipsum

312 902 475 959 etiam
502 901 773 955 insolitum
800 908 915 953 erat
943 914 958 952 :
987 896 1196 953 etiamsi
1224 894 1368 949 enim
1396 899 1685 961 tempestas
1705 898 1899 951 cesset,

315 993 483 1048 multo
511 1000 697 1063 postea
743 999 986 1060 tempore
1029 988 1184 1043 unda:
1224 986 1503 1041 ﬂuctuant.
1541 983 1647 1038 Sed
1685 996 1790 1037 non
1834 980 1906 1035 ita

314 1084 513 1139 Christi
552 1082 721 1153 jussio
762 1089 1051 1152 operatur:
1077 1079 1257 1135 omnia
1282 1078 1425 1134 enim
1455 1075 1633 1130 statim
1670 1082 1905 1139 cessant,

316 1185 375 1230 ut
401 1174 453 1230 in
478 1175 699 1230 muliere
725 1173 923 1229 factum
946 1183 1047 1230 est.
1076 1173 1141 1227 Et
1162 1172 1265 1227 hoc
1285 1171 1565 1226 declarans
1583 1166 1905 1237 evangelista

312 1268 524 1322 dicebat
548 1285 563 1321 :
590 1267 844 1332 Surrexit,
885 1274 933 1320 et
957 1265 1271 1320 ministrabat
1296 1264 1373 1327 ei;
1398 1262 1539 1332 quod
1566 1260 1767 1315 Christi
1795 1259 1905 1312 vir-

316 1360 444 1413 tutis
472 1358 681 1428 signum
723 1350 876 1423 erat,
911 1371 1121 1412 necnon
1164 1356 1386 1410 affectus
1431 1353 1694 1415 mulieris,
1744 1366 1905 1421 quem

312 1464 439 1519 erga
466 1450 735 1505 Christum
758 1448 1019 1504 exhibuit.
1062 1447 1226 1503 Aliud
1250 1461 1463 1517 quoque
1494 1446 1617 1499 hinc
1648 1443 1906 1513 perspici-

314 1558 453 1607 mus,
487 1556 680 1611 nempe
718 1542 943 1596 aliorum
966 1539 1087 1596 ﬂdei
1119 1540 1391 1595 Christum
1415 1541 1642 1594 aliorum
1668 1537 1905 1592 curatio-

313 1649 434 1687 nem
448 1633 765 1688 concedere.
780 1632 911 1688 Nam
926 1632 1011 1687 hie
1022 1632 1113 1687 alii
1127 1632 1297 1701 ipsum
1310 1630 1588 1701 rogabant,
1608 1630 1833 1684 utetiam
1853 1629 1907 1683 in

313 1739 480 1795 puero
492 1725 839 1781 centurionis.
859 1724 1173 1794 Hujusmodi
1188 1739 1315 1779 vero
1332 1725 1556 1793 gratiam
1572 1723 1799 1777 aliorum
1814 1737 1906 1777 ro-

310 1829 435 1889 gatu
452 1816 779 1873 concedebat
796 1815 1119 1885 (dummodo
1138 1816 1185 1871 is
1209 1815 1300 1885 qui
1312 1814 1599 1870 curabatur
1613 1812 1904 1884 crederet),

308 1926 433 1966 eum
452 1925 556 1965 non
578 1918 939 1980 poteratzeger
951 1912 1122 1979 ipsum
1135 1908 1443 1971 convenire,
1456 1907 1542 1963 vel
1557 1922 1677 1963 cum
1692 1915 1909 1978 propter

314 2003 665 2073 ignorantiam
709 2018 816 2057 non
856 2016 1107 2071 magnum
1128 2000 1257 2070 quid
1288 1999 1554 2055 sentiebat
1576 1999 1645 2057 de
1668 1998 1905 2065 Christo,

312 2095 400 2151 vel
423 2110 545 2150 cum
566 2104 697 2149 aetas
720 2093 845 2163 aegri
868 2092 1147 2147 immatura
1173 2100 1308 2148 erat.
1359 2091 1448 2147 i6.
1506 2090 1723 2163 Vespere
1742 2100 1909 2146 autem

313 2188 471 2256 facta,
498 2184 785 2239 obtulerunt
814 2184 859 2239 ei
888 2183 1073 2239 multos
1092 2184 1345 2239 damonia
1374 2182 1627 2248 habentes,
1656 2192 1704 2239 et
1740 2184 1910 2255 ejicie-

312 2276 399 2330 bat
418 2276 625 2345 spiritus
650 2291 824 2330 eorum
848 2274 912 2329 ab
941 2276 1011 2330 eis
1034 2275 1201 2342 uerbo,
1238 2284 1287 2329 et
1312 2291 1484 2330 omnes
1518 2276 1649 2330 male
1673 2274 1909 2331 habentes

311 2368 538 2431 curabat,
574 2368 660 2422 I7.
689 2377 746 2421 ut
760 2367 1121 2437 adimpleretur
1140 2367 1275 2437 quod
1292 2367 1483 2420 dictum
1498 2378 1570 2421 est
1597 2383 1686 2436 per
1716 2365 1910 2421 Isaiam

314 2459 615 2529 prophetam
638 2473 657 2511 :
683 2456 806 2527 Ipse
822 2458 1145 2525 inﬁrmitates
1172 2467 1372 2512 nostras
1392 2459 1603 2529 accepit,
1632 2468 1678 2512 et
1702 2458 1913 2528 agritu-

314 2550 457 2605 dines
482 2550 700 2619 portavit
721 2549 740 2616 (
756 2549 887 2603 1εαί.
910 2550 1001 2605 53.
1031 2550 1119 2619 ι).
1149 2549 1335 2605 Viden‘
1363 2549 1715 2605 multitudinis
1748 2550 1909 2605 (idem

312 2642 567 2713 deinceps
596 2642 917 2698 adauctam?
946 2641 1128 2712 Neque
1152 2643 1319 2707 enim,
1350 2654 1573 2714 urgente
1619 2644 1743 2700 licet
1770 2653 1907 2700 tem-

315 2748 466 2802 pore,
496 2733 748 2789 recedere
779 2734 1055 2797 volebant,
1086 2748 1261 2804 neque
1289 2733 1723 2805 intempestivum
1752 2743 1904 2805 puta-

316 2826 443 2881 bant
471 2827 515 2882 si
558 2841 782 2896 vespere
818 2835 1049 2897 :cgrotos
1094 2841 1223 2882 suos
1262 2827 1611 2884 adducerent.
1656 2828 1733 2882 Tu
1785 2843 1910 2884 vero

316 2916 447 2971 mihi
503 2918 794 2988 perpende,
846 2926 1098 2985 quantam
1153 2917 1549 2973 multitudinem
1601 2934 1785 2973 eorum
1818 2920 1909 2988 qui

315 3010 599 3065 sanitatem
628 3018 951 3079 acceperunt
977 3018 1388 3080 prmtercurrant
1410 3010 1769 3079 evangelista,
1802 3026 1913 3065 non

314 3102 587 3174 sigillatim
628 3113 991 3165 recensentes,
1034 3102 1127 3157 sed
1172 3115 1279 3155 uno
1319 3101 1484 3156 verbo
1528 3102 1909 3156 miraculorum

317 3193 535 3264 pelagus
583 3194 903 3249 immensum
948 3192 1264 3249 referentes.
1308 3192 1513 3248 Deinde
1559 3208 1629 3249 ne
1664 3193 1910 3248 miraculi

315 3285 627 3354 magnitudo
667 3285 1094 3340 incredulitatem
1135 3293 1366 3355 pareret,
1400 3285 1542 3353 quod
1571 3294 1776 3339 tantum
1817 3299 1913 3353 po—

316 3377 501 3445 pulum
540 3386 646 3430 tam
686 3377 848 3431 variis
874 3376 1121 3431 aﬂ'eetum
1166 3377 1368 3431 morbis
1396 3376 1449 3429 in
1478 3387 1753 3431 momento
1778 3385 1910 3430 tem-

316 3470 463 3543 poris
504 3470 728 3525 solverit
770 3476 825 3523 et
866 3468 1151 3531 curaverit,
1212 3468 1289 3522 rei
1323 3476 1509 3523 testem
1545 3468 1759 3523 adducit
1790 3483 1912 3537 pro-

316 3563 553 3634 phetam,
600 3576 845 3631 magnam
893 3560 1089 3630 ubique
1124 3574 1190 3613 ex
1222 3557 1513 3628 Scripturis
1555 3576 1731 3615 rerum
1770 3574 1911 3629 pra:-

313 3654 603 3710 dictionem
650 3650 960 3715 ostendens,
1006 3652 1172 3721 signis
1220 3652 1349 3719 ipsis
1398 3666 1504 3706 non
1552 3650 1909 3721 inferiorem:

317 3748 464 3814 "me,
493 3746 682 3825 inquit,
716 3742 879 3799 Isaias
908 3743 1036 3797 dicit
1060 3760 1073 3797 :
1106 3741 1442 3809 Inﬁrmitates
1465 3751 1663 3797 nostras
1692 3744 1909 3812 accepit,

314 3856 364 3901 et
388 3844 713 3917 (egritudines
738 3842 973 3914 portavit.
1003 3840 1116 3896 Non
1142 3839 1293 3906 dixit,
1326 3840 1528 3903 Solvit;
1557 3839 1673 3903 sed,
1706 3840 1911 3908 Accepit

314 3948 366 3993 et
411 3938 666 4007 portauit:
691 3934 833 4007 quod
881 3934 948 3989 de
994 3933 1230 4004 peccatis
1270 3933 1445 4001 potius
1489 3930 1621 3985 mihi
1650 3931 1850 3986 dictum
1880 3946 1911 3984 a

316 4028 578 4102 prepheta
606 4027 833 4091 videtur,
865 4040 1022 4096 quam
1055 4024 1123 4080 de
1145 4022 1367 4087 morbis,
1390 4030 1445 4078 et
1469 4037 1591 4077 cum
1621 4021 1722 4076 hoc
1749 4020 1913 4076 Joano

317 4124 403 4177 uis
419 4122 562 4177 dicto
583 4129 876 4181 consonat;
906 4117 1033 4172 Ecce
1050 4133 1212 4188 agnus
1238 4115 1353 4183 Dei,
1381 4115 1468 4184 qui
1496 4113 1629 4169 tollit
1652 4124 1912 4185 peccatum

316 4213 496 4266 mundi
527 4210 705 4277 (Joau.
729 4212 781 4265 1.
810 4208 926 4281 29).

386 4306 443 4364 2.
484 4304 759 4359 Peccatum
800 4301 1090 4356 morborum
1136 4316 1309 4354 causa.
1353 4298 1541 4353 Christi
1582 4299 1829 4352 modestia
1866 4307 1914 4352 et

319 4396 665 4470 pulchritudo.
682 4424 755 4435 -
773 4392 1054 4462 Quomodo
1081 4408 1209 4462 ergo
1238 4392 1468 4461 idipsum
1501 4391 1570 4447 de
1595 4391 1799 4447 morbis
1826 4391 1913 4445 hic

320 4492 470 4564 ponit
497 4489 854 4559 evangelista?
880 4486 973 4543 Vel
997 4487 1137 4557 quod
1160 4487 1415 4543 historico
1446 4502 1597 4543 more
1626 4498 1679 4543 et
1702 4488 1765 4542 ad
1788 4488 1915 4543 lite-

318 4599 434 4639 ram
463 4582 564 4638 hoc
592 4579 954 4637 testimonium
988 4580 1148 4650 legat,
1175 4580 1257 4636 vel
1283 4589 1337 4633 ut
1364 4580 1609 4634 ostendat
1630 4580 1914 4650 plerosque

320 4676 543 4732 morbos
571 4688 634 4729 ex
681 4672 914 4743 peccatis
942 4674 1135 4726 animae
1174 4671 1460 4741 proﬁcisci.
1494 4669 1626 4725 Nam
1657 4672 1702 4725 si
1744 4686 1910 4735 mors,

318 4782 442 4837 qua:
469 4773 628 4835 caput
650 4772 733 4821 est
760 4762 1020 4827 omnium,
1050 4778 1117 4818 ex
1144 4769 1365 4831 peccato
1385 4760 1644 4830 originem
1672 4765 1913 4816 occasio-

320 4871 550 4926 nemque
594 4854 798 4921 habuit,
832 4854 1000 4907 multo
1042 4852 1210 4923 magis
1248 4851 1591 4921 mgritudines
1622 4852 1745 4905 hinc
1782 4861 1915 4907 ortae

322 4958 450 5004 sunt
474 4968 491 5004 :
521 4945 952 5019 quandoquidem
980 4946 1105 5000 hinc
1129 4945 1288 4999 etiam
1310 4944 1509 5009 evenit,
1540 4955 1596 4997 ut
1623 4959 1720 4999 nos
1749 4946 1919 5013 passi-

322 5044 460 5099 biles
481 5042 667 5097 simus.
695 5040 781 5096 18.
816 5039 1005 5094 Videas
1034 5036 1067 5091 Ι
1073 5054 1186 5091 esus
1212 5040 1383 5091 turbas
1410 5039 1595 5091 multas
1621 5038 1813 5090 circum
1838 5055 1911 5104 se,

320 5138 471 5207 iussit
492 5136 839 5205 transfretare.
866 5130 1055 5187 Viden’
1070 5146 1279 5185 rursum
1310 5147 1468 5201 quam
1498 5132 1566 5186 sit
1588 5132 1657 5185 ab
1681 5140 1917 5185 ostenta-

322 5232 470 5285 tione
510 5221 755 5283 alienus?
802 5224 933 5280 Nam
978 5222 1155 5279 caeteri
1196 5222 1397 5288 dicunt,
1429 5223 1600 5291 ipsum
1644 5211 1916 5277 daemones

327 5321 633 5385 increpasse
653 5332 722 5372 ne
745 5316 985 5371 dicerent
1009 5313 1126 5383 quis
1150 5321 1295 5367 esset
1320 5330 1332 5365 :
1358 5312 1444 5367 hic
1475 5328 1599 5366 vero
1620 5313 1715 5375 ait,
1743 5313 1913 5381 ipsum

324 5412 590 5464 amovisse
630 5410 831 5463 turbas.
868 5404 1000 5459 Illud
1037 5413 1215 5458 autem
1241 5404 1449 5473 agebat,
1480 5411 1589 5457 tum
1618 5412 1675 5456 ut
1704 5420 1798 5457 nos
1839 5403 1917 5455 iu-

323 5503 570 5556 stitneret
593 5499 917 5568 doeeretque
948 5496 1285 5559 modestiam,
1318 5505 1427 5548 tum
1462 5504 1519 5547 ut
1547 5494 1800 5547 invidiam
1824 5509 1915 5547 se-

325 5594 474 5647 daret
516 5592 813 5655 Iudaicam,
863 5589 1186 5657 doceretque
1230 5586 1359 5639 nihil
1404 5584 1474 5638 ad
1500 5586 1914 5639 ostentationem

324 5700 445 5741 esse
490 5682 808 5737 faciendum.
842 5680 959 5734 Non
1005 5679 1147 5733 enim
1177 5691 1404 5746 corpora
1447 5684 1649 5729 tantum
1671 5674 1911 5739 curabat,

324 5776 419 5833 sed
449 5776 608 5830 etiam
636 5772 954 5827 emendabat
981 5771 1233 5825 animam.
1269 5770 1542 5835 ipsumque
1568 5766 1633 5819 ad
1675 5766 1913 5834 philoso—

325 5869 500 5941 phiam
550 5866 891 5921 iustilucbul'
926 5879 1044 5917 sese
1091 5872 1314 5929 utroque
1360 5857 1517 5913 modo
1554 5857 1831 5921 exhibens,
1862 5867 1915 5912 ct

1295 410 1357 473 IN
1392 406 1802 466 ΜΑΤἸῊΕΠΜ
1840 405 2067 463 ΙΙΟΜΙΙ..
2114 404 2323 461 XXVII.
2366 406 2435 461 al.
2483 406 2716 462 XXVIII.

3524 411 3627 467 3i6

2016 522 2234 578 morbos
2260 533 2562 591 curantem,
2609 533 2665 581 et
2710 524 2841 580 nihil
2886 540 2953 581 ex
2981 526 3121 583 fastu
3163 536 3434 600 agentem.
3471 531 3621 587 Multi

2013 616 2210 686 quippe
2254 616 2355 685 ipsi
2404 616 2678 672 hmrebant
2726 632 2911 673 amore
2954 618 3417 689 admirationeque
3450 624 3622 691 ducti,

2012 718 2175 779 atque
2227 709 2401 779 ipsum
2454 724 2669 779 semper
2721 711 2904 767 videre
2946 713 3245 783 cupientes.
3292 715 3422 783 Quis
3471 717 3616 771 enini

2013 800 2387 867 abscessisset,
2437 801 2563 855 dum
2597 802 2687 858 ille
2719 811 2864 859 tanta
2908 804 3163 860 miracula
3208 809 3484 877 patraret?
3528 817 3620 863 aut

2013 889 2133 957 quis
2163 889 2421 946 noluisset
2465 892 2653 948 faciem
2680 901 2735 949 et
2771 908 2834 949 os
2878 894 3003 949 talia
3036 895 3307 967 loquentis
3334 898 3619 968 aspicere?

2014 979 2197 1050 Neque
2241 982 2383 1037 enim
2428 998 2497 1039 ex
2542 985 2797 1056 prodigiis
2855 994 3061 1042 tantum
3102 988 3472 1056 admirandus,
3520 990 3617 1045 sed

2013 1072 2181 1141 ipsius
2205 1074 2379 1129 solum
2402 1085 2725 1146 conspectus
2749 1079 2917 1149 gratia
2950 1079 3116 1134 multa
3148 1080 3339 1150 plenus
3379 1088 3534 1137 erat:
3566 1082 3620 1137 id

2014 1165 2156 1235 quod
2188 1166 2430 1223 indicans
2478 1169 2737 1239 propheta
2793 1170 3009 1227 dicebat
3054 1188 3067 1225 :
3120 1172 3401 1242 Speciosus
3451 1178 3621 1245 forma

2015 1275 2123 1327 pre
2151 1260 2273 1328 {iliis
2302 1259 2563 1315 hominum
2616 1261 2801 1333 (Psal.
2842 1264 2933 1319 Η.
2962 1264 2996 1318 3
3016 1264 3057 1333 ).
3087 1264 3239 1333 Quod
3267 1265 3315 1320 si
3348 1264 3513 1323 Isaias
3536 1265 3619 1325 di-

2015 1359 2122 1417 cat,
2150 1350 2270 1406 Non
2294 1352 2506 1407 habebat
2526 1354 2742 1421 speciem
2766 1370 2924 1424 neque
2946 1354 3179 1410 decorem
3209 1354 3229 1427 (
3244 1354 3372 1410 lsai.
3402 1357 3491 1413 55.
3521 1356 3617 1429 2).

2012 1451 2106 1497 aut
2137 1443 2267 1497 illud
2295 1443 2363 1499 de
2387 1444 2682 1499 divinitatis
2702 1444 2874 1515 gloria
2916 1445 3171 1501 ineffabili
3211 1446 3494 1519 intelligit;
3527 1458 3618 1503 aut

2015 1550 2079 1589 ea
2103 1551 2223 1610 qua:
2249 1537 2299 1591 in
2332 1538 2582 1607 passione
2608 1548 2756 1607 gesta
2779 1546 2905 1593 sunt
2933 1547 3136 1607 narrat,
3163 1540 3620 1612 ignominiamque

2015 1628 2160 1684 illam
2188 1645 2348 1700 quam
2387 1631 2563 1685 erucis
2596 1641 2840 1700 tempore
2864 1631 3139 1696 sustinuit,
3170 1642 3263 1687 aut
3304 1633 3619 1688 tenuitatem

2016 1722 2160 1776 illam
2201 1738 2358 1792 quam
2390 1732 2503 1777 toto
2540 1724 2661 1777 vita:
2692 1732 2937 1793 tempore
2978 1724 3031 1777 in
3078 1726 3326 1780 omnibus
3354 1724 3618 1780 exhibuit.

2014 1813 2131 1868 Non
2154 1824 2333 1868 autem
2383 1814 2528 1882 prius
2575 1813 2927 1869 transfretare
2966 1814 3147 1885 jussit,
3196 1830 3356 1885 quam
3398 1817 3621 1870 morbos

2013 1914 2278 1961 curasset.
2307 1905 2560 1975 Alioquin
2608 1919 2716 1961 non
2762 1905 2813 1960 id
2858 1905 3003 1965 ferre
3026 1907 3350 1977 potuissent.
3378 1907 3448 1965 Ut
3476 1912 3619 1965 enim

2015 1997 2069 2053 in
2097 2006 2280 2054 monte
2322 2013 2430 2053 nou
2472 1997 2818 2055 concionanti
2862 1998 3024 2053 modo
3051 1999 3297 2065 aderant,
3326 2001 3421 2056 sed
3458 2002 3621 2057 etiam

2014 2090 2260 2147 silentem
2282 2090 2646 2162 sequebantur
2673 2108 2687 2146 :
2729 2090 2808 2145 sic
2846 2091 3009 2147 etiam
3042 2107 3186 2147 nunc
3217 2109 3322 2146 non
3354 2094 3617 2150 miracula

2015 2183 2195 2239 edenti
2226 2192 2429 2238 tantum
2456 2183 2769 2249 haerebant;
2797 2184 2892 2239 sed
2918 2186 3084 2240 etiam
3114 2194 3237 2255 post
3274 2185 3417 2241 edita
3446 2186 3622 2258 signa,

2016 2275 2102 2331 vel
2126 2290 2191 2331 es
2217 2276 2332 2346 ejus
2359 2276 2507 2331 vultu
2535 2285 2589 2331 et
2612 2287 2904 2347 conspectu
2929 2292 3179 2347 magnam
3204 2278 3500 2349 carpebant
3520 2280 3625 2335 nti-

2017 2368 2406 2424 litatem.‘Nam
2436 2367 2482 2424 si
2508 2368 2719 2440 Moyses
2747 2370 2919 2438 gloria
2958 2370 3355 2441 splendentem,
3388 2371 3625 2443 Stepha-

2015 2477 2117 2517 nus
2158 2461 2460 2530 angelicum
2506 2460 2710 2515 vultum
2762 2461 2970 2527 habuit,
3016 2463 3192 2533 cogita
3234 2464 3446 2535 qualem
3499 2474 3625 2521 tunc

2016 2553 2327 2623 apparuisse
2342 2568 2683 2609 communem
2703 2553 2987 2608 Dominum
3016 2556 3306 2613 verisimile
3332 2566 3435 2612 cst.
3463 2556 3628 2615 Forte

2017 2660 2144 2700 vero
2175 2644 2325 2699 multi
2348 2645 2459 2715 jam
2490 2645 2607 2714 ejus
2639 2644 2881 2701 videnda:
2922 2647 3168 2718 imaginis
3196 2648 3493 2718 cupiditate
3540 2652 3626 2704 in-

2016 2738 2162 2791 ccnsi
2188 2746 2313 2791 sunt
2342 2754 2354 2790 :
2386 2736 2483 2793 sed
2510 2738 2555 2791 si
2586 2738 2834 2802 velimus,
2864 2739 3021 2809 longe
3048 2740 3473 2810 splendidiorem
3507 2742 3626 2813 ipsa

2016 2826 2335 2883 videbimus.
2358 2827 2491 2882 Nam
2540 2828 2583 2882 si
2612 2843 2732 2882 cum
2772 2829 2961 2883 ﬁducia
2991 2838 3047 2884 et
3076 2831 3272 2887 virtute
3310 2831 3473 2886 vitam
3506 2848 3629 2902 per-

2015 2934 2258 2989 agamus,
2304 2919 2357 2973 io
2390 2918 2623 2974 nubibus
2668 2919 2841 2989 ipsum
2886 2920 3240 2990 excipiemus,
3270 2921 3483 2977 obviam
3524 2924 3633 2993 ipsi

2017 3011 2294 3066 venientes
2316 3010 2368 3063 in
2395 3010 2683 3064 immortali
2706 3020 2762 3065 et
2788 3010 3181 3080 incorruptibili
3210 3028 3458 3084 corpore.
3491 3014 3627 3069 Per-

2019 3101 2193 3171 pende
2220 3109 2400 3156 autem
2428 3116 2586 3172 quam
2619 3102 2812 3156 leniter
2852 3102 2996 3171 ipsos
3019 3114 3286 3170 amoveat,
3319 3120 3419 3159 nec
3445 3104 3631 3163 deter-

2019 3200 2153 3247 reat.
2196 3190 2314 3247 Non
2339 3192 2484 3245 enim
2513 3191 2669 3255 dixit,
2714 3190 3009 3257 Recedite;
3041 3192 3135 3248 sed
3166 3192 3515 3253 transfretare
3540 3198 3630 3267 ju-

2019 3286 2130 3349 bet,
2159 3300 2308 3353 spem
2336 3284 2541 3339 i'aciens
2577 3299 2637 3339 se
2667 3283 2760 3338 illo
2791 3285 3139 3354 trajecturum
3170 3300 3311 3345 esse.
3338 3288 3429 3344 Sic
3459 3290 3631 3345 turbas

2018 3376 2234 3447 quidem
2284 3376 2509 3431 multum
2550 3376 2879 3431 exhibebant
2918 3379 3141 3444 amoris,
3187 3390 3391 3435 etcum
3432 3383 3627 3440 affectu

2020 3484 2214 3539 magno
2242 3468 2640 3539 sequebantur;
2672 3484 2812 3524 unus
2830 3478 3010 3525 autem
3036 3474 3380 3540 pecuniarum
3413 3490 3626 3540 servus,

2018 3564 2430 3633 arrogantiaque
2458 3562 2648 3631 plenus
2672 3563 2901 3617 accessit
2926 3578 2989 3617 ac
3014 3562 3149 3617 dixit
3178 3583 3189 3618 :
3225 3565 3313 3620 I9.
3356 3564 3627 3637 Hagister,

2017 3671 2201 3724 sequar
2230 3665 2278 3708 te
2299 3669 2617 3724 quocumque
2639 3654 2779 3708 ieris.
2812 3653 3269 3724 Vidistin‘quanta
3296 3658 3629 3727 arrogantia?

2019 3748 2097 3800 Ae
2148 3747 2194 3801 si
2248 3760 2355 3801 non
2402 3746 2716 3816 dignaretur
2759 3759 2821 3800 se
2867 3760 2990 3801 cum
3033 3746 3185 3801 turba
3236 3763 3626 3816 aunumerare,

2018 3850 2187 3908 seque
2216 3848 2494 3892 ostentans
2534 3839 2686 3906 quasi
2727 3851 2834 3892 non
2862 3837 2915 3893 in
2946 3838 3085 3908 vulgi
3121 3839 3275 3895 turba
3312 3851 3630 3911 computau-

2017 3928 2140 3995 dus,
2169 3930 2247 3984 sic
2270 3928 2499 3984 accedit.
2528 3927 2686 3982 Tales
2714 3936 2839 3983 sunt
2865 3928 3071 3983 Iudaici
3116 3946 3315 3996 mores,
3358 3932 3630 4002 intempe-

2020 4022 2157 4076 stiva
2216 4020 2358 4090 pleni
2406 4020 2619 4077 tidueia.
2670 4019 2760 4074 Sic
2805 4029 2862 4076 et
2905 4020 3042 4075 alius
3102 4033 3286 4091 postea
3344 4025 3628 4081 silentibus

2018 4113 2269 4166 omnibus
2316 4112 2579 4179 insiliens,
2611 4111 2686 4164 ait
2716 4128 2729 4163 :
2764 4110 2915 4178 Quod
2954 4122 3029 4166 est
3056 4114 3279 4182 primum
3326 4116 3627 4169 mandatum

2020 4204 2235 4277 (Matth.
2268 4203 2357 4259 i2.
2386 4204 2519 4274 36)?
2551 4193 2803 4258 Attamen
2853 4205 3115 4260 Dominus
3161 4208 3525 4276 importunam
3560 4211 3627 4263 li-

2020 4297 2281 4352 bertatcm
2308 4312 2412 4350 non
2441 4296 2720 4364 corripuit,
2750 4302 2809 4350 ut
2834 4310 2931 4351 nos
2957 4295 3024 4351 ad
3050 4297 3355 4366 hujusmodi
3381 4302 3627 4357 homines

2022 4386 2271 4443 ferendos
2315 4387 2637 4441 institueret.
2689 4385 2815 4441 Ideo
2862 4401 2968 4441 non
3014 4388 3188 4458 palam
3231 4390 3502 4460 redarguit
3531 4408 3627 4447 eos

2021 4480 2112 4551 qui
2152 4482 2289 4535 mala
2317 4481 2617 4551 cogitarent
2641 4488 2654 4535 ἑ
2683 4480 2780 4535 sed
2808 4496 2996 4535 eorum
3020 4482 3257 4552 Opinioni
3277 4483 3625 4555 ‘respondet,

2022 4575 2151 4644 ipsis
2188 4574 2320 4629 solis
2356 4574 2777 4629 coniutationem
2823 4574 3211 4643 inspiciendam
3272 4578 3583 4649 relinquens
3610 4622 3626 4647 ,

2021 4664 2396 4736 duplicemque
2428 4666 2559 4735 ipsis
2585 4680 2781 4735 parens
2808 4668 3114 4735 utilitatem,
3147 4679 3203 4723 ut
3235 4685 3429 4741 nempe
3454 4674 3630 4727 sciant

2022 4774 2083 4814 se
2107 4757 2456 4813 conscientia:
2480 4766 2690 4813 secreta
2723 4772 2905 4826 nosse,
2935 4770 3098 4829 utque
3127 4769 3247 4829 post
3275 4762 3460 4817 datum
3490 4762 3630 4818 indi-

2022 4852 2164 4903 cium
2196 4849 2328 4904 illud
2374 4848 2551 4903 adhuc
2595 4848 2782 4913 lateat,
2826 4851 2961 4905 dans
3001 4852 3177 4905 locum
3206 4853 3272 4907 ad
3300 4856 3629 4925 resipiscen-

2021 4946 2171 5011 dum,
2213 4946 2258 4999 si
2298 4945 2503 4999 velint:
2538 4942 2589 4997 id
2621 4943 2763 5012 quod
2793 4958 2936 4998 nunc
2965 4944 3127 4998 etiam
3166 4944 3313 5000 fecit.
3356 4947 3451 5003 Hic
3482 4950 3627 5003 enim

2023 5038 2191 5092 multa
2218 5037 2365 5107 signa
2401 5035 2606 5101 videns,
2663 5034 2980 5104 turbamque
3009 5035 3343 5102 afﬂuentem,
3376 5038 3631 5107 sperabat

2022 5146 2080 5185 se
2106 5146 2172 5184 ex
2209 5138 2284 5183 tot
2329 5121 2599 5193 miraculis
2626 5126 2904 5181 ditandum
2933 5142 3075 5192 esse,
3108 5127 3335 5197 ideoque
3359 5130 3508 5183 illum
3539 5147 3625 5185 se-

2021 5223 2110 5292 qui
2132 5220 2403 5290 cupiebat.
2437 5218 2715 5274 Undeuam
2741 5218 2843 5273 hoc
2872 5218 3028 5272 nobis
3060 5219 3283 5287 patebit?
3303 5220 3384 5274 Ex
3406 5236 3629 5289 respou-

2022 5316 2174 5367 sione
2218 5312 2441 5375 Christi,
2484 5312 2576 5381 qui
2631 5326 2735 5365 non
2780 5310 2958 5365 verbis
3008 5311 3299 5379 loquentis,
3338 5311 3434 5366 sed
3462 5315 3631 5368 menti

2024 5404 2333 5473 respondet.
2377 5402 2513 5470 Quid
2540 5402 2720 5456 enim?
2749 5402 2954 5471 inquit;
2986 5416 3053 5455 an
3084 5402 3337 5471 pecunias
3380 5412 3432 5457 te
3463 5404 3631 5459 colle-

2022 5506 2229 5551 eturum
2261 5512 2467 5565 speras,
2504 5496 2547 5550 si
2579 5512 2663 5550 me
2698 5496 2983 5565 sequaris?
3010 5512 3188 5550 annon
3218 5496 3367 5549 vides
3400 5496 3528 5552 mihi
3564 5514 3632 5553 ne

2024 5589 2379 5644 diversorium
2406 5588 2621 5658 quidem
2652 5604 2771 5643 esse
2799 5588 2955 5657 quale
2984 5588 3112 5657 ipsis
3128 5586 3318 5641 avibus
3349 5588 3471 5641 est?
3495 5586 3629 5642 Nam

2024 5683 2119 5748 ait,
2149 5682 2238 5737 20.
2284 5681 2469 5751 Vulpes
2500 5685 2669 5751 foveas
2719 5680 2923 5748 habent,
2953 5689 2998 5733 et
3034 5679 3260 5737 uolucres
3294 5678 3407 5733 etuti
3436 5678 3581 5736 ηἱεζοιο
3606 5696 3631 5742 εκ

2094 5868 2105 5893 ι
2144 5862 2257 5923 Alii,
2287 5867 2601 5923 (trrogmtttat.
