4094 6468
586 448 688 505 387

591 565 754 619 Filius
780 569 945 614 autem
969 556 1182 612 hominis
1211 568 1311 607 non
1337 551 1479 604 habet
1497 541 1590 601 ubi
1615 552 1764 616 caput
1789 541 2010 597 reclinet.
2038 536 2160 590 ΙΙωο

588 668 692 708 non
715 649 1020 718 repellentis
1045 652 1216 710 erant,
1245 641 1337 698 sed
1365 641 1557 696 malam
1589 645 1820 692 mentem
1848 630 2161 697 redarguen-

587 747 654 798 tis
678 784 694 809 ,
723 749 775 797 et
809 747 1123 811 p0testatem
1143 735 1318 791 dantis
1339 747 1458 788 cum
1482 729 1572 784 tali
1595 742 1689 797 spe
1715 725 1886 794 sequi,
1910 723 1952 776 si
1973 722 2156 775 vellet.

597 838 669 898 Ut
721 852 902 896 autem
949 842 1065 908 ejus
1103 840 1395 908 nequitiam
1427 835 1635 890 ediscas
1660 834 1699 898 ¹,
1733 834 1818 887 his
1869 830 2071 886 auditis
2101 838 2156 882 et

591 933 672 989 sic
712 932 1022 989 confutatus
1048 972 1063 996 ,
1105 945 1210 984 non
1259 928 1393 980 dixit
1418 967 1433 986 .
1465 925 1542 979 Ad
1579 924 1890 995 sequendun
1937 931 2156 992 paratus

586 1042 878 1158 s"gutturi
917 1117 1127 1171 quoque
1156 1113 1298 1168 saepe
1331 1097 1558 1166 idipsum
1587 1093 1828 1148 Christus
1865 1089 2019 1151 facit;
2050 1103 2154 1142 non

585 1205 769 1263 aperte
820 1191 1122 1262 redarguit,
1171 1189 1265 1244 sed
1310 1205 1373 1242 ex
1417 1189 1758 1254 responsione
1795 1180 2155 1236 accedentium

585 1297 814 1340 mentem
841 1284 1026 1353 aperit.
1047 1283 1179 1338 Nam
1206 1293 1259 1335 et
1291 1281 1366 1334 illi
1391 1281 1476 1348 qui
1502 1276 1737 1331 dicebat:
1770 1274 2008 1344 Magister
2035 1273 2158 1325 bone

588 1377 752 1447 (Luc.
786 1377 871 1432 18.
905 1377 1025 1443 18),
1055 1386 1108 1430 et
1127 1391 1198 1428 ,ει
1227 1373 1530 1426 adulatione
1551 1369 1798 1438 sperabat
1829 1381 1885 1421 se
1910 1367 2057 1420 illum
2081 1365 2159 1418 al-

587 1469 850 1523 lecturtnn
891 1481 1012 1521 esse
1037 1466 1101 1520 ad
1142 1481 1290 1519 suam
1339 1465 1675 1523 sententiam,
1709 1457 1977 1525 restiondit
2009 1475 2021 1508 :
2055 1459 2158 1508 Cur

587 1576 666 1613 me
699 1559 823 1612 dicis
864 1557 1086 1611 bonum?
1113 1555 1275 1608 Nemo
1316 1553 1489 1611 bonus,
1523 1553 1617 1604 nisi
1655 1566 1781 1602 unus
1811 1547 1946 1601 Deus
1979 1545 2154 1616 (Ibid.

587 1667 634 1706 υ.
665 1651 785 1720 19).
814 1651 876 1705 Et
904 1665 1021 1704 cum
1068 1649 1305 1702 dicerent
1333 1647 1400 1710 ei,
1435 1643 1563 1696 Ecce
1605 1653 1761 1696 mater
1792 1651 1875 1692 tm;
1902 1650 1946 1694 et
1977 1640 2158 1707 fratres

587 1745 661 1798 tui
700 1750 970 1813 querentes
1015 1752 1061 1794 te
1089 1739 1296 1809 (Matth.
1332 1737 1414 1790 1‘2.
1454 1738 1577 1802 47),
1603 1735 1719 1802 quia
1760 1734 1832 1786 illi
1871 1733 2154 1784 humanum

586 1833 708 1902 quid
740 1833 1069 1902 patiebantur
1091 1874 1104 1896 ,
1151 1846 1318 1898 neque
1348 1829 1488 1881 utilia
1530 1826 1625 1879 sibi
1653 1827 1836 1879 audire
1874 1823 2153 1888 volebant,

584 1928 677 1980 sed
708 1925 989 1978 estendcre
1032 1939 1088 1976 se
1124 1923 1220 1990 ipsi
1251 1935 1445 1989 genere
1479 1919 1745 1987 proximos
1769 1931 1905 1978 esse,
1933 1913 2158 1980 hincque

586 2031 772 2068 ranam
794 2015 1009 2084 gloriam
1035 2027 1269 2080 carpere,
1299 2012 1417 2062 andi
1443 2009 1562 2075 quid
1588 2009 1727 2062 dicat
1756 2024 1768 2058 :
1803 2007 1926 2071 Qum
1953 2015 2024 2057 est
2053 2019 2158 2054 ma-

587 2115 659 2158 ter
683 2122 812 2169 mea,
837 2115 881 2157 et
906 2105 991 2171 qui
1011 2113 1126 2156 sunt
1165 2107 1346 2171 fratres
1377 2102 1467 2151 mei
1497 2097 1656 2164 (Ibid.
1687 2114 1733 2149 υ.
1759 2096 1888 2161 48')?
1921 2095 2158 2162 lpsisque

583 2197 790 2249 demum
817 2192 1060 2247 fratribus
1081 2195 1189 2244 suis
1213 2191 1529 2250 dicentibus,
1552 2187 1768 2241 Ostende
1782 2189 1991 2248 teipsu'm
2010 2200 2154 2236 mun-

583 2288 648 2337 do
678 2283 854 2353 (Joau.
888 2283 938 2337 7.
964 2285 1040 2350 4),
1070 2291 1125 2336 ιιι
1154 2281 1277 2334 hinc
1304 2297 1488 2334 vanam
1521 2279 1616 2332 sibi
1642 2278 1861 2347 gloriam
1890 2285 2152 2343 parerent,

583 2375 826 2431 dicebat:
873 2374 1094 2428 l’estntm
1135 2383 1328 2441 tempus
1376 2388 1568 2440 semper
1594 2379 1662 2423 est
1693 2379 1923 2438 paratmn
1952 2408 1964 2427 ,
1993 2383 2155 2420 meum

584 2475 747 2518 autem
771 2464 993 2518 nondum
1017 2465 1156 2518 adest
1183 2462 1342 2530 (Ibid.
1367 2479 1414 2516 v.
1439 2461 1512 2531 6).
1545 2461 1642 2514 Per
1668 2460 1926 2512 cotitraria
1950 2471 2158 2526 quoque

584 2561 809 2632 idipsum
837 2563 978 2628 facit,
1007 2578 1126 2617 cum
1144 2561 1211 2617 de
1234 2559 1556 2614 Nathanacle
1575 2557 1647 2610 ait
1673 2575 1684 2609 :
1713 2555 1839 2608 Ecce
1860 2570 1967 2606 vere
1989 2553 2158 2605 Isme-

584 2653 695 2716 lita,
728 2653 781 2705 in
823 2669 919 2721 quo
958 2653 1106 2704 dolus
1134 2667 1233 2704 non
1276 2659 1346 2703 est
1393 2649 1410 2719 (
1443 2649 1576 2700 Ibid.
1605 2648 1654 2699 l.
1688 2646 1812 2711 47).
1845 2645 1904 2696 Et
1936 2657 2114 2695 rursus
2138 2682 2153 2706 ,

589 2743 776 2796 lfuntes
798 2744 1090 2797 annuntinte
1116 2742 1306 2794 Joanni
1327 2756 1439 2807 queo
1467 2737 1678 2791 audistis
1707 2746 1752 2787 et
1783 2735 1972 2787 vidistis
2003 2733 2150 2798 (Luc.

583 2835 633 2885 7.
653 2835 762 2901 ‘22).
785 2834 961 2901 Neque
983 2832 1124 2886 enim
1153 2833 1237 2885 hic
1264 2832 1457 2894 verbis,
1478 2829 1567 2882 sed
1597 2829 1755 2881 menti
1789 2827 2042 2878 mittentis
2073 2839 2156 2877 re-

583 2925 814 2990 spondit.
844 2925 1176 2993 Rursumque
1208 2925 1398 2991 populo
1419 2919 1706 2974 secundum
1731 2918 1867 2971 illius
1881 2916 2157 2971 conscien-

585 3018 708 3069 tiam
735 3018 811 3068 sic
841 3015 1100 3084 loquitur:
1120 3013 1254 3078 Quid
1281 3013 1517 3065 existisin
1543 3011 1791 3064 desertum
1811 3009 1973 3061 videre
1990 3005 2152 3074 (Ibid.

583 3121 629 3158 ν.
663 3104 794 3170 9.4)?
822 3103 921 3169 Qui
949 3103 1090 3155 enim
1122 3101 1330 3154 videbat
1352 3115 1444 3153 eos
1468 3100 1533 3152 de
1555 3101 1759 3153 Joanne
1785 3098 1929 3164 quasi
1958 3097 2024 3150 de
2055 3095 2152 3148 levi

582 3207 636 3251 et
684 3195 918 3260 versatili
967 3194 1192 3263 quodam
1244 3192 1455 3246 homine
1494 3192 1744 3260 cogitare,
1793 3188 1928 3242 hanc
1967 3201 2151 3242 eorum

584 3286 888 3355 opinionem
938 3285 1212 3355 corrigens
1255 3282 1412 3336 dicit:
1449 3282 1581 3347 Quid
1607 3282 1775 3335 existis
1812 3282 1865 3332 in
1907 3281 2153 3334 desertum

582 3379 788 3432 cidere?
814 3378 1114 3431 arundinem
1142 3386 1286 3429 vento
1311 3375 1572 3445 agitatam,
1595 3384 1680 3426 aut
1705 3373 1952 3427 hominem
1981 3373 2121 3425 molli
2131 3400 2152 3411 -

582 3469 675 3522 bus
701 3468 922 3520 vestitum
940 3467 965 3519 ?
993 3481 1087 3536 per
1112 3473 1396 3534 utrumque
1424 3463 1752 3532 signiﬁcans,
1782 3464 1954 3533 ipsum
1984 3478 2155 3532 neque

583 3571 648 3611 ex
672 3571 731 3611 se
747 3556 1048 3611 versatilem
1068 3569 1205 3620 esse,
1231 3569 1402 3623 neque
1428 3554 1696 3623 voluptate
1723 3556 1965 3622 quapiam
1990 3554 2129 3608 emol

585 3646 838 3702 liendum.
865 3646 953 3701 Sic
980 3647 1156 3716 itaque
1180 3659 1322 3700 nunc
1346 3643 1636 3700 secundum
1670 3653 1901 3698 mentem
1931 3643 2157 3712 loquen-

585 3738 656 3792 tis
693 3738 996 3806 respondet.
1027 3739 1104 3792 Ac
1130 3736 1249 3792 vide
1272 3745 1521 3806 quantam
1565 3749 1708 3790 nunc
1730 3749 1941 3804 quoque
1971 3735 2156 3790 mode-

585 3827 840 3882 rationem
867 3828 1130 3884 exhibeat.
1159 3827 1337 3897 Neque
1360 3827 1502 3880 enim
1531 3825 1679 3890 dicit,
1715 3826 1892 3880 llaheo
1920 3826 2152 3894 quidem,

586 3919 680 3973 sed
700 3920 968 3988 despicio;
993 3935 1173 3973 verum
1203 3917 1346 3981 dicit,
1383 3917 1495 3970 Non
1525 3916 1713 3971 habeo.
1731 3917 1970 3971 V’idistin‘
1991 3932 2158 3985 quan-

589 4025 695 4066 tam
725 4011 1110 4064 aceurationem
1132 4025 1252 4063 eum
1282 4007 1600 4075 indulgentia
1623 4008 1958 4076 conjunctam
1980 4017 2156 4061 osten-

589 4101 718 4155 dat?
743 4101 809 4157 Ut
833 4101 991 4156 etiam
1022 4117 1141 4156 cum
1168 4099 1472 4155 comederet
1510 4107 1564 4154 et
1610 4100 1833 4164 biberet,
1856 4115 1919 4156 ac
1943 4110 2158 4155 contra-

589 4196 754 4258 riam,
796 4205 852 4249 ut
893 4193 1194 4260 videbatur,
1226 4192 1411 4247 Joanni
1456 4192 1576 4244 vitae
1626 4193 1880 4246 rationem
1932 4203 2156 4246 teneret.

591 4283 719 4338 Illud
742 4293 918 4338 autem
950 4283 1072 4337 facit
1098 4297 1194 4351 pro
1221 4281 1549 4346 Judtcorum,
1582 4281 1687 4333 imo
1714 4282 1872 4335 totius
1899 4281 2042 4334 orbis
2073 4297 2160 4333 sa-

594 4374 732 4436 lute,
766 4371 1135 4427 ha'reticorum
1183 4371 1341 4425 simul
1371 4385 1462 4424 ora
1492 4370 1876 4437 comprimens,
1925 4372 2164 4441 aliosque

590 4465 678 4530 qui
700 4463 917 4516 aderant
939 4463 1150 4529 insuper
1169 4460 1434 4515 attrahere
1455 4459 1694 4529 cupiens.
1713 4461 1862 4514 Alius
1877 4461 2158 4529 quispiam,

590 4554 686 4615 ait,
731 4553 939 4606 dicebat
981 4552 1076 4614 illi,
1105 4551 1194 4604 ει.
1225 4549 1466 4614 Domine,
1507 4553 1736 4621 permitte
1771 4553 1896 4605 mihi
1945 4554 2162 4622 primum

591 4643 728 4695 abire
751 4681 764 4704 ,
793 4651 839 4695 et
867 4639 1078 4710 sepelire
1105 4649 1293 4706 patrem
1334 4657 1516 4694 meum.
1549 4640 1731 4694 Viden’
1769 4642 2162 4698 differentiam?

596 4736 659 4788 Et
683 4732 950 4803 quomodo
992 4731 1278 4800 impudens.
1313 4733 1400 4787 ille
1447 4732 1675 4798 dicebat,
1710 4734 1903 4804 Sequar
1940 4745 2006 4800 te,
2034 4752 2162 4805 quo-

594 4840 805 4890 cumque
827 4823 970 4887 ieris;
995 4823 1080 4876 hic
1108 4837 1253 4886 vero,
1284 4823 1522 4878 etsi-rem
1551 4832 1789 4878 sanctam
1831 4833 2037 4893 petens,
2068 4826 2160 4892 ait,

597 4914 840 4969 Permitte
877 4913 1000 4966 mihi
1020 4932 1038 4976 ;
1077 4929 1259 4969 verum
1298 4929 1404 4968 non
1445 4913 1722 4983 permisit;
1749 4914 1852 4970 sed.
1885 4915 2009 4986 quid
2055 4916 2164 4972 ait?

591 5004 679 5059 9.2.
715 5005 839 5058 Sine
879 5014 1101 5056 mortuos
1141 5005 1348 5071 sepelire
1390 5013 1612 5058 mortuos
1654 5020 1791 5072 suos,
1823 5013 1874 5058 tu
1899 5017 2060 5061 autent
2088 5023 2167 5062 me

595 5112 815 5165 sequere.
842 5094 1041 5164 Ubique
1063 5097 1202 5149 enim
1235 5095 1553 5151 voluntatem
1571 5097 1898 5166 inspiciebat.
1916 5100 2020 5156 Sed
2047 5117 2162 5167 cur,

600 5189 806 5256 mquies
831 5228 845 5251 ,
882 5201 984 5240 non
1031 5186 1302 5256 permisit?
1340 5186 1472 5253 Quia
1512 5197 1665 5243 erant
1701 5191 1788 5260 qui
1837 5190 1935 5248 hoc
1976 5210 2165 5250 munus

600 5284 900 5352 implerent,
940 5298 1111 5351 neque
1156 5285 1446 5353 insepultus
1489 5301 1771 5341 mansurus
1810 5298 1968 5343 erat:
2009 5300 2165 5359 atque

600 5374 739 5428 lumc
761 5391 823 5429 ex
852 5374 1010 5428 rebus
1033 5376 1196 5445 magis
1224 5379 1534 5432 necessariis
1560 5381 1715 5434 avelli
1740 5395 1845 5434 non
1871 5395 2004 5449 opus
2033 5391 2160 5434 erat.

601 5465 732 5518 Cum
772 5463 899 5516 dicit
930 5473 1125 5526 autem,
1155 5465 1384 5520 Mortuo:
1425 5484 1559 5532 suos,
1597 5470 1832 5523 ostendit
1873 5470 2012 5525 hunc
2059 5487 2164 5525 non

605 5569 724 5608 esse
747 5564 1010 5606 tnortuum
1042 5569 1193 5607 suum
1223 5573 1233 5607 :
1261 5572 1380 5610 nam
1415 5557 1516 5622 hic,
1553 5569 1607 5612 ut
1635 5559 1900 5624 existimo,
1929 5569 2168 5616 mortuus

602 5658 666 5697 ex
712 5639 996 5697 inlldelium
1025 5659 1244 5698 numero
1273 5656 1403 5700 erat.
1434 5648 1485 5702 Si
1528 5665 1685 5718 porro
1723 5651 1970 5719 juvenem
2011 5653 2168 5707 mira-

682 5811 697 5840 ι
723 5808 845 5858 \‘ide
871 5819 1033 5862 notam
1061 5811 1299 5866 ῖτὶᾱει·ίι.ἱ
1339 5821 1350 5868 l
1377 5820 1419 5869 ir.-
1449 5825 1492 5870 d.

1369 437 1425 489 S.
1465 427 1740 489 JOANNIS
1777 415 2250 479 CllltYSOS'l'OMl
2287 416 2606 472 ARCIIIEP.
2645 418 3172 475 CONSTANTINOP.

3738 417 3840 475 348

2266 534 2359 600 ris,
2386 533 2526 604 quod
2557 549 2652 604 pro
2676 549 2735 590 re
2763 545 2868 589 tam
2898 534 3196 590 necessaria
3224 530 3402 589 losum
3431 534 3718 602 rogaverit,
3745 550 3840 588 ne-

2265 643 2366 697 que
2405 635 2594 696 sponte
2635 626 2859 682 abierit:
2891 626 3060 680 multo
3092 626 3259 697 magis
3294 626 3504 690 mirare,
3536 624 3679 695 quod
3724 641 3843 692 pm-

2265 720 2460 774 hibitus
2503 720 2775 775 manserit.
2814 720 3045 786 Annon,
3078 718 3320 788 inquies,
3364 718 3708 788 ingratissimi
3750 718 3841 771 lilii

2262 820 2397 876 erat,
2432 812 2595 880 patris
2618 809 2884 878 exsequiis
2911 823 3016 864 non
3061 809 3361 865 interesse?
3390 810 3443 865 Si
3489 809 3540 864 id
3572 824 3636 863 ex
3672 809 3842 878 negli-

2261 903 2436 970 gentia
2481 901 2711 964 fecisset,
2745 901 2932 970 ingrati
2961 900 3123 954 animi
3152 900 3385 955 futurum
3412 912 3557 961 erat;
3587 901 3636 955 si
3665 909 3840 954 autem

2262 1012 2347 1051 res
2392 998 2557 1066 magis
2602 995 2897 1051 neetssaria
2931 994 3178 1057 instabat,
3223 995 3574 1062 improbitatis
3618 1008 3844 1048 summa:

2262 1085 2420 1142 fuerit
2449 1087 2662 1142 abiisse.
2694 1086 2822 1141 Nam
2851 1085 3006 1142 iesus
3045 1085 3096 1141 id
3116 1084 3394 1155 prohibuit
3419 1085 3542 1153 ipsi,
3566 1100 3672 1140 non
3700 1083 3840 1153 quod

2257 1178 2464 1245 juberel
2491 1179 2742 1231 honorem
2773 1178 3074 1245 parentibus
3103 1176 3336 1232 debitum
3366 1185 3732 1238 contemnere,
3751 1173 3842 1228 sed

2264 1282 2316 1325 ut
2363 1271 2683 1333 ostenderet,
2720 1270 2847 1324 nihil
2901 1270 3050 1324 nobis
3090 1284 3241 1336 aeque
3281 1266 3642 1321 necessarium
3690 1281 3840 1327 esse,

2261 1377 2419 1436 atque
2441 1380 2525 1420 res
2550 1367 2811 1427 cmlestes,
2846 1367 3015 1433 iisque
3042 1377 3245 1416 summa
3273 1377 3391 1414 eum
3415 1360 3684 1430 diligentia
3725 1373 3841 1412 esse

2264 1455 2691 1518 incumbendum,
2717 1471 2813 1511 nec
2844 1456 2923 1508 vel
2952 1453 3214 1508 tantillum
3243 1452 3610 1512 differendum,
3634 1450 3838 1503 etiamsi

2260 1549 2544 1602 admodum
2584 1552 2819 1618 urgentia
2854 1548 3132 1603 videantur
3175 1562 3292 1601 esse
3328 1562 3390 1601 ea
3431 1561 3547 1615 quae
3586 1545 3693 1598 alio
3734 1555 3838 1597 tra-

2264 1643 2412 1696 bunt.
2447 1642 2581 1709 Quid
2612 1642 2756 1698 enim
2794 1641 2959 1710 magis
3004 1641 3361 1694 necessarium
3383 1678 3398 1701 ,
3427 1652 3584 1707 quam
3612 1635 3843 1703 sepelire

2262 1736 2503 1803 patrem?
2526 1734 2650 1804 quid
2689 1734 2926 1787 facilius?
2965 1732 3144 1800 Neque
3171 1731 3312 1785 enim
3337 1729 3557 1784 multum
3587 1726 3842 1796 temporis

2262 1824 2630 1879 insumendum
2657 1832 2790 1878 erat.
2824 1823 2878 1878 Si
2909 1837 3067 1892 porro
3099 1838 3202 1875 non
3240 1828 3444 1873 tantum
3475 1818 3732 1885 temporis
3759 1816 3840 1867 in-

2261 1932 2472 1972 sumere
2502 1917 2620 1970 licet
2649 1923 2900 1985 quantum
2929 1915 2994 1968 ad
3027 1913 3391 1982 sepeliendum
3419 1921 3622 1979 patrem
3649 1916 3732 1962 est
3752 1923 3843 1962 ne-

2261 2010 2568 2074 cessarium,
2600 2017 2653 2062 et
2675 2009 2716 2062 si
2749 2022 2816 2060 ne
2839 2005 3042 2060 tantillo
3067 2004 3281 2074 quidem
3323 2014 3562 2069 tempore
3587 1999 3840 2068 spiritua-

2262 2101 2330 2154 lia
2364 2101 2664 2169 relinquere
2703 2107 2868 2152 tutum
2911 2105 2993 2150 est
3022 2115 3035 2149 :
3069 2095 3240 2166 cogita
3265 2093 3456 2163 quibus
3499 2090 3668 2145 simus
3699 2089 3842 2157 digni

2263 2193 2452 2261 poenis,
2483 2191 2570 2262 qui
2598 2207 2658 2246 ea
2698 2205 2815 2261 quae
2843 2189 2908 2244 ad
2935 2187 3206 2242 Christum
3255 2191 3496 2254 spectant
3527 2193 3637 2236 toto
3676 2181 3841 2234 ferme

2263 2295 2500 2352 tempore
2547 2282 2862 2342 deserimus.
2892 2289 2944 2332 et
2988 2276 3304 2333 necessariis
3333 2274 3588 2327 vilissima
3631 2282 3843 2340 antepo-

2261 2378 2452 2437 nimus,
2475 2375 2723 2441 nullaque
2751 2388 2806 2427 re
2833 2379 3051 2438 urgente
3079 2367 3287 2422 desides
3305 2380 3506 2420 sumus.
3532 2364 3660 2418 inde
3683 2377 3842 2432 porro

2261 2466 2514 2519 doctrinm
2545 2463 2764 2533 hujusce
2794 2461 3180 2529 philosophiam
3213 2457 3394 2511 mirari
3424 2464 3632 2524 oportet
3653 2496 3668 2517 ,
3698 2453 3838 2524 quod

2255 2555 2500 2624 juvenem
2530 2554 2690 2609 verbo
2720 2555 2808 2607 Dei
2836 2552 3081 2614 aftixerit,
3115 2550 3179 2603 ad
3211 2548 3324 2603 lnec
3350 2547 3509 2600 etiam
3534 2545 3713 2599 multis
3737 2544 3841 2596 eri-

2262 2651 2433 2716 puerit
2470 2650 2640 2710 maiis,
2672 2647 2901 2706 ﬂetibus,
2936 2642 3093 2699 luctui
3123 2682 3137 2705 ,
3166 2641 3388 2708 aliisque
3419 2637 3540 2692 inde
3569 2635 3839 2704 sequenti-

2260 2740 2376 2793 bus.
2394 2738 2522 2792 Nam
2549 2748 2666 2807 post
2691 2737 3014 2805 sepulturam
3044 2749 3175 2804 opus
3203 2741 3320 2787 erat
3350 2739 3722 2800 testamentum
3747 2743 3838 2782 ex-

2257 2841 2474 2895 cutere,
2521 2840 2692 2886 serta
2737 2829 3044 2884 hereditatis
3081 2825 3436 2889 distribuere,
3481 2831 3534 2876 et
3571 2821 3674 2874 alia
3718 2833 3837 2889 qua:

2259 2923 2371 2977 haec
2395 2924 2752 2994 sequebantur
2780 2911 2955 2975 Omnia
2987 2921 3158 2974 facere
3182 2936 3195 2971 :
3227 2915 3408 2984 sicque
3434 2912 3680 2967 ﬂuctibus
3706 2913 3838 2966 alios

2259 3015 2448 3069 [luctus
2473 3013 2875 3085 excipientibus,
2912 3011 3095 3082 procul
3120 3026 3146 3063 a
3173 3007 3412 3063 veritatis
3443 3015 3596 3076 portu
3627 3006 3715 3059 ille
3740 3005 3836 3060 ab-

2259 3106 2445 3160 ductus
2487 3105 2692 3161 fuisset.
2724 3104 2848 3160 Ideo
2896 3104 3066 3173 ipsum
3118 3099 3368 3164 attrahit,
3417 3107 3470 3153 et
3505 3097 3606 3151 sibi
3644 3095 3834 3164 jungit.

2257 3197 2408 3264 Quod
2452 3197 2496 3250 si
2533 3194 2706 3250 adhuc
2735 3196 2943 3248 miraris
2969 3201 3021 3247 et
3041 3206 3181 3261 :rgre
3206 3190 3331 3255 fers,
3371 3187 3510 3257 quod
3538 3185 3839 3255 prohibitus

2257 3288 2413 3343 fuerit
2442 3295 2662 3356 paterno
2686 3278 2875 3342 adesse
2891 3284 3059 3339 funeri
3081 3299 3095 3347 ;
3117 3281 3242 3337 illud
3271 3283 3470 3350 cogites
3497 3278 3677 3343 velim,
3696 3277 3835 3331 mul-

2259 3387 2339 3431 tos
2369 3391 2489 3431 esse
2525 3377 2612 3448 qui
2658 3391 2776 3430 cum
2820 3376 2991 3431 sciant
3027 3373 3302 3444 quOSpiam
3343 3370 3617 3425 molestius
3651 3367 3837 3423 funera

2257 3469 2460 3524 laturos
2488 3483 2629 3534 esse,
2661 3483 2753 3522 seu
2783 3467 2968 3536 patris,
2999 3481 3093 3520 seu
3134 3463 3339 3529 matris,
3369 3476 3463 3516 seu
3490 3460 3603 3524 lilii,
3635 3475 3730 3514 seu
3760 3459 3840 3512 al-

2259 3559 2421 3613 terius
2445 3558 2846 3626 cujuscumque,
2865 3571 2970 3610 non
2987 3555 3306 3625 permittere
3333 3567 3395 3606 ea
3424 3552 3553 3620 ipsis
3583 3551 3834 3612 nuntiari.

2261 3663 2431 3718 neque
2461 3649 2604 3717 ipsos
2646 3647 2711 3701 ad
2751 3647 3051 3716 sepulcrum
3082 3645 3265 3700 venire
3295 3662 3308 3695 :
3338 3659 3510 3712 neque
3541 3642 3661 3696 ideo
3697 3643 3837 3712 ipsus

2261 3739 2590 3793 crudelitatis
2619 3737 3086 3791 inhumanitatisve
3106 3748 3420 3790 accusamus
3444 3752 3456 3787 :
3487 3742 3541 3788 et
3563 3733 3684 3803 jure
3719 3732 3835 3801 qni-

2260 3830 2400 3884 dem.
2432 3829 2564 3882 Nam
2603 3838 2785 3883 contra
2828 3826 3005 3882 facere
3060 3825 3404 3882 inhumanum
3449 3834 3614 3890 esset,
3645 3840 3836 3895 nempe

2259 3921 2338 3975 sic
2364 3920 2672 3974 allectos-ad
2706 3921 2903 3975 luctum
2931 3920 2947 3950 ¹
2978 3919 3228 3974 educere.

2329 4013 2382 4067 4.
2422 4013 2548 4080 Qua.-
2590 4014 2660 4066 ad
2698 4013 2912 4065 salutem
2957 4019 3181 4080 spectant
3227 4019 3344 4064 sunt
3389 4011 3582 4063 steteris
3624 4020 3830 4077 antepo-

2261 4106 2444 4158 nenda.
2482 4105 2568 4158 Vir
2596 4107 2646 4158 in
2675 4106 2896 4174 nequitia
2933 4105 3120 4169 vivens,
3152 4113 3224 4156 est
3265 4111 3464 4156 mortuo
3507 4102 3745 4154 deterior.
3771 4129 3802 4139 -
3825 4127 3838 4134 -

2263 4195 2412 4262 Quod
2440 4197 2484 4249 si
2523 4195 2845 4264 propinquos
2872 4194 2941 4248 ita
2980 4194 3156 4264 lugere
3199 4203 3250 4247 et
3274 4195 3509 4247 animum
3535 4195 3690 4247 atteri
3723 4207 3833 4246 ma-

2267 4289 2372 4340 lum
2398 4295 2498 4350 est,
2523 4287 2675 4356 longe
2706 4285 2854 4355 pejus
2881 4278 3015 4341 est'a
3043 4284 3400 4354 spiritualibus
3428 4284 3620 4339 abduci
3643 4284 3836 4338 verbis.

2266 4374 2491 4446 Ideoque
2509 4377 2632 4432 alibi
2655 4377 2776 4432 dicit
2804 4394 2817 4431 :
2847 4376 3010 4430 Nemo
3031 4377 3228 4431 mittens
3247 4393 3451 4429 manum
3467 4392 3609 4428 suam
3638 4377 3707 4428 nd
3725 4392 3842 4427 arn-

2266 4481 2415 4532 trum,
2445 4481 2492 4524 et
2533 4487 2794 4524 conversus
2818 4472 2885 4523 ad
2913 4471 3222 4539 posteriora,
3251 4479 3400 4538 aptus
3441 4481 3513 4522 est
3542 4471 3609 4521 ad
3635 4487 3842 4539 regnant

2267 4561 2501 4614 calorum
2524 4559 2675 4632 (Luc.
2699 4562 2752 4616 9.
2781 4559 2893 4632 6‘2).
2925 4559 3060 4614 Nam
3097 4562 3254 4630 longe
3283 4560 3472 4614 melius
3505 4572 3588 4614 est
3620 4575 3840 4628 regnum

2270 4651 2586 4720 pra-dicare,
2627 4651 2868 4721 aliosque
2909 4665 2939 4704 a
2971 4659 3142 4704 morte
3185 4649 3484 4715 retrahere,
3512 4665 3672 4720 quam
3713 4651 3842 4704 nihil

2263 4742 2533 4810 juvantetn
2567 4749 2832 4796 mortuum
2860 4741 3122 4811 sepelire;
3155 4755 3275 4795 cum
3308 4740 3537 4795 maxime
3555 4752 3846 4809 supersunt

2267 4833 2355 4886 alii
2407 4833 2494 4902 qui
2535 4834 2737 4903 possint
2785 4833 2887 4888 hoc
2929 4831 3162 4888 ofﬁcium
3211 4831 3451 4901 implere.
3495 4831 3635 4887 Nihil
3688 4834 3848 4902 igitur

2267 4923 2408 4978 aliud
2441 4923 2560 4978 inde
2587 4924 2860 4988 discimus,
2881 4939 3039 4995 quam
3069 4922 3210 4993 quod
3236 4938 3303 4979 ne
3328 4923 3600 4978 minimum
3630 4925 3844 4992 quidem

2271 5016 2523 5084 temporis
2565 5025 2738 5071 terere
2785 5023 3066 5081 oporteat:
3093 5016 3297 5070 etiamsi
3329 5025 3575 5072 sexcenta
3607 5016 3712 5069 alia
3760 5033 3848 5070 ur-

2271 5118 2444 5180 geant,
2468 5107 2754 5176 spiritualia
2778 5118 2901 5163 sunt
2927 5123 3142 5177 semper
3160 5108 3369 5162 caeteris
3392 5109 3473 5164 vel
3495 5109 3728 5163 maxime
3754 5125 3847 5162 nc«

2270 5199 2517 5254 cessariis
2554 5199 2924 5266 anteponenda
2946 5239 2961 5262 ,
3006 5198 3385 5270 sciendumque
3412 5209 3496 5254 est
3518 5241 3532 5263 ,
3559 5200 3685 5269 quid
3719 5202 3844 5261 vita,

2270 5290 2395 5359 quid
2427 5303 2570 5359 mors
2595 5290 2681 5344 sit.
2709 5289 2853 5342 Multi
2876 5290 3016 5344 enim
3046 5291 3202 5343 etiam
3225 5305 3288 5344 ex
3317 5291 3402 5354 iis,
3432 5290 3519 5359 qui
3555 5292 3735 5346 vivere
3768 5293 3844 5344 κῖ-

2271 5358 2480 5443 dentui',
2513 5396 2540 5433 a
2585 5381 2808 5434 mortuis
2854 5380 2984 5435 nihil
3012 5379 3286 5447 dill'erunt,
3312 5381 3356 5435 si
3398 5358 3462 5434 in,
3492 5384 3722 5450 nequitia
3767 5387 3842 5432 \i-

2272 5485 2424 5536 vant;
2459 5473 2566 5525 i.no
2607 5471 2900 5526 deteriores
2942 5473 3100 5526 etiam
3144 5467 3368 5526 niortuis
3410 5482 3551 5525 sunt.
3588 5471 3724 5524 Nam
3765 5476 3847 5540 qui

2275 5576 2496 5616 mortuus
2525 5575 2616 5628 est,
2654 5565 2838 5633 inquit,
2863 5565 3169 5632 justi/iratus
3197 5573 3268 5617 est
3294 5580 3325 5614 α
3360 5575 3559 5630 peccato
3589 5565 3766 5628 (Rom.
3794 5567 3845 5617 li.

2274 5655 2327 5722 7)
2355 5672 2367 5712 :
2402 5655 2484 5708 hic
2508 5664 2682 5708 autem
2708 5655 2952 5723 nequitia!
2983 5655 3162 5710 servit.
3197 5655 3272 5710 Ne
3303 5655 3430 5708 mihi
3451 5655 3674 5722 dixeris,
3700 5653 3848 5705 illum

2339 5810 2351 5839 ι
2390 5807 2600 5869 Qtudmi,
2625 5809 2688 5857 ad
2711 5809 2868 5870 funus.
