4094 6466
253 401 354 459 MO

253 530 284 568 ιι
312 511 590 567 vermibus
619 523 724 563 non
758 503 991 569 corrodi,
1017 517 1120 556 non
1144 500 1195 554 in
1221 497 1492 566 sandapila
1519 495 1724 566 jacere,
1744 506 1849 545 non

254 602 444 657 oculos
484 600 775 658 clausisse,
808 609 979 665 neque
1037 590 1232 646 institis
1277 589 1495 659 ligatum
1539 600 1681 642 eSse.
1715 583 1847 638 Nam

253 696 497 766 graviora
535 691 754 762 patitur,
785 703 943 757 quam
991 693 1262 746 mortuus,
1298 697 1403 735 non
1433 678 1709 733 vermibus
1731 691 1853 730 cor-

257 785 600 847 rodentibus,
634 782 729 836 sed
768 780 894 834 feris
937 773 1340 832 immanioribus
1373 771 1535 825 animi
1574 767 1855 823 affectibus

258 880 431 948 Ipsum
455 873 896 944 discerpentibus.
916 871 971 925 Si
994 878 1170 923 autem
1192 876 1406 936 apertos
1431 863 1622 917 habeat
1645 860 1851 923 oculos,

260 970 361 1022 hoc
391 969 516 1021 item
542 967 698 1036 longe
741 965 893 1035 pejus
919 972 1022 1026 est,
1055 975 1212 1030 quam
1254 959 1298 1012 si
1325 956 1491 1011 clausi
1535 962 1733 1009 essent.
1763 952 1855 1006 Et-

257 1062 406 1114 enim
424 1059 564 1113 oculi
587 1057 781 1111 mortui
804 1053 936 1108 nihil
957 1053 1076 1106 mali
1103 1050 1317 1112 vident;
1347 1047 1432 1102 hic
1457 1056 1636 1099 autem
1658 1043 1856 1112 apertis

258 1150 429 1206 oculis
467 1149 778 1204 innumeros
820 1145 920 1201 sibi
955 1142 1178 1198 attrahit
1214 1139 1450 1194 morbos.
1496 1136 1589 1191 Ille
1617 1135 1763 1205 jacet
1801 1134 1855 1187 in

258 1241 534 1310 sandapila
563 1239 628 1294 ad
660 1237 838 1294 omnia
881 1233 1205 1295 immobilis;
1232 1231 1318 1285 hic
1353 1231 1403 1283 in
1433 1229 1690 1298 sepulcro
1713 1241 1858 1280 more

259 1334 450 1388 borum
479 1331 625 1386 mille
658 1344 824 1383 onere
849 1326 1072 1380 obrutus
1109 1333 1210 1378 est.
1245 1323 1314 1375 At
1337 1335 1442 1375 non
1487 1320 1637 1374 vides
1661 1331 1858 1385 corpus

259 1430 378 1495 ejus
421 1421 735 1493 putridum?
763 1418 831 1472 Et
858 1416 984 1488 quid
1029 1414 1166 1469 hoc?
1189 1413 1283 1467 llic
1311 1411 1507 1480 quippe
1526 1449 1543 1472 ,
1570 1417 1855 1476 antequam

258 1531 458 1586 corpus
483 1515 600 1584 ejus
630 1518 919 1582 putrescat,
942 1509 1175 1563 animam
1199 1506 1358 1560 habet
1381 1511 1708 1578 corruptam,
1731 1515 1857 1570 per-

259 1609 453 1675 ditam,
480 1606 671 1663 fauore
711 1604 942 1674 plurimo
973 1599 1362 1655 labefactatam.
1384 1596 1476 1651 llle
1516 1593 1730 1664 quidem
1764 1607 1860 1661 per

259 1700 448 1756 decem
470 1698 584 1753 dies
611 1698 782 1761 faetet,
813 1694 900 1747 hic
930 1707 1058 1747 vero
1088 1706 1184 1762 per
1211 1699 1375 1743 totam
1415 1689 1576 1741 vitam
1610 1685 1856 1740 fcetorem

259 1790 480 1851 emittit,
503 1803 564 1843 os
596 1787 798 1842 habens
824 1784 1022 1839 cloacis
1039 1779 1526 1851 ipsisimmundius.
1544 1776 1664 1833 Uno
1692 1775 1862 1831 verbo

264 1890 469 1937 tantum
486 1879 554 1934 ab
584 1878 686 1933 hoc
708 1877 797 1932 ille
818 1875 1015 1940 diﬂ'ert,
1039 1884 1293 1944 quantum
1314 1871 1402 1926 ille
1432 1870 1647 1941 quidem
1670 1883 1861 1923 corru-

265 1974 502 2042 ptionem
527 1979 729 2024 natura:
756 1967 988 2022 debitam
1015 1965 1227 2034 patitur,
1253 1963 1337 2016 hic
1359 1977 1486 2017 vero
1507 1976 1626 2015 eum
1651 1959 1737 2013 illa
1762 1973 1863 2028 pu-

266 2064 495 2127 tredine,
515 2077 633 2117 eam
667 2061 825 2115 etiam
848 2075 964 2128 qua:
999 2073 1066 2112 ex
1096 2055 1298 2126 perdita
1325 2057 1496 2108 oritur
1520 2052 1627 2108 vita
1655 2050 1753 2105 sibi
1784 2061 1866 2103 at-

269 2155 460 2221 trahit;
483 2161 766 2210 scxcentas
793 2151 892 2207 sibi
923 2149 1161 2221 quotidie
1187 2150 1491 2218 excogitans
1506 2145 1866 2216 corruptionis

264 2246 494 2317 species.
516 2244 622 2300 Sed
645 2244 733 2299 ille
756 2257 895 2313 equo
913 2240 1116 2296 fertur?
1136 2239 1273 2307 Quid
1297 2241 1396 2294 hoc
1419 2239 1539 2294 est?
1561 2237 1689 2292 Nam
1709 2236 1794 2291 hic
1810 2237 1865 2290 in

265 2337 408 2392 lecto
431 2333 732 2399 decumbit;
760 2331 1010 2402 quodque
1031 2331 1244 2400 gravius
1274 2337 1376 2392 est,
1403 2328 1529 2382 dum
1567 2328 1711 2381 illum
1749 2342 1869 2380 cor-

267 2433 486 2496 ruptum
526 2435 582 2480 et
608 2424 882 2480 {ostentem
926 2436 1084 2475 nemo
1118 2419 1284 2484 videt,
1307 2434 1430 2482 cum
1471 2433 1648 2472 arcam
1677 2417 1869 2472 habeat

267 2516 392 2571 velo
421 2523 694 2584 opertam;
743 2514 830 2568 hic
869 2513 1055 2568 vivens
1094 2526 1158 2566 ac
1199 2511 1413 2567 fmtidus
1451 2511 1868 2580 circumquaque

268 2616 513 2677 vagatur,
544 2615 806 2660 mortuam
835 2604 1066 2658 animam
1091 2603 1144 2657 in
1171 2617 1396 2672 corpore
1421 2602 1572 2673 quasi
1609 2603 1662 2656 in
1688 2601 1869 2671 sepul-

269 2715 366 2754 cro
391 2699 792 2753 circumferens.
822 2699 900 2751 Ac
929 2700 972 2751 si
1010 2706 1192 2766 posset
1216 2698 1390 2750 anima
1417 2697 1652 2765 conspici
1690 2697 1786 2749 viri
1815 2696 1871 2750 in

269 2790 482 2846 deliciis
523 2800 578 2845 et
605 2790 926 2860 in.nequitia
956 2790 1210 2855 viventis,
1244 2790 1454 2844 videres
1481 2790 1638 2858 longe
1677 2789 1870 2842 melius

269 2896 395 2938 esse
435 2883 488 2936 iu
513 2881 758 2952 sepulcro
784 2881 998 2951 ligatmn
1018 2881 1232 2949 jacere,
1261 2896 1416 2948 quam
1445 2879 1648 2933 catenis
1677 2893 1868 2947 pecca-

273 2985 450 3031 torum
477 2975 806 3044 constringi;
838 2988 900 3028 ac
947 2975 1174 3043 lapidem
1204 2973 1601 3042 superpositum
1646 2970 1865 3037 habere,

272 3085 433 3140 quam
463 3084 624 3139 grave
663 3067 790 3122 illud
815 3067 1240 3122 insensibilitatis
1263 3067 1593 3136 operculum.
1623 3068 1870 3135 Quapro-

275 3170 395 3228 pter
423 3159 674 3213 comenit
701 3168 758 3213 ut
785 3168 1118 3213 mortuorum
1142 3157 1399 3213 horumce
1415 3157 1724 3229 propinqui,
1745 3172 1873 3228 quo-

279 3253 426 3305 niam
465 3248 542 3302 illi
575 3249 654 3302 sic
691 3248 811 3303 sine
839 3263 1004 3303 sensu
1027 3248 1234 3317 iacent,
1267 3249 1335 3302 ad
1373 3247 1561 3303 Iesum
1599 3249 1864 3304 accedant

273 3354 374 3410 pro
403 3339 507 3393 illis
531 3381 546 3405 ,
571 3349 627 3393 ut
650 3340 776 3393 olim
805 3339 966 3393 Maria
997 3355 1092 3408 pro
1120 3340 1343 3394 Lazaro.
1377 3341 1600 3395 Etiamsi
1629 3341 1866 3408 foetidos,

273 3431 486 3486 etiamsi
508 3431 891 3500 quatridnauus
911 3432 1003 3496 sit,
1027 3447 1094 3486 ne
1124 3431 1415 3502 desperes:
1447 3431 1540 3487 sed
1569 3434 1786 3498 accede;
1815 3444 1871 3490 et

272 3520 507 3589 lapidem
552 3521 696 3590 prius
731 3536 967 3576 remove.
991 3521 1121 3574 Nam
1166 3511 1292 3576 tunc
1321 3524 1526 3578 videbis
1562 3524 1864 3592 jacentem,

271 3612 423 3680 quasi
457 3613 506 3666 in
534 3612 801 3681 sepulcro,
835 3621 890 3667 et
911 3614 1088 3668 fasciis
1116 3614 1354 3683 ligatum.
1386 3615 1451 3669 Et
1497 3617 1539 3670 si
1589 3617 1780 3684 placet,
1814 3618 1866 3671 iu

273 3702 507 3758 medium
547 3705 846 3774 quempiam
892 3721 957 3760 ex
1001 3706 1127 3760 viris
1174 3707 1469 3762 illustribus
1515 3707 1865 3765 adducamus.

271 3798 344 3852 At
372 3811 441 3851 ne
462 3797 725 3862 timentis;
757 3798 918 3852 tacito
947 3800 1140 3868 quippe
1171 3799 1387 3854 nomine
1413 3801 1715 3870 exemplum
1745 3818 1869 3871 pro-

273 3889 475 3951 l’eram;
510 3887 638 3953 imo,
675 3888 719 3942 si
756 3903 948 3942 nomen
989 3888 1245 3955 dicerem,
1275 3905 1343 3944 ne
1385 3890 1463 3945 sic
1489 3890 1704 3960 quidem
1749 3909 1866 3948 nte-

271 3980 527 4036 tuendum
556 3988 720 4035 esset.
749 3980 878 4048 Quis
907 3983 1050 4036 enim
1080 3998 1328 4052 umquam
1357 3993 1628 4038 mortuum
1655 3984 1866 4040 timuit?

1152 385 1219 444 IN
1253 379 1662 440 MATTIIEUII
1704 368 1934 431 IIOMIL.
1978 372 2214 428 XXVIII.
2255 375 2325 430 al.
2368 375 2560 431 XXIX.

3447 371 3553 430 550

1960 492 2029 548 Si
2043 462 2172 562 quid
2193 490 2333 545 enim
2365 488 2569 553 fecerit,
2599 497 2842 542 mortuus
2875 495 3048 542 tamen
3078 493 3290 550 manet;
3313 494 3556 539 mortuus

1959 601 2088 641 vero
2116 586 2380 638 viventem
2424 582 2619 637 laedere
2663 580 2810 636 nullo
2840 591 2995 650 pacto
3037 589 3230 650 potest.
3265 576 3554 633 Videamus

1961 681 2139 748 itaque
2160 687 2320 747 caput
2339 676 2458 746 ejus
2487 676 2729 746 ligatum.
2753 673 2886 728 Nam
2912 690 3031 729 cum
3058 672 3250 728 crebro
3269 672 3378 728 sint
3398 673 3556 741 ebrii,

1960 771 2183 842 perinde
2225 780 2385 839 atque
2422 768 2614 823 mortui
2648 768 2830 821 multis
2871 764 3222 820 velaminibus
3260 774 3314 820 et
3353 763 3556 827 fasciis,

1959 865 2036 917 sic
2066 875 2254 916 omnes
2294 861 2515 914 istorum
2540 874 2729 914 sensus
2752 857 3107 912 occluduntur
3126 865 3180 912 et
3218 856 3468 927 ligantur.
3498 853 3558 912 Si

1961 953 2110 1007 lubet
2149 954 2310 1007 etiam
2340 965 2528 1003 iuanus
2569 948 2773 1014 videre,
2807 948 2924 1001 illas
2948 947 3250 1016 conspicias
3272 945 3557 1001 venti-ial-

1961 1045 2167 1114 ligatas,
2191 1053 2246 1096 ut
2272 1041 2642 1096 defunctormn
2673 1054 2883 1102 manus,
2900 1048 2952 1092 et
2972 1038 3201 1102 vinctas,
3221 1053 3327 1092 non
3357 1036 3559 1104 fasciis,

1960 1134 2056 1191 sed
2082 1121 2323 1188 avaritiw
2354 1131 2597 1195 vinculis,
2623 1130 2764 1200 quod
2792 1130 2948 1199 longe
2977 1129 3214 1183 deterius
3237 1140 3353 1194 est;
3386 1142 3562 1197 neque

1961 1227 2103 1282 enim
2133 1225 2392 1295 permittit
2419 1225 2519 1276 ‘illa
2547 1232 2602 1276 ut
2642 1222 2709 1276 ad
2749 1221 3183 1291 elcemosynam,
3215 1219 3299 1272 vel
3325 1218 3390 1273 ad
3417 1217 3559 1272 aliud

1961 1317 2247 1388 quodpiam
2289 1331 2426 1386 opus
2454 1315 2649 1368 bonum
2691 1311 3083 1377 extendantur;
3122 1309 3216 1366 sed
3264 1309 3564 1365 inutiliores

1963 1408 2163 1472 efficit,
2193 1423 2351 1476 quam
2395 1416 2729 1459 mortuorum
2760 1417 2972 1457 manus.
3004 1400 3168 1455 Visne
3194 1409 3249 1453 ut
3275 1399 3437 1455 etiam
3471 1414 3564 1468 pe-

1963 1502 2060 1557 des
2089 1501 2338 1556 similiter
2366 1501 2577 1553 vinctos
2617 1492 2934 1551 videamus?
2963 1494 3089 1549 Illos
3115 1509 3328 1564 quoque
3356 1491 3565 1562 respice

1963 1595 2108 1648 curis
2140 1591 2459 1646 constrictos
2483 1631 2498 1655 ,
2540 1588 2629 1658 qui
2659 1587 2778 1641 ideo
2806 1601 2913 1640 non
2941 1585 3148 1654 possint
3176 1583 3242 1638 ad
3278 1583 3563 1639 ecelesiatn

1967 1686 2061 1740 Dei
2104 1698 2410 1755 properare.
2448 1679 2634 1735 \‘idisd
2677 1679 2982 1733 mortuum?
3009 1676 3388 1738 Pollinetorem
3421 1674 3563 1730 vide.

1965 1778 2096 1846 Quis
2139 1777 2327 1830 horum
2377 1773 2664 1843 pollinctor
2701 1770 2821 1825 est?
2853 1767 3111 1823 Diabolus
3142 1764 3235 1836 qui
3282 1765 3567 1836 diligenter

1967 1870 2112 1939 ipsos
2135 1867 2470 1936 constringit,
2507 1879 2603 1918 nec
2633 1863 2760 1916 sinit
2784 1869 2842 1914 ut
2873 1860 3036 1913 homo
3060 1866 3188 1913 vere
3209 1855 3377 1910 homo
3400 1868 3567 1925 appa-

1968 1971 2118 2026 reat,
2149 1959 2241 2015 sed
2284 1961 2480 2029 lignum
2520 1956 2749 2009 aridum.
2781 1953 2879 2010 Ubi
2907 1952 3052 2008 enim
3089 1967 3191 2005 nec
3232 1951 3422 2003 oculus
3465 1962 3567 2003 nec

1969 2069 2182 2119 manus,
2215 2069 2314 2107 nec
2347 2050 2530 2122 pedes,
2566 2064 2664 2103 nec
2688 2047 2830 2101 aliud
2864 2044 3167 2116 hujusmodi
3196 2054 3278 2098 est
3298 2040 3569 2114 quomodo

1969 2163 2089 2202 esse
2113 2161 2268 2215 posse
2283 2145 2444 2199 homo
2466 2144 2708 2197 videatur
2724 2144 2748 2192 ’ρ
2768 2141 2858 2196 Sic
2879 2139 3117 2208 ipsorum
3139 2138 3369 2191 animam
3395 2133 3571 2188 fasciis

1970 2238 2272 2293 devinctam
2304 2236 2621 2304 conspicere
2652 2241 2767 2297 est,
2817 2229 3021 2284 idolum
3054 2229 3222 2297 magis
3251 2241 3409 2295 quam
3452 2224 3570 2278 aui-

1971 2346 2134 2386 mam.
2165 2327 2428 2396 Quoniam
2463 2326 2621 2396 igitur
2656 2324 2755 2393 ipsi
2802 2323 2919 2376 sine
2946 2335 3108 2376 sensu
3131 2319 3312 2388 jaccnt
3349 2314 3569 2379 mortui,

1973 2438 2071 2492 pro
2097 2421 2200 2475 illis
2227 2420 2293 2474 ad
2314 2419 2499 2474 Iesum
2521 2414 2856 2476 accedamus,
2883 2425 3166 2481 precemur
3189 2418 3245 2462 ut
3269 2413 3571 2474 resurgant,

1972 2526 2316 2568 amoveamus
2334 2507 2586 2580 lapidem,
2603 2505 2874 2560 solvamus
2906 2501 3117 2555 fascias.
3147 2498 3202 2554 Si
3230 2499 3372 2552 enim
3393 2497 3573 2551 abstu-

1975 2605 2103 2660 leris
2128 2602 2379 2672 lapidein,
2405 2599 2457 2654 id
2483 2603 2588 2664 est,
2613 2597 2754 2652 illam
2785 2595 2835 2649 in
2859 2593 3012 2647 malis
3037 2604 3291 2646 sensuum
3321 2586 3574 2658 privatio-

1975 2713 2119 2761 nem,
2148 2677 2256 2754 cito
2284 2695 2402 2747 illos
2429 2709 2460 2747 e
2486 2689 2733 2758 sepulcro
2757 2686 3008 2743 eduxeris
3038 2701 3051 2737 :
3082 2685 3310 2738 eductos
3339 2695 3466 2735 vero
3491 2677 3574 2732 fa-

1976 2790 2133 2844 cilius
2160 2801 2190 2839 a
2236 2783 2462 2839 vinculis
2505 2781 2776 2836 liberabis.
2809 2778 2960 2833 Tunc
3002 2787 3052 2832 te
3091 2772 3362 2829 Christum
3407 2786 3575 2841 agno-

1977 2887 2113 2942 scet,
2137 2891 2258 2931 cum
2302 2872 2632 2936 sui-rexeris;
2657 2884 2777 2924 cum
2807 2866 3018 2923 solutus
3047 2864 3235 2928 fueris,
3275 2872 3401 2916 tunc
3429 2873 3480 2914 te
3510 2860 3576 2914 ad

1974 2987 2186 3027 cmnam
2229 2984 2381 3024 suam
2419 2965 2654 3022 vocabit.
2678 2963 2950 3032 Quotquot
2985 2959 3144 3028 igitur
3184 2955 3384 3013 Christi
3420 2952 3577 3008 amici

1974 3065 2126 3126 estis,
2158 3067 2419 3133 quotquot
2445 3056 2714 3127 discipuli,
2741 3061 3002 3125 quotquot
3031 3059 3300 3107 mortuum
3325 3047 3543 3118 diligitis
3561 3085 3578 3111 ,

1975 3155 2043 3210 ad
2081 3154 2264 3210 Iesum
2307 3152 2578 3220 supplices
2615 3147 2852 3202 accedite
2893 3153 2948 3200 et
2991 3142 3304 3212 supplicate.
3355 3138 3578 3193 Etiamsi

1972 3251 2120 3308 enim
2159 3257 2510 3314 summopere
2539 3240 2759 3296 foetidus
2785 3239 2888 3304 sit,
2941 3244 3178 3291 attamen
3226 3250 3330 3289 non
3379 3232 3581 3287 debent

1979 3329 2261 3412 propinqui
2292 3335 2411 3407 ejus
2435 3335 2608 3404 ipsum
2635 3331 2909 3393 deserere,
2937 3328 3032 3383 sed
3063 3333 3208 3381 tanto
3235 3327 3401 3396 magis
3427 3338 3580 3378 acce-

1976 3435 2105 3490 dere
2131 3473 2146 3497 ,
2177 3441 2380 3502 quanto
2420 3426 2590 3497 magis
2621 3422 2849 3494 putredo
2877 3428 3101 3490 augetur
3129 3435 3142 3472 :
3181 3427 3238 3472 ut
3277 3427 3402 3471 tunc
3440 3415 3580 3470 fece-

1977 3534 2100 3580 runt
2127 3521 2312 3577 Lazari
2338 3532 2590 3580 sorores;
2620 3530 2794 3585 neque
2833 3521 2957 3567 ante
2982 3510 3280 3574 discedere,
3304 3515 3578 3577 rogantes,

1976 3625 2258 3688 precantes
2282 3656 2296 3680 ,
2338 3610 2701 3680 supplicantes
2721 3647 2736 3672 ,
2768 3620 2925 3675 quam
2957 3603 3103 3658 illum
3132 3597 3397 3656 viventem
3427 3614 3579 3653 recc-

1977 3710 2232 3782 pcrimus.
2260 3707 2392 3762 Nam
2419 3705 2463 3759 si
2491 3704 2568 3758 sic
2597 3717 2687 3756 res
2713 3708 2926 3754 nostras
2952 3707 3006 3752 et
3034 3696 3397 3766 proximorum
3425 3709 3580 3749 curc-

1975 3817 2118 3863 ntus,
2157 3798 2384 3854 futuram
2426 3796 2533 3850 cito
2563 3794 2724 3845 vitam
2753 3803 3188 3857 consequemur:
3221 3790 3334 3855 qua
3371 3785 3573 3837 utinam

1974 3907 2075 3947 nos
2103 3891 2203 3944 frui
2230 3887 2523 3956 contingat,
2545 3883 2713 3955 gratia
2743 3891 2797 3936 et
2826 3879 3150 3949 benignitate
3174 3877 3383 3931 Domini
3407 3876 3578 3932 nostri

1973 3985 2100 4040 Iesu
2128 3981 2346 4044 Christi,
2369 3979 2452 4033 cui
2475 3976 2640 4045 gloria
2671 3975 2720 4027 in
2747 3971 2941 4026 srecula
2972 3969 3311 4025 srcculorum.
3348 3969 3539 4021 Amen.

645 4106 3576 4134 __________________________________________________

1348 4192 1697 4254 HOMILIA
1739 4193 2037 4256 XXVIII.
2082 4193 2166 4254 al.
2212 4189 2457 4251 XXIX.

266 4339 400 4396 Car.
441 4339 494 4394 8.
546 4339 729 4414 v.35.
784 4337 853 4392 Et
893 4337 1188 4393 ascendente
1231 4352 1288 4391 eo
1326 4337 1381 4390 in
1426 4337 1732 4402 naviculam,
1777 4352 1860 4390 se-

339 4432 484 4501 quuti
511 4443 624 4486 sunt
646 4448 758 4486 eum
780 4431 1019 4499 discipuli
1044 4431 1176 4500 ejus.
1199 4429 1292 4482 24.
1321 4427 1390 4481 Et
1417 4445 1530 4482 ecce
1557 4438 1722 4482 motus
1749 4445 1858 4480 ma-

340 4542 472 4597 gnus
500 4527 666 4594 [actus
711 4534 786 4578 est
832 4525 884 4576 in
915 4523 1065 4587 mari,
1097 4523 1171 4574 ita
1219 4530 1273 4574 ut
1302 4520 1538 4576 navicula
1582 4521 1861 4591 operiretur

339 4617 575 4684 ﬂuctibus
599 4631 618 4668 :
636 4615 745 4682 ipse
761 4629 876 4667 vero
905 4613 1202 4666 dormiebat.

340 4707 395 4760 1.
428 4704 590 4759 Nulla
616 4707 746 4759 inter
769 4705 1097 4774 evangelistas
1125 4704 1458 4759 dissonantia.
1481 4701 1757 4765 -—-Lticas,
1791 4715 1859 4755 ue

267 4797 391 4867 quis
421 4798 488 4851 ab
517 4798 632 4865 ipso
661 4807 961 4866 temporum
999 4796 1243 4851 ordinem
1295 4797 1566 4866 exigeret,
1617 4795 1696 4849 sic
1741 4795 1854 4848 ait:

273 4885 492 4940 Factum
517 4897 590 4940 est
613 4888 665 4940 iu
685 4903 786 4940 una
811 4887 1028 4949 dierum,
1061 4897 1108 4940 et
1160 4887 1268 4955 ipse
1320 4887 1546 4940 ascendit
1572 4887 1626 4939 in
1656 4884 1858 4938 navicu-

267 4981 397 5044 lam,
429 4987 474 5033 et
495 4978 736 5045 discipuli
756 4980 866 5048 ejus
895 4977 1046 5048 (Luc.
1076 4978 1130 5034 8.
1152 4979 1269 5048 22).
1305 4978 1512 5033 Marcus
1537 4992 1748 5048 quoque
1780 4980 1858 5030 si-

268 5071 492 5126 militer.
518 5070 614 5126 llic
629 5085 758 5125 vero
803 5085 909 5124 non
933 5070 1082 5135 item,
1112 5071 1204 5124 sed
1242 5077 1543 5140 temporum
1569 5067 1861 5137 quamdam

267 5171 451 5218 servat
480 5162 696 5238 seriem.
717 5158 902 5229 Neque
921 5160 1065 5213 enim
1081 5161 1259 5214 omnia
1280 5174 1469 5214 omnes
1486 5158 1675 5214 eodem
1699 5157 1858 5211 modo

268 5255 581 5309 describunt
613 5272 626 5306 :
660 5253 712 5306 id
741 5251 880 5322 quod
912 5270 940 5305 a
975 5268 1060 5307 me
1094 5249 1200 5322 iam
1231 5268 1389 5322 supra
1421 5252 1622 5306 dictum
1662 5262 1763 5314 est,
1791 5267 1857 5304 ne

267 5346 390 5415 quis
417 5361 484 5399 ex
512 5345 803 5398 amissione
831 5344 1212 5398 dissonantiam
1260 5345 1398 5399 inter
1439 5345 1583 5413 ipsos
1609 5358 1729 5398 esse
1758 5359 1854 5411 pu-

269 5445 427 5492 taret.
457 5435 652 5490 Turbis
683 5436 862 5503 itaque
893 5437 1207 5503 prremissis,
1244 5435 1538 5505 discipulos
1567 5449 1747 5488 secum
1765 5448 1856 5486 as-

265 5525 536 5594 sumpsit:
566 5541 687 5579 nam
717 5524 817 5578 hoc
849 5525 920 5580 illi
947 5525 1154 5580 dicunt.
1183 5527 1491 5595 Assumpsit
1523 5534 1702 5578 autem
1750 5538 1854 5576 non

267 5620 460 5672 frustra
485 5658 500 5681 ,
553 5631 649 5671 nec
690 5616 806 5670 sine
832 5631 989 5671 causa
1021 5657 1036 5682 ,
1069 5617 1162 5672 scd
1191 5626 1247 5670 ut
1278 5616 1436 5670 futuri
1467 5615 1705 5669 miraculi
1736 5627 1856 5681 spe-

263 5722 502 5768 ctatores
531 5716 727 5761 essent.
758 5709 1218 5772 Quemadmodum
1265 5709 1407 5763 enim
1445 5707 1706 5775 palaestrae
1739 5721 1854 5756 ma-

262 5807 433 5874 gister
457 5801 713 5862 Optimus.
744 5799 810 5854 ad
843 5808 1127 5865 utrumque
1162 5800 1279 5855 illos
1325 5799 1610 5854 exercebat
1638 5837 1652 5856 .
1696 5806 1752 5849 ut
1800 5797 1849 5848 in

1974 4335 2131 4390 malis
2170 4328 2518 4402 imperterriti
2547 4334 2764 4391 essent,
2812 4331 2868 4379 et
2897 4322 2950 4377 in
2978 4319 3276 4376 honoribus
3309 4317 3566 4373 modesti.

1971 4427 2050 4482 Ne
2072 4427 2239 4480 altum
2260 4423 2403 4478 enim
2434 4416 2712 4490 saperent,
2742 4415 2908 4487 quod,
2934 4413 3116 4468 missis
3136 4411 3278 4476 aliis,
3310 4410 3464 4479 ipsos
3483 4425 3567 4463 re-

1973 4518 2238 4581 tinuisset,
2287 4519 2660 4583 tempestatem
2713 4506 2994 4579 permittit,
3022 4511 3132 4558 tum
3165 4511 3221 4556 ut
3253 4501 3354 4556 hoc
3381 4499 3568 4556 effice-

1969 4619 2072 4676 ret,
2095 4619 2204 4663 tum
2228 4614 2286 4660 ut
2308 4618 2404 4659 eos
2435 4602 2500 4657 ad
2526 4600 2779 4656 ferendas
2801 4597 3010 4652 fortiter
3039 4606 3308 4648 aerumnas
3335 4605 3568 4646 exerce-

1970 4709 2074 4757 ret.
2102 4699 2235 4754 Nam
2262 4708 2452 4765 magna
2478 4691 2696 4764 quidem
2726 4699 2881 4744 erant
2906 4688 3083 4758 priora
3109 4684 3282 4754 signa,
3307 4681 3401 4737 sed
3426 4697 3562 4752 pra:-

1968 4808 2092 4850 sens
2109 4793 2319 4862 signum
2342 4802 2447 4842 non
2470 4799 2689 4857 parvam
2714 4781 2998 4853 quamdam
3022 4768 3462 4834 exercitationem
3482 4771 3565 4826 af-

1968 4882 2174 4939 ferebat
2198 4923 2215 4948 ,
2259 4895 2324 4935 ac
2354 4876 2521 4932 veteri
2551 4874 2762 4929 cuidam
2791 4872 2944 4942 signo
2966 4869 3143 4924 simile
3169 4876 3305 4921 erat.
3334 4864 3564 4933 Ideoque

1965 4974 2113 5029 solos
2153 4984 2336 5029 secum
2365 4967 2586 5024 adducit
2633 4963 2947 5033 discipulos.
2984 4961 3116 5015 Nam
3165 4958 3255 5013 tibi
3302 4955 3562 5011 miracula

1967 5065 2286 5128 edebantur,
2337 5061 2590 5133 populum
2614 5056 2744 5113 sinit
2762 5055 2993 5109 adesse:
3027 5052 3114 5105 ubi
3162 5064 3292 5104 vero
3323 5047 3561 5118 pericula

1967 5145 2024 5211 et
2051 5165 2289 5209 terrores
2313 5194 2328 5216 ,
2358 5149 2651 5219 discipulos
2674 5187 2690 5212 ,
2723 5145 2956 5200 athletas
2988 5157 3181 5212 nempe
3217 5140 3395 5204 orbis,
3416 5153 3562 5212 quos

1968 5249 2364 5302 exercitaturus
2393 5251 2530 5308 erat,
2577 5240 2723 5294 solos
2751 5252 2935 5293 secum
2979 5233 3224 5290 assumit.
3276 5229 3560 5286 Matthmus

1968 5340 2140 5394 solum
2164 5336 2315 5400 dicit,
2344 5336 2518 5403 ipsum
2549 5327 2896 5393 dormivisse,
2929 5326 3101 5380 Lucas
3134 5337 3263 5378 vero
3306 5320 3472 5384 addit,
3503 5319 3560 5374 in

1967 5427 2220 5484 cervicali
2251 5427 2351 5496 (a),
2377 5421 2668 5478 ostendens
2689 5434 2849 5490 quam
2874 5424 3020 5472 esset
3060 5431 3091 5469 a
3125 5413 3262 5469 fastu
3298 5411 3512 5466 alienus
3533 5449 3554 5478 ,

1964 5532 2018 5576 ct
2043 5519 2110 5574 ad
2155 5533 2399 5588 magnam
2454 5513 2580 5568 lude
2640 5509 3034 5582 philosophiam
3090 5522 3190 5562 nos
3249 5504 3554 5558 instituens.

2025 5675 2097 5734 (α)
2129 5674 2204 5722 sic
2225 5684 2399 5720 omnes
2432 5669 2549 5734 Fditi
2576 5675 2627 5734 et
2665 5665 2973 5734 manuscripti
3007 5661 3230 5734 Calices.
3267 5668 3319 5709 et
3343 5653 3555 5734 italu-git

1958 5719 2570 5796 milii-[giusTrapezuntius.
2597 5729 2739 5796 Atqui
2758 5741 2850 5796 non
2876 5719 3139 5796 l_.itt-as.scd
3165 5731 3346 5772 Marcus
3359 5726 3453 5776 est,
3469 5719 3555 5781 qui

1960 5787 2127 5857 babeT,
2153 5795 2200 5858 4,
2223 5796 2285 5844 ω
2302 5787 2321 5843 ’;
2345 5803 2495 5857 super
2515 5787 2719 5844 cerricid
2738 5787 2997 5839 dormiens.
