  <div class='ocr_page' id='page_1' title='image "/cluster/home/n/w/nwhite01/storage/ocr_20150623/57/uva.x004697226/285.png"; bbox 0 0 4094 6470; ppageno 0'>
   <div class='ocr_carea' id='block_1_1' title="bbox 619 541 2160 631">
    <p class='ocr_par' dir='ltr' id='par_1_1' title="bbox 619 541 2160 631">
     <span class='ocr_line' id='line_1_1' title="bbox 619 541 2160 631; baseline -0.019 -8"><span class='ocrx_word' id='word_1_1' title='bbox 619 565 819 623; x_wconf 89' lang='lat' dir='ltr'><strong>Oborta</strong></span> <span class='ocrx_word' id='word_1_2' title='bbox 843 561 1019 631; x_wconf 85' lang='lat' dir='ltr'><strong>itaque</strong></span> <span class='ocrx_word' id='word_1_3' title='bbox 1045 564 1358 625; x_wconf 87' lang='lat' dir='ltr'><strong>tempestate</strong></span> <span class='ocrx_word' id='word_1_4' title='bbox 1375 567 1494 608; x_wconf 87' lang='lat' dir='ltr'><strong>eum</strong></span> <span class='ocrx_word' id='word_1_5' title='bbox 1519 551 1716 604; x_wconf 76' lang='lat' dir='ltr'><strong>fureret</strong></span> <span class='ocrx_word' id='word_1_6' title='bbox 1737 558 1906 608; x_wconf 86' lang='lat' dir='ltr'><strong>mare,</strong></span> <span class='ocrx_word' id='word_1_7' title='bbox 1929 541 2074 597; x_wconf 86' lang='lat' dir='ltr'><strong>illum</strong></span> <span class='ocrx_word' id='word_1_8' title='bbox 2097 557 2160 595; x_wconf 70' lang='lat' dir='ltr'><strong>es</strong></span> 
     </span>
    </p>
   </div>
   <div class='ocr_carea' id='block_1_2' title="bbox 621 634 2190 714">
    <p class='ocr_par' dir='ltr' id='par_1_2' title="bbox 621 634 2190 714">
     <span class='ocr_line' id='line_1_2' title="bbox 621 634 2190 714; baseline -0.018 0"><span class='ocrx_word' id='word_1_9' title='bbox 621 660 785 714; x_wconf 81' lang='lat' dir='ltr'><strong>citant</strong></span> <span class='ocrx_word' id='word_1_10' title='bbox 805 654 1043 712; x_wconf 83' lang='lat' dir='ltr'><strong>dicentes</strong></span> <span class='ocrx_word' id='word_1_11' title='bbox 1065 671 1078 706; x_wconf 90' lang='lat'><strong>:</strong></span> <span class='ocrx_word' id='word_1_12' title='bbox 1104 652 1197 707; x_wconf 59' lang='grc' dir='ltr'><strong>ἥδ.</strong></span> <span class='ocrx_word' id='word_1_13' title='bbox 1229 648 1444 703; x_wconf 78' lang='lat' dir='ltr'><strong>Domine</strong></span> <span class='ocrx_word' id='word_1_14' title='bbox 1463 689 1478 713; x_wconf 95' lang='lat'><strong>,</strong></span> <span class='ocrx_word' id='word_1_15' title='bbox 1506 644 1644 702; x_wconf 77' lang='lat' dir='ltr'><strong>salva</strong></span> <span class='ocrx_word' id='word_1_16' title='bbox 1671 659 1783 705; x_wconf 76' lang='lat' dir='ltr'><strong>nos,</strong></span> <span class='ocrx_word' id='word_1_17' title='bbox 1813 638 2048 709; x_wconf 68' lang='lat' dir='ltr'><strong>perimus.</strong></span> <span class='ocrx_word' id='word_1_18' title='bbox 2074 634 2190 704; x_wconf 74' lang='lat' dir='ltr'><strong>Ipse</strong></span> 
     </span>
    </p>
   </div>
   <div class='ocr_carea' id='block_1_3' title="bbox 627 727 2187 815">
    <p class='ocr_par' dir='ltr' id='par_1_3' title="bbox 627 727 2187 815">
     <span class='ocr_line' id='line_1_3' title="bbox 627 727 2187 815; baseline -0.018 -12"><span class='ocrx_word' id='word_1_19' title='bbox 627 763 753 802; x_wconf 70' lang='lat' dir='ltr'><strong>vero</strong></span> <span class='ocrx_word' id='word_1_20' title='bbox 779 747 897 801; x_wconf 89' lang='lat' dir='ltr'><strong>illos</strong></span> <span class='ocrx_word' id='word_1_21' title='bbox 927 745 1180 815; x_wconf 88' lang='lat' dir='ltr'><strong>primum,</strong></span> <span class='ocrx_word' id='word_1_22' title='bbox 1210 739 1407 795; x_wconf 88' lang='lat' dir='ltr'><strong>deinde</strong></span> <span class='ocrx_word' id='word_1_23' title='bbox 1432 751 1578 792; x_wconf 89' lang='lat' dir='ltr'><strong>mare</strong></span> <span class='ocrx_word' id='word_1_24' title='bbox 1601 730 1917 800; x_wconf 69' lang='lat' dir='ltr'><strong>increpavit.</strong></span> <span class='ocrx_word' id='word_1_25' title='bbox 1949 727 2101 787; x_wconf 79' lang='lat' dir='ltr'><strong>Nam,</strong></span> <span class='ocrx_word' id='word_1_26' title='bbox 2132 731 2187 776; x_wconf 88' lang='lat' dir='ltr'><strong>ut</strong></span> 
     </span>
    </p>
   </div>
   <div class='ocr_carea' id='block_1_4' title="bbox 626 816 2184 907">
    <p class='ocr_par' dir='ltr' id='par_1_4' title="bbox 626 816 2184 907">
     <span class='ocr_line' id='line_1_4' title="bbox 626 816 2184 907; baseline -0.017 -13"><span class='ocrx_word' id='word_1_27' title='bbox 626 840 751 904; x_wconf 77' lang='lat' dir='ltr'><strong>dixi,</strong></span> <span class='ocrx_word' id='word_1_28' title='bbox 779 835 1180 907; x_wconf 65' lang='lat' dir='ltr'><strong>exercitationis</strong></span> <span class='ocrx_word' id='word_1_29' title='bbox 1209 848 1368 886; x_wconf 86' lang='lat' dir='ltr'><strong>causa</strong></span> <span class='ocrx_word' id='word_1_30' title='bbox 1420 829 1532 885; x_wconf 67' lang='lat' dir='ltr'><strong>haec</strong></span> <span class='ocrx_word' id='word_1_31' title='bbox 1554 822 2010 896; x_wconf 81' lang='lat' dir='ltr'><strong>permittebantur,</strong></span> <span class='ocrx_word' id='word_1_32' title='bbox 2041 828 2093 871; x_wconf 89' lang='lat' dir='ltr'><strong>et</strong></span> <span class='ocrx_word' id='word_1_33' title='bbox 2126 816 2184 867; x_wconf 81' lang='lat' dir='ltr'><strong>li-</strong></span> 
     </span>
    </p>
   </div>
   <div class='ocr_carea' id='block_1_5' title="bbox 626 913 2186 1000">
    <p class='ocr_par' dir='ltr' id='par_1_5' title="bbox 626 913 2186 1000">
     <span class='ocr_line' id='line_1_5' title="bbox 626 913 2186 1000; baseline -0.017 -15"><span class='ocrx_word' id='word_1_34' title='bbox 626 948 769 1000; x_wconf 60' lang='lat' dir='ltr'><strong>garat</strong></span> <span class='ocrx_word' id='word_1_35' title='bbox 799 939 955 987; x_wconf 88' lang='lat' dir='ltr'><strong>erant</strong></span> <span class='ocrx_word' id='word_1_36' title='bbox 979 927 1352 985; x_wconf 86' lang='lat' dir='ltr'><strong>tentationmn,</strong></span> <span class='ocrx_word' id='word_1_37' title='bbox 1402 936 1520 990; x_wconf 73' lang='lat' dir='ltr'><strong>qua:</strong></span> <span class='ocrx_word' id='word_1_38' title='bbox 1548 919 1693 986; x_wconf 89' lang='lat' dir='ltr'><strong>ipsos</strong></span> <span class='ocrx_word' id='word_1_39' title='bbox 1723 923 1878 969; x_wconf 81' lang='lat' dir='ltr'><strong>erant</strong></span> <span class='ocrx_word' id='word_1_40' title='bbox 1908 913 2186 966; x_wconf 69' lang='lat' dir='ltr'><strong>invasurm.</strong></span> 
     </span>
    </p>
   </div>
   <div class='ocr_carea' id='block_1_6' title="bbox 633 1007 2192 1090">
    <p class='ocr_par' dir='ltr' id='par_1_6' title="bbox 633 1007 2192 1090">
     <span class='ocr_line' id='line_1_6' title="bbox 633 1007 2192 1090; baseline -0.017 -12"><span class='ocrx_word' id='word_1_41' title='bbox 633 1024 840 1079; x_wconf 80' lang='lat' dir='ltr'><strong>Etenim</strong></span> <span class='ocrx_word' id='word_1_42' title='bbox 872 1029 1052 1090; x_wconf 83' lang='lat' dir='ltr'><strong>postea</strong></span> <span class='ocrx_word' id='word_1_43' title='bbox 1082 1033 1222 1086; x_wconf 62' lang='grc' dir='ltr'><strong>δείξρο</strong></span> <span class='ocrx_word' id='word_1_44' title='bbox 1255 1013 1489 1084; x_wconf 83' lang='lat' dir='ltr'><strong>permisit</strong></span> <span class='ocrx_word' id='word_1_45' title='bbox 1519 1025 1612 1066; x_wconf 86' lang='lat' dir='ltr'><strong>eos</strong></span> <span class='ocrx_word' id='word_1_46' title='bbox 1640 1011 1688 1063; x_wconf 91' lang='lat' dir='ltr'><strong>in</strong></span> <span class='ocrx_word' id='word_1_47' title='bbox 1715 1007 1988 1078; x_wconf 74' lang='lat' dir='ltr'><strong>graviores</strong></span> <span class='ocrx_word' id='word_1_48' title='bbox 2030 1016 2192 1064; x_wconf 80' lang='lat' dir='ltr'><strong>uego—</strong></span> 
     </span>
    </p>
   </div>
   <div class='ocr_carea' id='block_1_7' title="bbox 632 1091 2188 1179">
    <p class='ocr_par' dir='ltr' id='par_1_7' title="bbox 632 1091 2188 1179">
     <span class='ocr_line' id='line_1_7' title="bbox 632 1091 2188 1179; baseline -0.017 -12"><span class='ocrx_word' id='word_1_49' title='bbox 632 1117 825 1177; x_wconf 79' lang='lat' dir='ltr'><strong>tiorum</strong></span> <span class='ocrx_word' id='word_1_50' title='bbox 871 1107 1422 1179; x_wconf 72' lang='lat' dir='ltr'><strong>procellasincidere,</strong></span> <span class='ocrx_word' id='word_1_51' title='bbox 1492 1105 1546 1150; x_wconf 88' lang='lat' dir='ltr'><strong>et</strong></span> <span class='ocrx_word' id='word_1_52' title='bbox 1579 1111 1900 1151; x_wconf 81' lang='lat' dir='ltr'><strong>succurrere</strong></span> <span class='ocrx_word' id='word_1_53' title='bbox 1952 1091 2188 1147; x_wconf 90' lang='lat' dir='ltr'><strong>distulit.</strong></span> 
     </span>
    </p>
   </div>
   <div class='ocr_carea' id='block_1_8' title="bbox 627 1187 2190 1260">
    <p class='ocr_par' dir='ltr' id='par_1_8' title="bbox 627 1187 2190 1260">
     <span class='ocr_line' id='line_1_8' title="bbox 627 1187 2190 1260; baseline -0.018 0"><span class='ocrx_word' id='word_1_54' title='bbox 627 1203 998 1260; x_wconf 71' lang='lat' dir='ltr'><strong>llndePaulus</strong></span> <span class='ocrx_word' id='word_1_55' title='bbox 1029 1199 1274 1252; x_wconf 83' lang='lat' dir='ltr'><strong>dicebat:</strong></span> <span class='ocrx_word' id='word_1_56' title='bbox 1308 1195 1444 1248; x_wconf 80' lang='lat' dir='ltr'><strong>Nolo</strong></span> <span class='ocrx_word' id='word_1_57' title='bbox 1473 1202 1638 1246; x_wconf 84' lang='lat' dir='ltr'><strong>autem</strong></span> <span class='ocrx_word' id='word_1_58' title='bbox 1666 1205 1750 1243; x_wconf 79' lang='lat' dir='ltr'><strong>vos</strong></span> <span class='ocrx_word' id='word_1_59' title='bbox 1783 1189 2036 1258; x_wconf 87' lang='lat' dir='ltr'><strong>ignorare,</strong></span> <span class='ocrx_word' id='word_1_60' title='bbox 2080 1187 2190 1252; x_wconf 79' lang='lat' dir='ltr'><strong>fra-</strong></span> 
     </span>
    </p>
   </div>
   <div class='ocr_carea' id='block_1_9' title="bbox 625 1274 2191 1361">
    <p class='ocr_par' dir='ltr' id='par_1_9' title="bbox 625 1274 2191 1361">
     <span class='ocr_line' id='line_1_9' title="bbox 625 1274 2191 1361; baseline -0.015 -15"><span class='ocrx_word' id='word_1_61' title='bbox 625 1305 742 1360; x_wconf 81' lang='lat' dir='ltr'><strong>tres,</strong></span> <span class='ocrx_word' id='word_1_62' title='bbox 773 1292 1005 1361; x_wconf 75' lang='lat' dir='ltr'><strong>quoniam</strong></span> <span class='ocrx_word' id='word_1_63' title='bbox 1037 1289 1179 1343; x_wconf 79' lang='lat' dir='ltr'><strong>valde</strong></span> <span class='ocrx_word' id='word_1_64' title='bbox 1203 1287 1393 1356; x_wconf 80' lang='lat' dir='ltr'><strong>gravati</strong></span> <span class='ocrx_word' id='word_1_65' title='bbox 1440 1297 1608 1336; x_wconf 83' lang='lat' dir='ltr'><strong>sumus</strong></span> <span class='ocrx_word' id='word_1_66' title='bbox 1653 1294 1808 1344; x_wconf 84' lang='lat' dir='ltr'><strong>supra</strong></span> <span class='ocrx_word' id='word_1_67' title='bbox 1839 1275 1986 1338; x_wconf 86' lang='lat' dir='ltr'><strong>vires,</strong></span> <span class='ocrx_word' id='word_1_68' title='bbox 2018 1274 2088 1326; x_wconf 79' lang='lat' dir='ltr'><strong>ita</strong></span> <span class='ocrx_word' id='word_1_69' title='bbox 2140 1279 2191 1322; x_wconf 85' lang='lat' dir='ltr'><strong>ut</strong></span> 
     </span>
    </p>
   </div>
   <div class='ocr_carea' id='block_1_10' title="bbox 626 1361 2193 1447">
    <p class='ocr_par' dir='ltr' id='par_1_10' title="bbox 626 1361 2193 1447">
     <span class='ocr_line' id='line_1_10' title="bbox 626 1361 2193 1447; baseline -0.015 -7"><span class='ocrx_word' id='word_1_70' title='bbox 626 1403 715 1440; x_wconf 86' lang='lat' dir='ltr'><strong>nos</strong></span> <span class='ocrx_word' id='word_1_71' title='bbox 742 1384 942 1439; x_wconf 67' lang='lat' dir='ltr'><strong>traderet</strong></span> <span class='ocrx_word' id='word_1_72' title='bbox 968 1383 1118 1437; x_wconf 86' lang='lat' dir='ltr'><strong>etiam</strong></span> <span class='ocrx_word' id='word_1_73' title='bbox 1148 1380 1306 1432; x_wconf 79' lang='lat' dir='ltr'><strong>viuere</strong></span> <span class='ocrx_word' id='word_1_74' title='bbox 1329 1376 1405 1447; x_wconf 71' lang='lat'><strong>(2.</strong></span> <span class='ocrx_word' id='word_1_75' title='bbox 1436 1374 1552 1428; x_wconf 86' lang='lat' dir='ltr'><strong>Cor.</strong></span> <span class='ocrx_word' id='word_1_76' title='bbox 1582 1374 1632 1426; x_wconf 84' lang='grc'><strong>1.</strong></span> <span class='ocrx_word' id='word_1_77' title='bbox 1660 1372 1715 1440; x_wconf 91' lang='grc'><strong>8)</strong></span> <span class='ocrx_word' id='word_1_78' title='bbox 1741 1386 1755 1432; x_wconf 87' lang='grc'>;</span> <span class='ocrx_word' id='word_1_79' title='bbox 1779 1377 1833 1423; x_wconf 90' lang='lat' dir='ltr'><strong>et</strong></span> <span class='ocrx_word' id='word_1_80' title='bbox 1861 1376 2061 1436; x_wconf 88' lang='lat' dir='ltr'><strong>postea,</strong></span> <span class='ocrx_word' id='word_1_81' title='bbox 2093 1361 2193 1424; x_wconf 77' lang='lat' dir='ltr'><strong>Qui</strong></span> 
     </span>
    </p>
   </div>
   <div class='ocr_carea' id='block_1_11' title="bbox 627 1452 2193 1536">
    <p class='ocr_par' dir='ltr' id='par_1_11' title="bbox 627 1452 2193 1536">
     <span class='ocr_line' id='line_1_11' title="bbox 627 1452 2193 1536; baseline -0.019 -2"><span class='ocrx_word' id='word_1_82' title='bbox 627 1484 776 1533; x_wconf 69' lang='lat' dir='ltr'><strong>extat</strong></span> <span class='ocrx_word' id='word_1_83' title='bbox 803 1473 1047 1529; x_wconf 79' lang='lat' dir='ltr'><strong>mortibus</strong></span> <span class='ocrx_word' id='word_1_84' title='bbox 1077 1487 1166 1525; x_wconf 90' lang='lat' dir='ltr'><strong>nos</strong></span> <span class='ocrx_word' id='word_1_85' title='bbox 1191 1469 1375 1536; x_wconf 79' lang='lat' dir='ltr'><strong>eripuit</strong></span> <span class='ocrx_word' id='word_1_86' title='bbox 1405 1464 1563 1534; x_wconf 81' lang='lat' dir='ltr'><strong>(Ibid.</strong></span> <span class='ocrx_word' id='word_1_87' title='bbox 1595 1480 1640 1516; x_wconf 84' lang='lat' dir='ltr'><strong>v.</strong></span> <span class='ocrx_word' id='word_1_88' title='bbox 1676 1462 1784 1529; x_wconf 78' lang='grc'><strong>10).</strong></span> <span class='ocrx_word' id='word_1_89' title='bbox 1833 1458 1903 1513; x_wconf 91' lang='lat' dir='ltr'><strong>Ut</strong></span> <span class='ocrx_word' id='word_1_90' title='bbox 1948 1452 2193 1510; x_wconf 87' lang='lat' dir='ltr'><strong>ostendat</strong></span> 
     </span>
    </p>
   </div>
   <div class='ocr_carea' id='block_1_12' title="bbox 627 1545 2194 1636">
    <p class='ocr_par' dir='ltr' id='par_1_12' title="bbox 627 1545 2194 1636">
     <span class='ocr_line' id='line_1_12' title="bbox 627 1545 2194 1636; baseline -0.015 -17"><span class='ocrx_word' id='word_1_91' title='bbox 627 1565 805 1636; x_wconf 81' lang='lat' dir='ltr'><strong>igitur,</strong></span> <span class='ocrx_word' id='word_1_92' title='bbox 832 1561 1030 1619; x_wconf 77' lang='lat' dir='ltr'><strong>ﬁducia</strong></span> <span class='ocrx_word' id='word_1_93' title='bbox 1051 1559 1124 1614; x_wconf 89' lang='lat' dir='ltr'><strong>uti</strong></span> <span class='ocrx_word' id='word_1_94' title='bbox 1149 1567 1416 1625; x_wconf 82' lang='lat' dir='ltr'><strong>oportere,</strong></span> <span class='ocrx_word' id='word_1_95' title='bbox 1439 1551 1644 1606; x_wconf 87' lang='lat' dir='ltr'><strong>etiamsi</strong></span> <span class='ocrx_word' id='word_1_96' title='bbox 1668 1549 1840 1617; x_wconf 84' lang='lat' dir='ltr'><strong>magni</strong></span> <span class='ocrx_word' id='word_1_97' title='bbox 1862 1545 2194 1601; x_wconf 89' lang='lat' dir='ltr'><strong>concitentur</strong></span> 
     </span>
    </p>
   </div>
   <div class='ocr_carea' id='block_1_13' title="bbox 628 1639 2193 1724">
    <p class='ocr_par' dir='ltr' id='par_1_13' title="bbox 628 1639 2193 1724">
     <span class='ocr_line' id='line_1_13' title="bbox 628 1639 2193 1724; baseline -0.015 -13"><span class='ocrx_word' id='word_1_98' title='bbox 628 1658 817 1711; x_wconf 81' lang='lat' dir='ltr'><strong>ﬂuctus</strong></span> <span class='ocrx_word' id='word_1_99' title='bbox 832 1697 847 1721; x_wconf 98' lang='lat'><strong>,</strong></span> <span class='ocrx_word' id='word_1_100' title='bbox 870 1655 1156 1724; x_wconf 81' lang='lat' dir='ltr'><strong>ipsumque</strong></span> <span class='ocrx_word' id='word_1_101' title='bbox 1172 1649 1349 1709; x_wconf 82' lang='lat' dir='ltr'><strong>omnia</strong></span> <span class='ocrx_word' id='word_1_102' title='bbox 1366 1647 1581 1704; x_wconf 89' lang='lat' dir='ltr'><strong>.utilitcr</strong></span> <span class='ocrx_word' id='word_1_103' title='bbox 1603 1644 1934 1712; x_wconf 81' lang='lat' dir='ltr'><strong>dispensare,</strong></span> <span class='ocrx_word' id='word_1_104' title='bbox 1964 1639 2193 1707; x_wconf 87' lang='lat' dir='ltr'><strong>primum</strong></span> 
     </span>
    </p>
   </div>
   <div class='ocr_carea' id='block_1_14' title="bbox 628 1726 2196 1815">
    <p class='ocr_par' dir='ltr' id='par_1_14' title="bbox 628 1726 2196 1815">
     <span class='ocr_line' id='line_1_14' title="bbox 628 1726 2196 1815; baseline -0.014 -14"><span class='ocrx_word' id='word_1_105' title='bbox 628 1749 774 1815; x_wconf 75' lang='lat' dir='ltr'><strong>ipsos</strong></span> <span class='ocrx_word' id='word_1_106' title='bbox 793 1749 1047 1815; x_wconf 81' lang='lat' dir='ltr'><strong>increpat.</strong></span> <span class='ocrx_word' id='word_1_107' title='bbox 1081 1742 1210 1796; x_wconf 84' lang='lat' dir='ltr'><strong>Nam</strong></span> <span class='ocrx_word' id='word_1_108' title='bbox 1233 1739 1372 1808; x_wconf 88' lang='lat' dir='ltr'><strong>quod</strong></span> <span class='ocrx_word' id='word_1_109' title='bbox 1407 1736 1598 1791; x_wconf 84' lang='lat' dir='ltr'><strong>turbati</strong></span> <span class='ocrx_word' id='word_1_110' title='bbox 1626 1733 1840 1797; x_wconf 88' lang='lat' dir='ltr'><strong>fuerint,</strong></span> <span class='ocrx_word' id='word_1_111' title='bbox 1867 1729 1916 1783; x_wconf 91' lang='lat' dir='ltr'><strong>id</strong></span> <span class='ocrx_word' id='word_1_112' title='bbox 1946 1728 2046 1782; x_wconf 87' lang='lat' dir='ltr'><strong>illis</strong></span> <span class='ocrx_word' id='word_1_113' title='bbox 2070 1726 2196 1780; x_wconf 88' lang='lat' dir='ltr'><strong>utile</strong></span> 
     </span>
    </p>
   </div>
   <div class='ocr_carea' id='block_1_15' title="bbox 632 1825 2192 1904">
    <p class='ocr_par' dir='ltr' id='par_1_15' title="bbox 632 1825 2192 1904">
     <span class='ocr_line' id='line_1_15' title="bbox 632 1825 2192 1904; baseline -0.017 -10"><span class='ocrx_word' id='word_1_114' title='bbox 632 1840 750 1904; x_wconf 88' lang='lat' dir='ltr'><strong>fuit,</strong></span> <span class='ocrx_word' id='word_1_115' title='bbox 772 1849 830 1894; x_wconf 91' lang='lat' dir='ltr'><strong>ut</strong></span> <span class='ocrx_word' id='word_1_116' title='bbox 855 1839 1171 1904; x_wconf 81' lang='lat' dir='ltr'><strong>majusesse</strong></span> <span class='ocrx_word' id='word_1_117' title='bbox 1195 1830 1507 1887; x_wconf 81' lang='lat' dir='ltr'><strong>miraculum</strong></span> <span class='ocrx_word' id='word_1_118' title='bbox 1538 1825 1828 1886; x_wconf 82' lang='lat' dir='ltr'><strong>videretur,</strong></span> <span class='ocrx_word' id='word_1_119' title='bbox 1861 1832 1914 1876; x_wconf 90' lang='lat' dir='ltr'><strong>et</strong></span> <span class='ocrx_word' id='word_1_120' title='bbox 1941 1826 2192 1889; x_wconf 89' lang='lat' dir='ltr'><strong>perpetua</strong></span> 
     </span>
    </p>
   </div>
   <div class='ocr_carea' id='block_1_16' title="bbox 627 1915 2194 1988">
    <p class='ocr_par' dir='ltr' id='par_1_16' title="bbox 627 1915 2194 1988">
     <span class='ocr_line' id='line_1_16' title="bbox 627 1915 2194 1988; baseline -0.016 -2"><span class='ocrx_word' id='word_1_121' title='bbox 627 1938 927 1986; x_wconf 75' lang='lat' dir='ltr'><strong>servaretur</strong></span> <span class='ocrx_word' id='word_1_122' title='bbox 951 1928 1025 1982; x_wconf 87' lang='lat' dir='ltr'><strong>rei</strong></span> <span class='ocrx_word' id='word_1_123' title='bbox 1056 1925 1328 1980; x_wconf 82' lang='lat' dir='ltr'><strong>memoria.</strong></span> <span class='ocrx_word' id='word_1_124' title='bbox 1360 1918 1582 1988; x_wconf 80' lang='lat' dir='ltr'><strong>Quando</strong></span> <span class='ocrx_word' id='word_1_125' title='bbox 1604 1918 1742 1971; x_wconf 89' lang='lat' dir='ltr'><strong>enim</strong></span> <span class='ocrx_word' id='word_1_126' title='bbox 1772 1915 2194 1982; x_wconf 78' lang='lat' dir='ltr'><strong>inexspectatum</strong></span> 
     </span>
    </p>
   </div>
   <div class='ocr_carea' id='block_1_17' title="bbox 629 2000 2197 2091">
    <p class='ocr_par' dir='ltr' id='par_1_17' title="bbox 629 2000 2197 2091">
     <span class='ocr_line' id='line_1_17' title="bbox 629 2000 2197 2091; baseline -0.014 -15"><span class='ocrx_word' id='word_1_127' title='bbox 629 2021 897 2091; x_wconf 82' lang='lat' dir='ltr'><strong>quidpiam</strong></span> <span class='ocrx_word' id='word_1_128' title='bbox 926 2017 1161 2074; x_wconf 89' lang='lat' dir='ltr'><strong>futurum</strong></span> <span class='ocrx_word' id='word_1_129' title='bbox 1201 2025 1301 2076; x_wconf 89' lang='lat' dir='ltr'><strong>est,</strong></span> <span class='ocrx_word' id='word_1_130' title='bbox 1339 2013 1500 2066; x_wconf 87' lang='lat' dir='ltr'><strong>multa</strong></span> <span class='ocrx_word' id='word_1_131' title='bbox 1530 2014 1892 2077; x_wconf 68' lang='lat' dir='ltr'><strong>pra~parantur</strong></span> <span class='ocrx_word' id='word_1_132' title='bbox 1920 2000 2197 2056; x_wconf 72' lang='lat' dir='ltr'><strong>servanda:</strong></span> 
     </span>
    </p>
   </div>
   <div class='ocr_carea' id='block_1_18' title="bbox 629 2091 2196 2176">
    <p class='ocr_par' dir='ltr' id='par_1_18' title="bbox 629 2091 2196 2176">
     <span class='ocr_line' id='line_1_18' title="bbox 629 2091 2196 2176; baseline -0.015 -10"><span class='ocrx_word' id='word_1_133' title='bbox 629 2113 704 2166; x_wconf 88' lang='lat' dir='ltr'><strong>rei</strong></span> <span class='ocrx_word' id='word_1_134' title='bbox 727 2109 995 2164; x_wconf 65' lang='lat' dir='ltr'><strong>memorite</strong></span> <span class='ocrx_word' id='word_1_135' title='bbox 1016 2115 1333 2176; x_wconf 81' lang='lat' dir='ltr'><strong>Opportuna,</strong></span> <span class='ocrx_word' id='word_1_136' title='bbox 1367 2117 1434 2156; x_wconf 90' lang='lat' dir='ltr'><strong>ne</strong></span> <span class='ocrx_word' id='word_1_137' title='bbox 1458 2099 1657 2153; x_wconf 89' lang='lat' dir='ltr'><strong>editum</strong></span> <span class='ocrx_word' id='word_1_138' title='bbox 1684 2105 1866 2165; x_wconf 90' lang='lat' dir='ltr'><strong>postea</strong></span> <span class='ocrx_word' id='word_1_139' title='bbox 1882 2091 2196 2146; x_wconf 85' lang='lat' dir='ltr'><strong>miraculum</strong></span> 
     </span>
    </p>
   </div>
   <div class='ocr_carea' id='block_1_19' title="bbox 629 2185 2199 2260">
    <p class='ocr_par' dir='ltr' id='par_1_19' title="bbox 629 2185 2199 2260">
     <span class='ocr_line' id='line_1_19' title="bbox 629 2185 2199 2260; baseline -0.012 -5"><span class='ocrx_word' id='word_1_140' title='bbox 629 2203 681 2255; x_wconf 91' lang='lat' dir='ltr'><strong>in</strong></span> <span class='ocrx_word' id='word_1_141' title='bbox 709 2200 1026 2256; x_wconf 81' lang='lat' dir='ltr'><strong>oblivionem</strong></span> <span class='ocrx_word' id='word_1_142' title='bbox 1058 2196 1254 2250; x_wconf 86' lang='lat' dir='ltr'><strong>veniat.</strong></span> <span class='ocrx_word' id='word_1_143' title='bbox 1307 2192 1395 2247; x_wconf 89' lang='lat' dir='ltr'><strong>Sic</strong></span> <span class='ocrx_word' id='word_1_144' title='bbox 1438 2191 1647 2260; x_wconf 79' lang='lat' dir='ltr'><strong>Moyses</strong></span> <span class='ocrx_word' id='word_1_145' title='bbox 1681 2193 1983 2254; x_wconf 87' lang='lat' dir='ltr'><strong>serpentem</strong></span> <span class='ocrx_word' id='word_1_146' title='bbox 2027 2185 2199 2253; x_wconf 91' lang='lat' dir='ltr'><strong>primo</strong></span> 
     </span>
    </p>
   </div>
   <div class='ocr_carea' id='block_1_20' title="bbox 628 2277 2197 2351">
    <p class='ocr_par' dir='ltr' id='par_1_20' title="bbox 628 2277 2197 2351">
     <span class='ocr_line' id='line_1_20' title="bbox 628 2277 2197 2351; baseline -0.011 -7"><span class='ocrx_word' id='word_1_147' title='bbox 628 2289 959 2351; x_wconf 84' lang='lat' dir='ltr'><strong>formidavit,</strong></span> <span class='ocrx_word' id='word_1_148' title='bbox 1009 2301 1106 2341; x_wconf 88' lang='lat' dir='ltr'><strong>nec</strong></span> <span class='ocrx_word' id='word_1_149' title='bbox 1142 2284 1298 2338; x_wconf 80' lang='lat' dir='ltr'><strong>niodo</strong></span> <span class='ocrx_word' id='word_1_150' title='bbox 1334 2280 1656 2343; x_wconf 78' lang='lat' dir='ltr'><strong>formidavit,</strong></span> <span class='ocrx_word' id='word_1_151' title='bbox 1714 2277 1808 2331; x_wconf 86' lang='lat' dir='ltr'><strong>sed</strong></span> <span class='ocrx_word' id='word_1_152' title='bbox 1846 2291 1964 2331; x_wconf 88' lang='lat' dir='ltr'><strong>cum</strong></span> <span class='ocrx_word' id='word_1_153' title='bbox 2007 2289 2197 2342; x_wconf 82' lang='lat' dir='ltr'><strong>magno</strong></span> 
     </span>
    </p>
   </div>
   <div class='ocr_carea' id='block_1_21' title="bbox 626 2363 2193 2443">
    <p class='ocr_par' dir='ltr' id='par_1_21' title="bbox 626 2363 2193 2443">
     <span class='ocr_line' id='line_1_21' title="bbox 626 2363 2193 2443; baseline -0.011 -9"><span class='ocrx_word' id='word_1_154' title='bbox 626 2382 785 2436; x_wconf 87' lang='lat' dir='ltr'><strong>animi</strong></span> <span class='ocrx_word' id='word_1_155' title='bbox 831 2390 1052 2441; x_wconf 91' lang='lat' dir='ltr'><strong>terrore,</strong></span> <span class='ocrx_word' id='word_1_156' title='bbox 1101 2389 1330 2443; x_wconf 78' lang='lat' dir='ltr'><strong>tuncque</strong></span> <span class='ocrx_word' id='word_1_157' title='bbox 1359 2371 1489 2424; x_wconf 85' lang='lat' dir='ltr'><strong>vidit</strong></span> <span class='ocrx_word' id='word_1_158' title='bbox 1515 2368 1828 2436; x_wconf 87' lang='lat' dir='ltr'><strong>stupendum</strong></span> <span class='ocrx_word' id='word_1_159' title='bbox 1860 2365 1986 2420; x_wconf 91' lang='lat' dir='ltr'><strong>illud</strong></span> <span class='ocrx_word' id='word_1_160' title='bbox 2014 2363 2193 2436; x_wconf 89' lang='lat' dir='ltr'><strong>prodi-</strong></span> 
     </span>
    </p>
   </div>
   <div class='ocr_carea' id='block_1_22' title="bbox 625 2454 2197 2541">
    <p class='ocr_par' dir='ltr' id='par_1_22' title="bbox 625 2454 2197 2541">
     <span class='ocr_line' id='line_1_22' title="bbox 625 2454 2197 2541; baseline -0.013 -16"><span class='ocrx_word' id='word_1_161' title='bbox 625 2471 790 2541; x_wconf 88' lang='lat' dir='ltr'><strong>gium.</strong></span> <span class='ocrx_word' id='word_1_162' title='bbox 820 2471 893 2524; x_wconf 81' lang='lat' dir='ltr'><strong>ita</strong></span> <span class='ocrx_word' id='word_1_163' title='bbox 917 2477 970 2522; x_wconf 90' lang='lat' dir='ltr'><strong>et</strong></span> <span class='ocrx_word' id='word_1_164' title='bbox 992 2464 1258 2534; x_wconf 80' lang='lat' dir='ltr'><strong>discipuli,</strong></span> <span class='ocrx_word' id='word_1_165' title='bbox 1302 2477 1421 2516; x_wconf 90' lang='lat' dir='ltr'><strong>cum</strong></span> <span class='ocrx_word' id='word_1_166' title='bbox 1451 2462 1558 2526; x_wconf 81' lang='lat' dir='ltr'><strong>jam</strong></span> <span class='ocrx_word' id='word_1_167' title='bbox 1594 2458 1659 2511; x_wconf 90' lang='lat' dir='ltr'><strong>de</strong></span> <span class='ocrx_word' id='word_1_168' title='bbox 1688 2459 1856 2509; x_wconf 84' lang='lat' dir='ltr'><strong>salute</strong></span> <span class='ocrx_word' id='word_1_169' title='bbox 1900 2455 2066 2508; x_wconf 85' lang='lat' dir='ltr'><strong>ferme</strong></span> <span class='ocrx_word' id='word_1_170' title='bbox 2099 2454 2197 2506; x_wconf 83' lang='lat' dir='ltr'><strong>de-</strong></span> 
     </span>
    </p>
   </div>
   <div class='ocr_carea' id='block_1_23' title="bbox 627 2542 2195 2630">
    <p class='ocr_par' dir='ltr' id='par_1_23' title="bbox 627 2542 2195 2630">
     <span class='ocr_line' id='line_1_23' title="bbox 627 2542 2195 2630; baseline -0.012 -16"><span class='ocrx_word' id='word_1_171' title='bbox 627 2567 954 2630; x_wconf 77' lang='lat' dir='ltr'><strong>sperassent,</strong></span> <span class='ocrx_word' id='word_1_172' title='bbox 991 2568 1113 2610; x_wconf 90' lang='lat' dir='ltr'><strong>tunc</strong></span> <span class='ocrx_word' id='word_1_173' title='bbox 1146 2554 1456 2614; x_wconf 84' lang='lat' dir='ltr'><strong>liberantur,</strong></span> <span class='ocrx_word' id='word_1_174' title='bbox 1497 2559 1555 2602; x_wconf 91' lang='lat' dir='ltr'><strong>ut</strong></span> <span class='ocrx_word' id='word_1_175' title='bbox 1587 2547 1877 2618; x_wconf 87' lang='lat' dir='ltr'><strong>periculum</strong></span> <span class='ocrx_word' id='word_1_176' title='bbox 1916 2542 2144 2598; x_wconf 87' lang='lat' dir='ltr'><strong>confessi</strong></span> <span class='ocrx_word' id='word_1_177' title='bbox 2179 2580 2195 2606; x_wconf 94' lang='lat'><strong>,</strong></span> 
     </span>
    </p>
   </div>
   <div class='ocr_carea' id='block_1_24' title="bbox 629 2631 2196 2717">
    <p class='ocr_par' dir='ltr' id='par_1_24' title="bbox 629 2631 2196 2717">
     <span class='ocr_line' id='line_1_24' title="bbox 629 2631 2196 2717; baseline -0.012 -12"><span class='ocrx_word' id='word_1_178' title='bbox 629 2649 868 2705; x_wconf 87' lang='lat' dir='ltr'><strong>miraculi</strong></span> <span class='ocrx_word' id='word_1_179' title='bbox 901 2644 1312 2717; x_wconf 88' lang='lat' dir='ltr'><strong>magnitudinem</strong></span> <span class='ocrx_word' id='word_1_180' title='bbox 1353 2639 1670 2694; x_wconf 84' lang='lat' dir='ltr'><strong>ediscerent.</strong></span> <span class='ocrx_word' id='word_1_181' title='bbox 1702 2635 1928 2704; x_wconf 89' lang='lat' dir='ltr'><strong>Ideoque</strong></span> <span class='ocrx_word' id='word_1_182' title='bbox 1963 2631 2196 2688; x_wconf 85' lang='lat' dir='ltr'><strong>dormit:</strong></span> 
     </span>
    </p>
   </div>
   <div class='ocr_carea' id='block_1_25' title="bbox 633 2723 2196 2807">
    <p class='ocr_par' dir='ltr' id='par_1_25' title="bbox 633 2723 2196 2807">
     <span class='ocr_line' id='line_1_25' title="bbox 633 2723 2196 2807; baseline -0.013 -10"><span class='ocrx_word' id='word_1_183' title='bbox 633 2757 756 2800; x_wconf 86' lang='lat' dir='ltr'><strong>nam</strong></span> <span class='ocrx_word' id='word_1_184' title='bbox 784 2739 826 2794; x_wconf 85' lang='lat' dir='ltr'><strong>si</strong></span> <span class='ocrx_word' id='word_1_185' title='bbox 857 2737 1105 2807; x_wconf 76' lang='lat' dir='ltr'><strong>vigilante</strong></span> <span class='ocrx_word' id='word_1_186' title='bbox 1132 2735 1220 2789; x_wconf 91' lang='lat' dir='ltr'><strong>illo</strong></span> <span class='ocrx_word' id='word_1_187' title='bbox 1251 2733 1300 2786; x_wconf 90' lang='lat' dir='ltr'><strong>id</strong></span> <span class='ocrx_word' id='word_1_188' title='bbox 1329 2734 1520 2784; x_wconf 80' lang='lat' dir='ltr'><strong>factum</strong></span> <span class='ocrx_word' id='word_1_189' title='bbox 1565 2737 1724 2790; x_wconf 88' lang='lat' dir='ltr'><strong>esset,</strong></span> <span class='ocrx_word' id='word_1_190' title='bbox 1752 2727 1834 2779; x_wconf 81' lang='lat' dir='ltr'><strong>vel</strong></span> <span class='ocrx_word' id='word_1_191' title='bbox 1857 2740 1959 2779; x_wconf 90' lang='lat' dir='ltr'><strong>non</strong></span> <span class='ocrx_word' id='word_1_192' title='bbox 1990 2723 2196 2777; x_wconf 80' lang='lat' dir='ltr'><strong>timuis-</strong></span> 
     </span>
    </p>
   </div>
   <div class='ocr_carea' id='block_1_26' title="bbox 634 2812 2198 2894">
    <p class='ocr_par' dir='ltr' id='par_1_26' title="bbox 634 2812 2198 2894">
     <span class='ocr_line' id='line_1_26' title="bbox 634 2812 2198 2894; baseline -0.013 -10"><span class='ocrx_word' id='word_1_193' title='bbox 634 2839 774 2893; x_wconf 84' lang='lat' dir='ltr'><strong>sent,</strong></span> <span class='ocrx_word' id='word_1_194' title='bbox 804 2827 885 2882; x_wconf 85' lang='lat' dir='ltr'><strong>vel</strong></span> <span class='ocrx_word' id='word_1_195' title='bbox 924 2841 1030 2880; x_wconf 88' lang='lat' dir='ltr'><strong>non</strong></span> <span class='ocrx_word' id='word_1_196' title='bbox 1055 2831 1351 2894; x_wconf 75' lang='lat' dir='ltr'><strong>rogassent,</strong></span> <span class='ocrx_word' id='word_1_197' title='bbox 1379 2819 1459 2873; x_wconf 81' lang='lat' dir='ltr'><strong>vel</strong></span> <span class='ocrx_word' id='word_1_198' title='bbox 1489 2834 1593 2872; x_wconf 91' lang='lat' dir='ltr'><strong>non</strong></span> <span class='ocrx_word' id='word_1_199' title='bbox 1628 2824 1901 2886; x_wconf 85' lang='lat' dir='ltr'><strong>putassent</strong></span> <span class='ocrx_word' id='word_1_200' title='bbox 1938 2829 2092 2882; x_wconf 85' lang='lat' dir='ltr'><strong>posse</strong></span> <span class='ocrx_word' id='word_1_201' title='bbox 2133 2812 2198 2865; x_wconf 89' lang='lat' dir='ltr'><strong>il-</strong></span> 
     </span>
    </p>
   </div>
   <div class='ocr_carea' id='block_1_27' title="bbox 630 2905 2201 2973">
    <p class='ocr_par' dir='ltr' id='par_1_27' title="bbox 630 2905 2201 2973">
     <span class='ocr_line' id='line_1_27' title="bbox 630 2905 2201 2973; baseline -0.014 1"><span class='ocrx_word' id='word_1_202' title='bbox 630 2920 737 2973; x_wconf 91' lang='lat' dir='ltr'><strong>lum</strong></span> <span class='ocrx_word' id='word_1_203' title='bbox 766 2917 818 2973; x_wconf 87' lang='lat' dir='ltr'><strong>id</strong></span> <span class='ocrx_word' id='word_1_204' title='bbox 845 2917 1080 2972; x_wconf 82' lang='lat' dir='ltr'><strong>efficere.</strong></span> <span class='ocrx_word' id='word_1_205' title='bbox 1130 2914 1252 2967; x_wconf 88' lang='lat' dir='ltr'><strong>Ideo</strong></span> <span class='ocrx_word' id='word_1_206' title='bbox 1278 2911 1492 2973; x_wconf 87' lang='lat' dir='ltr'><strong>dormit,</strong></span> <span class='ocrx_word' id='word_1_207' title='bbox 1525 2917 1581 2961; x_wconf 89' lang='lat' dir='ltr'><strong>ut</strong></span> <span class='ocrx_word' id='word_1_208' title='bbox 1604 2908 1694 2961; x_wconf 90' lang='lat' dir='ltr'><strong>det</strong></span> <span class='ocrx_word' id='word_1_209' title='bbox 1720 2905 1936 2966; x_wconf 88' lang='lat' dir='ltr'><strong>timendi</strong></span> <span class='ocrx_word' id='word_1_210' title='bbox 1966 2907 2201 2958; x_wconf 80' lang='lat' dir='ltr'><strong>occasio-</strong></span> 
     </span>
    </p>
   </div>
   <div class='ocr_carea' id='block_1_28' title="bbox 631 2992 2196 3072">
    <p class='ocr_par' dir='ltr' id='par_1_28' title="bbox 631 2992 2196 3072">
     <span class='ocr_line' id='line_1_28' title="bbox 631 2992 2196 3072; baseline -0.012 -10"><span class='ocrx_word' id='word_1_211' title='bbox 631 3022 774 3072; x_wconf 79' lang='lat' dir='ltr'><strong>nem,</strong></span> <span class='ocrx_word' id='word_1_212' title='bbox 803 3015 857 3062; x_wconf 89' lang='lat' dir='ltr'><strong>et</strong></span> <span class='ocrx_word' id='word_1_213' title='bbox 885 3003 1346 3070; x_wconf 73' lang='lat' dir='ltr'><strong>validioremipsis</strong></span> <span class='ocrx_word' id='word_1_214' title='bbox 1380 2998 1717 3067; x_wconf 71' lang='lat' dir='ltr'><strong>praesentium</strong></span> <span class='ocrx_word' id='word_1_215' title='bbox 1739 3010 1955 3050; x_wconf 88' lang='lat' dir='ltr'><strong>sensum</strong></span> <span class='ocrx_word' id='word_1_216' title='bbox 1982 2992 2196 3046; x_wconf 78' lang='lat' dir='ltr'><strong>efﬁciat.</strong></span> 
     </span>
    </p>
   </div>
   <div class='ocr_carea' id='block_1_29' title="bbox 627 3082 2201 3166">
    <p class='ocr_par' dir='ltr' id='par_1_29' title="bbox 627 3082 2201 3166">
     <span class='ocr_line' id='line_1_29' title="bbox 627 3082 2201 3166; baseline -0.01 -14"><span class='ocrx_word' id='word_1_217' title='bbox 627 3096 810 3166; x_wconf 83' lang='lat' dir='ltr'><strong>Neque</strong></span> <span class='ocrx_word' id='word_1_218' title='bbox 860 3094 1002 3149; x_wconf 86' lang='lat' dir='ltr'><strong>enim</strong></span> <span class='ocrx_word' id='word_1_219' title='bbox 1051 3093 1171 3162; x_wconf 87' lang='lat' dir='ltr'><strong>quis</strong></span> <span class='ocrx_word' id='word_1_220' title='bbox 1214 3088 1433 3161; x_wconf 87' lang='lat' dir='ltr'><strong>perinde</strong></span> <span class='ocrx_word' id='word_1_221' title='bbox 1467 3087 1608 3142; x_wconf 80' lang='lat' dir='ltr'><strong>videt</strong></span> <span class='ocrx_word' id='word_1_222' title='bbox 1649 3101 1711 3140; x_wconf 87' lang='lat' dir='ltr'><strong>ea</strong></span> <span class='ocrx_word' id='word_1_223' title='bbox 1752 3100 1870 3156; x_wconf 75' lang='lat' dir='ltr'><strong>qua:</strong></span> <span class='ocrx_word' id='word_1_224' title='bbox 1920 3085 1970 3138; x_wconf 94' lang='lat' dir='ltr'><strong>in</strong></span> <span class='ocrx_word' id='word_1_225' title='bbox 2011 3082 2201 3138; x_wconf 88' lang='lat' dir='ltr'><strong>alienis</strong></span> 
     </span>
    </p>
   </div>
   <div class='ocr_carea' id='block_1_30' title="bbox 627 3173 2200 3257">
    <p class='ocr_par' dir='ltr' id='par_1_30' title="bbox 627 3173 2200 3257">
     <span class='ocr_line' id='line_1_30' title="bbox 627 3173 2200 3257; baseline -0.012 -14"><span class='ocrx_word' id='word_1_226' title='bbox 627 3186 938 3257; x_wconf 85' lang='lat' dir='ltr'><strong>corporibus</strong></span> <span class='ocrx_word' id='word_1_227' title='bbox 967 3183 1117 3247; x_wconf 73' lang='lat' dir='ltr'><strong>(lunt,</strong></span> <span class='ocrx_word' id='word_1_228' title='bbox 1145 3191 1303 3251; x_wconf 88' lang='lat' dir='ltr'><strong>atque</strong></span> <span class='ocrx_word' id='word_1_229' title='bbox 1331 3194 1396 3236; x_wconf 66' lang='lat' dir='ltr'><strong>ea,</strong></span> <span class='ocrx_word' id='word_1_230' title='bbox 1431 3193 1548 3248; x_wconf 78' lang='lat' dir='ltr'><strong>qua:</strong></span> <span class='ocrx_word' id='word_1_231' title='bbox 1595 3178 1646 3230; x_wconf 93' lang='lat' dir='ltr'><strong>in</strong></span> <span class='ocrx_word' id='word_1_232' title='bbox 1676 3189 1901 3244; x_wconf 87' lang='lat' dir='ltr'><strong>corpore</strong></span> <span class='ocrx_word' id='word_1_233' title='bbox 1926 3189 2042 3228; x_wconf 90' lang='lat' dir='ltr'><strong>suo.</strong></span> <span class='ocrx_word' id='word_1_234' title='bbox 2067 3173 2200 3241; x_wconf 85' lang='lat' dir='ltr'><strong>Quia</strong></span> 
     </span>
    </p>
   </div>
   <div class='ocr_carea' id='block_1_31' title="bbox 629 3265 2201 3348">
    <p class='ocr_par' dir='ltr' id='par_1_31' title="bbox 629 3265 2201 3348">
     <span class='ocr_line' id='line_1_31' title="bbox 629 3265 2201 3348; baseline -0.009 -16"><span class='ocrx_word' id='word_1_235' title='bbox 629 3277 787 3348; x_wconf 84' lang='lat' dir='ltr'><strong>igitur</strong></span> <span class='ocrx_word' id='word_1_236' title='bbox 833 3289 1021 3331; x_wconf 90' lang='lat' dir='ltr'><strong>omnes</strong></span> <span class='ocrx_word' id='word_1_237' title='bbox 1061 3271 1307 3326; x_wconf 87' lang='lat' dir='ltr'><strong>videbant</strong></span> <span class='ocrx_word' id='word_1_238' title='bbox 1348 3268 1606 3324; x_wconf 78' lang='lat' dir='ltr'><strong>beneﬁcio</strong></span> <span class='ocrx_word' id='word_1_239' title='bbox 1658 3267 1876 3322; x_wconf 72' lang='lat' dir='ltr'><strong>allectos</strong></span> <span class='ocrx_word' id='word_1_240' title='bbox 1926 3265 2109 3330; x_wconf 86' lang='lat' dir='ltr'><strong>fuisse,</strong></span> <span class='ocrx_word' id='word_1_241' title='bbox 2142 3280 2201 3318; x_wconf 89' lang='lat' dir='ltr'><strong>se</strong></span> 
     </span>
    </p>
   </div>
   <div class='ocr_carea' id='block_1_32' title="bbox 629 3355 2197 3433">
    <p class='ocr_par' dir='ltr' id='par_1_32' title="bbox 629 3355 2197 3433">
     <span class='ocr_line' id='line_1_32' title="bbox 629 3355 2197 3433; baseline -0.007 -15"><span class='ocrx_word' id='word_1_242' title='bbox 629 3382 755 3424; x_wconf 87' lang='lat' dir='ltr'><strong>vero</strong></span> <span class='ocrx_word' id='word_1_243' title='bbox 796 3365 928 3421; x_wconf 91' lang='lat' dir='ltr'><strong>nihil</strong></span> <span class='ocrx_word' id='word_1_244' title='bbox 973 3365 1245 3433; x_wconf 86' lang='lat' dir='ltr'><strong>accepisse</strong></span> <span class='ocrx_word' id='word_1_245' title='bbox 1294 3360 1536 3415; x_wconf 79' lang='lat' dir='ltr'><strong>beneﬁcii</strong></span> <span class='ocrx_word' id='word_1_246' title='bbox 1571 3399 1587 3424; x_wconf 93' lang='lat'><strong>,</strong></span> <span class='ocrx_word' id='word_1_247' title='bbox 1624 3358 1776 3427; x_wconf 89' lang='lat' dir='ltr'><strong>quasi</strong></span> <span class='ocrx_word' id='word_1_248' title='bbox 1806 3355 1979 3426; x_wconf 88' lang='lat' dir='ltr'><strong>supini</strong></span> <span class='ocrx_word' id='word_1_249' title='bbox 2012 3369 2197 3409; x_wconf 85' lang='lat' dir='ltr'><strong>mane-</strong></span> 
     </span>
    </p>
   </div>
   <div class='ocr_carea' id='block_1_33' title="bbox 628 3447 2200 3528">
    <p class='ocr_par' dir='ltr' id='par_1_33' title="bbox 628 3447 2200 3528">
     <span class='ocr_line' id='line_1_33' title="bbox 628 3447 2200 3528; baseline -0.01 -12"><span class='ocrx_word' id='word_1_250' title='bbox 628 3463 791 3524; x_wconf 85' lang='lat' dir='ltr'><strong>bant;</strong></span> <span class='ocrx_word' id='word_1_251' title='bbox 816 3473 987 3528; x_wconf 90' lang='lat' dir='ltr'><strong>neque</strong></span> <span class='ocrx_word' id='word_1_252' title='bbox 1011 3458 1153 3511; x_wconf 90' lang='lat' dir='ltr'><strong>enim</strong></span> <span class='ocrx_word' id='word_1_253' title='bbox 1181 3451 1550 3514; x_wconf 83' lang='lat' dir='ltr'><strong>claudierant.</strong></span> <span class='ocrx_word' id='word_1_254' title='bbox 1570 3450 1654 3504; x_wconf 85' lang='lat' dir='ltr'><strong>vel</strong></span> <span class='ocrx_word' id='word_1_255' title='bbox 1682 3450 1786 3504; x_wconf 89' lang='lat' dir='ltr'><strong>alio</strong></span> <span class='ocrx_word' id='word_1_256' title='bbox 1815 3447 1987 3503; x_wconf 80' lang='lat' dir='ltr'><strong>aﬂ&#39;ecti</strong></span> <span class='ocrx_word' id='word_1_257' title='bbox 2009 3462 2200 3517; x_wconf 87' lang='lat' dir='ltr'><strong>corpo-</strong></span> 
     </span>
    </p>
   </div>
   <div class='ocr_carea' id='block_1_34' title="bbox 628 3541 2199 3621">
    <p class='ocr_par' dir='ltr' id='par_1_34' title="bbox 628 3541 2199 3621">
     <span class='ocr_line' id='line_1_34' title="bbox 628 3541 2199 3621; baseline -0.01 -13"><span class='ocrx_word' id='word_1_258' title='bbox 628 3555 703 3608; x_wconf 86' lang='lat' dir='ltr'><strong>ris</strong></span> <span class='ocrx_word' id='word_1_259' title='bbox 729 3552 892 3606; x_wconf 87' lang='lat' dir='ltr'><strong>vitio:</strong></span> <span class='ocrx_word' id='word_1_260' title='bbox 920 3549 1301 3621; x_wconf 82' lang='lat' dir='ltr'><strong>oportebatque</strong></span> <span class='ocrx_word' id='word_1_261' title='bbox 1329 3555 1503 3599; x_wconf 88' lang='lat' dir='ltr'><strong>tamen</strong></span> <span class='ocrx_word' id='word_1_262' title='bbox 1533 3545 1649 3598; x_wconf 90' lang='lat' dir='ltr'><strong>illos</strong></span> <span class='ocrx_word' id='word_1_263' title='bbox 1670 3541 2046 3597; x_wconf 78' lang='lat' dir='ltr'><strong>beneﬁciorum</strong></span> <span class='ocrx_word' id='word_1_264' title='bbox 2077 3555 2199 3595; x_wconf 87' lang='lat' dir='ltr'><strong>sen-</strong></span> 
     </span>
    </p>
   </div>
   <div class='ocr_carea' id='block_1_35' title="bbox 628 3629 2195 3708">
    <p class='ocr_par' dir='ltr' id='par_1_35' title="bbox 628 3629 2195 3708">
     <span class='ocr_line' id='line_1_35' title="bbox 628 3629 2195 3708; baseline -0.01 -11"><span class='ocrx_word' id='word_1_265' title='bbox 628 3658 690 3697; x_wconf 90' lang='lat' dir='ltr'><strong>sn</strong></span> <span class='ocrx_word' id='word_1_266' title='bbox 719 3641 890 3705; x_wconf 77' lang='lat' dir='ltr'><strong>afﬁci;</strong></span> <span class='ocrx_word' id='word_1_267' title='bbox 915 3647 1280 3708; x_wconf 88' lang='lat' dir='ltr'><strong>tempestatem</strong></span> <span class='ocrx_word' id='word_1_268' title='bbox 1304 3636 1433 3690; x_wconf 89' lang='lat' dir='ltr'><strong>oriri</strong></span> <span class='ocrx_word' id='word_1_269' title='bbox 1461 3633 1729 3698; x_wconf 88' lang='lat' dir='ltr'><strong>concedit,</strong></span> <span class='ocrx_word' id='word_1_270' title='bbox 1762 3642 1820 3687; x_wconf 91' lang='lat' dir='ltr'><strong>ut</strong></span> <span class='ocrx_word' id='word_1_271' title='bbox 1847 3646 1908 3686; x_wconf 90' lang='lat' dir='ltr'><strong>ea</strong></span> <span class='ocrx_word' id='word_1_272' title='bbox 1943 3629 2148 3685; x_wconf 82' lang='lat' dir='ltr'><strong>liberati</strong></span> <span class='ocrx_word' id='word_1_273' title='bbox 2177 3669 2195 3695; x_wconf 96' lang='lat'><strong>,</strong></span> 
     </span>
    </p>
   </div>
   <div class='ocr_carea' id='block_1_36' title="bbox 627 3720 2198 3797">
    <p class='ocr_par' dir='ltr' id='par_1_36' title="bbox 627 3720 2198 3797">
     <span class='ocr_line' id='line_1_36' title="bbox 627 3720 2198 3797; baseline -0.01 -9"><span class='ocrx_word' id='word_1_274' title='bbox 627 3734 905 3788; x_wconf 87' lang='lat' dir='ltr'><strong>clariorem</strong></span> <span class='ocrx_word' id='word_1_275' title='bbox 939 3729 1179 3786; x_wconf 82' lang='lat' dir='ltr'><strong>beneﬁcii</strong></span> <span class='ocrx_word' id='word_1_276' title='bbox 1208 3741 1422 3782; x_wconf 89' lang='lat' dir='ltr'><strong>sensum</strong></span> <span class='ocrx_word' id='word_1_277' title='bbox 1450 3726 1804 3797; x_wconf 88' lang='lat' dir='ltr'><strong>perciperent.</strong></span> <span class='ocrx_word' id='word_1_278' title='bbox 1834 3720 2063 3791; x_wconf 79' lang='lat' dir='ltr'><strong>ideoque</strong></span> <span class='ocrx_word' id='word_1_279' title='bbox 2091 3735 2198 3773; x_wconf 91' lang='lat' dir='ltr'><strong>non</strong></span> 
     </span>
    </p>
   </div>
   <div class='ocr_carea' id='block_1_37' title="bbox 627 3809 2199 3896">
    <p class='ocr_par' dir='ltr' id='par_1_37' title="bbox 627 3809 2199 3896">
     <span class='ocr_line' id='line_1_37' title="bbox 627 3809 2199 3896; baseline -0.01 -18"><span class='ocrx_word' id='word_1_280' title='bbox 627 3821 974 3896; x_wconf 73' lang='lat' dir='ltr'><strong>pmsentibus</strong></span> <span class='ocrx_word' id='word_1_281' title='bbox 1005 3818 1174 3886; x_wconf 84' lang='lat' dir='ltr'><strong>turbis</strong></span> <span class='ocrx_word' id='word_1_282' title='bbox 1206 3817 1255 3871; x_wconf 91' lang='lat' dir='ltr'><strong>id</strong></span> <span class='ocrx_word' id='word_1_283' title='bbox 1287 3817 1431 3886; x_wconf 88' lang='lat' dir='ltr'><strong>agit,</strong></span> <span class='ocrx_word' id='word_1_284' title='bbox 1467 3830 1535 3870; x_wconf 91' lang='lat' dir='ltr'><strong>ne</strong></span> <span class='ocrx_word' id='word_1_285' title='bbox 1563 3823 1618 3866; x_wconf 92' lang='lat' dir='ltr'><strong>ut</strong></span> <span class='ocrx_word' id='word_1_286' title='bbox 1646 3812 1867 3866; x_wconf 77' lang='lat' dir='ltr'><strong>modica:</strong></span> <span class='ocrx_word' id='word_1_287' title='bbox 1890 3809 2008 3864; x_wconf 82' lang='lat' dir='ltr'><strong>fidei</strong></span> <span class='ocrx_word' id='word_1_288' title='bbox 2052 3809 2199 3864; x_wconf 87' lang='lat' dir='ltr'><strong>dam-</strong></span> 
     </span>
    </p>
   </div>
   <div class='ocr_carea' id='block_1_38' title="bbox 629 3900 2197 3975">
    <p class='ocr_par' dir='ltr' id='par_1_38' title="bbox 629 3900 2197 3975">
     <span class='ocr_line' id='line_1_38' title="bbox 629 3900 2197 3975; baseline -0.008 -8"><span class='ocrx_word' id='word_1_289' title='bbox 629 3922 920 3975; x_wconf 83' lang='lat' dir='ltr'><strong>narentur;</strong></span> <span class='ocrx_word' id='word_1_290' title='bbox 963 3909 1056 3964; x_wconf 89' lang='lat' dir='ltr'><strong>sed</strong></span> <span class='ocrx_word' id='word_1_291' title='bbox 1103 3909 1249 3962; x_wconf 90' lang='lat' dir='ltr'><strong>solos</strong></span> <span class='ocrx_word' id='word_1_292' title='bbox 1275 3906 1544 3970; x_wconf 88' lang='lat' dir='ltr'><strong>emendat,</strong></span> <span class='ocrx_word' id='word_1_293' title='bbox 1586 3915 1638 3957; x_wconf 91' lang='lat' dir='ltr'><strong>et</strong></span> <span class='ocrx_word' id='word_1_294' title='bbox 1687 3900 2014 3971; x_wconf 77' lang='lat' dir='ltr'><strong>increpando</strong></span> <span class='ocrx_word' id='word_1_295' title='bbox 2051 3902 2197 3970; x_wconf 90' lang='lat' dir='ltr'><strong>prius</strong></span> 
     </span>
    </p>
   </div>
   <div class='ocr_carea' id='block_1_39' title="bbox 628 3989 2195 4071">
    <p class='ocr_par' dir='ltr' id='par_1_39' title="bbox 628 3989 2195 4071">
     <span class='ocr_line' id='line_1_39' title="bbox 628 3989 2195 4071; baseline -0.011 -13"><span class='ocrx_word' id='word_1_296' title='bbox 628 4002 823 4058; x_wconf 81' lang='lat' dir='ltr'><strong>mentis</strong></span> <span class='ocrx_word' id='word_1_297' title='bbox 851 4001 1084 4071; x_wconf 85' lang='lat' dir='ltr'><strong>ipsorum</strong></span> <span class='ocrx_word' id='word_1_298' title='bbox 1111 4013 1266 4066; x_wconf 87' lang='lat' dir='ltr'><strong>quam</strong></span> <span class='ocrx_word' id='word_1_299' title='bbox 1300 4009 1552 4064; x_wconf 83' lang='lat' dir='ltr'><strong>aquarum</strong></span> <span class='ocrx_word' id='word_1_300' title='bbox 1584 4000 1951 4060; x_wconf 82' lang='lat' dir='ltr'><strong>tempestatem</strong></span> <span class='ocrx_word' id='word_1_301' title='bbox 2002 3989 2195 4054; x_wconf 90' lang='lat' dir='ltr'><strong>sedat,</strong></span> 
     </span>
    </p>
   </div>
   <div class='ocr_carea' id='block_1_40' title="bbox 627 4081 2199 4155">
    <p class='ocr_par' dir='ltr' id='par_1_40' title="bbox 627 4081 2199 4155">
     <span class='ocr_line' id='line_1_40' title="bbox 627 4081 2199 4155; baseline -0.009 -7"><span class='ocrx_word' id='word_1_302' title='bbox 627 4095 816 4148; x_wconf 79' lang='lat' dir='ltr'><strong>dicetis</strong></span> <span class='ocrx_word' id='word_1_303' title='bbox 848 4091 977 4146; x_wconf 71' lang='lat'><strong>:26.</strong></span> <span class='ocrx_word' id='word_1_304' title='bbox 1007 4090 1143 4155; x_wconf 82' lang='lat' dir='ltr'><strong>Quid</strong></span> <span class='ocrx_word' id='word_1_305' title='bbox 1189 4088 1350 4141; x_wconf 83' lang='lat' dir='ltr'><strong>timidi</strong></span> <span class='ocrx_word' id='word_1_306' title='bbox 1382 4085 1519 4148; x_wconf 82' lang='lat' dir='ltr'><strong>estis,</strong></span> <span class='ocrx_word' id='word_1_307' title='bbox 1554 4085 1762 4137; x_wconf 72' lang='lat' dir='ltr'><strong>modica:</strong></span> <span class='ocrx_word' id='word_1_308' title='bbox 1803 4082 1922 4147; x_wconf 80' lang='lat' dir='ltr'><strong>ﬁdei</strong></span> <span class='ocrx_word' id='word_1_309' title='bbox 1943 4082 1969 4135; x_wconf 80' lang='lat'><strong>.’</strong></span> <span class='ocrx_word' id='word_1_310' title='bbox 2012 4081 2199 4137; x_wconf 82' lang='lat' dir='ltr'><strong>simul-</strong></span> 
     </span>
    </p>
   </div>
   <div class='ocr_carea' id='block_1_41' title="bbox 626 4171 2193 4254">
    <p class='ocr_par' dir='ltr' id='par_1_41' title="bbox 626 4171 2193 4254">
     <span class='ocr_line' id='line_1_41' title="bbox 626 4171 2193 4254; baseline -0.009 -15"><span class='ocrx_word' id='word_1_311' title='bbox 626 4201 729 4254; x_wconf 90' lang='lat' dir='ltr'><strong>que</strong></span> <span class='ocrx_word' id='word_1_312' title='bbox 760 4182 936 4249; x_wconf 81' lang='lat' dir='ltr'><strong>docet,</strong></span> <span class='ocrx_word' id='word_1_313' title='bbox 980 4183 1222 4235; x_wconf 89' lang='lat' dir='ltr'><strong>timorem</strong></span> <span class='ocrx_word' id='word_1_314' title='bbox 1260 4171 1364 4232; x_wconf 77' lang='lat' dir='ltr'><strong>nun</strong></span> <span class='ocrx_word' id='word_1_315' title='bbox 1391 4179 1458 4230; x_wconf 88' lang='lat' dir='ltr'><strong>ab</strong></span> <span class='ocrx_word' id='word_1_316' title='bbox 1484 4175 1739 4228; x_wconf 88' lang='lat' dir='ltr'><strong>immissis</strong></span> <span class='ocrx_word' id='word_1_317' title='bbox 1769 4173 2148 4228; x_wconf 86' lang='lat' dir='ltr'><strong>tentationibus</strong></span> <span class='ocrx_word' id='word_1_318' title='bbox 2179 4213 2193 4235; x_wconf 93' lang='lat'><strong>,</strong></span> 
     </span>
    </p>
   </div>
   <div class='ocr_carea' id='block_1_42' title="bbox 627 4263 2196 4332">
    <p class='ocr_par' dir='ltr' id='par_1_42' title="bbox 627 4263 2196 4332">
     <span class='ocr_line' id='line_1_42' title="bbox 627 4263 2196 4332; baseline -0.01 -1"><span class='ocrx_word' id='word_1_319' title='bbox 627 4276 717 4331; x_wconf 78' lang='lat' dir='ltr'><strong>sed</strong></span> <span class='ocrx_word' id='word_1_320' title='bbox 744 4275 813 4329; x_wconf 85' lang='lat' dir='ltr'><strong>ab</strong></span> <span class='ocrx_word' id='word_1_321' title='bbox 836 4273 997 4328; x_wconf 87' lang='lat' dir='ltr'><strong>animi</strong></span> <span class='ocrx_word' id='word_1_322' title='bbox 1031 4271 1336 4325; x_wconf 78' lang='lat' dir='ltr'><strong>infirmitate</strong></span> <span class='ocrx_word' id='word_1_323' title='bbox 1385 4267 1533 4320; x_wconf 90' lang='lat' dir='ltr'><strong>oriri.</strong></span> <span class='ocrx_word' id='word_1_324' title='bbox 1557 4263 1708 4332; x_wconf 85' lang='lat' dir='ltr'><strong>Quod</strong></span> <span class='ocrx_word' id='word_1_325' title='bbox 1741 4264 1783 4317; x_wconf 88' lang='lat' dir='ltr'><strong>si</strong></span> <span class='ocrx_word' id='word_1_326' title='bbox 1813 4266 1932 4332; x_wconf 90' lang='lat' dir='ltr'><strong>quis</strong></span> <span class='ocrx_word' id='word_1_327' title='bbox 1961 4263 2196 4327; x_wconf 81' lang='lat' dir='ltr'><strong>dixerit,</strong></span> 
     </span>
    </p>
   </div>
   <div class='ocr_carea' id='block_1_43' title="bbox 638 4352 2200 4423">
    <p class='ocr_par' dir='ltr' id='par_1_43' title="bbox 638 4352 2200 4423">
     <span class='ocr_line' id='line_1_43' title="bbox 638 4352 2200 4423; baseline -0.011 -2"><span class='ocrx_word' id='word_1_328' title='bbox 638 4383 742 4422; x_wconf 81' lang='lat' dir='ltr'><strong>mm</strong></span> <span class='ocrx_word' id='word_1_329' title='bbox 765 4381 832 4422; x_wconf 74' lang='lat' dir='ltr'><strong>ex</strong></span> <span class='ocrx_word' id='word_1_330' title='bbox 880 4363 1068 4420; x_wconf 82' lang='lat' dir='ltr'><strong>timore</strong></span> <span class='ocrx_word' id='word_1_331' title='bbox 1098 4362 1178 4414; x_wconf 88' lang='lat' dir='ltr'><strong>vel</strong></span> <span class='ocrx_word' id='word_1_332' title='bbox 1216 4375 1280 4415; x_wconf 79' lang='lat' dir='ltr'><strong>ex</strong></span> <span class='ocrx_word' id='word_1_333' title='bbox 1324 4357 1528 4412; x_wconf 86' lang='lat' dir='ltr'><strong>modica</strong></span> <span class='ocrx_word' id='word_1_334' title='bbox 1564 4354 1666 4409; x_wconf 76' lang='lat' dir='ltr'><strong>[ide</strong></span> <span class='ocrx_word' id='word_1_335' title='bbox 1704 4363 1875 4407; x_wconf 85' lang='lat' dir='ltr'><strong>iuotos</strong></span> <span class='ocrx_word' id='word_1_336' title='bbox 1912 4352 2200 4423; x_wconf 87' lang='lat' dir='ltr'><strong>discipulos</strong></span> 
     </span>
    </p>
   </div>
   <div class='ocr_carea' id='block_1_44' title="bbox 632 4445 2196 4520">
    <p class='ocr_par' dir='ltr' id='par_1_44' title="bbox 632 4445 2196 4520">
     <span class='ocr_line' id='line_1_44' title="bbox 632 4445 2196 4520; baseline -0.01 -7"><span class='ocrx_word' id='word_1_337' title='bbox 632 4460 776 4513; x_wconf 69' lang='lat' dir='ltr'><strong>illum</strong></span> <span class='ocrx_word' id='word_1_338' title='bbox 805 4457 1065 4520; x_wconf 73' lang='lat' dir='ltr'><strong>excitasse</strong></span> <span class='ocrx_word' id='word_1_339' title='bbox 1103 4470 1116 4508; x_wconf 90' lang='lat'>:</span> <span class='ocrx_word' id='word_1_340' title='bbox 1151 4449 1484 4520; x_wconf 88' lang='lat' dir='ltr'><strong>respondebo</strong></span> <span class='ocrx_word' id='word_1_341' title='bbox 1527 4445 1654 4503; x_wconf 90' lang='lat' dir='ltr'><strong>illud</strong></span> <span class='ocrx_word' id='word_1_342' title='bbox 1702 4445 1937 4499; x_wconf 82' lang='lat' dir='ltr'><strong>maxime</strong></span> <span class='ocrx_word' id='word_1_343' title='bbox 1987 4445 2196 4514; x_wconf 72' lang='lat' dir='ltr'><strong>signum</strong></span> 
     </span>
    </p>
   </div>
   <div class='ocr_carea' id='block_1_45' title="bbox 627 4536 2201 4612">
    <p class='ocr_par' dir='ltr' id='par_1_45' title="bbox 627 4536 2201 4612">
     <span class='ocr_line' id='line_1_45' title="bbox 627 4536 2201 4612; baseline -0.01 -8"><span class='ocrx_word' id='word_1_344' title='bbox 627 4564 745 4603; x_wconf 82' lang='lat' dir='ltr'><strong>csse</strong></span> <span class='ocrx_word' id='word_1_345' title='bbox 761 4589 775 4612; x_wconf 94' lang='lat'><strong>,</strong></span> <span class='ocrx_word' id='word_1_346' title='bbox 800 4561 895 4602; x_wconf 82' lang='lat' dir='ltr'><strong>eos</strong></span> <span class='ocrx_word' id='word_1_347' title='bbox 913 4562 1018 4600; x_wconf 92' lang='lat' dir='ltr'><strong>non</strong></span> <span class='ocrx_word' id='word_1_348' title='bbox 1047 4549 1426 4612; x_wconf 85' lang='lat' dir='ltr'><strong>congruentem</strong></span> <span class='ocrx_word' id='word_1_349' title='bbox 1453 4538 1520 4594; x_wconf 91' lang='lat' dir='ltr'><strong>de</strong></span> <span class='ocrx_word' id='word_1_350' title='bbox 1538 4539 1626 4593; x_wconf 90' lang='lat' dir='ltr'><strong>illo</strong></span> <span class='ocrx_word' id='word_1_351' title='bbox 1650 4537 1954 4606; x_wconf 82' lang='lat' dir='ltr'><strong>Opinionem</strong></span> <span class='ocrx_word' id='word_1_352' title='bbox 1986 4536 2201 4590; x_wconf 83' lang='lat' dir='ltr'><strong>habuis-</strong></span> 
     </span>
    </p>
   </div>
   <div class='ocr_carea' id='block_1_46' title="bbox 628 4629 2198 4706">
    <p class='ocr_par' dir='ltr' id='par_1_46' title="bbox 628 4629 2198 4706">
     <span class='ocr_line' id='line_1_46' title="bbox 628 4629 2198 4706; baseline -0.008 -10"><span class='ocrx_word' id='word_1_353' title='bbox 628 4656 709 4696; x_wconf 86' lang='lat' dir='ltr'><strong>se.</strong></span> <span class='ocrx_word' id='word_1_354' title='bbox 737 4639 993 4695; x_wconf 83' lang='lat' dir='ltr'><strong>Sciebant</strong></span> <span class='ocrx_word' id='word_1_355' title='bbox 1018 4637 1234 4706; x_wconf 84' lang='lat' dir='ltr'><strong>quidem</strong></span> <span class='ocrx_word' id='word_1_356' title='bbox 1272 4633 1441 4701; x_wconf 74' lang='lat' dir='ltr'><strong>ipsum</strong></span> <span class='ocrx_word' id='word_1_357' title='bbox 1463 4629 1893 4699; x_wconf 76' lang='lat' dir='ltr'><strong>expergefactum</strong></span> <span class='ocrx_word' id='word_1_358' title='bbox 1919 4630 2198 4698; x_wconf 85' lang='lat' dir='ltr'><strong>increpare</strong></span> 
     </span>
    </p>
   </div>
   <div class='ocr_carea' id='block_1_47' title="bbox 629 4720 2196 4801">
    <p class='ocr_par' dir='ltr' id='par_1_47' title="bbox 629 4720 2196 4801">
     <span class='ocr_line' id='line_1_47' title="bbox 629 4720 2196 4801; baseline -0.007 -16"><span class='ocrx_word' id='word_1_359' title='bbox 629 4744 824 4801; x_wconf 84' lang='lat' dir='ltr'><strong>posse;</strong></span> <span class='ocrx_word' id='word_1_360' title='bbox 851 4727 1208 4784; x_wconf 88' lang='lat' dir='ltr'><strong>dormientem</strong></span> <span class='ocrx_word' id='word_1_361' title='bbox 1245 4739 1373 4778; x_wconf 86' lang='lat' dir='ltr'><strong>vero</strong></span> <span class='ocrx_word' id='word_1_362' title='bbox 1400 4722 1633 4774; x_wconf 86' lang='lat' dir='ltr'><strong>nondum</strong></span> <span class='ocrx_word' id='word_1_363' title='bbox 1664 4720 1937 4789; x_wconf 87' lang='lat' dir='ltr'><strong>putabant.</strong></span> <span class='ocrx_word' id='word_1_364' title='bbox 1970 4721 2033 4774; x_wconf 86' lang='lat' dir='ltr'><strong>Et</strong></span> <span class='ocrx_word' id='word_1_365' title='bbox 2071 4721 2196 4788; x_wconf 90' lang='lat' dir='ltr'><strong>quid</strong></span> 
     </span>
    </p>
   </div>
   <div class='ocr_carea' id='block_1_48' title="bbox 631 4813 2194 4884">
    <p class='ocr_par' dir='ltr' id='par_1_48' title="bbox 631 4813 2194 4884">
     <span class='ocr_line' id='line_1_48' title="bbox 631 4813 2194 4884; baseline -0.006 -6"><span class='ocrx_word' id='word_1_366' title='bbox 631 4822 842 4878; x_wconf 83' lang='lat' dir='ltr'><strong>miraris</strong></span> <span class='ocrx_word' id='word_1_367' title='bbox 884 4819 929 4874; x_wconf 93' lang='lat' dir='ltr'><strong>si</strong></span> <span class='ocrx_word' id='word_1_368' title='bbox 960 4832 1101 4874; x_wconf 90' lang='lat' dir='ltr'><strong>nunc</strong></span> <span class='ocrx_word' id='word_1_369' title='bbox 1132 4821 1374 4879; x_wconf 85' lang='lat' dir='ltr'><strong>timeant,</strong></span> <span class='ocrx_word' id='word_1_370' title='bbox 1408 4814 1626 4884; x_wconf 80' lang='lat' dir='ltr'><strong>quando</strong></span> <span class='ocrx_word' id='word_1_371' title='bbox 1659 4821 1778 4882; x_wconf 89' lang='lat' dir='ltr'><strong>post</strong></span> <span class='ocrx_word' id='word_1_372' title='bbox 1816 4813 1990 4868; x_wconf 88' lang='lat' dir='ltr'><strong>multa</strong></span> <span class='ocrx_word' id='word_1_373' title='bbox 2035 4815 2194 4872; x_wconf 89' lang='lat' dir='ltr'><strong>etiam</strong></span> 
     </span>
    </p>
   </div>
   <div class='ocr_carea' id='block_1_49' title="bbox 628 4897 2198 4973">
    <p class='ocr_par' dir='ltr' id='par_1_49' title="bbox 628 4897 2198 4973">
     <span class='ocr_line' id='line_1_49' title="bbox 628 4897 2198 4973; baseline -0.006 -6"><span class='ocrx_word' id='word_1_374' title='bbox 628 4914 728 4967; x_wconf 87' lang='lat' dir='ltr'><strong>alia</strong></span> <span class='ocrx_word' id='word_1_375' title='bbox 779 4910 1032 4968; x_wconf 73' lang='lat' dir='ltr'><strong>miracula</strong></span> <span class='ocrx_word' id='word_1_376' title='bbox 1089 4907 1406 4964; x_wconf 82' lang='lat' dir='ltr'><strong>infirmiores</strong></span> <span class='ocrx_word' id='word_1_377' title='bbox 1452 4906 1625 4958; x_wconf 90' lang='lat' dir='ltr'><strong>adhuc</strong></span> <span class='ocrx_word' id='word_1_378' title='bbox 1653 4897 1837 4959; x_wconf 82' lang='lat' dir='ltr'><strong>erant?</strong></span> <span class='ocrx_word' id='word_1_379' title='bbox 1865 4905 2198 4973; x_wconf 75' lang='lat' dir='ltr'><strong>Quapropter</strong></span> 
     </span>
    </p>
   </div>
   <div class='ocr_carea' id='block_1_50' title="bbox 628 4995 2197 5075">
    <p class='ocr_par' dir='ltr' id='par_1_50' title="bbox 628 4995 2197 5075">
     <span class='ocr_line' id='line_1_50' title="bbox 628 4995 2197 5075; baseline -0.007 -16"><span class='ocrx_word' id='word_1_380' title='bbox 628 5020 772 5075; x_wconf 79' lang='lat' dir='ltr'><strong>sa-pe</strong></span> <span class='ocrx_word' id='word_1_381' title='bbox 825 5004 1167 5072; x_wconf 84' lang='lat' dir='ltr'><strong>increpantur</strong></span> <span class='ocrx_word' id='word_1_382' title='bbox 1194 5041 1208 5065; x_wconf 95' lang='lat'><strong>,</strong></span> <span class='ocrx_word' id='word_1_383' title='bbox 1249 5007 1306 5053; x_wconf 93' lang='lat' dir='ltr'><strong>ut</strong></span> <span class='ocrx_word' id='word_1_384' title='bbox 1343 4996 1551 5067; x_wconf 86' lang='lat' dir='ltr'><strong>quando</strong></span> <span class='ocrx_word' id='word_1_385' title='bbox 1596 4995 1723 5050; x_wconf 90' lang='lat' dir='ltr'><strong>dicit</strong></span> <span class='ocrx_word' id='word_1_386' title='bbox 1756 5015 1768 5050; x_wconf 93' lang='lat'><strong>:</strong></span> <span class='ocrx_word' id='word_1_387' title='bbox 1797 4995 1973 5048; x_wconf 80' lang='lat' dir='ltr'><strong>Adhuc</strong></span> <span class='ocrx_word' id='word_1_388' title='bbox 2023 5005 2068 5048; x_wconf 81' lang='lat' dir='ltr'><strong>et</strong></span> <span class='ocrx_word' id='word_1_389' title='bbox 2112 5011 2197 5049; x_wconf 81' lang='lat' dir='ltr'><strong>vos</strong></span> 
     </span>
    </p>
   </div>
   <div class='ocr_carea' id='block_1_51' title="bbox 629 5077 2194 5166">
    <p class='ocr_par' dir='ltr' id='par_1_51' title="bbox 629 5077 2194 5166">
     <span class='ocr_line' id='line_1_51' title="bbox 629 5077 2194 5166; baseline -0.007 -16"><span class='ocrx_word' id='word_1_390' title='bbox 629 5096 918 5166; x_wconf 71' lang='lat' dir='ltr'><strong>insipientes</strong></span> <span class='ocrx_word' id='word_1_391' title='bbox 959 5094 1074 5148; x_wconf 85' lang='lat' dir='ltr'><strong>estis</strong></span> <span class='ocrx_word' id='word_1_392' title='bbox 1108 5090 1316 5161; x_wconf 78' lang='lat' dir='ltr'><strong>(Matth.</strong></span> <span class='ocrx_word' id='word_1_393' title='bbox 1349 5077 1435 5143; x_wconf 71' lang='lat' dir='ltr'><strong>l5.</strong></span> <span class='ocrx_word' id='word_1_394' title='bbox 1469 5088 1598 5155; x_wconf 80' lang='lat' dir='ltr'><strong>l6)?</strong></span> <span class='ocrx_word' id='word_1_395' title='bbox 1626 5086 1701 5140; x_wconf 84' lang='lat' dir='ltr'><strong>Ne</strong></span> <span class='ocrx_word' id='word_1_396' title='bbox 1738 5087 1912 5156; x_wconf 86' lang='lat' dir='ltr'><strong>itaque</strong></span> <span class='ocrx_word' id='word_1_397' title='bbox 1955 5086 2194 5150; x_wconf 75' lang='lat' dir='ltr'><strong>mireris,</strong></span> 
     </span>
    </p>
   </div>
   <div class='ocr_carea' id='block_1_52' title="bbox 631 5177 2194 5255">
    <p class='ocr_par' dir='ltr' id='par_1_52' title="bbox 631 5177 2194 5255">
     <span class='ocr_line' id='line_1_52' title="bbox 631 5177 2194 5255; baseline -0.009 -13"><span class='ocrx_word' id='word_1_398' title='bbox 631 5203 756 5242; x_wconf 87' lang='lat' dir='ltr'><strong>cum</strong></span> <span class='ocrx_word' id='word_1_399' title='bbox 781 5184 1023 5255; x_wconf 87' lang='lat' dir='ltr'><strong>discipuli</strong></span> <span class='ocrx_word' id='word_1_400' title='bbox 1068 5192 1172 5236; x_wconf 86' lang='lat' dir='ltr'><strong>tam</strong></span> <span class='ocrx_word' id='word_1_401' title='bbox 1205 5179 1500 5234; x_wconf 86' lang='lat' dir='ltr'><strong>imbecilles</strong></span> <span class='ocrx_word' id='word_1_402' title='bbox 1545 5189 1697 5232; x_wconf 88' lang='lat' dir='ltr'><strong>erant</strong></span> <span class='ocrx_word' id='word_1_403' title='bbox 1722 5218 1737 5241; x_wconf 95' lang='lat'><strong>,</strong></span> <span class='ocrx_word' id='word_1_404' title='bbox 1770 5177 1813 5229; x_wconf 90' lang='lat' dir='ltr'><strong>si</strong></span> <span class='ocrx_word' id='word_1_405' title='bbox 1858 5177 2028 5230; x_wconf 65' lang='lat' dir='ltr'><strong>turba:</strong></span> <span class='ocrx_word' id='word_1_406' title='bbox 2069 5177 2194 5229; x_wconf 89' lang='lat' dir='ltr'><strong>nihil</strong></span> 
     </span>
    </p>
   </div>
   <div class='ocr_carea' id='block_1_53' title="bbox 633 5268 2197 5346">
    <p class='ocr_par' dir='ltr' id='par_1_53' title="bbox 633 5268 2197 5346">
     <span class='ocr_line' id='line_1_53' title="bbox 633 5268 2197 5346; baseline -0.008 -14"><span class='ocrx_word' id='word_1_407' title='bbox 633 5292 878 5346; x_wconf 74' lang='lat' dir='ltr'><strong>magnum</strong></span> <span class='ocrx_word' id='word_1_408' title='bbox 901 5277 969 5330; x_wconf 90' lang='lat' dir='ltr'><strong>de</strong></span> <span class='ocrx_word' id='word_1_409' title='bbox 997 5276 1110 5343; x_wconf 88' lang='lat' dir='ltr'><strong>ipso</strong></span> <span class='ocrx_word' id='word_1_410' title='bbox 1127 5272 1514 5341; x_wconf 79' lang='lat' dir='ltr'><strong>opinabantur;</strong></span> <span class='ocrx_word' id='word_1_411' title='bbox 1547 5270 1875 5324; x_wconf 83' lang='lat' dir='ltr'><strong>mirabantur</strong></span> <span class='ocrx_word' id='word_1_412' title='bbox 1899 5269 2094 5337; x_wconf 90' lang='lat' dir='ltr'><strong>quippe</strong></span> <span class='ocrx_word' id='word_1_413' title='bbox 2118 5268 2197 5321; x_wconf 93' lang='lat' dir='ltr'><strong>di-</strong></span> 
     </span>
    </p>
   </div>
   <div class='ocr_carea' id='block_1_54' title="bbox 630 5361 2196 5430">
    <p class='ocr_par' dir='ltr' id='par_1_54' title="bbox 630 5361 2196 5430">
     <span class='ocr_line' id='line_1_54' title="bbox 630 5361 2196 5430; baseline -0.008 -8"><span class='ocrx_word' id='word_1_414' title='bbox 630 5377 820 5423; x_wconf 78' lang='lat' dir='ltr'><strong>centes</strong></span> <span class='ocrx_word' id='word_1_415' title='bbox 842 5384 855 5420; x_wconf 88' lang='lat'><strong>:</strong></span> <span class='ocrx_word' id='word_1_416' title='bbox 882 5365 971 5421; x_wconf 73' lang='lat'><strong>27.</strong></span> <span class='ocrx_word' id='word_1_417' title='bbox 1004 5363 1182 5430; x_wconf 83' lang='lat' dir='ltr'><strong>Qualis</strong></span> <span class='ocrx_word' id='word_1_418' title='bbox 1211 5372 1282 5416; x_wconf 68' lang='lat' dir='ltr'><strong>est</strong></span> <span class='ocrx_word' id='word_1_419' title='bbox 1305 5362 1383 5414; x_wconf 83' lang='lat' dir='ltr'><strong>hic</strong></span> <span class='ocrx_word' id='word_1_420' title='bbox 1409 5361 1556 5414; x_wconf 81' lang='lat' dir='ltr'><strong>homo</strong></span> <span class='ocrx_word' id='word_1_421' title='bbox 1579 5402 1592 5424; x_wconf 93' lang='lat'><strong>,</strong></span> <span class='ocrx_word' id='word_1_422' title='bbox 1618 5362 1731 5430; x_wconf 88' lang='lat' dir='ltr'><strong>quia</strong></span> <span class='ocrx_word' id='word_1_423' title='bbox 1762 5369 1807 5412; x_wconf 85' lang='lat' dir='ltr'><strong>et</strong></span> <span class='ocrx_word' id='word_1_424' title='bbox 1835 5376 1971 5411; x_wconf 81' lang='lat' dir='ltr'><strong>mare</strong></span> <span class='ocrx_word' id='word_1_425' title='bbox 1994 5367 2039 5411; x_wconf 84' lang='lat' dir='ltr'><strong>et</strong></span> <span class='ocrx_word' id='word_1_426' title='bbox 2069 5361 2196 5410; x_wconf 79' lang='lat' dir='ltr'><strong>venti</strong></span> 
     </span>
    </p>
   </div>
   <div class='ocr_carea' id='block_1_55' title="bbox 629 5449 2194 5519">
    <p class='ocr_par' dir='ltr' id='par_1_55' title="bbox 629 5449 2194 5519">
     <span class='ocr_line' id='line_1_55' title="bbox 629 5449 2194 5519; baseline -0.008 -5"><span class='ocrx_word' id='word_1_427' title='bbox 629 5459 867 5514; x_wconf 77' lang='lat' dir='ltr'><strong>obediunt</strong></span> <span class='ocrx_word' id='word_1_428' title='bbox 911 5455 994 5511; x_wconf 78' lang='lat' dir='ltr'><strong>ei?</strong></span> <span class='ocrx_word' id='word_1_429' title='bbox 1022 5454 1267 5509; x_wconf 85' lang='lat' dir='ltr'><strong>Christus</strong></span> <span class='ocrx_word' id='word_1_430' title='bbox 1317 5467 1444 5507; x_wconf 87' lang='lat' dir='ltr'><strong>vero</strong></span> <span class='ocrx_word' id='word_1_431' title='bbox 1473 5466 1576 5504; x_wconf 90' lang='lat' dir='ltr'><strong>non</strong></span> <span class='ocrx_word' id='word_1_432' title='bbox 1607 5450 1867 5519; x_wconf 88' lang='lat' dir='ltr'><strong>corripuit</strong></span> <span class='ocrx_word' id='word_1_433' title='bbox 1892 5464 2007 5512; x_wconf 90' lang='lat' dir='ltr'><strong>eos,</strong></span> <span class='ocrx_word' id='word_1_434' title='bbox 2056 5449 2194 5518; x_wconf 81' lang='lat' dir='ltr'><strong>quod</strong></span> 
     </span>
    </p>
   </div>
   <div class='ocr_carea' id='block_1_56' title="bbox 633 5540 2196 5615">
    <p class='ocr_par' dir='ltr' id='par_1_56' title="bbox 633 5540 2196 5615">
     <span class='ocr_line' id='line_1_56' title="bbox 633 5540 2196 5615; baseline -0.008 -13"><span class='ocrx_word' id='word_1_435' title='bbox 633 5549 903 5602; x_wconf 87' lang='lat' dir='ltr'><strong>hominem</strong></span> <span class='ocrx_word' id='word_1_436' title='bbox 933 5562 1055 5602; x_wconf 88' lang='lat' dir='ltr'><strong>esse</strong></span> <span class='ocrx_word' id='word_1_437' title='bbox 1097 5547 1267 5615; x_wconf 88' lang='lat' dir='ltr'><strong>ipsum</strong></span> <span class='ocrx_word' id='word_1_438' title='bbox 1288 5544 1560 5606; x_wconf 88' lang='lat' dir='ltr'><strong>dicerent;</strong></span> <span class='ocrx_word' id='word_1_439' title='bbox 1599 5541 1690 5595; x_wconf 91' lang='lat' dir='ltr'><strong>sed</strong></span> <span class='ocrx_word' id='word_1_440' title='bbox 1732 5540 2072 5609; x_wconf 77' lang='lat' dir='ltr'><strong>exspectabat</strong></span> <span class='ocrx_word' id='word_1_441' title='bbox 2116 5541 2196 5591; x_wconf 87' lang='lat' dir='ltr'><strong>in-</strong></span> 
     </span>
    </p>
   </div>
   <div class='ocr_carea' id='block_1_57' title="bbox 636 5635 2198 5712">
    <p class='ocr_par' dir='ltr' id='par_1_57' title="bbox 636 5635 2198 5712">
     <span class='ocr_line' id='line_1_57' title="bbox 636 5635 2198 5712; baseline -0.008 -14"><span class='ocrx_word' id='word_1_442' title='bbox 636 5646 787 5699; x_wconf 87' lang='lat' dir='ltr'><strong>terim</strong></span> <span class='ocrx_word' id='word_1_443' title='bbox 819 5659 913 5712; x_wconf 88' lang='lat' dir='ltr'><strong>per</strong></span> <span class='ocrx_word' id='word_1_444' title='bbox 937 5642 1187 5696; x_wconf 85' lang='lat' dir='ltr'><strong>miracula</strong></span> <span class='ocrx_word' id='word_1_445' title='bbox 1218 5641 1421 5694; x_wconf 88' lang='lat' dir='ltr'><strong>docens</strong></span> <span class='ocrx_word' id='word_1_446' title='bbox 1462 5639 1579 5692; x_wconf 92' lang='lat' dir='ltr'><strong>illos</strong></span> <span class='ocrx_word' id='word_1_447' title='bbox 1622 5638 1801 5691; x_wconf 83' lang='lat' dir='ltr'><strong>falsam</strong></span> <span class='ocrx_word' id='word_1_448' title='bbox 1827 5637 1964 5691; x_wconf 85' lang='lat' dir='ltr'><strong>hanc</strong></span> <span class='ocrx_word' id='word_1_449' title='bbox 1994 5635 2198 5704; x_wconf 87' lang='lat' dir='ltr'><strong>opinio-</strong></span> 
     </span>
    </p>
   </div>
   <div class='ocr_carea' id='block_1_58' title="bbox 637 5727 2198 5798">
    <p class='ocr_par' dir='ltr' id='par_1_58' title="bbox 637 5727 2198 5798">
     <span class='ocr_line' id='line_1_58' title="bbox 637 5727 2198 5798; baseline -0.006 -10"><span class='ocrx_word' id='word_1_450' title='bbox 637 5752 755 5789; x_wconf 64' lang='lat' dir='ltr'><strong>nem</strong></span> <span class='ocrx_word' id='word_1_451' title='bbox 778 5751 916 5789; x_wconf 83' lang='lat' dir='ltr'><strong>esse.</strong></span> <span class='ocrx_word' id='word_1_452' title='bbox 951 5733 1226 5791; x_wconf 85' lang='lat' dir='ltr'><strong>Undenam</strong></span> <span class='ocrx_word' id='word_1_453' title='bbox 1261 5732 1528 5786; x_wconf 84' lang='lat' dir='ltr'><strong>hominem</strong></span> <span class='ocrx_word' id='word_1_454' title='bbox 1575 5730 1718 5784; x_wconf 87' lang='lat' dir='ltr'><strong>illum</strong></span> <span class='ocrx_word' id='word_1_455' title='bbox 1762 5744 1880 5784; x_wconf 89' lang='lat' dir='ltr'><strong>esse</strong></span> <span class='ocrx_word' id='word_1_456' title='bbox 1905 5727 2198 5798; x_wconf 76' lang='lat' dir='ltr'><strong>putabant?</strong></span> 
     </span>
    </p>
   </div>
   <div class='ocr_carea' id='block_1_59' title="bbox 640 5820 2196 5895">
    <p class='ocr_par' dir='ltr' id='par_1_59' title="bbox 640 5820 2196 5895">
     <span class='ocr_line' id='line_1_59' title="bbox 640 5820 2196 5895; baseline -0.005 -13"><span class='ocrx_word' id='word_1_457' title='bbox 640 5830 708 5882; x_wconf 77' lang='lat' dir='ltr'><strong>Bs</strong></span> <span class='ocrx_word' id='word_1_458' title='bbox 745 5841 958 5895; x_wconf 72' lang='lat' dir='ltr'><strong>aspectu</strong></span> <span class='ocrx_word' id='word_1_459' title='bbox 981 5868 995 5894; x_wconf 97' lang='lat'><strong>,</strong></span> <span class='ocrx_word' id='word_1_460' title='bbox 1025 5843 1084 5882; x_wconf 74' lang='lat' dir='ltr'><strong>cx</strong></span> <span class='ocrx_word' id='word_1_461' title='bbox 1134 5842 1321 5880; x_wconf 88' lang='lat' dir='ltr'><strong>somno</strong></span> <span class='ocrx_word' id='word_1_462' title='bbox 1342 5869 1354 5892; x_wconf 87' lang='lat'><strong>,</strong></span> <span class='ocrx_word' id='word_1_463' title='bbox 1386 5824 1521 5894; x_wconf 83' lang='lat' dir='ltr'><strong>quod</strong></span> <span class='ocrx_word' id='word_1_464' title='bbox 1553 5824 1667 5877; x_wconf 72' lang='lat' dir='ltr'><strong>navi</strong></span> <span class='ocrx_word' id='word_1_465' title='bbox 1717 5833 1969 5878; x_wconf 80' lang='lat' dir='ltr'><strong>uteretur.</strong></span> <span class='ocrx_word' id='word_1_466' title='bbox 1999 5820 2196 5875; x_wconf 83' lang='lat' dir='ltr'><strong>Idcirco</strong></span> 
     </span>
    </p>
   </div>
   <div class='ocr_carea' id='block_1_60' title="bbox 2191 6085 2230 6099">
    <p class='ocr_par' dir='ltr' id='par_1_60' title="bbox 2191 6085 2230 6099">
     <span class='ocr_line' id='line_1_60' title="bbox 2191 6085 2230 6099; baseline 0 -3"><span class='ocrx_word' id='word_1_467' title='bbox 2191 6085 2230 6099; x_wconf 60' lang='grc' dir='ltr'><strong>α..</strong></span> 
     </span>
    </p>
   </div>
   <div class='ocr_carea' id='block_1_61' title="bbox 1346 419 3156 496">
    <p class='ocr_par' dir='ltr' id='par_1_61' title="bbox 1346 419 3156 496">
     <span class='ocr_line' id='line_1_61' title="bbox 1346 419 3156 496; baseline -0.012 -1"><span class='ocrx_word' id='word_1_468' title='bbox 1346 441 1400 496; x_wconf 87' lang='lat' dir='ltr'><strong>S.</strong></span> <span class='ocrx_word' id='word_1_469' title='bbox 1441 435 1716 494; x_wconf 62' lang='lat' dir='ltr'><strong>.lOlNNlS</strong></span> <span class='ocrx_word' id='word_1_470' title='bbox 1753 421 2230 488; x_wconf 68' lang='lat' dir='ltr'><strong>CllllYSOSTOMl</strong></span> <span class='ocrx_word' id='word_1_471' title='bbox 2271 422 2584 480; x_wconf 75' lang='lat' dir='ltr'><strong>ARCIIIEP.</strong></span> <span class='ocrx_word' id='word_1_472' title='bbox 2626 419 3156 479; x_wconf 66' lang='lat' dir='ltr'><strong>CONSTANTINOP.</strong></span> 
     </span>
    </p>
   </div>
   <div class='ocr_carea' id='block_1_62' title="bbox 3767 415 3872 472">
    <p class='ocr_par' dir='ltr' id='par_1_62' title="bbox 3767 415 3872 472">
     <span class='ocr_line' id='line_1_62' title="bbox 3767 415 3872 472; baseline -0.019 0"><span class='ocrx_word' id='word_1_473' title='bbox 3767 415 3872 472; x_wconf 64' lang='lat'><strong>&#39;53”:</strong></span> 
     </span>
    </p>
   </div>
   <div class='ocr_carea' id='block_1_63' title="bbox 2301 530 3874 606">
    <p class='ocr_par' dir='ltr' id='par_1_63' title="bbox 2301 530 3874 606">
     <span class='ocr_line' id='line_1_63' title="bbox 2301 530 3874 606; baseline -0.002 -19"><span class='ocrx_word' id='word_1_474' title='bbox 2301 537 2352 588; x_wconf 91' lang='lat' dir='ltr'><strong>in</strong></span> <span class='ocrx_word' id='word_1_475' title='bbox 2375 546 2651 606; x_wconf 86' lang='lat' dir='ltr'><strong>stuporem</strong></span> <span class='ocrx_word' id='word_1_476' title='bbox 2681 535 3108 606; x_wconf 70' lang='lat' dir='ltr'><strong>conﬁciebantur</strong></span> <span class='ocrx_word' id='word_1_477' title='bbox 3130 534 3368 590; x_wconf 88' lang='lat' dir='ltr'><strong>dicentes</strong></span> <span class='ocrx_word' id='word_1_478' title='bbox 3400 549 3412 585; x_wconf 94' lang='lat'>:</span> <span class='ocrx_word' id='word_1_479' title='bbox 3448 530 3626 596; x_wconf 79' lang='lat' dir='ltr'><strong>Qualis</strong></span> <span class='ocrx_word' id='word_1_480' title='bbox 3653 543 3726 585; x_wconf 69' lang='lat' dir='ltr'><strong>est</strong></span> <span class='ocrx_word' id='word_1_481' title='bbox 3749 530 3874 584; x_wconf 74' lang='lat' dir='ltr'><strong>hic?</strong></span> 
     </span>
    </p>
   </div>
   <div class='ocr_carea' id='block_1_64' title="bbox 2291 626 3872 700">
    <p class='ocr_par' dir='ltr' id='par_1_64' title="bbox 2291 626 3872 700">
     <span class='ocr_line' id='line_1_64' title="bbox 2291 626 3872 700; baseline -0.004 -16"><span class='ocrx_word' id='word_1_482' title='bbox 2291 629 2524 684; x_wconf 77' lang='lat' dir='ltr'><strong>Somnus</strong></span> <span class='ocrx_word' id='word_1_483' title='bbox 2549 631 2742 700; x_wconf 87' lang='lat' dir='ltr'><strong>quippe</strong></span> <span class='ocrx_word' id='word_1_484' title='bbox 2767 638 2823 683; x_wconf 91' lang='lat' dir='ltr'><strong>et</strong></span> <span class='ocrx_word' id='word_1_485' title='bbox 2845 629 3098 699; x_wconf 85' lang='lat' dir='ltr'><strong>quidquid</strong></span> <span class='ocrx_word' id='word_1_486' title='bbox 3143 629 3436 700; x_wconf 85' lang='lat' dir='ltr'><strong>apparebat</strong></span> <span class='ocrx_word' id='word_1_487' title='bbox 3484 627 3757 680; x_wconf 81' lang='lat' dir='ltr'><strong>hominem</strong></span> <span class='ocrx_word' id='word_1_488' title='bbox 3791 626 3872 678; x_wconf 81' lang='lat' dir='ltr'><strong>in-</strong></span> 
     </span>
    </p>
   </div>
   <div class='ocr_carea' id='block_1_65' title="bbox 2295 716 3870 789">
    <p class='ocr_par' dir='ltr' id='par_1_65' title="bbox 2295 716 3870 789">
     <span class='ocr_line' id='line_1_65' title="bbox 2295 716 3870 789; baseline -0.004 -14"><span class='ocrx_word' id='word_1_489' title='bbox 2295 721 2506 777; x_wconf 82' lang='lat' dir='ltr'><strong>dicabat</strong></span> <span class='ocrx_word' id='word_1_490' title='bbox 2532 737 2548 778; x_wconf 89' lang='lat'><strong>:</strong></span> <span class='ocrx_word' id='word_1_491' title='bbox 2578 735 2724 775; x_wconf 88' lang='lat' dir='ltr'><strong>mare</strong></span> <span class='ocrx_word' id='word_1_492' title='bbox 2765 730 2822 774; x_wconf 91' lang='lat' dir='ltr'><strong>et</strong></span> <span class='ocrx_word' id='word_1_493' title='bbox 2872 730 3019 789; x_wconf 86' lang='lat' dir='ltr'><strong>parta</strong></span> <span class='ocrx_word' id='word_1_494' title='bbox 3053 718 3409 788; x_wconf 83' lang='lat' dir='ltr'><strong>tranquillitas</strong></span> <span class='ocrx_word' id='word_1_495' title='bbox 3433 717 3600 772; x_wconf 83' lang='lat' dir='ltr'><strong>Deum</strong></span> <span class='ocrx_word' id='word_1_496' title='bbox 3629 716 3870 772; x_wconf 74' lang='lat' dir='ltr'><strong>declara-</strong></span> 
     </span>
    </p>
   </div>
   <div class='ocr_carea' id='block_1_66' title="bbox 2296 813 2403 868">
    <p class='ocr_par' dir='ltr' id='par_1_66' title="bbox 2296 813 2403 868">
     <span class='ocr_line' id='line_1_66' title="bbox 2296 813 2403 868; baseline 0.028 -3"><span class='ocrx_word' id='word_1_497' title='bbox 2296 813 2403 868; x_wconf 84' lang='lat' dir='ltr'><strong>bat.</strong></span> 
     </span>
    </p>
   </div>
   <div class='ocr_carea' id='block_1_67' title="bbox 2366 901 3872 974">
    <p class='ocr_par' dir='ltr' id='par_1_67' title="bbox 2366 901 3872 974">
     <span class='ocr_line' id='line_1_67' title="bbox 2366 901 3872 974; baseline -0.003 -15"><span class='ocrx_word' id='word_1_498' title='bbox 2366 906 2422 959; x_wconf 76' lang='grc'><strong>2.</strong></span> <span class='ocrx_word' id='word_1_499' title='bbox 2456 904 2682 959; x_wconf 85' lang='lat' dir='ltr'><strong>Christus</strong></span> <span class='ocrx_word' id='word_1_500' title='bbox 2712 914 2763 957; x_wconf 80' lang='lat' dir='ltr'><strong>ut</strong></span> <span class='ocrx_word' id='word_1_501' title='bbox 2791 903 3047 967; x_wconf 84' lang='lat' dir='ltr'><strong>dominus,</strong></span> <span class='ocrx_word' id='word_1_502' title='bbox 3095 901 3299 974; x_wconf 67' lang='lat' dir='ltr'><strong>Moyses</strong></span> <span class='ocrx_word' id='word_1_503' title='bbox 3325 913 3378 957; x_wconf 88' lang='lat' dir='ltr'><strong>ut</strong></span> <span class='ocrx_word' id='word_1_504' title='bbox 3402 919 3592 965; x_wconf 72' lang='lat' dir='ltr'><strong>servus,</strong></span> <span class='ocrx_word' id='word_1_505' title='bbox 3627 901 3872 956; x_wconf 70' lang='lat' dir='ltr'><strong>miracula</strong></span> 
     </span>
    </p>
   </div>
   <div class='ocr_carea' id='block_1_68' title="bbox 2297 996 3869 1067">
    <p class='ocr_par' dir='ltr' id='par_1_68' title="bbox 2297 996 3869 1067">
     <span class='ocr_line' id='line_1_68' title="bbox 2297 996 3869 1067; baseline -0.004 -16"><span class='ocrx_word' id='word_1_506' title='bbox 2297 1001 2583 1053; x_wconf 77' lang='lat' dir='ltr'><strong>natrabant.</strong></span> <span class='ocrx_word' id='word_1_507' title='bbox 2619 997 2958 1067; x_wconf 73' lang='lat' dir='ltr'><strong>Erangelista:</strong></span> <span class='ocrx_word' id='word_1_508' title='bbox 2986 1012 3257 1067; x_wconf 83' lang='lat' dir='ltr'><strong>numquam</strong></span> <span class='ocrx_word' id='word_1_509' title='bbox 3309 996 3402 1050; x_wconf 85' lang='lat' dir='ltr'><strong>alii</strong></span> <span class='ocrx_word' id='word_1_510' title='bbox 3445 1011 3564 1050; x_wconf 72' lang='lat' dir='ltr'><strong>curn</strong></span> <span class='ocrx_word' id='word_1_511' title='bbox 3616 996 3736 1048; x_wconf 81' lang='lat' dir='ltr'><strong>aliis</strong></span> <span class='ocrx_word' id='word_1_512' title='bbox 3780 1010 3869 1058; x_wconf 69' lang='grc' dir='ltr'><strong>ραν</strong></span> 
     </span>
    </p>
   </div>
   <div class='ocr_carea' id='block_1_69' title="bbox 2295 1084 3870 1159">
    <p class='ocr_par' dir='ltr' id='par_1_69' title="bbox 2295 1084 3870 1159">
     <span class='ocr_line' id='line_1_69' title="bbox 2295 1084 3870 1159; baseline -0.004 -17"><span class='ocrx_word' id='word_1_513' title='bbox 2295 1101 2556 1159; x_wconf 84' lang='lat' dir='ltr'><strong>gnant.—</strong></span> <span class='ocrx_word' id='word_1_514' title='bbox 2579 1088 2906 1158; x_wconf 83' lang='lat' dir='ltr'><strong>Quamquam</strong></span> <span class='ocrx_word' id='word_1_515' title='bbox 2933 1089 3074 1142; x_wconf 89' lang='lat' dir='ltr'><strong>enim</strong></span> <span class='ocrx_word' id='word_1_516' title='bbox 3101 1087 3308 1157; x_wconf 81' lang='lat' dir='ltr'><strong>Moyses</strong></span> <span class='ocrx_word' id='word_1_517' title='bbox 3322 1086 3520 1156; x_wconf 82' lang='lat' dir='ltr'><strong>aliquid</strong></span> <span class='ocrx_word' id='word_1_518' title='bbox 3539 1086 3720 1141; x_wconf 87' lang='lat' dir='ltr'><strong>simile</strong></span> <span class='ocrx_word' id='word_1_519' title='bbox 3747 1084 3870 1138; x_wconf 85' lang='lat' dir='ltr'><strong>olim</strong></span> 
     </span>
    </p>
   </div>
   <div class='ocr_carea' id='block_1_70' title="bbox 2298 1179 3870 1247">
    <p class='ocr_par' dir='ltr' id='par_1_70' title="bbox 2298 1179 3870 1247">
     <span class='ocr_line' id='line_1_70' title="bbox 2298 1179 3870 1247; baseline -0.005 -11"><span class='ocrx_word' id='word_1_520' title='bbox 2298 1182 2520 1247; x_wconf 86' lang='lat' dir='ltr'><strong>fecerat,</strong></span> <span class='ocrx_word' id='word_1_521' title='bbox 2580 1183 2660 1235; x_wconf 89' lang='lat' dir='ltr'><strong>vel</strong></span> <span class='ocrx_word' id='word_1_522' title='bbox 2712 1183 2835 1236; x_wconf 90' lang='lat' dir='ltr'><strong>hinc</strong></span> <span class='ocrx_word' id='word_1_523' title='bbox 2878 1179 3074 1236; x_wconf 82' lang='lat' dir='ltr'><strong>Christi</strong></span> <span class='ocrx_word' id='word_1_524' title='bbox 3128 1181 3416 1235; x_wconf 87' lang='lat' dir='ltr'><strong>eminentia</strong></span> <span class='ocrx_word' id='word_1_525' title='bbox 3466 1179 3870 1241; x_wconf 83' lang='lat' dir='ltr'><strong>declarabatur,</strong></span> 
     </span>
    </p>
   </div>
   <div class='ocr_carea' id='block_1_71' title="bbox 2298 1273 3871 1344">
    <p class='ocr_par' dir='ltr' id='par_1_71' title="bbox 2298 1273 3871 1344">
     <span class='ocr_line' id='line_1_71' title="bbox 2298 1273 3871 1344; baseline -0.004 -16"><span class='ocrx_word' id='word_1_526' title='bbox 2298 1277 2438 1344; x_wconf 87' lang='lat' dir='ltr'><strong>quod</strong></span> <span class='ocrx_word' id='word_1_527' title='bbox 2478 1275 2567 1328; x_wconf 89' lang='lat' dir='ltr'><strong>ille</strong></span> <span class='ocrx_word' id='word_1_528' title='bbox 2597 1286 2654 1327; x_wconf 90' lang='lat' dir='ltr'><strong>nt</strong></span> <span class='ocrx_word' id='word_1_529' title='bbox 2683 1288 2892 1338; x_wconf 84' lang='lat' dir='ltr'><strong>servus,</strong></span> <span class='ocrx_word' id='word_1_530' title='bbox 2924 1273 3008 1327; x_wconf 91' lang='lat' dir='ltr'><strong>hic</strong></span> <span class='ocrx_word' id='word_1_531' title='bbox 3038 1284 3095 1328; x_wconf 90' lang='lat' dir='ltr'><strong>ut</strong></span> <span class='ocrx_word' id='word_1_532' title='bbox 3122 1273 3370 1328; x_wconf 87' lang='lat' dir='ltr'><strong>dominus</strong></span> <span class='ocrx_word' id='word_1_533' title='bbox 3400 1273 3659 1326; x_wconf 75' lang='lat' dir='ltr'><strong>miraciila</strong></span> <span class='ocrx_word' id='word_1_534' title='bbox 3693 1280 3871 1337; x_wconf 86' lang='lat' dir='ltr'><strong>patra-</strong></span> 
     </span>
    </p>
   </div>
   <div class='ocr_carea' id='block_1_72' title="bbox 2299 1362 3873 1435">
    <p class='ocr_par' dir='ltr' id='par_1_72' title="bbox 2299 1362 3873 1435">
     <span class='ocr_line' id='line_1_72' title="bbox 2299 1362 3873 1435; baseline -0.003 -17"><span class='ocrx_word' id='word_1_535' title='bbox 2299 1375 2400 1419; x_wconf 84' lang='lat' dir='ltr'><strong>ret.</strong></span> <span class='ocrx_word' id='word_1_536' title='bbox 2431 1366 2545 1419; x_wconf 88' lang='lat' dir='ltr'><strong>Non</strong></span> <span class='ocrx_word' id='word_1_537' title='bbox 2585 1368 2727 1420; x_wconf 89' lang='lat' dir='ltr'><strong>enim</strong></span> <span class='ocrx_word' id='word_1_538' title='bbox 2760 1366 2960 1435; x_wconf 88' lang='lat' dir='ltr'><strong>virgam</strong></span> <span class='ocrx_word' id='word_1_539' title='bbox 2995 1363 3234 1420; x_wconf 81' lang='lat' dir='ltr'><strong>extendit</strong></span> <span class='ocrx_word' id='word_1_540' title='bbox 3264 1373 3318 1418; x_wconf 87' lang='lat' dir='ltr'><strong>ut</strong></span> <span class='ocrx_word' id='word_1_541' title='bbox 3344 1362 3451 1425; x_wconf 90' lang='lat' dir='ltr'><strong>ille,</strong></span> <span class='ocrx_word' id='word_1_542' title='bbox 3481 1376 3659 1429; x_wconf 88' lang='lat' dir='ltr'><strong>neque</strong></span> <span class='ocrx_word' id='word_1_543' title='bbox 3683 1376 3873 1414; x_wconf 84' lang='lat' dir='ltr'><strong>manus</strong></span> 
     </span>
    </p>
   </div>
   <div class='ocr_carea' id='block_1_73' title="bbox 2300 1453 3873 1527">
    <p class='ocr_par' dir='ltr' id='par_1_73' title="bbox 2300 1453 3873 1527">
     <span class='ocr_line' id='line_1_73' title="bbox 2300 1453 3873 1527; baseline -0.004 -14"><span class='ocrx_word' id='word_1_544' title='bbox 2300 1456 2556 1527; x_wconf 76' lang='lat' dir='ltr'><strong>expandit</strong></span> <span class='ocrx_word' id='word_1_545' title='bbox 2583 1473 2768 1512; x_wconf 82' lang='lat' dir='ltr'><strong>versus</strong></span> <span class='ocrx_word' id='word_1_546' title='bbox 2790 1457 2978 1512; x_wconf 67' lang='lat' dir='ltr'><strong>emtum</strong></span> <span class='ocrx_word' id='word_1_547' title='bbox 3004 1499 3019 1524; x_wconf 94' lang='lat'><strong>,</strong></span> <span class='ocrx_word' id='word_1_548' title='bbox 3049 1471 3222 1526; x_wconf 90' lang='lat' dir='ltr'><strong>neque</strong></span> <span class='ocrx_word' id='word_1_549' title='bbox 3273 1454 3577 1525; x_wconf 86' lang='lat' dir='ltr'><strong>precatione</strong></span> <span class='ocrx_word' id='word_1_550' title='bbox 3603 1468 3744 1521; x_wconf 91' lang='lat' dir='ltr'><strong>opus</strong></span> <span class='ocrx_word' id='word_1_551' title='bbox 3785 1453 3873 1506; x_wconf 86' lang='lat' dir='ltr'><strong>ha-</strong></span> 
     </span>
    </p>
   </div>
   <div class='ocr_carea' id='block_1_74' title="bbox 2299 1545 3875 1615">
    <p class='ocr_par' dir='ltr' id='par_1_74' title="bbox 2299 1545 3875 1615">
     <span class='ocr_line' id='line_1_74' title="bbox 2299 1545 3875 1615; baseline -0.003 -14"><span class='ocrx_word' id='word_1_552' title='bbox 2299 1549 2443 1602; x_wconf 86' lang='lat' dir='ltr'><strong>buit:</strong></span> <span class='ocrx_word' id='word_1_553' title='bbox 2475 1550 2569 1602; x_wconf 90' lang='lat' dir='ltr'><strong>sed</strong></span> <span class='ocrx_word' id='word_1_554' title='bbox 2613 1558 2672 1601; x_wconf 93' lang='lat' dir='ltr'><strong>ut</strong></span> <span class='ocrx_word' id='word_1_555' title='bbox 2705 1563 2797 1615; x_wconf 89' lang='lat' dir='ltr'><strong>par</strong></span> <span class='ocrx_word' id='word_1_556' title='bbox 2825 1556 2907 1601; x_wconf 91' lang='lat' dir='ltr'><strong>cst</strong></span> <span class='ocrx_word' id='word_1_557' title='bbox 2927 1547 3202 1602; x_wconf 88' lang='lat' dir='ltr'><strong>dominum</strong></span> <span class='ocrx_word' id='word_1_558' title='bbox 3231 1545 3456 1608; x_wconf 70' lang='lat' dir='ltr'><strong>ancillae,</strong></span> <span class='ocrx_word' id='word_1_559' title='bbox 3490 1555 3546 1598; x_wconf 89' lang='lat' dir='ltr'><strong>et</strong></span> <span class='ocrx_word' id='word_1_560' title='bbox 3573 1556 3875 1597; x_wconf 86' lang='lat' dir='ltr'><strong>creatorem</strong></span> 
     </span>
    </p>
   </div>
   <div class='ocr_carea' id='block_1_75' title="bbox 2310 1636 3876 1708">
    <p class='ocr_par' dir='ltr' id='par_1_75' title="bbox 2310 1636 3876 1708">
     <span class='ocr_line' id='line_1_75' title="bbox 2310 1636 3876 1708; baseline -0.004 -15"><span class='ocrx_word' id='word_1_561' title='bbox 2310 1639 2527 1707; x_wconf 88' lang='lat' dir='ltr'><strong>epilicio</strong></span> <span class='ocrx_word' id='word_1_562' title='bbox 2551 1641 2859 1708; x_wconf 71' lang='lat' dir='ltr'><strong>przccipere,</strong></span> <span class='ocrx_word' id='word_1_563' title='bbox 2889 1639 2972 1694; x_wconf 82' lang='lat' dir='ltr'><strong>sic</strong></span> <span class='ocrx_word' id='word_1_564' title='bbox 2995 1638 3138 1693; x_wconf 86' lang='lat' dir='ltr'><strong>illam</strong></span> <span class='ocrx_word' id='word_1_565' title='bbox 3161 1639 3370 1693; x_wconf 84' lang='lat' dir='ltr'><strong>sedavit</strong></span> <span class='ocrx_word' id='word_1_566' title='bbox 3387 1647 3442 1692; x_wconf 85' lang='lat' dir='ltr'><strong>et</strong></span> <span class='ocrx_word' id='word_1_567' title='bbox 3459 1636 3685 1690; x_wconf 80' lang='lat' dir='ltr'><strong>frenavit</strong></span> <span class='ocrx_word' id='word_1_568' title='bbox 3715 1636 3876 1689; x_wconf 84' lang='lat' dir='ltr'><strong>verbo</strong></span> 
     </span>
    </p>
   </div>
   <div class='ocr_carea' id='block_1_76' title="bbox 2301 1727 3873 1800">
    <p class='ocr_par' dir='ltr' id='par_1_76' title="bbox 2301 1727 3873 1800">
     <span class='ocr_line' id='line_1_76' title="bbox 2301 1727 3873 1800; baseline -0.004 -16"><span class='ocrx_word' id='word_1_569' title='bbox 2301 1742 2353 1784; x_wconf 90' lang='lat' dir='ltr'><strong>et</strong></span> <span class='ocrx_word' id='word_1_570' title='bbox 2381 1740 2647 1800; x_wconf 76' lang='lat' dir='ltr'><strong>praecepto</strong></span> <span class='ocrx_word' id='word_1_571' title='bbox 2670 1740 2873 1784; x_wconf 85' lang='lat' dir='ltr'><strong>tantum</strong></span> <span class='ocrx_word' id='word_1_572' title='bbox 2906 1742 3102 1798; x_wconf 86' lang='lat' dir='ltr'><strong>:atque</strong></span> <span class='ocrx_word' id='word_1_573' title='bbox 3129 1732 3304 1781; x_wconf 80' lang='lat' dir='ltr'><strong>omnis</strong></span> <span class='ocrx_word' id='word_1_574' title='bbox 3332 1727 3506 1780; x_wconf 86' lang='lat' dir='ltr'><strong>subito</strong></span> <span class='ocrx_word' id='word_1_575' title='bbox 3537 1727 3715 1784; x_wconf 82' lang='lat' dir='ltr'><strong>soluta</strong></span> <span class='ocrx_word' id='word_1_576' title='bbox 3749 1734 3873 1778; x_wconf 85' lang='lat' dir='ltr'><strong>tem-</strong></span> 
     </span>
    </p>
   </div>
   <div class='ocr_carea' id='block_1_77' title="bbox 2304 1816 3874 1892">
    <p class='ocr_par' dir='ltr' id='par_1_77' title="bbox 2304 1816 3874 1892">
     <span class='ocr_line' id='line_1_77' title="bbox 2304 1816 3874 1892; baseline -0.006 -15"><span class='ocrx_word' id='word_1_577' title='bbox 2304 1833 2480 1892; x_wconf 80' lang='lat' dir='ltr'><strong>pestas</strong></span> <span class='ocrx_word' id='word_1_578' title='bbox 2505 1833 2608 1887; x_wconf 89' lang='lat' dir='ltr'><strong>cst,</strong></span> <span class='ocrx_word' id='word_1_579' title='bbox 2640 1837 2738 1876; x_wconf 86' lang='lat' dir='ltr'><strong>nec</strong></span> <span class='ocrx_word' id='word_1_580' title='bbox 2761 1821 3036 1890; x_wconf 86' lang='lat' dir='ltr'><strong>vestigium</strong></span> <span class='ocrx_word' id='word_1_581' title='bbox 3056 1819 3303 1890; x_wconf 58' lang='lat' dir='ltr'><strong>procella!</strong></span> <span class='ocrx_word' id='word_1_582' title='bbox 3328 1819 3544 1873; x_wconf 81' lang='lat' dir='ltr'><strong>mansit.</strong></span> <span class='ocrx_word' id='word_1_583' title='bbox 3568 1817 3706 1871; x_wconf 86' lang='lat' dir='ltr'><strong>illud</strong></span> <span class='ocrx_word' id='word_1_584' title='bbox 3738 1816 3874 1870; x_wconf 86' lang='lat' dir='ltr'><strong>enim</strong></span> 
     </span>
    </p>
   </div>
   <div class='ocr_carea' id='block_1_78' title="bbox 2300 1905 3876 1981">
    <p class='ocr_par' dir='ltr' id='par_1_78' title="bbox 2300 1905 3876 1981">
     <span class='ocr_line' id='line_1_78' title="bbox 2300 1905 3876 1981; baseline -0.006 -14"><span class='ocrx_word' id='word_1_585' title='bbox 2300 1912 2591 1968; x_wconf 83' lang='lat' dir='ltr'><strong>declaravit</strong></span> <span class='ocrx_word' id='word_1_586' title='bbox 2617 1911 2942 1981; x_wconf 83' lang='lat' dir='ltr'><strong>evangelista</strong></span> <span class='ocrx_word' id='word_1_587' title='bbox 2983 1911 3205 1966; x_wconf 83' lang='lat' dir='ltr'><strong>dicens:</strong></span> <span class='ocrx_word' id='word_1_588' title='bbox 3237 1908 3303 1963; x_wconf 86' lang='lat' dir='ltr'><strong>Et</strong></span> <span class='ocrx_word' id='word_1_589' title='bbox 3334 1912 3561 1978; x_wconf 69' lang='grc' dir='ltr'><strong>[πω-εει</strong></span> <span class='ocrx_word' id='word_1_590' title='bbox 3586 1905 3876 1976; x_wconf 74' lang='lat' dir='ltr'><strong>tranquilli-</strong></span> 
     </span>
    </p>
   </div>
   <div class='ocr_carea' id='block_1_79' title="bbox 2302 1998 3876 2071">
    <p class='ocr_par' dir='ltr' id='par_1_79' title="bbox 2302 1998 3876 2071">
     <span class='ocr_line' id='line_1_79' title="bbox 2302 1998 3876 2071; baseline -0.003 -17"><span class='ocrx_word' id='word_1_591' title='bbox 2302 2012 2377 2056; x_wconf 83' lang='lat' dir='ltr'><strong>tas</strong></span> <span class='ocrx_word' id='word_1_592' title='bbox 2403 2018 2607 2071; x_wconf 86' lang='lat' dir='ltr'><strong>magna.</strong></span> <span class='ocrx_word' id='word_1_593' title='bbox 2641 2000 2794 2069; x_wconf 85' lang='lat' dir='ltr'><strong>Quod</strong></span> <span class='ocrx_word' id='word_1_594' title='bbox 2833 2001 2900 2055; x_wconf 90' lang='lat' dir='ltr'><strong>de</strong></span> <span class='ocrx_word' id='word_1_595' title='bbox 2931 2000 3091 2055; x_wconf 85' lang='lat' dir='ltr'><strong>Patre</strong></span> <span class='ocrx_word' id='word_1_596' title='bbox 3119 2002 3271 2070; x_wconf 88' lang='lat' dir='ltr'><strong>quasi</strong></span> <span class='ocrx_word' id='word_1_597' title='bbox 3304 2015 3392 2054; x_wconf 89' lang='lat' dir='ltr'><strong>res</strong></span> <span class='ocrx_word' id='word_1_598' title='bbox 3420 1999 3640 2068; x_wconf 83' lang='lat' dir='ltr'><strong>grandis</strong></span> <span class='ocrx_word' id='word_1_599' title='bbox 3676 1998 3876 2051; x_wconf 85' lang='lat' dir='ltr'><strong>dictum</strong></span> 
     </span>
    </p>
   </div>
   <div class='ocr_carea' id='block_1_80' title="bbox 2303 2089 3876 2162">
    <p class='ocr_par' dir='ltr' id='par_1_80' title="bbox 2303 2089 3876 2162">
     <span class='ocr_line' id='line_1_80' title="bbox 2303 2089 3876 2162; baseline -0.004 -13"><span class='ocrx_word' id='word_1_600' title='bbox 2303 2097 2474 2149; x_wconf 77' lang='lat' dir='ltr'><strong>fuerat</strong></span> <span class='ocrx_word' id='word_1_601' title='bbox 2495 2137 2508 2156; x_wconf 87' lang='lat'><strong>,</strong></span> <span class='ocrx_word' id='word_1_602' title='bbox 2539 2094 2732 2162; x_wconf 83' lang='lat' dir='ltr'><strong>idipse</strong></span> <span class='ocrx_word' id='word_1_603' title='bbox 2776 2094 3028 2161; x_wconf 85' lang='lat' dir='ltr'><strong>Operibus</strong></span> <span class='ocrx_word' id='word_1_604' title='bbox 3054 2092 3315 2148; x_wconf 83' lang='lat' dir='ltr'><strong>exhibuit.</strong></span> <span class='ocrx_word' id='word_1_605' title='bbox 3344 2089 3478 2156; x_wconf 89' lang='lat' dir='ltr'><strong>Quid</strong></span> <span class='ocrx_word' id='word_1_606' title='bbox 3505 2091 3573 2144; x_wconf 89' lang='lat' dir='ltr'><strong>de</strong></span> <span class='ocrx_word' id='word_1_607' title='bbox 3595 2089 3760 2143; x_wconf 80' lang='lat' dir='ltr'><strong>Patre</strong></span> <span class='ocrx_word' id='word_1_608' title='bbox 3798 2091 3876 2142; x_wconf 86' lang='lat' dir='ltr'><strong>ui-</strong></span> 
     </span>
    </p>
   </div>
   <div class='ocr_carea' id='block_1_81' title="bbox 2303 2180 3875 2253">
    <p class='ocr_par' dir='ltr' id='par_1_81' title="bbox 2303 2180 3875 2253">
     <span class='ocr_line' id='line_1_81' title="bbox 2303 2180 3875 2253; baseline -0.004 -15"><span class='ocrx_word' id='word_1_609' title='bbox 2303 2194 2443 2238; x_wconf 89' lang='lat' dir='ltr'><strong>ctum</strong></span> <span class='ocrx_word' id='word_1_610' title='bbox 2477 2183 2654 2239; x_wconf 73' lang='lat' dir='ltr'><strong>fuerat</strong></span> <span class='ocrx_word' id='word_1_611' title='bbox 2674 2186 2694 2232; x_wconf 61' lang='grc' dir='ltr'><strong>’ξ</strong></span> <span class='ocrx_word' id='word_1_612' title='bbox 2723 2183 2869 2238; x_wconf 77' lang='lat' dir='ltr'><strong>Dixit</strong></span> <span class='ocrx_word' id='word_1_613' title='bbox 2897 2195 2942 2236; x_wconf 83' lang='lat' dir='ltr'><strong>et</strong></span> <span class='ocrx_word' id='word_1_614' title='bbox 2971 2184 3104 2237; x_wconf 84' lang='lat' dir='ltr'><strong>stetit</strong></span> <span class='ocrx_word' id='word_1_615' title='bbox 3151 2183 3358 2253; x_wconf 80' lang='lat' dir='ltr'><strong>spiritus</strong></span> <span class='ocrx_word' id='word_1_616' title='bbox 3385 2180 3643 2248; x_wconf 70' lang='lat' dir='ltr'><strong>procellae.</strong></span> <span class='ocrx_word' id='word_1_617' title='bbox 3694 2181 3788 2235; x_wconf 78' lang='lat' dir='ltr'><strong>Sic</strong></span> <span class='ocrx_word' id='word_1_618' title='bbox 3831 2189 3875 2232; x_wconf 89' lang='lat' dir='ltr'><strong>ct</strong></span> 
     </span>
    </p>
   </div>
   <div class='ocr_carea' id='block_1_82' title="bbox 2306 2271 3875 2343">
    <p class='ocr_par' dir='ltr' id='par_1_82' title="bbox 2306 2271 3875 2343">
     <span class='ocr_line' id='line_1_82' title="bbox 2306 2271 3875 2343; baseline -0.004 -15"><span class='ocrx_word' id='word_1_619' title='bbox 2306 2277 2403 2328; x_wconf 87' lang='lat' dir='ltr'><strong>hoc</strong></span> <span class='ocrx_word' id='word_1_620' title='bbox 2456 2276 2573 2330; x_wconf 89' lang='lat' dir='ltr'><strong>loco</strong></span> <span class='ocrx_word' id='word_1_621' title='bbox 2641 2275 2805 2340; x_wconf 82' lang='lat' dir='ltr'><strong>dixit,</strong></span> <span class='ocrx_word' id='word_1_622' title='bbox 2869 2272 2936 2326; x_wconf 87' lang='lat' dir='ltr'><strong>Et</strong></span> <span class='ocrx_word' id='word_1_623' title='bbox 2981 2278 3116 2343; x_wconf 78' lang='lat' dir='ltr'><strong>facta</strong></span> <span class='ocrx_word' id='word_1_624' title='bbox 3155 2281 3226 2326; x_wconf 86' lang='lat' dir='ltr'><strong>est</strong></span> <span class='ocrx_word' id='word_1_625' title='bbox 3279 2271 3619 2340; x_wconf 80' lang='lat' dir='ltr'><strong>tranquillitas</strong></span> <span class='ocrx_word' id='word_1_626' title='bbox 3673 2287 3875 2340; x_wconf 78' lang='lat' dir='ltr'><strong>magna.</strong></span> 
     </span>
    </p>
   </div>
   <div class='ocr_carea' id='block_1_83' title="bbox 2308 2361 3877 2436">
    <p class='ocr_par' dir='ltr' id='par_1_83' title="bbox 2308 2361 3877 2436">
     <span class='ocr_line' id='line_1_83' title="bbox 2308 2361 3877 2436; baseline -0.003 -17"><span class='ocrx_word' id='word_1_627' title='bbox 2308 2365 2767 2436; x_wconf 72' lang='lat' dir='ltr'><strong>(Psal.106.9.5).</strong></span> <span class='ocrx_word' id='word_1_628' title='bbox 2811 2365 3097 2434; x_wconf 85' lang='lat' dir='ltr'><strong>Propterea</strong></span> <span class='ocrx_word' id='word_1_629' title='bbox 3140 2363 3307 2418; x_wconf 76' lang='lat' dir='ltr'><strong>turbre</strong></span> <span class='ocrx_word' id='word_1_630' title='bbox 3348 2362 3495 2415; x_wconf 85' lang='lat' dir='ltr'><strong>illum</strong></span> <span class='ocrx_word' id='word_1_631' title='bbox 3536 2376 3747 2414; x_wconf 87' lang='lat' dir='ltr'><strong>summe</strong></span> <span class='ocrx_word' id='word_1_632' title='bbox 3780 2361 3877 2414; x_wconf 83' lang='lat' dir='ltr'><strong>mi-</strong></span> 
     </span>
    </p>
   </div>
   <div class='ocr_carea' id='block_1_84' title="bbox 2303 2453 3877 2527">
    <p class='ocr_par' dir='ltr' id='par_1_84' title="bbox 2303 2453 3877 2527">
     <span class='ocr_line' id='line_1_84' title="bbox 2303 2453 3877 2527; baseline -0.004 -15"><span class='ocrx_word' id='word_1_633' title='bbox 2303 2461 2557 2512; x_wconf 85' lang='lat' dir='ltr'><strong>rabautur</strong></span> <span class='ocrx_word' id='word_1_634' title='bbox 2584 2477 2598 2513; x_wconf 87' lang='lat'><strong>:</strong></span> <span class='ocrx_word' id='word_1_635' title='bbox 2630 2474 2748 2527; x_wconf 69' lang='lat' dir='ltr'><strong>qua:</strong></span> <span class='ocrx_word' id='word_1_636' title='bbox 2784 2472 2890 2511; x_wconf 92' lang='lat' dir='ltr'><strong>non</strong></span> <span class='ocrx_word' id='word_1_637' title='bbox 2917 2458 2991 2511; x_wconf 88' lang='lat' dir='ltr'><strong>ita</strong></span> <span class='ocrx_word' id='word_1_638' title='bbox 3015 2456 3219 2510; x_wconf 70' lang='lat' dir='ltr'><strong>miratae</strong></span> <span class='ocrx_word' id='word_1_639' title='bbox 3245 2454 3492 2518; x_wconf 84' lang='lat' dir='ltr'><strong>fuissent,</strong></span> <span class='ocrx_word' id='word_1_640' title='bbox 3513 2455 3556 2507; x_wconf 93' lang='lat' dir='ltr'><strong>si</strong></span> <span class='ocrx_word' id='word_1_641' title='bbox 3588 2453 3801 2506; x_wconf 78' lang='lat' dir='ltr'><strong>fecisset</strong></span> <span class='ocrx_word' id='word_1_642' title='bbox 3829 2461 3877 2506; x_wconf 89' lang='lat' dir='ltr'><strong>nl</strong></span> 
     </span>
    </p>
   </div>
   <div class='ocr_carea' id='block_1_85' title="bbox 2303 2543 3877 2620">
    <p class='ocr_par' dir='ltr' id='par_1_85' title="bbox 2303 2543 3877 2620">
     <span class='ocr_line' id='line_1_85' title="bbox 2303 2543 3877 2620; baseline -0.004 -16"><span class='ocrx_word' id='word_1_643' title='bbox 2303 2551 2532 2613; x_wconf 76' lang='lat' dir='ltr'><strong>Moyses.</strong></span> <span class='ocrx_word' id='word_1_644' title='bbox 2567 2551 2851 2620; x_wconf 80' lang='lat' dir='ltr'><strong>Postquam</strong></span> <span class='ocrx_word' id='word_1_645' title='bbox 2872 2564 2901 2602; x_wconf 89' lang='lat' dir='ltr'><strong>a</strong></span> <span class='ocrx_word' id='word_1_646' title='bbox 2935 2549 3070 2606; x_wconf 86' lang='lat' dir='ltr'><strong>mari</strong></span> <span class='ocrx_word' id='word_1_647' title='bbox 3092 2547 3460 2611; x_wconf 80' lang='lat' dir='ltr'><strong>discessisset,</strong></span> <span class='ocrx_word' id='word_1_648' title='bbox 3484 2543 3631 2604; x_wconf 84' lang='lat' dir='ltr'><strong>aliud</strong></span> <span class='ocrx_word' id='word_1_649' title='bbox 3671 2545 3877 2599; x_wconf 85' lang='lat' dir='ltr'><strong>terribi-</strong></span> 
     </span>
    </p>
   </div>
   <div class='ocr_carea' id='block_1_86' title="bbox 2305 2628 3882 2701">
    <p class='ocr_par' dir='ltr' id='par_1_86' title="bbox 2305 2628 3882 2701">
     <span class='ocr_line' id='line_1_86' title="bbox 2305 2628 3882 2701; baseline -0.011 -11"><span class='ocrx_word' id='word_1_650' title='bbox 2305 2637 2740 2691; x_wconf 84' lang='lat' dir='ltr'><strong>liusmiraculum</strong></span> <span class='ocrx_word' id='word_1_651' title='bbox 2758 2630 3116 2701; x_wconf 83' lang='lat' dir='ltr'><strong>subsequitur.</strong></span> <span class='ocrx_word' id='word_1_652' title='bbox 3152 2630 3467 2683; x_wconf 70' lang='grc' dir='ltr'><strong>υωιιιυιιίεωι</strong></span> <span class='ocrx_word' id='word_1_653' title='bbox 3492 2628 3658 2686; x_wconf 87' lang='lat' dir='ltr'><strong>enim,</strong></span> <span class='ocrx_word' id='word_1_654' title='bbox 3689 2637 3882 2692; x_wconf 77' lang='lat' dir='ltr'><strong>quem-</strong></span> 
     </span>
    </p>
   </div>
   <div class='ocr_carea' id='block_1_87' title="bbox 2300 2715 3883 2796">
    <p class='ocr_par' dir='ltr' id='par_1_87' title="bbox 2300 2715 3883 2796">
     <span class='ocr_line' id='line_1_87' title="bbox 2300 2715 3883 2796; baseline -0.005 -14"><span class='ocrx_word' id='word_1_655' title='bbox 2300 2729 2587 2785; x_wconf 83' lang='lat' dir='ltr'><strong>admodum</strong></span> <span class='ocrx_word' id='word_1_656' title='bbox 2635 2725 2837 2796; x_wconf 81' lang='lat' dir='ltr'><strong>fugitivi</strong></span> <span class='ocrx_word' id='word_1_657' title='bbox 2887 2722 3116 2795; x_wconf 85' lang='lat' dir='ltr'><strong>improbi</strong></span> <span class='ocrx_word' id='word_1_658' title='bbox 3165 2721 3407 2776; x_wconf 86' lang='lat' dir='ltr'><strong>videntes</strong></span> <span class='ocrx_word' id='word_1_659' title='bbox 3448 2719 3756 2785; x_wconf 84' lang='lat' dir='ltr'><strong>dominum,</strong></span> <span class='ocrx_word' id='word_1_660' title='bbox 3796 2715 3883 2774; x_wconf 83' lang='lat' dir='ltr'><strong>di-</strong></span> 
     </span>
    </p>
   </div>
   <div class='ocr_carea' id='block_1_88' title="bbox 2299 2806 3882 2884">
    <p class='ocr_par' dir='ltr' id='par_1_88' title="bbox 2299 2806 3882 2884">
     <span class='ocr_line' id='line_1_88' title="bbox 2299 2806 3882 2884; baseline -0.008 -10"><span class='ocrx_word' id='word_1_661' title='bbox 2299 2820 2523 2884; x_wconf 72' lang='lat' dir='ltr'><strong>cebant:</strong></span> <span class='ocrx_word' id='word_1_662' title='bbox 2553 2817 2642 2872; x_wconf 71' lang='lat'><strong>29.</strong></span> <span class='ocrx_word' id='word_1_663' title='bbox 2675 2816 2809 2882; x_wconf 81' lang='lat' dir='ltr'><strong>Quid</strong></span> <span class='ocrx_word' id='word_1_664' title='bbox 2846 2816 2987 2868; x_wconf 83' lang='lat' dir='ltr'><strong>nobis</strong></span> <span class='ocrx_word' id='word_1_665' title='bbox 3030 2823 3078 2867; x_wconf 83' lang='lat' dir='ltr'><strong>et</strong></span> <span class='ocrx_word' id='word_1_666' title='bbox 3105 2813 3213 2879; x_wconf 80' lang='lat' dir='ltr'><strong>tibi,</strong></span> <span class='ocrx_word' id='word_1_667' title='bbox 3243 2812 3370 2865; x_wconf 82' lang='lat' dir='ltr'><strong>Jesu</strong></span> <span class='ocrx_word' id='word_1_668' title='bbox 3401 2809 3524 2866; x_wconf 76' lang='lat' dir='ltr'><strong>Filii</strong></span> <span class='ocrx_word' id='word_1_669' title='bbox 3552 2809 3690 2865; x_wconf 70' lang='lat' dir='ltr'><strong>Dei?</strong></span> <span class='ocrx_word' id='word_1_670' title='bbox 3724 2806 3882 2862; x_wconf 75' lang='lat' dir='ltr'><strong>Veni-</strong></span> 
     </span>
    </p>
   </div>
   <div class='ocr_carea' id='block_1_89' title="bbox 2297 2898 3880 2976">
    <p class='ocr_par' dir='ltr' id='par_1_89' title="bbox 2297 2898 3880 2976">
     <span class='ocr_line' id='line_1_89' title="bbox 2297 2898 3880 2976; baseline -0.007 -12"><span class='ocrx_word' id='word_1_671' title='bbox 2297 2913 2364 2964; x_wconf 85' lang='lat' dir='ltr'><strong>sti</strong></span> <span class='ocrx_word' id='word_1_672' title='bbox 2392 2911 2488 2962; x_wconf 86' lang='lat' dir='ltr'><strong>huc</strong></span> <span class='ocrx_word' id='word_1_673' title='bbox 2531 2917 2646 2960; x_wconf 84' lang='lat' dir='ltr'><strong>ante</strong></span> <span class='ocrx_word' id='word_1_674' title='bbox 2687 2918 2882 2976; x_wconf 80' lang='lat' dir='ltr'><strong>tempus</strong></span> <span class='ocrx_word' id='word_1_675' title='bbox 2928 2916 3158 2973; x_wconf 80' lang='lat' dir='ltr'><strong>torquere</strong></span> <span class='ocrx_word' id='word_1_676' title='bbox 3200 2918 3314 2958; x_wconf 83' lang='lat' dir='ltr'><strong>nos.</strong></span> <span class='ocrx_word' id='word_1_677' title='bbox 3362 2903 3488 2969; x_wconf 78' lang='lat' dir='ltr'><strong>Quia</strong></span> <span class='ocrx_word' id='word_1_678' title='bbox 3519 2901 3662 2954; x_wconf 86' lang='lat' dir='ltr'><strong>enim</strong></span> <span class='ocrx_word' id='word_1_679' title='bbox 3709 2898 3880 2954; x_wconf 64' lang='lat' dir='ltr'><strong>turba</strong></span> 
     </span>
    </p>
   </div>
   <div class='ocr_carea' id='block_1_90' title="bbox 2303 2992 3878 3070">
    <p class='ocr_par' dir='ltr' id='par_1_90' title="bbox 2303 2992 3878 3070">
     <span class='ocr_line' id='line_1_90' title="bbox 2303 2992 3878 3070; baseline -0.004 -16"><span class='ocrx_word' id='word_1_680' title='bbox 2303 3002 2475 3070; x_wconf 87' lang='lat' dir='ltr'><strong>ipsum</strong></span> <span class='ocrx_word' id='word_1_681' title='bbox 2521 2999 2788 3053; x_wconf 85' lang='lat' dir='ltr'><strong>hominem</strong></span> <span class='ocrx_word' id='word_1_682' title='bbox 2835 3012 2955 3052; x_wconf 88' lang='lat' dir='ltr'><strong>esse</strong></span> <span class='ocrx_word' id='word_1_683' title='bbox 2998 2995 3409 3060; x_wconf 80' lang='lat' dir='ltr'><strong>conﬁtebantur,</strong></span> <span class='ocrx_word' id='word_1_684' title='bbox 3455 3001 3720 3053; x_wconf 86' lang='lat' dir='ltr'><strong>venerunt</strong></span> <span class='ocrx_word' id='word_1_685' title='bbox 3763 2992 3878 3050; x_wconf 65' lang='lat' dir='ltr'><strong>da-</strong></span> 
     </span>
    </p>
   </div>
   <div class='ocr_carea' id='block_1_91' title="bbox 2301 3085 3882 3160">
    <p class='ocr_par' dir='ltr' id='par_1_91' title="bbox 2301 3085 3882 3160">
     <span class='ocr_line' id='line_1_91' title="bbox 2301 3085 3882 3160; baseline -0.006 -10"><span class='ocrx_word' id='word_1_686' title='bbox 2301 3108 2488 3159; x_wconf 84' lang='lat' dir='ltr'><strong>mones</strong></span> <span class='ocrx_word' id='word_1_687' title='bbox 2534 3093 2862 3148; x_wconf 82' lang='lat' dir='ltr'><strong>divinitatem</strong></span> <span class='ocrx_word' id='word_1_688' title='bbox 2892 3091 3008 3160; x_wconf 89' lang='lat' dir='ltr'><strong>ejus</strong></span> <span class='ocrx_word' id='word_1_689' title='bbox 3048 3090 3398 3160; x_wconf 73' lang='lat' dir='ltr'><strong>prazdicantes</strong></span> <span class='ocrx_word' id='word_1_690' title='bbox 3423 3104 3436 3141; x_wconf 92' lang='lat'><strong>:</strong></span> <span class='ocrx_word' id='word_1_691' title='bbox 3464 3096 3520 3143; x_wconf 89' lang='lat' dir='ltr'><strong>et</strong></span> <span class='ocrx_word' id='word_1_692' title='bbox 3560 3087 3649 3157; x_wconf 90' lang='lat' dir='ltr'><strong>qui</strong></span> <span class='ocrx_word' id='word_1_693' title='bbox 3677 3085 3882 3157; x_wconf 77' lang='lat' dir='ltr'><strong>agitato</strong></span> 
     </span>
    </p>
   </div>
   <div class='ocr_carea' id='block_1_92' title="bbox 2303 3178 3881 3262">
    <p class='ocr_par' dir='ltr' id='par_1_92' title="bbox 2303 3178 3881 3262">
     <span class='ocr_line' id='line_1_92' title="bbox 2303 3178 3881 3262; baseline -0.003 -23"><span class='ocrx_word' id='word_1_694' title='bbox 2303 3196 2590 3262; x_wconf 81' lang='lat' dir='ltr'><strong>posteaque</strong></span> <span class='ocrx_word' id='word_1_695' title='bbox 2616 3185 2801 3240; x_wconf 85' lang='lat' dir='ltr'><strong>sedato</strong></span> <span class='ocrx_word' id='word_1_696' title='bbox 2829 3185 2960 3240; x_wconf 89' lang='lat' dir='ltr'><strong>mari</strong></span> <span class='ocrx_word' id='word_1_697' title='bbox 3001 3200 3106 3238; x_wconf 83' lang='lat' dir='ltr'><strong>non</strong></span> <span class='ocrx_word' id='word_1_698' title='bbox 3141 3180 3439 3247; x_wconf 86' lang='lat' dir='ltr'><strong>audierant,</strong></span> <span class='ocrx_word' id='word_1_699' title='bbox 3468 3180 3744 3235; x_wconf 62' lang='lat' dir='ltr'><strong>diemonas</strong></span> <span class='ocrx_word' id='word_1_700' title='bbox 3774 3178 3881 3234; x_wconf 87' lang='lat' dir='ltr'><strong>hoc</strong></span> 
     </span>
    </p>
   </div>
   <div class='ocr_carea' id='block_1_93' title="bbox 2299 3273 3878 3346">
    <p class='ocr_par' dir='ltr' id='par_1_93' title="bbox 2299 3273 3878 3346">
     <span class='ocr_line' id='line_1_93' title="bbox 2299 3273 3878 3346; baseline -0.004 -12"><span class='ocrx_word' id='word_1_701' title='bbox 2299 3280 2594 3334; x_wconf 78' lang='lat' dir='ltr'><strong>clamantes</strong></span> <span class='ocrx_word' id='word_1_702' title='bbox 2622 3277 2922 3342; x_wconf 80' lang='lat' dir='ltr'><strong>audierunt,</strong></span> <span class='ocrx_word' id='word_1_703' title='bbox 2961 3275 3101 3346; x_wconf 92' lang='lat' dir='ltr'><strong>quod</strong></span> <span class='ocrx_word' id='word_1_704' title='bbox 3130 3289 3279 3330; x_wconf 81' lang='lat' dir='ltr'><strong>mare</strong></span> <span class='ocrx_word' id='word_1_705' title='bbox 3309 3273 3647 3343; x_wconf 83' lang='lat' dir='ltr'><strong>tranquillum</strong></span> <span class='ocrx_word' id='word_1_706' title='bbox 3675 3273 3878 3328; x_wconf 85' lang='lat' dir='ltr'><strong>factum</strong></span> 
     </span>
    </p>
   </div>
   <div class='ocr_carea' id='block_1_94' title="bbox 2300 3363 3876 3439">
    <p class='ocr_par' dir='ltr' id='par_1_94' title="bbox 2300 3363 3876 3439">
     <span class='ocr_line' id='line_1_94' title="bbox 2300 3363 3876 3439; baseline -0.006 -14"><span class='ocrx_word' id='word_1_707' title='bbox 2300 3368 2693 3439; x_wconf 65' lang='lat' dir='ltr'><strong>praedicaverat.</strong></span> <span class='ocrx_word' id='word_1_708' title='bbox 2725 3366 2925 3423; x_wconf 77' lang='lat' dir='ltr'><strong>Deinde</strong></span> <span class='ocrx_word' id='word_1_709' title='bbox 2951 3381 3017 3421; x_wconf 90' lang='lat' dir='ltr'><strong>ne</strong></span> <span class='ocrx_word' id='word_1_710' title='bbox 3047 3365 3149 3420; x_wconf 84' lang='lat' dir='ltr'><strong>hoc</strong></span> <span class='ocrx_word' id='word_1_711' title='bbox 3177 3380 3272 3436; x_wconf 88' lang='lat' dir='ltr'><strong>per</strong></span> <span class='ocrx_word' id='word_1_712' title='bbox 3290 3364 3647 3419; x_wconf 85' lang='lat' dir='ltr'><strong>adulationem</strong></span> <span class='ocrx_word' id='word_1_713' title='bbox 3667 3363 3876 3418; x_wconf 84' lang='lat' dir='ltr'><strong>dictum</strong></span> 
     </span>
    </p>
   </div>
   <div class='ocr_carea' id='block_1_95' title="bbox 2299 3455 3876 3528">
    <p class='ocr_par' dir='ltr' id='par_1_95' title="bbox 2299 3455 3876 3528">
     <span class='ocr_line' id='line_1_95' title="bbox 2299 3455 3876 3528; baseline -0.003 -11"><span class='ocrx_word' id='word_1_714' title='bbox 2299 3461 2590 3528; x_wconf 87' lang='lat' dir='ltr'><strong>videretur,</strong></span> <span class='ocrx_word' id='word_1_715' title='bbox 2619 3476 2682 3514; x_wconf 78' lang='lat' dir='ltr'><strong>ex</strong></span> <span class='ocrx_word' id='word_1_716' title='bbox 2711 3475 2891 3514; x_wconf 84' lang='lat' dir='ltr'><strong>rerum</strong></span> <span class='ocrx_word' id='word_1_717' title='bbox 2912 3459 3282 3528; x_wconf 81' lang='lat' dir='ltr'><strong>experimento</strong></span> <span class='ocrx_word' id='word_1_718' title='bbox 3305 3458 3539 3512; x_wconf 84' lang='lat' dir='ltr'><strong>clamant</strong></span> <span class='ocrx_word' id='word_1_719' title='bbox 3561 3457 3642 3510; x_wconf 88' lang='lat' dir='ltr'><strong>his</strong></span> <span class='ocrx_word' id='word_1_720' title='bbox 3667 3455 3876 3513; x_wconf 83' lang='lat' dir='ltr'><strong>verbis:</strong></span> 
     </span>
    </p>
   </div>
   <div class='ocr_carea' id='block_1_96' title="bbox 2311 3547 3875 3619">
    <p class='ocr_par' dir='ltr' id='par_1_96' title="bbox 2311 3547 3875 3619">
     <span class='ocr_line' id='line_1_96' title="bbox 2311 3547 3875 3619; baseline -0.002 -16"><span class='ocrx_word' id='word_1_721' title='bbox 2311 3549 2497 3605; x_wconf 83' lang='lat' dir='ltr'><strong>Venisti</strong></span> <span class='ocrx_word' id='word_1_722' title='bbox 2519 3550 2618 3602; x_wconf 83' lang='lat' dir='ltr'><strong>huc</strong></span> <span class='ocrx_word' id='word_1_723' title='bbox 2659 3559 2776 3603; x_wconf 84' lang='lat' dir='ltr'><strong>ante</strong></span> <span class='ocrx_word' id='word_1_724' title='bbox 2802 3558 2998 3619; x_wconf 81' lang='lat' dir='ltr'><strong>tempsts</strong></span> <span class='ocrx_word' id='word_1_725' title='bbox 3019 3557 3247 3618; x_wconf 82' lang='lat' dir='ltr'><strong>torquere</strong></span> <span class='ocrx_word' id='word_1_726' title='bbox 3273 3564 3386 3602; x_wconf 83' lang='lat' dir='ltr'><strong>nos.</strong></span> <span class='ocrx_word' id='word_1_727' title='bbox 3424 3547 3548 3602; x_wconf 90' lang='lat' dir='ltr'><strong>Ideo</strong></span> <span class='ocrx_word' id='word_1_728' title='bbox 3575 3547 3725 3616; x_wconf 87' lang='lat' dir='ltr'><strong>prius</strong></span> <span class='ocrx_word' id='word_1_729' title='bbox 3767 3547 3875 3601; x_wconf 83' lang='lat' dir='ltr'><strong>ini-</strong></span> 
     </span>
    </p>
   </div>
   <div class='ocr_carea' id='block_1_97' title="bbox 2303 3639 3878 3712">
    <p class='ocr_par' dir='ltr' id='par_1_97' title="bbox 2303 3639 3878 3712">
     <span class='ocr_line' id='line_1_97' title="bbox 2303 3639 3878 3712; baseline -0.003 -14"><span class='ocrx_word' id='word_1_730' title='bbox 2303 3642 2554 3698; x_wconf 85' lang='lat' dir='ltr'><strong>micitiam</strong></span> <span class='ocrx_word' id='word_1_731' title='bbox 2580 3641 2835 3710; x_wconf 83' lang='lat' dir='ltr'><strong>fatentur,</strong></span> <span class='ocrx_word' id='word_1_732' title='bbox 2865 3657 2932 3697; x_wconf 90' lang='lat' dir='ltr'><strong>ne</strong></span> <span class='ocrx_word' id='word_1_733' title='bbox 2957 3650 3203 3712; x_wconf 87' lang='lat' dir='ltr'><strong>suspecta</strong></span> <span class='ocrx_word' id='word_1_734' title='bbox 3231 3656 3417 3697; x_wconf 90' lang='lat' dir='ltr'><strong>eorum</strong></span> <span class='ocrx_word' id='word_1_735' title='bbox 3448 3641 3773 3710; x_wconf 82' lang='lat' dir='ltr'><strong>supplicatio</strong></span> <span class='ocrx_word' id='word_1_736' title='bbox 3797 3639 3878 3694; x_wconf 78' lang='lat' dir='ltr'><strong>vi-</strong></span> 
     </span>
    </p>
   </div>
   <div class='ocr_carea' id='block_1_98' title="bbox 2301 3733 3880 3804">
    <p class='ocr_par' dir='ltr' id='par_1_98' title="bbox 2301 3733 3880 3804">
     <span class='ocr_line' id='line_1_98' title="bbox 2301 3733 3880 3804; baseline -0.003 -12"><span class='ocrx_word' id='word_1_737' title='bbox 2301 3735 2540 3792; x_wconf 84' lang='lat' dir='ltr'><strong>deretur.</strong></span> <span class='ocrx_word' id='word_1_738' title='bbox 2570 3735 2779 3790; x_wconf 86' lang='lat' dir='ltr'><strong>Etenim</strong></span> <span class='ocrx_word' id='word_1_739' title='bbox 2807 3735 3149 3789; x_wconf 68' lang='lat' dir='ltr'><strong>invisibiliter</strong></span> <span class='ocrx_word' id='word_1_740' title='bbox 3179 3734 3620 3797; x_wconf 88' lang='lat' dir='ltr'><strong>verberabantur,</strong></span> <span class='ocrx_word' id='word_1_741' title='bbox 3665 3740 3723 3788; x_wconf 89' lang='lat' dir='ltr'><strong>et</strong></span> <span class='ocrx_word' id='word_1_742' title='bbox 3753 3733 3880 3804; x_wconf 81' lang='lat' dir='ltr'><strong>plus</strong></span> 
     </span>
    </p>
   </div>
   <div class='ocr_carea' id='block_1_99' title="bbox 2299 3825 3878 3899">
    <p class='ocr_par' dir='ltr' id='par_1_99' title="bbox 2299 3825 3878 3899">
     <span class='ocr_line' id='line_1_99' title="bbox 2299 3825 3878 3899; baseline -0.001 -18"><span class='ocrx_word' id='word_1_743' title='bbox 2299 3842 2456 3899; x_wconf 89' lang='lat' dir='ltr'><strong>quam</strong></span> <span class='ocrx_word' id='word_1_744' title='bbox 2487 3842 2634 3882; x_wconf 87' lang='lat' dir='ltr'><strong>mare</strong></span> <span class='ocrx_word' id='word_1_745' title='bbox 2659 3825 2985 3882; x_wconf 83' lang='lat' dir='ltr'><strong>ﬂuctuabant</strong></span> <span class='ocrx_word' id='word_1_746' title='bbox 3009 3825 3231 3891; x_wconf 80' lang='lat' dir='ltr'><strong>conﬁsi,</strong></span> <span class='ocrx_word' id='word_1_747' title='bbox 3277 3825 3564 3892; x_wconf 85' lang='lat' dir='ltr'><strong>combusti,</strong></span> <span class='ocrx_word' id='word_1_748' title='bbox 3596 3835 3763 3896; x_wconf 83' lang='lat' dir='ltr'><strong>atque</strong></span> <span class='ocrx_word' id='word_1_749' title='bbox 3808 3841 3878 3880; x_wconf 84' lang='lat' dir='ltr'><strong>es</strong></span> 
     </span>
    </p>
   </div>
   <div class='ocr_carea' id='block_1_100' title="bbox 2291 3918 3875 3994">
    <p class='ocr_par' dir='ltr' id='par_1_100' title="bbox 2291 3918 3875 3994">
     <span class='ocr_line' id='line_1_100' title="bbox 2291 3918 3875 3994; baseline -0.007 -12"><span class='ocrx_word' id='word_1_750' title='bbox 2291 3919 2744 3994; x_wconf 63' lang='lat' dir='ltr'><strong>sola‘prazsentia</strong></span> <span class='ocrx_word' id='word_1_751' title='bbox 2795 3918 3154 3975; x_wconf 87' lang='lat' dir='ltr'><strong>intolerabilia</strong></span> <span class='ocrx_word' id='word_1_752' title='bbox 3207 3919 3489 3986; x_wconf 84' lang='lat' dir='ltr'><strong>patientes.</strong></span> <span class='ocrx_word' id='word_1_753' title='bbox 3539 3918 3670 3984; x_wconf 52' lang='lat' dir='ltr'><strong>(uia</strong></span> <span class='ocrx_word' id='word_1_754' title='bbox 3723 3933 3875 3973; x_wconf 63' lang='lat' dir='ltr'><strong>enim</strong></span> 
     </span>
    </p>
   </div>
   <div class='ocr_carea' id='block_1_101' title="bbox 2298 4010 3875 4076">
    <p class='ocr_par' dir='ltr' id='par_1_101' title="bbox 2298 4010 3875 4076">
     <span class='ocr_line' id='line_1_101' title="bbox 2298 4010 3875 4076; baseline 0.001 -10"><span class='ocrx_word' id='word_1_755' title='bbox 2298 4012 2656 4068; x_wconf 64' lang='lat' dir='ltr'><strong>daemoniacos</strong></span> <span class='ocrx_word' id='word_1_756' title='bbox 2687 4011 2805 4066; x_wconf 88' lang='lat' dir='ltr'><strong>illos</strong></span> <span class='ocrx_word' id='word_1_757' title='bbox 2832 4026 2989 4068; x_wconf 90' lang='lat' dir='ltr'><strong>nemo</strong></span> <span class='ocrx_word' id='word_1_758' title='bbox 3014 4010 3208 4067; x_wconf 75' lang='lat' dir='ltr'><strong>offerre</strong></span> <span class='ocrx_word' id='word_1_759' title='bbox 3237 4011 3487 4076; x_wconf 87' lang='lat' dir='ltr'><strong>audebat,</strong></span> <span class='ocrx_word' id='word_1_760' title='bbox 3535 4011 3782 4067; x_wconf 82' lang='lat' dir='ltr'><strong>Christus</strong></span> <span class='ocrx_word' id='word_1_761' title='bbox 3811 4012 3875 4066; x_wconf 89' lang='lat' dir='ltr'><strong>il-</strong></span> 
     </span>
    </p>
   </div>
   <div class='ocr_carea' id='block_1_102' title="bbox 2300 4101 3873 4173">
    <p class='ocr_par' dir='ltr' id='par_1_102' title="bbox 2300 4101 3873 4173">
     <span class='ocr_line' id='line_1_102' title="bbox 2300 4101 3873 4173; baseline 0.002 -18"><span class='ocrx_word' id='word_1_762' title='bbox 2300 4102 2379 4156; x_wconf 86' lang='lat' dir='ltr'><strong>los</strong></span> <span class='ocrx_word' id='word_1_763' title='bbox 2409 4102 2538 4157; x_wconf 83' lang='lat' dir='ltr'><strong>adit.</strong></span> <span class='ocrx_word' id='word_1_764' title='bbox 2574 4102 2637 4157; x_wconf 82' lang='lat' dir='ltr'><strong>Et</strong></span> <span class='ocrx_word' id='word_1_765' title='bbox 2661 4101 2940 4157; x_wconf 70' lang='lat' dir='ltr'><strong>Matthmus</strong></span> <span class='ocrx_word' id='word_1_766' title='bbox 2970 4103 3188 4173; x_wconf 87' lang='lat' dir='ltr'><strong>quidem</strong></span> <span class='ocrx_word' id='word_1_767' title='bbox 3241 4103 3425 4158; x_wconf 84' lang='lat' dir='ltr'><strong>scribit</strong></span> <span class='ocrx_word' id='word_1_768' title='bbox 3451 4103 3653 4159; x_wconf 80' lang='lat' dir='ltr'><strong>dixisse</strong></span> <span class='ocrx_word' id='word_1_769' title='bbox 3697 4103 3825 4158; x_wconf 85' lang='lat' dir='ltr'><strong>illos</strong></span> <span class='ocrx_word' id='word_1_770' title='bbox 3856 4121 3873 4157; x_wconf 92' lang='lat'><strong>:</strong></span> 
     </span>
    </p>
   </div>
   <div class='ocr_carea' id='block_1_103' title="bbox 2308 4192 3880 4263">
    <p class='ocr_par' dir='ltr' id='par_1_103' title="bbox 2308 4192 3880 4263">
     <span class='ocr_line' id='line_1_103' title="bbox 2308 4192 3880 4263; baseline 0.006 -20"><span class='ocrx_word' id='word_1_771' title='bbox 2308 4192 2498 4245; x_wconf 72' lang='lat' dir='ltr'><strong>Venisti</strong></span> <span class='ocrx_word' id='word_1_772' title='bbox 2526 4193 2622 4244; x_wconf 84' lang='lat' dir='ltr'><strong>huc</strong></span> <span class='ocrx_word' id='word_1_773' title='bbox 2649 4201 2766 4246; x_wconf 84' lang='lat' dir='ltr'><strong>ante</strong></span> <span class='ocrx_word' id='word_1_774' title='bbox 2805 4205 3001 4263; x_wconf 85' lang='lat' dir='ltr'><strong>tempus</strong></span> <span class='ocrx_word' id='word_1_775' title='bbox 3033 4203 3262 4262; x_wconf 82' lang='lat' dir='ltr'><strong>torquere</strong></span> <span class='ocrx_word' id='word_1_776' title='bbox 3301 4211 3426 4258; x_wconf 84' lang='lat' dir='ltr'><strong>nos;</strong></span> <span class='ocrx_word' id='word_1_777' title='bbox 3454 4194 3542 4249; x_wconf 87' lang='lat' dir='ltr'><strong>alii</strong></span> <span class='ocrx_word' id='word_1_778' title='bbox 3577 4210 3702 4250; x_wconf 88' lang='lat' dir='ltr'><strong>vero</strong></span> <span class='ocrx_word' id='word_1_779' title='bbox 3724 4197 3880 4252; x_wconf 61' lang='lat' dir='ltr'><strong>addi.</strong></span> 
     </span>
    </p>
   </div>
   <div class='ocr_carea' id='block_1_104' title="bbox 2301 4283 3881 4357">
    <p class='ocr_par' dir='ltr' id='par_1_104' title="bbox 2301 4283 3881 4357">
     <span class='ocr_line' id='line_1_104' title="bbox 2301 4283 3881 4357; baseline 0.007 -25"><span class='ocrx_word' id='word_1_780' title='bbox 2301 4288 2508 4345; x_wconf 76' lang='grc' dir='ltr'><strong>ιῑυιιιιιιι,</strong></span> <span class='ocrx_word' id='word_1_781' title='bbox 2545 4299 2640 4337; x_wconf 81' lang='lat' dir='ltr'><strong>eos</strong></span> <span class='ocrx_word' id='word_1_782' title='bbox 2688 4283 2961 4354; x_wconf 86' lang='lat' dir='ltr'><strong>adjurasse</strong></span> <span class='ocrx_word' id='word_1_783' title='bbox 3017 4299 3083 4338; x_wconf 90' lang='lat' dir='ltr'><strong>ac</strong></span> <span class='ocrx_word' id='word_1_784' title='bbox 3136 4300 3350 4357; x_wconf 87' lang='lat' dir='ltr'><strong>rogasse</strong></span> <span class='ocrx_word' id='word_1_785' title='bbox 3399 4285 3549 4341; x_wconf 88' lang='lat' dir='ltr'><strong>illum</strong></span> <span class='ocrx_word' id='word_1_786' title='bbox 3609 4303 3677 4343; x_wconf 89' lang='lat' dir='ltr'><strong>ne</strong></span> <span class='ocrx_word' id='word_1_787' title='bbox 3725 4304 3786 4343; x_wconf 84' lang='lat' dir='ltr'><strong>se</strong></span> <span class='ocrx_word' id='word_1_788' title='bbox 3825 4289 3881 4343; x_wconf 87' lang='lat' dir='ltr'><strong>in</strong></span> 
     </span>
    </p>
   </div>
   <div class='ocr_carea' id='block_1_105' title="bbox 2298 4375 3876 4450">
    <p class='ocr_par' dir='ltr' id='par_1_105' title="bbox 2298 4375 3876 4450">
     <span class='ocr_line' id='line_1_105' title="bbox 2298 4375 3876 4450; baseline 0.009 -26"><span class='ocrx_word' id='word_1_789' title='bbox 2298 4376 2549 4444; x_wconf 82' lang='lat' dir='ltr'><strong>abyssum</strong></span> <span class='ocrx_word' id='word_1_790' title='bbox 2577 4375 2906 4445; x_wconf 83' lang='lat' dir='ltr'><strong>conjiccrct:</strong></span> <span class='ocrx_word' id='word_1_791' title='bbox 2937 4378 3195 4445; x_wconf 87' lang='lat' dir='ltr'><strong>putabant</strong></span> <span class='ocrx_word' id='word_1_792' title='bbox 3217 4379 3358 4432; x_wconf 88' lang='lat' dir='ltr'><strong>enim</strong></span> <span class='ocrx_word' id='word_1_793' title='bbox 3399 4377 3508 4450; x_wconf 77' lang='lat' dir='ltr'><strong>jam</strong></span> <span class='ocrx_word' id='word_1_794' title='bbox 3543 4381 3744 4436; x_wconf 87' lang='lat' dir='ltr'><strong>instare</strong></span> <span class='ocrx_word' id='word_1_795' title='bbox 3773 4381 3876 4437; x_wconf 85' lang='lat' dir='ltr'><strong>sibi</strong></span> 
     </span>
    </p>
   </div>
   <div class='ocr_carea' id='block_1_106' title="bbox 2299 4472 3879 4545">
    <p class='ocr_par' dir='ltr' id='par_1_106' title="bbox 2299 4472 3879 4545">
     <span class='ocr_line' id='line_1_106' title="bbox 2299 4472 3879 4545; baseline 0.006 -21"><span class='ocrx_word' id='word_1_796' title='bbox 2299 4472 2614 4541; x_wconf 87' lang='lat' dir='ltr'><strong>supplicium</strong></span> <span class='ocrx_word' id='word_1_797' title='bbox 2665 4481 2720 4527; x_wconf 91' lang='lat' dir='ltr'><strong>et</strong></span> <span class='ocrx_word' id='word_1_798' title='bbox 2745 4473 3002 4528; x_wconf 88' lang='lat' dir='ltr'><strong>timebant</strong></span> <span class='ocrx_word' id='word_1_799' title='bbox 3027 4474 3180 4545; x_wconf 89' lang='lat' dir='ltr'><strong>quasi</strong></span> <span class='ocrx_word' id='word_1_800' title='bbox 3201 4475 3313 4544; x_wconf 83' lang='lat' dir='ltr'><strong>jam</strong></span> <span class='ocrx_word' id='word_1_801' title='bbox 3359 4475 3412 4530; x_wconf 88' lang='lat' dir='ltr'><strong>in</strong></span> <span class='ocrx_word' id='word_1_802' title='bbox 3460 4483 3728 4532; x_wconf 76' lang='lat' dir='ltr'><strong>tormenta</strong></span> <span class='ocrx_word' id='word_1_803' title='bbox 3773 4475 3879 4534; x_wconf 79' lang='lat' dir='ltr'><strong>de-</strong></span> 
     </span>
    </p>
   </div>
   <div class='ocr_carea' id='block_1_107' title="bbox 2301 4561 3876 4637">
    <p class='ocr_par' dir='ltr' id='par_1_107' title="bbox 2301 4561 3876 4637">
     <span class='ocr_line' id='line_1_107' title="bbox 2301 4561 3876 4637; baseline 0.005 -22"><span class='ocrx_word' id='word_1_804' title='bbox 2301 4562 2464 4615; x_wconf 81' lang='lat' dir='ltr'><strong>missi.</strong></span> <span class='ocrx_word' id='word_1_805' title='bbox 2489 4561 2638 4628; x_wconf 78' lang='lat' dir='ltr'><strong>Quod</strong></span> <span class='ocrx_word' id='word_1_806' title='bbox 2664 4567 2708 4619; x_wconf 88' lang='lat' dir='ltr'><strong>si</strong></span> <span class='ocrx_word' id='word_1_807' title='bbox 2729 4563 2899 4619; x_wconf 85' lang='lat' dir='ltr'><strong>Lucas</strong></span> <span class='ocrx_word' id='word_1_808' title='bbox 2920 4563 3073 4637; x_wconf 85' lang='lat' dir='ltr'><strong>(Cap.</strong></span> <span class='ocrx_word' id='word_1_809' title='bbox 3090 4566 3146 4636; x_wconf 89' lang='lat'><strong>8)</strong></span> <span class='ocrx_word' id='word_1_810' title='bbox 3169 4581 3329 4620; x_wconf 87' lang='lat' dir='ltr'><strong>unum</strong></span> <span class='ocrx_word' id='word_1_811' title='bbox 3353 4576 3557 4621; x_wconf 91' lang='lat' dir='ltr'><strong>tantum</strong></span> <span class='ocrx_word' id='word_1_812' title='bbox 3581 4580 3876 4635; x_wconf 83' lang='lat' dir='ltr'><strong>memoret,</strong></span> 
     </span>
    </p>
   </div>
   <div class='ocr_carea' id='block_1_108' title="bbox 2304 4654 3875 4732">
    <p class='ocr_par' dir='ltr' id='par_1_108' title="bbox 2304 4654 3875 4732">
     <span class='ocr_line' id='line_1_108' title="bbox 2304 4654 3875 4732; baseline 0.006 -26"><span class='ocrx_word' id='word_1_813' title='bbox 2304 4654 2387 4707; x_wconf 88' lang='lat' dir='ltr'><strong>hic</strong></span> <span class='ocrx_word' id='word_1_814' title='bbox 2417 4664 2593 4708; x_wconf 86' lang='lat' dir='ltr'><strong>autem</strong></span> <span class='ocrx_word' id='word_1_815' title='bbox 2619 4656 2774 4722; x_wconf 89' lang='lat' dir='ltr'><strong>duos,</strong></span> <span class='ocrx_word' id='word_1_816' title='bbox 2808 4671 2982 4726; x_wconf 75' lang='lat' dir='ltr'><strong>neque</strong></span> <span class='ocrx_word' id='word_1_817' title='bbox 3011 4658 3087 4712; x_wconf 87' lang='lat' dir='ltr'><strong>sic</strong></span> <span class='ocrx_word' id='word_1_818' title='bbox 3112 4657 3436 4732; x_wconf 76' lang='lat' dir='ltr'><strong>dissonantia</strong></span> <span class='ocrx_word' id='word_1_819' title='bbox 3463 4659 3639 4729; x_wconf 85' lang='lat' dir='ltr'><strong>aliqua</strong></span> <span class='ocrx_word' id='word_1_820' title='bbox 3668 4660 3875 4716; x_wconf 81' lang='lat' dir='ltr'><strong>indica-</strong></span> 
     </span>
    </p>
   </div>
   <div class='ocr_carea' id='block_1_109' title="bbox 2305 4749 3875 4816">
    <p class='ocr_par' dir='ltr' id='par_1_109' title="bbox 2305 4749 3875 4816">
     <span class='ocr_line' id='line_1_109' title="bbox 2305 4749 3875 4816; baseline 0.006 -16"><span class='ocrx_word' id='word_1_821' title='bbox 2305 4758 2410 4802; x_wconf 87' lang='lat' dir='ltr'><strong>tur.</strong></span> <span class='ocrx_word' id='word_1_822' title='bbox 2455 4749 2508 4804; x_wconf 85' lang='lat' dir='ltr'><strong>Si</strong></span> <span class='ocrx_word' id='word_1_823' title='bbox 2531 4750 2672 4803; x_wconf 89' lang='lat' dir='ltr'><strong>enim</strong></span> <span class='ocrx_word' id='word_1_824' title='bbox 2702 4749 2948 4816; x_wconf 78' lang='lat' dir='ltr'><strong>dixisset,</strong></span> <span class='ocrx_word' id='word_1_825' title='bbox 2983 4766 3145 4804; x_wconf 85' lang='lat' dir='ltr'><strong>unum</strong></span> <span class='ocrx_word' id='word_1_826' title='bbox 3175 4759 3376 4806; x_wconf 85' lang='lat' dir='ltr'><strong>tantum</strong></span> <span class='ocrx_word' id='word_1_827' title='bbox 3402 4749 3586 4815; x_wconf 89' lang='lat' dir='ltr'><strong>fuisse,</strong></span> <span class='ocrx_word' id='word_1_828' title='bbox 3619 4767 3719 4808; x_wconf 90' lang='lat' dir='ltr'><strong>nee</strong></span> <span class='ocrx_word' id='word_1_829' title='bbox 3748 4755 3875 4809; x_wconf 56' lang='lat' dir='ltr'><strong>alte</strong></span> 
     </span>
    </p>
   </div>
   <div class='ocr_carea' id='block_1_110' title="bbox 2303 4842 3873 4906">
    <p class='ocr_par' dir='ltr' id='par_1_110' title="bbox 2303 4842 3873 4906">
     <span class='ocr_line' id='line_1_110' title="bbox 2303 4842 3873 4906; baseline 0.006 -13"><span class='ocrx_word' id='word_1_830' title='bbox 2303 4858 2417 4895; x_wconf 83' lang='lat' dir='ltr'><strong>rum</strong></span> <span class='ocrx_word' id='word_1_831' title='bbox 2447 4843 2736 4906; x_wconf 73' lang='lat' dir='ltr'><strong>exstitisse,</strong></span> <span class='ocrx_word' id='word_1_832' title='bbox 2767 4852 2894 4898; x_wconf 89' lang='lat' dir='ltr'><strong>tunc</strong></span> <span class='ocrx_word' id='word_1_833' title='bbox 2914 4843 3182 4898; x_wconf 83' lang='lat' dir='ltr'><strong>videretur</strong></span> <span class='ocrx_word' id='word_1_834' title='bbox 3208 4858 3245 4898; x_wconf 83' lang='lat' dir='ltr'><strong>a</strong></span> <span class='ocrx_word' id='word_1_835' title='bbox 3267 4842 3517 4897; x_wconf 66' lang='lat' dir='ltr'><strong>Matthmo</strong></span> <span class='ocrx_word' id='word_1_836' title='bbox 3545 4843 3768 4901; x_wconf 73' lang='lat' dir='ltr'><strong>differre</strong></span> <span class='ocrx_word' id='word_1_837' title='bbox 3809 4848 3830 4879; x_wconf 85' lang='grc'><strong><em>⁸</em></strong></span> <span class='ocrx_word' id='word_1_838' title='bbox 3855 4863 3873 4902; x_wconf 76' lang='grc' dir='ltr'><strong><em>τ</em></strong></span> 
     </span>
    </p>
   </div>
   <div class='ocr_carea' id='block_1_111' title="bbox 2298 4932 3876 5007">
    <p class='ocr_par' dir='ltr' id='par_1_111' title="bbox 2298 4932 3876 5007">
     <span class='ocr_line' id='line_1_111' title="bbox 2298 4932 3876 5007; baseline 0.004 -23"><span class='ocrx_word' id='word_1_839' title='bbox 2298 4947 2420 4986; x_wconf 87' lang='lat' dir='ltr'><strong>cum</strong></span> <span class='ocrx_word' id='word_1_840' title='bbox 2444 4949 2569 4987; x_wconf 83' lang='lat' dir='ltr'><strong>vero</strong></span> <span class='ocrx_word' id='word_1_841' title='bbox 2589 4932 2678 4988; x_wconf 87' lang='lat' dir='ltr'><strong>ille</strong></span> <span class='ocrx_word' id='word_1_842' title='bbox 2717 4949 2903 4999; x_wconf 90' lang='lat' dir='ltr'><strong>unum,</strong></span> <span class='ocrx_word' id='word_1_843' title='bbox 2937 4933 3024 4989; x_wconf 86' lang='lat' dir='ltr'><strong>hic</strong></span> <span class='ocrx_word' id='word_1_844' title='bbox 3053 4935 3187 4989; x_wconf 88' lang='lat' dir='ltr'><strong>duos</strong></span> <span class='ocrx_word' id='word_1_845' title='bbox 3215 4944 3516 5000; x_wconf 79' lang='lat' dir='ltr'><strong>memorat,</strong></span> <span class='ocrx_word' id='word_1_846' title='bbox 3543 4950 3650 4991; x_wconf 78' lang='lat' dir='ltr'><strong>non</strong></span> <span class='ocrx_word' id='word_1_847' title='bbox 3697 4952 3876 5007; x_wconf 84' lang='lat' dir='ltr'><strong>pugna</strong></span> 
     </span>
    </p>
   </div>
   <div class='ocr_carea' id='block_1_112' title="bbox 2303 5022 3875 5090">
    <p class='ocr_par' dir='ltr' id='par_1_112' title="bbox 2303 5022 3875 5090">
     <span class='ocr_line' id='line_1_112' title="bbox 2303 5022 3875 5090; baseline 0.005 -15"><span class='ocrx_word' id='word_1_848' title='bbox 2303 5022 2418 5078; x_wconf 76' lang='lat' dir='ltr'><strong>lucc</strong></span> <span class='ocrx_word' id='word_1_849' title='bbox 2445 5033 2527 5079; x_wconf 90' lang='lat' dir='ltr'><strong>est</strong></span> <span class='ocrx_word' id='word_1_850' title='bbox 2549 5066 2563 5090; x_wconf 95' lang='lat'><strong>,</strong></span> <span class='ocrx_word' id='word_1_851' title='bbox 2614 5025 2710 5080; x_wconf 88' lang='lat' dir='ltr'><strong>sed</strong></span> <span class='ocrx_word' id='word_1_852' title='bbox 2738 5024 3037 5080; x_wconf 76' lang='lat' dir='ltr'><strong>differentia</strong></span> <span class='ocrx_word' id='word_1_853' title='bbox 3069 5026 3340 5080; x_wconf 86' lang='lat' dir='ltr'><strong>narrandi.</strong></span> <span class='ocrx_word' id='word_1_854' title='bbox 3375 5025 3502 5081; x_wconf 77' lang='lat' dir='ltr'><strong>Mihi</strong></span> <span class='ocrx_word' id='word_1_855' title='bbox 3546 5027 3693 5082; x_wconf 81' lang='lat' dir='ltr'><strong>enim</strong></span> <span class='ocrx_word' id='word_1_856' title='bbox 3721 5028 3875 5083; x_wconf 83' lang='lat' dir='ltr'><strong>vide-</strong></span> 
     </span>
    </p>
   </div>
   <div class='ocr_carea' id='block_1_113' title="bbox 2301 5115 3874 5188">
    <p class='ocr_par' dir='ltr' id='par_1_113' title="bbox 2301 5115 3874 5188">
     <span class='ocr_line' id='line_1_113' title="bbox 2301 5115 3874 5188; baseline 0.003 -17"><span class='ocrx_word' id='word_1_857' title='bbox 2301 5126 2386 5172; x_wconf 88' lang='lat' dir='ltr'><strong>tur</strong></span> <span class='ocrx_word' id='word_1_858' title='bbox 2428 5116 2598 5170; x_wconf 86' lang='lat' dir='ltr'><strong>Lucas</strong></span> <span class='ocrx_word' id='word_1_859' title='bbox 2622 5118 2884 5171; x_wconf 89' lang='lat' dir='ltr'><strong>acriorem</strong></span> <span class='ocrx_word' id='word_1_860' title='bbox 2931 5117 3016 5171; x_wconf 92' lang='lat' dir='ltr'><strong>hic</strong></span> <span class='ocrx_word' id='word_1_861' title='bbox 3069 5115 3476 5172; x_wconf 77' lang='lat' dir='ltr'><strong>memorandum</strong></span> <span class='ocrx_word' id='word_1_862' title='bbox 3521 5135 3582 5173; x_wconf 91' lang='lat' dir='ltr'><strong>su</strong></span> <span class='ocrx_word' id='word_1_863' title='bbox 3616 5120 3874 5188; x_wconf 80' lang='lat' dir='ltr'><strong>cepisse;</strong></span> 
     </span>
    </p>
   </div>
   <div class='ocr_carea' id='block_1_114' title="bbox 2298 5209 3874 5278">
    <p class='ocr_par' dir='ltr' id='par_1_114' title="bbox 2298 5209 3874 5278">
     <span class='ocr_line' id='line_1_114' title="bbox 2298 5209 3874 5278; baseline 0.003 -18"><span class='ocrx_word' id='word_1_864' title='bbox 2298 5217 2624 5278; x_wconf 88' lang='lat' dir='ltr'><strong>quapropter</strong></span> <span class='ocrx_word' id='word_1_865' title='bbox 2651 5210 2817 5277; x_wconf 75' lang='lat' dir='ltr'><strong>magis</strong></span> <span class='ocrx_word' id='word_1_866' title='bbox 2861 5209 3113 5278; x_wconf 81' lang='lat' dir='ltr'><strong>tragicam</strong></span> <span class='ocrx_word' id='word_1_867' title='bbox 3160 5210 3418 5266; x_wconf 85' lang='lat' dir='ltr'><strong>describit</strong></span> <span class='ocrx_word' id='word_1_868' title='bbox 3465 5213 3874 5275; x_wconf 85' lang='lat' dir='ltr'><strong>calamitatem,</strong></span> 
     </span>
    </p>
   </div>
   <div class='ocr_carea' id='block_1_115' title="bbox 2298 5299 3873 5372">
    <p class='ocr_par' dir='ltr' id='par_1_115' title="bbox 2298 5299 3873 5372">
     <span class='ocr_line' id='line_1_115' title="bbox 2298 5299 3873 5372; baseline 0.004 -23"><span class='ocrx_word' id='word_1_869' title='bbox 2298 5299 2438 5367; x_wconf 83' lang='lat' dir='ltr'><strong>quod</strong></span> <span class='ocrx_word' id='word_1_870' title='bbox 2485 5315 2678 5368; x_wconf 76' lang='lat' dir='ltr'><strong>uetnpe</strong></span> <span class='ocrx_word' id='word_1_871' title='bbox 2707 5301 2910 5354; x_wconf 84' lang='lat' dir='ltr'><strong>vincula</strong></span> <span class='ocrx_word' id='word_1_872' title='bbox 2938 5310 2990 5354; x_wconf 89' lang='lat' dir='ltr'><strong>et</strong></span> <span class='ocrx_word' id='word_1_873' title='bbox 3033 5311 3250 5355; x_wconf 81' lang='lat' dir='ltr'><strong>catenas</strong></span> <span class='ocrx_word' id='word_1_874' title='bbox 3276 5303 3609 5372; x_wconf 82' lang='lat' dir='ltr'><strong>dirumpcns,</strong></span> <span class='ocrx_word' id='word_1_875' title='bbox 3647 5320 3741 5372; x_wconf 88' lang='lat' dir='ltr'><strong>per</strong></span> <span class='ocrx_word' id='word_1_876' title='bbox 3777 5305 3873 5358; x_wconf 84' lang='lat' dir='ltr'><strong>de-</strong></span> 
     </span>
    </p>
   </div>
   <div class='ocr_carea' id='block_1_116' title="bbox 2300 5391 3869 5464">
    <p class='ocr_par' dir='ltr' id='par_1_116' title="bbox 2300 5391 3869 5464">
     <span class='ocr_line' id='line_1_116' title="bbox 2300 5391 3869 5464; baseline 0.006 -25"><span class='ocrx_word' id='word_1_877' title='bbox 2300 5402 2501 5441; x_wconf 84' lang='lat' dir='ltr'><strong>sertum</strong></span> <span class='ocrx_word' id='word_1_878' title='bbox 2538 5401 2741 5444; x_wconf 89' lang='lat' dir='ltr'><strong>erraret</strong></span> <span class='ocrx_word' id='word_1_879' title='bbox 2770 5409 2782 5445; x_wconf 88' lang='lat'><strong>:</strong></span> <span class='ocrx_word' id='word_1_880' title='bbox 2815 5391 3020 5445; x_wconf 80' lang='lat' dir='ltr'><strong>Marcus</strong></span> <span class='ocrx_word' id='word_1_881' title='bbox 3069 5407 3197 5446; x_wconf 85' lang='lat' dir='ltr'><strong>vero</strong></span> <span class='ocrx_word' id='word_1_882' title='bbox 3225 5394 3354 5447; x_wconf 85' lang='lat' dir='ltr'><strong>dicit</strong></span> <span class='ocrx_word' id='word_1_883' title='bbox 3404 5395 3577 5464; x_wconf 87' lang='lat' dir='ltr'><strong>ipsum</strong></span> <span class='ocrx_word' id='word_1_884' title='bbox 3630 5411 3754 5451; x_wconf 87' lang='lat' dir='ltr'><strong>sese</strong></span> <span class='ocrx_word' id='word_1_885' title='bbox 3800 5397 3869 5451; x_wconf 79' lang='lat' dir='ltr'><strong>la-</strong></span> 
     </span>
    </p>
   </div>
   <div class='ocr_carea' id='block_1_117' title="bbox 2301 5481 3871 5549">
    <p class='ocr_par' dir='ltr' id='par_1_117' title="bbox 2301 5481 3871 5549">
     <span class='ocr_line' id='line_1_117' title="bbox 2301 5481 3871 5549; baseline 0.01 -22"><span class='ocrx_word' id='word_1_886' title='bbox 2301 5481 2511 5548; x_wconf 79' lang='lat' dir='ltr'><strong>pidibus</strong></span> <span class='ocrx_word' id='word_1_887' title='bbox 2540 5483 2888 5549; x_wconf 89' lang='lat' dir='ltr'><strong>percussisse.</strong></span> <span class='ocrx_word' id='word_1_888' title='bbox 2925 5483 3095 5538; x_wconf 86' lang='lat' dir='ltr'><strong>Verba</strong></span> <span class='ocrx_word' id='word_1_889' title='bbox 3136 5493 3316 5540; x_wconf 84' lang='lat' dir='ltr'><strong>autem</strong></span> <span class='ocrx_word' id='word_1_890' title='bbox 3355 5501 3541 5540; x_wconf 91' lang='lat' dir='ltr'><strong>corum</strong></span> <span class='ocrx_word' id='word_1_891' title='bbox 3572 5487 3871 5542; x_wconf 83' lang='lat' dir='ltr'><strong>immanita-</strong></span> 
     </span>
    </p>
   </div>
   <div class='ocr_carea' id='block_1_118' title="bbox 2304 5573 3870 5644">
    <p class='ocr_par' dir='ltr' id='par_1_118' title="bbox 2304 5573 3870 5644">
     <span class='ocr_line' id='line_1_118' title="bbox 2304 5573 3870 5644; baseline 0.006 -19"><span class='ocrx_word' id='word_1_892' title='bbox 2304 5574 2407 5627; x_wconf 87' lang='lat' dir='ltr'><strong>teiu</strong></span> <span class='ocrx_word' id='word_1_893' title='bbox 2462 5573 2955 5644; x_wconf 79' lang='lat' dir='ltr'><strong>impudentiamque</strong></span> <span class='ocrx_word' id='word_1_894' title='bbox 2991 5575 3286 5633; x_wconf 86' lang='lat' dir='ltr'><strong>declarant.</strong></span> <span class='ocrx_word' id='word_1_895' title='bbox 3350 5577 3542 5634; x_wconf 70' lang='lat' dir='ltr'><strong>Venisti</strong></span> <span class='ocrx_word' id='word_1_896' title='bbox 3596 5587 3732 5633; x_wconf 80' lang='lat' dir='ltr'><strong>enim</strong></span> <span class='ocrx_word' id='word_1_897' title='bbox 3775 5582 3870 5635; x_wconf 72' lang='lat' dir='ltr'><strong>huc</strong></span> 
     </span>
    </p>
   </div>
   <div class='ocr_carea' id='block_1_119' title="bbox 2370 5746 3806 5878">
    <p class='ocr_par' dir='ltr' id='par_1_119' title="bbox 2370 5746 3806 5878">
     <span class='ocr_line' id='line_1_119' title="bbox 2370 5746 3806 5878; baseline -0.012 -11"><span class='ocrx_word' id='word_1_898' title='bbox 2370 5823 2389 5852; x_wconf 78' lang='lat'>&#39;</span> <span class='ocrx_word' id='word_1_899' title='bbox 2431 5756 2785 5878; x_wconf 32' lang='lat' dir='ltr'><strong>lxxiiiuiiiiifuai‘i</strong></span> <span class='ocrx_word' id='word_1_900' title='bbox 2961 5809 3198 5862; x_wconf 78' lang='lat' dir='ltr'><strong>rideretur</strong></span> <span class='ocrx_word' id='word_1_901' title='bbox 3224 5803 3440 5855; x_wconf 62' lang='lat' dir='ltr'><strong>Matt/tato</strong></span> <span class='ocrx_word' id='word_1_902' title='bbox 3459 5794 3806 5865; x_wconf 51' lang='lat' dir='ltr'><strong>contradicere,</strong></span> 
     </span>
    </p>
   </div>
  </div>
