4094 6478
281 446 387 501 55⁸5

280 570 405 616 tmte
432 569 637 631 tempus
689 568 920 627 torquere
964 566 1090 616 nos,
1144 550 1411 619 inquiunt.
1466 544 1581 599 Non
1622 538 1876 612 poterant

278 659 429 713 enim
457 655 638 712 dicere
658 670 719 709 se
762 666 869 705 non
910 659 1196 719 peccasse;
1227 648 1419 711 rogant
1448 653 1575 693 vero
1622 651 1689 690 ne
1739 645 1869 689 ante

282 760 503 819 tempus
523 762 710 819 poenas
736 744 904 796 luant.
935 739 1066 807 Quia
1100 737 1241 793 enim
1268 728 1629 801 deprehendit
1656 741 1751 782 eos
1789 726 1873 778 in-

280 814 582 898 tolerabilia
598 847 653 891 et
679 833 860 903 iniqua
894 836 1166 899 operatus,
1195 840 1261 880 ac
1279 833 1553 879 creaturas
1581 834 1706 873 suas
1726 814 1874 871 omni

278 944 503 999 prorsus
560 922 718 979 modo
758 921 1132 975 subvertentcs
1166 925 1221 970 et
1264 913 1583 973 cruciantes,
1618 910 1876 978 putabant

279 1036 403 1078 eum
423 1020 493 1074 ob
511 1018 808 1072 facinorum
828 1011 1160 1067 atrocitatem
1176 1023 1281 1061 non
1299 1008 1730 1075 exspectaturum
1753 1014 1875 1054 esse

279 1111 531 1184 supplicii
560 1119 811 1176 tempus:
846 1105 1045 1159 idcirco
1076 1100 1333 1171 rogabant
1361 1106 1415 1152 et
1446 1094 1818 1165 supplicabant
1852 1109 1865 1145 :

280 1218 335 1259 γι
364 1204 453 1274 qui
482 1219 548 1257 ne
582 1201 772 1256 ferreis
796 1196 1011 1269 quidem
1064 1192 1291 1247 vinculis
1317 1187 1547 1244 detineri
1598 1194 1867 1255 poterant,

281 1298 428 1366 ligati
483 1296 741 1353 veniunt;
783 1292 872 1362 qui
914 1297 1128 1343 montes
1172 1282 1583 1354 pet-currebant,
1628 1279 1681 1333 iu
1721 1293 1872 1332 cam-

284 1401 380 1456 pos
409 1394 640 1451 exeunt;
672 1382 761 1453 qui
790 1381 925 1435 alios
951 1393 980 1431 a
1007 1375 1231 1431 transitu
1262 1371 1536 1435 arcebant,
1566 1383 1685 1421 eum
1720 1366 1867 1419 illum

279 1477 421 1532 viam
448 1475 546 1531 sibi
605 1474 976 1527 obstrucntcm
1010 1467 1285 1527 viderent,
1316 1470 1603 1516 steterunt.
1640 1459 1745 1513 Sed
1772 1472 1872 1511 cur

278 1571 333 1626 in
361 1567 626 1640 sepulcris
673 1565 902 1620 libenter
929 1557 1253 1617 versantur?
1283 1565 1341 1611 ut
1372 1553 1723 1625 perniciosam
1775 1550 1871 1604 do-

276 1663 507 1717 ctrinam
557 1658 847 1713 multorum
893 1653 1163 1709 mentibus
1208 1651 1491 1711 inserant;
1525 1658 1721 1715 nempe
1750 1642 1869 1696 ani.

278 1770 392 1811 mas
424 1761 752 1809 mortuorum
784 1749 1059 1803 dminonas
1087 1744 1200 1798 fieri
1243 1740 1356 1813 (a);
1400 1738 1543 1810 quod
1572 1752 1642 1793 ne
1673 1735 1873 1804 cogitet

277 1845 545 1916 quispiam
567 1840 726 1895 absit.
760 1837 866 1893 Sed
897 1836 1025 1907 quid
1069 1835 1239 1897 dicas,
1270 1832 1536 1901 inquiunt,
1563 1827 1632 1883 de
1662 1829 1869 1897 prmsti-

272 1934 570 2006 giatoribus
593 1932 795 1996 tnultis,
824 1926 916 2001 qui
939 1936 1124 1996 captos
1152 1938 1346 1995 pueros
1370 1922 1639 1992 iugulant,
1663 1928 1719 1972 ut
1748 1916 1868 1971 ani-

277 2043 418 2081 mum
452 2033 633 2095 postea
686 2021 785 2076 sibi
837 2019 1228 2074 ministrantem
1274 2013 1543 2070 habeant?
1587 2010 1696 2067 Sed
1727 2008 1869 2064 unde

276 2121 381 2173 hoc
410 2115 616 2186 liquet?
645 2114 776 2171 Nam
826 2111 969 2180 quod
1015 2108 1267 2179 iugulent
1287 2149 1305 2175 ,
1336 2108 1440 2162 hoc
1465 2104 1616 2161 multi
1648 2102 1865 2167 dicunt;

271 2211 415 2281 quod
447 2218 622 2264 autem
665 2219 930 2262 ctesorum
978 2203 1171 2257 anima:
1195 2216 1318 2256 cum
1350 2199 1479 2268 ipsis
1520 2196 1627 2252 sint
1654 2237 1670 2261 ,
1701 2193 1864 2262 unde,

270 2315 478 2372 quaeso,
508 2298 685 2354 nosti?
717 2297 843 2367 lpsi,
871 2294 1133 2366 inquiunt,
1168 2291 1482 2347 daemoniaci
1509 2288 1611 2344 hoc
1636 2286 1821 2341 dicunt
1850 2304 1863 2340 :

271 2394 385 2463 Ego
431 2407 550 2447 sum
598 2391 774 2445 anima
805 2389 946 2444 illius
988 2387 1303 2456 cuiuspiam.
1330 2384 1525 2439 Verum
1578 2381 1693 2435 lucc
1725 2381 1866 2434 fraus

268 2496 327 2540 et
358 2485 563 2539 fallacia
610 2482 873 2537 diabolica
923 2490 1024 2535 est.
1053 2479 1237 2547 Neque
1263 2477 1405 2532 cnim
1456 2475 1634 2529 anima
1668 2472 1864 2527 mortui

266 2586 355 2632 est
378 2591 495 2646 quae
525 2576 740 2636 clamat,
776 2572 871 2627 sed
896 2572 1112 2626 daemon
1134 2568 1223 2639 qui
1254 2567 1357 2621 hoc
1385 2566 1603 2620 simulat
1634 2573 1692 2617 ut
1719 2562 1865 2616 andi-

269 2676 415 2722 torcs
437 2665 687 2733 decipiat.
718 2663 852 2719 Nam
879 2662 922 2717 si
949 2670 1131 2732 posset
1156 2658 1332 2712 anima
1356 2657 1421 2711 inv
1439 2656 1702 2711 dzemonis
1731 2654 1862 2708 sub-

267 2760 518 2814 stantiam
549 2757 775 2829 ingredi,
804 2756 975 2812 multo
1022 2754 1232 2809 facilius
1265 2754 1317 2806 in
1360 2765 1559 2821 corpus
1587 2765 1746 2804 suum
1778 2748 1861 2801 in-

265 2851 611 2920 grederetur.
642 2851 908 2905 Pranerea
936 2847 1057 2918 quis
1112 2846 1322 2900 ratione
1354 2841 1610 2913 praeditus
1636 2840 1862 2896 credere

267 2942 437 3011 possit
474 2941 707 2995 animam
764 2939 969 3006 laesam,
1014 2951 1075 2992 se
1113 2935 1324 2991 lmdenti
1362 2931 1605 2989 sociare?
1629 2941 1721 2985 aut
1763 2931 1862 2983 ho-

266 3033 467 3088 minem
499 3046 655 3102 posse
702 3030 809 3085 vim
863 3031 1234 3098 incorpoream
1287 3027 1339 3080 in
1380 3025 1603 3080 alteram
1650 3032 1863 3079 mutare

266 3142 281 3163 ’ν
300 3123 664 3180 obstantiam?
691 3123 821 3177 Nam
848 3119 895 3177 si
925 3122 977 3175 in
1017 3119 1335 3189 corporibus
1377 3118 1430 3171 id
1460 3117 1574 3172 fieri
1608 3126 1857 3186 nequeat,

267 3234 370 3274 nec
396 3217 659 3289 quispiam
687 3217 856 3286 possit
907 3227 1107 3284 corpus
1137 3211 1371 3267 hominis
1415 3211 1467 3263 in
1495 3224 1695 3278 corpus
1724 3207 1859 3261 asini

266 3319 513 3373 mutare;
571 3308 739 3384 multo
791 3307 962 3376 magis
1012 3306 1068 3359 in
1121 3304 1298 3358 anima
1348 3301 1599 3355 invisibili
1641 3300 1693 3353 id
1744 3298 1860 3353 fieri

266 3402 473 3472 nequit,
502 3415 602 3456 nec
624 3399 743 3472 quis
769 3398 940 3470 possit
973 3397 1118 3452 illam
1141 3397 1195 3450 in
1219 3394 1483 3449 daemonis
1506 3390 1861 3447 substantiam

268 3501 499 3547 vertere.

338 3583 392 3638 3.
426 3584 623 3637 Anima:
641 3590 761 3651 post
790 3588 999 3635 mortem
1028 3595 1129 3633 non
1160 3578 1241 3631 hic
1269 3585 1509 3641 manent,
1541 3575 1630 3629 sed
1672 3576 1724 3626 in
1765 3575 1861 3625 (tlt-

265 3693 418 3747 qucm
445 3675 698 3746 regionem
724 3674 995 3727 ducuntur.
1014 3669 1179 3725 Nemo
1204 3679 1275 3723 est
1294 3670 1413 3739 quin
1428 3668 1521 3722 Dei
1549 3667 1863 3735 prorideutia

270 3772 493 3838 fruatur.
521 3793 593 3805 —
619 3765 804 3835 Itaque
846 3762 1179 3818 anicularum
1220 3760 1488 3814 ebriarunt
1541 3758 1656 3812 lucc
1698 3758 1860 3812 verba

268 3866 395 3911 sunt
424 3866 477 3911 et
505 3870 791 3926 puerorum
824 3852 1093 3908 terricula.
1126 3850 1311 3919 Neque
1338 3852 1481 3904 enim
1514 3850 1639 3902 licet
1669 3851 1861 3900 attinnt:

268 3947 439 4003 semel
479 3963 509 4000 a
538 3960 763 4016 corpore
802 3944 1058 4013 seiunctae
1088 3942 1172 3995 hic
1210 3940 1465 4009 deinceps
1496 3939 1696 4008 vagari.
1730 3938 1860 3990 Nam

268 4039 540 4094 Justorum
567 4037 823 4092 animwin
853 4051 1008 4089 manu
1038 4032 1132 4087 Dei
1161 4041 1278 4086 sunt
1310 4031 1464 4102 (Sep.
1490 4032 1543 4085 5.
1586 4032 1669 4099 l);
1711 4030 1755 4083 si
1780 4030 1865 4097 in-

271 4145 475 4187 Storum
497 4174 512 4195 ,
545 4132 702 4185 etiam
728 4144 942 4200 quoque
975 4142 1263 4198 puerorum
1305 4125 1499 4178 auiutre
1531 4140 1544 4175 :
1575 4138 1680 4176 non
1719 4125 1860 4174 enim

272 4226 377 4280 ilhc
402 4225 553 4277 tnala:
579 4232 718 4278 sunt.
746 4222 1095 4277 Peccatorum
1122 4229 1299 4272 autem
1323 4218 1514 4271 anima:
1536 4216 1714 4270 statim
1740 4215 1864 4268 hinc

271 4315 628 4370 abducuntur.
675 4312 730 4367 ld
773 4312 945 4382 palam
994 4321 1077 4366 est
1119 4325 1184 4363 ex
1232 4307 1434 4363 Lazaro
1474 4315 1529 4360 et
1570 4306 1762 4372 divite;
1811 4314 1865 4360 et

272 4404 398 4459 alibi
437 4404 686 4458 Christus
710 4402 785 4455 ait
814 4420 826 4455 :
864 4399 1039 4455 Hodie
1069 4402 1290 4453 animum
1321 4408 1458 4451 tuam
1496 4407 1720 4467 repetent
1759 4413 1790 4447 α
1817 4405 1865 4451 te

273 4496 427 4567 (an.
460 4495 546 4549 12.
572 4495 684 4565 90).
719 4494 902 4563 Neque
939 4492 1052 4547 fieri
1090 4502 1293 4560 potest,
1339 4503 1396 4544 ut
1424 4491 1598 4544 anima
1646 4505 1707 4543 cx
1740 4503 1863 4543 eor-

274 4604 404 4657 pore
422 4601 633 4656 egressa
651 4627 666 4650 ,
697 4586 823 4642 hinc
847 4595 993 4640 erret
1017 4594 1071 4639 et
1092 4592 1346 4654 vagetur;
1369 4598 1544 4653 neque
1566 4582 1615 4636 id
1648 4581 1862 4649 injuria.

275 4681 407 4736 Nam
437 4681 479 4735 si
522 4695 642 4734 cum
690 4679 794 4734 iter
838 4677 1060 4733 facimus
1101 4678 1152 4730 in
1197 4686 1325 4729 nota
1366 4675 1521 4730 nobis
1547 4683 1599 4727 ct
1651 4681 1864 4726 assueta

276 4782 437 4836 terra,
465 4787 586 4825 cum
627 4785 855 4838 corpore
896 4769 1075 4824 amicti
1120 4781 1324 4831 sumus,
1364 4780 1484 4819 cum
1528 4765 1865 4835 peregrinam

272 4869 417 4920 viam
458 4867 700 4929 adimus,
728 4865 995 4920 nescimus
1040 4877 1141 4934 qua
1193 4861 1420 4915 transire
1454 4868 1715 4928 oporteat,
1764 4858 1863 4911 nisi

274 4957 467 5014 ducent
495 4956 818 5011 habeamus:
848 4954 1117 5027 quomodo
1138 4954 1311 5007 anima
1330 4968 1393 5006 ex
1413 4966 1636 5020 corpore
1658 4950 1863 5015 avulsa,

276 5047 554 5115 nihili-am
598 5057 869 5102 assuetum
897 5056 950 5101 et
990 5045 1259 5115 cognitum
1305 5042 1535 5107 habens,
1573 5042 1688 5096 sine
1734 5041 1868 5094 duce

275 5147 411 5201 sciet
436 5159 543 5215 quo
568 5144 634 5200 sit
662 5143 937 5198 cundum?
968 5142 1252 5210 Multisque
1274 5138 1393 5193 aliis
1419 5137 1747 5208 argumentis
1770 5135 1863 5190 dc-

276 5237 613 5307 prehendere
629 5245 738 5295 est,
768 5250 874 5289 non
906 5248 1062 5303 posse
1083 5233 1314 5287 animam
1345 5247 1407 5285 ex
1433 5246 1657 5297 corpore
1686 5244 1869 5298 egres-

276 5348 394 5389 sam
424 5332 509 5385 hic
540 5345 776 5384 manere.
835 5328 969 5383 Nam
1015 5327 1318 5396 Stephanus
1360 5326 1467 5380 ait:
1506 5324 1722 5394 Suscipe
1761 5326 1869 5391 spi-

278 5424 433 5475 ritum
468 5438 633 5475 meum
667 5423 806 5493 (Act.
837 5421 888 5473 7.
918 5420 1046 5491 58);
1086 5429 1138 5473 et
1165 5419 1359 5473 Paulus
1379 5460 1391 5481 ,
1426 5417 1649 5471 Dissolvi
1681 5428 1723 5468 et
1755 5432 1869 5467 cum

346 5558 420 5617 (tr)
440 5555 652 5617 ldipsum
671 5554 790 5604 dicit
804 5554 1173 5617 Chrysostomus
1196 5561 1330 5601 Hom.
1346 5554 1378 5601 ‘2
1399 5554 1462 5602 de
1486 5561 1672 5611 lazaro,
1686 5556 1867 5603 TomJ.

279 5620 380 5667 (lii.
394 5620 505 5675 985,
522 5617 606 5666 lin.
622 5620 671 5674 8,
685 5630 863 5679 nempe
873 5618 1141 5679 secundum
1153 5617 1468 5679 quorumdam
1480 5619 1757 5679 opinionem
1769 5618 1871 5665 ani-

279 5695 384 5729 mas
405 5682 718 5729 morientium
740 5677 984 5727 daemonas
1006 5677 1130 5727 ﬁeri.
1157 5677 1247 5726 Sed
1271 5677 1315 5725 id
1339 5678 1405 5725 ibi
1426 5678 1580 5726 solum
1613 5680 1789 5727 dicitur
1809 5679 1873 5727 de

279 5744 394 5802 illis,
418 5758 501 5805 qui
531 5742 743 5805 violenta
774 5740 1329 5805 mortedeeesseruut:
1371 5739 1586 5805 illudque
1624 5740 1750 5805 forte
1784 5741 1876 5789 hoc

281 5801 425 5855 etiam
440 5801 553 5854 loco
572 5801 1042 5863 subiutelligeudum
1065 5810 1173 5850 est:
1214 5814 1308 5848 non
1333 5801 1595 5849 verisimile
1621 5804 1751 5851 enim
1776 5812 1871 5861 est,

281 5868 326 5919 id
348 5884 433 5921 ecs
450 5871 513 5919 de
532 5864 783 5915 anhnabus
796 5862 1139 5914 decedendum
1156 5865 1368 5914 omnium
1388 5865 1711 5914 existimasse.

1145 434 1207 489 ΙΝ
1250 424 1656 489 ΜΑΤΊῊΑΞΠΜ
1698 419 1932 475 llOlllL.

1980 418 2213 475 XXVIII.
2256 423 2303 477 al
2371 424 2560 481 XXIX.
3478 428 3577 483 534

1989 538 2190 595 Christo
2216 560 2323 597 esse
2348 546 2505 597 multo
2531 546 2709 600 melius
2736 557 2809 601 est
2836 546 3103 618 (Philipp.
3149 550 3201 603 ί.
3232 549 3346 619 9.3).
3379 550 3457 606 De
3483 566 3579 621 pa-

1985 635 2214 691 triarcha
2250 653 2463 709 quoque
2502 642 2779 709 Scriptura
2805 642 2933 696 dicit
2966 661 2978 696 :
3014 642 3085 698 Et
3120 644 3389 714 appositus
3414 656 3487 699 est
3514 649 3583 698 ml

1980 738 2150 795 putres
2178 745 2321 795 suos,
2363 742 2625 799 provectus
2653 733 2704 784 in
2734 743 2988 787 senectute
3023 734 3157 788 bona
3197 732 3349 804 (Ceu.
3379 737 3471 791 25.
3498 737 3579 807 8).

1980 820 2131 887 Quod
2171 832 2348 877 autem
2397 839 2571 894 neque
2617 835 2956 894 peccatorum
3001 828 3197 899 anima:
3246 830 3451 900 possint
3495 832 3583 887 hic

1981 915 2213 983 versari,
2245 916 2367 970 audi
2395 918 2616 972 divitem
2646 921 2811 973 multa
2843 922 2942 976 hac
2967 921 3036 976 de
3059 939 3116 977 re
3142 924 3444 992 rogantem,
3477 939 3580 978 nec

1982 1008 2377 1077 impctrantem,
2410 1014 2499 1082 qui
2535 1014 2580 1067 si
2624 1015 2886 1082 potuisset
2915 1018 3154 1071 venisset
3197 1017 3347 1085 ipse,
3374 1025 3431 1071 et
3457 1032 3582 1087 qua

1982 1100 2087 1154 illic
2115 1100 2322 1156 fierent
2365 1103 2682 1159 nuntiasset.
2733 1105 2885 1162 Unde
2931 1107 3103 1175 palam
3151 1116 3265 1169 est,
3316 1117 3438 1178 post
3481 1109 3578 1163 de—

1978 1206 2188 1247 cessum
2208 1210 2276 1249 ex
2306 1194 2405 1249 hac
2437 1197 2540 1250 vita
2572 1198 2779 1251 animas
2801 1198 2853 1252 in
2875 1199 3160 1267 quamdam
3186 1200 3456 1269 regionem
3476 1200 3580 1255 de-

1979 1283 2127 1346 ferri,
2150 1300 2249 1339 nec
2266 1302 2425 1354 posse
2444 1287 2547 1342 huc
2572 1289 2785 1352 reverti,
2816 1288 2910 1343 sed
2936 1289 3227 1344 terribilem
3260 1290 3411 1345 illum
3432 1290 3577 1345 diem

1978 1388 2310 1446 exspectare.
2345 1378 2400 1435 Si
2443 1380 2564 1449 quis
2607 1396 2737 1435 vero
2765 1382 2991 1444 dixerit.
3021 1383 3132 1435 Cur
3172 1383 3220 1436 id
3252 1382 3393 1452 qttml
3430 1392 3579 1452 pete-

1977 1473 2105 1528 baut
2133 1474 2406 1529 diemones
2436 1476 2679 1531 Christus
2712 1476 2866 1540 fecit,
2894 1490 3015 1531 cum
3044 1477 3099 1530 in
3138 1492 3420 1547 pomorum
3452 1492 3579 1547 gre.

1977 1582 2096 1637 gem
2130 1569 2275 1637 ipsos
2304 1568 2504 1624 intrare
2530 1570 2809 1639 permisit?
2836 1569 3210 1639 responderim
3243 1584 3364 1640 ego,
3400 1570 3576 1638 ipsum

1977 1674 2083 1713 non
2124 1659 2174 1713 id
2205 1658 2397 1715 iecisse
2425 1661 2477 1715 in
2520 1662 2747 1730 gratiam
2788 1660 3037 1728 illorum;
3069 1662 3162 1717 sed
3193 1672 3250 1716 ut
3292 1662 3457 1716 multa
3498 1662 3578 1717 sic

1976 1747 2343 1818 dispensaret;
2366 1751 2561 1819 primo,
2585 1750 2876 1807 utdoceret
2904 1767 2999 1808 eos
3028 1753 3118 1823 qui
3144 1768 3173 1806 a
3197 1753 3445 1825 malignis
3473 1753 3575 1806 hu-

1970 1839 2209 1908 iusmodi
2230 1842 2469 1911 tyrannis
2492 1842 2703 1897 liberati
2720 1852 2924 1906 essent,
2947 1853 3203 1913 quantam
3234 1843 3529 1913 perniciem
3556 1844 3572 1874 ί

1974 1931 2229 1988 atl‘errent
2258 1933 2599 1989 insidiatores
2626 1935 2970 2006 huiusmodi;
3004 1937 3244 1991 secundo
3266 1978 3280 2001 ,
3314 1948 3369 1991 ut
3397 1938 3577 1992 disce-

1976 2034 2096 2078 rent
2142 2039 2355 2092 onmes,
2398 2024 2674 2081 dtetnonas
2715 2042 2783 2081 ne
2813 2026 3028 2097 quidem
3079 2042 3271 2096 porcos
3312 2027 3576 2083 invadere

1977 2130 2156 2184 posse,
2186 2116 2289 2172 nisi
2315 2118 2430 2189 ipse
2461 2119 2796 2190 permiserit;
2831 2120 2992 2174 tertio
3012 2161 3026 2184 ,
3056 2121 3201 2191 ipsos
3241 2122 3488 2190 graviora
3521 2123 3576 2176 in

1975 2208 2240 2275 homines,
2272 2226 2429 2281 quam
2461 2212 2512 2266 in
2546 2226 2768 2281 porcos,
2806 2222 3210 2282 perpetraturos
3236 2214 3402 2269 fuisse
3425 2255 3440 2276 ,
3471 2214 3575 2269 nisi

1973 2302 2029 2356 in
2076 2302 2379 2361 calamitate
2423 2318 2521 2372 per
2560 2318 2806 2373 magnam
2846 2304 2989 2357 illam
3041 2303 3132 2359 Dei
3181 2305 3572 2372 providentiam

1972 2394 2167 2448 servati
2190 2394 2434 2449 fuissent.
2457 2394 2589 2448 Nam
2613 2399 2755 2463 quod
2777 2396 3064 2469 magistros
3085 2411 3244 2465 quam
3274 2397 3425 2451 bruta
3457 2401 3577 2451 ani-

1970 2486 2130 2541 malia
2157 2486 2280 2540 odio
2325 2486 2575 2553 habeant,
2610 2487 2738 2541 nulli
2791 2502 2895 2540 non
2930 2487 3273 2542 manifesmm
3316 2500 3420 2543 est.
3473 2491 3577 2544 Ita-

1970 2593 2077 2649 que
2106 2582 2193 2648 qoi
2219 2579 2394 2648 porcis
2423 2594 2529 2634 non
2558 2588 2932 2648 pepercerunt,
2962 2590 3015 2633 et
3046 2580 3097 2633 iu
3135 2591 3411 2635 momento
3440 2592 3575 2636 tem-

1972 2673 2119 2742 poris
2149 2688 2335 2727 omnes
2384 2674 2818 2743 pra-cipitarunt,
2849 2673 3018 2727 multo
3067 2674 3237 2743 magis
3267 2673 3576 2729 hominibus

1970 2764 2023 2819 id
2066 2763 2359 2831 fecissent,
2390 2780 2525 2835 quos
2554 2764 2805 2820 tenebant
2845 2766 2897 2819 in
2934 2764 3210 2821 desertum
3242 2765 3575 2822 adducentes

1971 2866 2025 2911 et
2055 2857 2411 2922 abducentes,
2439 2858 2544 2913 nisi
2579 2860 2739 2913 etiam
2787 2859 2839 2912 in
2891 2859 2990 2913 hac
3040 2858 3155 2929 ipsa
3189 2875 3381 2930 magna
3411 2875 3572 2930 quam

1970 2950 2295 3004 exercebant
2322 2950 2628 3019 tyrannide,
2664 2950 2755 3003 Dei
2786 2965 2913 3005 cura
2933 2951 3201 3006 frenasset
3224 2960 3278 3005 et
3299 2954 3573 3008 coercuis-

1971 3049 2074 3107 set,
2102 3056 2170 3095 ne
2198 3041 2581 3110 perniciosiora
2613 3041 2881 3097 facerent.
2908 3041 3037 3096 lude
3066 3042 3236 3112 liquct
3256 3085 3271 3108 ,
3302 3044 3572 3099 neminem

1969 3149 2113 3200 esse,
2139 3134 2267 3205 quin
2300 3135 2395 3190 Dei
2423 3134 2757 3205 providentia
2795 3134 3025 3190 fruatur.
3049 3134 3202 3202 Quod
3244 3136 3287 3189 si
3315 3151 3419 3190 non
3457 3154 3575 3191 υυι-

1970 3240 2067 3280 nes
2098 3240 2203 3279 uno
2230 3226 2531 3296 eodemque
2560 3227 2743 3294 modo,
2777 3226 2880 3281 hoc
2905 3242 3119 3297 quoque
3162 3242 3413 3299 magnum
3446 3244 3575 3298 pro-

1969 3316 2225 3371 videntize
2252 3332 2424 3385 genus
2452 3326 2553 3372 est.
2600 3317 2732 3371 Nam
2780 3327 2837 3371 ut
2864 3318 3059 3387 cuique
3091 3318 3221 3373 utile
3246 3333 3369 3373 esse
3397 3329 3575 3389 potest

1968 3410 2107 3463 ratio
2134 3408 2483 3478 providentiae
2519 3409 2977 3465 accommodatur.
3021 3401 3101 3465 A'd
3130 3409 3247 3467 hzec
3280 3426 3411 3467 vero
3452 3428 3576 3483 qua:

1970 3502 2108 3555 dicta
2142 3510 2288 3565 sunt,
2320 3501 2462 3556 aliud
2507 3501 2633 3557 inde
2679 3502 2983 3556 discimus:
3027 3501 3169 3573 quod
3216 3504 3422 3559 scilicet
3465 3519 3573 3558 non

1973 3604 2177 3647 tantum
2203 3594 2457 3649 omnibus
2483 3594 2643 3648 simul
2675 3595 2952 3663 provideat
2971 3636 2986 3657 ,
3016 3594 3111 3648 sed
3143 3596 3303 3649 etiam
3349 3596 3575 3666 singulis

1970 3686 2231 3750 scorsim;
2265 3685 2407 3756 quod
2432 3687 2593 3754 etiam
2615 3684 2896 3755 discipulis
2923 3685 3176 3740 indicavit
3202 3686 3388 3742 dicens
3416 3702 3433 3740 :
3470 3685 3572 3740 Ve-

1968 3784 2062 3835 stri
2091 3780 2268 3851 capilli
2293 3782 2475 3849 capitis
2493 3796 2665 3835 omnes
2687 3780 2937 3833 numerati
2962 3791 3078 3834 sunt
3101 3780 3314 3850 (Matth.
3342 3782 3427 3836 10.
3454 3782 3569 3843 δυ).

1972 3875 2156 3941 Exque
2196 3873 2544 3928 dminoniacis
2573 3872 2623 3926 id
2649 3872 2794 3925 clare
2829 3872 3010 3924 videre
3048 3880 3151 3937 est,
3194 3874 3282 3941 qui
3306 3872 3416 3941 iam
3445 3874 3573 3928 olim

1971 3965 2215 4020 Sull'oeati
2244 3966 2491 4027 fuissent,
2521 3963 2621 4016 nisi
2650 3978 2861 4016 summe
2890 3977 3112 4016 curante
3146 3964 3254 4018 Deo
3286 3980 3576 4019 servarem

1975 4068 2078 4110 tur.
2119 4057 2409 4131 Pmpterca
2452 4054 2697 4125 permisit
2738 4068 2834 4108 eos
2871 4056 3020 4108 abire
3057 4056 3109 4108 in
3139 4071 3354 4125 gregem
3386 4072 3579 4125 por00~

1975 4166 2114 4211 runt,
2148 4163 2201 4201 ut
2231 4150 2319 4217 qui
2345 4153 2617 4216 regionem
2654 4145 2981 4210 incolebant,
3018 4148 3132 4216 eius
3168 4151 3462 4216 potentiam
3491 4149 3575 4202 div

1975 4252 2209 4297 soerent.
2236 4241 2335 4295 Ubi
2382 4255 2613 4311 namque
2656 4255 2850 4293 nomen
2893 4241 3062 4308 ipsius
3105 4252 3292 4295 notum
3323 4252 3462 4307 crat,
3502 4244 3578 4299 ibi

1974 4350 2081 4389 non
2132 4333 2287 4388 valde
2335 4348 2392 4387 sc
2443 4331 2813 4387 ostendebat:
2866 4332 2957 4386 ubi
3012 4347 3141 4386 vero
3186 4347 3346 4386 nemo
3400 4334 3575 4403 ipsum

1978 4435 2219 4490 noverat,
2250 4424 2582 4493 stolidusquc
2622 4424 2854 4493 populus
2880 4432 3015 4480 erat.
3044 4422 3113 4477 ibi
3149 4424 3423 4479 miraculis
3464 4441 3579 4479 mat

1976 4522 2056 4589 gis
2082 4519 2350 4589 lolgcbat,
2383 4528 2441 4572 ut
2483 4518 2602 4571 illos
2622 4516 2689 4569 ad
2723 4516 3018 4570 divinitatis
3057 4531 3170 4570 sua:
3206 4518 3574 4585 cognitionem

1978 4613 2335 4682 pertraheret.
2355 4609 2510 4677 Quod
2532 4620 2708 4663 autem
2728 4609 2908 4663 stolidi
2931 4618 3115 4663 essent
3135 4609 3167 4662 ii
3187 4610 3275 4679 qui
3304 4611 3576 4666 civitate!)

1979 4708 2123 4760 illam
2156 4704 2485 4766 incolebant,
2513 4719 2575 4757 ex
2608 4703 2673 4756 iis
2697 4718 2817 4769 quae
2848 4702 2901 4757 in
2925 4702 3031 4756 line
3056 4714 3203 4771 gesta
3229 4713 3354 4756 sunt
3385 4704 3577 4773 liquet.

1977 4800 2112 4853 Cum
2144 4799 2475 4869 oportuisset
2503 4796 2648 4852 enim
2676 4795 2823 4849 illum
2852 4794 3100 4861 adorare,
3130 4796 3355 4863 eiusque
3387 4806 3582 4865 poten-

1980 4894 2105 4946 tiam
2129 4892 2333 4956 mirari,
2364 4890 2511 4944 illum
2532 4889 2866 4959 repulerunt,
2890 4899 2941 4943 ct
2960 4898 3215 4957 rogarunt
3238 4890 3527 4943 abscedere
3549 4906 3577 4944 ε

1982 4986 2177 5040 finibus
2222 4984 2353 5038 suis.
2385 4982 2494 5039 Sed
2540 4998 2636 5036 cur
2680 4982 2955 5036 dzemones
3001 4995 3193 5050 porcos
3228 4982 3575 5037 occiderunt:

1980 5080 2206 5149 Semper
2236 5078 2509 5134 dre-mones
2543 5077 2593 5131 id
2622 5086 2815 5156 curant
2838 5085 2894 5129 ut
2924 5074 3171 5129 homines
3203 5077 3256 5129 in
3290 5091 3580 5131 maerorem

1980 5172 2305 5243 coniiciaot,
2340 5185 2660 5240 semperque
2688 5170 2754 5223 de
2796 5168 3006 5223 illorum
3054 5169 3295 5237 pernicie
3326 5169 3579 5239 gaudent.

1983 5265 2095 5319 lloc
2126 5268 2251 5317 item
2282 5262 2417 5316 Jobo
2443 5262 2688 5315 diabolus
2722 5259 2866 5321 fecit,
2898 5264 3019 5330 quia
3056 5260 3125 5313 ibi
3158 5259 3319 5313 etiam
3358 5261 3408 5313 id
3442 5262 3585 5314 Deus

1984 5356 2231 5424 permisit
2259 5372 2271 5407 :
2296 5369 2483 5409 verum
2516 5368 2690 5422 neque
2719 5352 2791 5405 ibi
2813 5353 3026 5407 diabolo
3048 5351 3463 5419 obtemperavit,
3488 5354 3586 5407 sed

1985 5446 2128 5513 quod
2171 5446 2427 5500 famulum
2460 5459 2616 5498 suum
2657 5444 2821 5499 vellet
2847 5444 3271 5513 Splendidiorem
3317 5444 3585 5510 reddere,

1986 5538 2325 5604 darmonique
2371 5552 2588 5591 onmem
2632 5537 2975 5606 impudentia:
3023 5550 3208 5588 ausam
3266 5537 3585 5604 praecidere,

1986 5642 2143 5702 atque
2173 5647 2267 5686 sua
2300 5632 2350 5685 in
2386 5631 2588 5701 justum
2634 5630 2865 5684 facinora
2908 5631 2957 5683 in
2999 5640 3160 5698 caput
3206 5630 3371 5698 ipsius
3412 5640 3588 5684 retor-

1986 5743 2170 5797 quere.
2198 5729 2261 5781 Et
2279 5742 2419 5780 nunc
2442 5743 2654 5794 quoque
2676 5735 2858 5779 contra
2881 5724 3095 5791 accidit,
3119 5738 3280 5793 quam
3311 5722 3596 5775 tltt‘tttmles

2057 5871 2071 5897 ι
2108 5866 2219 5921 Alii,
2240 5871 2465 5926 quantum
2492 5862 2686 5912 ralriem.
