4094 6472
549 379 654 439 355

546 493 813 550 volebant.
842 490 970 546 Nam
988 488 1182 545 Christi
1212 490 1444 559 potentia
1470 489 1666 542 clarius
1695 486 2105 556 przrdicabatur,

544 597 608 638 ac
645 581 877 653 nequitia
907 580 1208 636 da-monum
1231 620 1245 643 ,
1276 593 1347 633 ex
1380 596 1481 649 qua
1509 578 1596 632 ille
1639 579 1779 633 eruit
1816 590 2004 631 omnes
2028 576 2119 647 qui

545 676 613 730 ab
630 675 759 747 ipsis
778 673 1175 739 detinebantur,
1194 669 1523 728 manifestius
1539 672 1801 743 apparuit,
1830 681 2120 739 notumque

546 765 667 834 fuit,
700 766 822 821 illos
868 780 936 821 ne
983 764 1037 820 in
1066 779 1259 835 porcos
1294 763 1505 834 quidem
1539 762 1736 817 habere
1776 771 2118 833 potestatem,

545 858 647 914 nisi
677 856 730 913 id
752 857 1051 928 permiserit
1074 856 1438 909 universorum
1465 853 1620 907 Deus.

615 950 671 1005 4.
701 946 982 1001 Parcarum
1026 945 1224 1000 diabolo
1253 944 1556 998 traditarum
1592 943 1803 998 historia
1845 942 2118 1015 anagogice

538 1039 843 1111 ἀρησαίατ’.
869 1036 1154 1107 Descriptio
1176 1037 1348 1091 lascivi
1367 1046 1413 1091 et
1438 1037 1598 1092 arari.
1622 1067 1691 1077 —-
1711 1037 1767 1092 Si
1796 1035 1916 1106 quis
1940 1047 2115 1089 autem

548 1130 661 1186 hac
684 1130 972 1201 anagogice
997 1128 1125 1184 velit
1145 1130 1412 1198 accipere,
1445 1129 1496 1183 id
1530 1130 1710 1199 utique
1739 1128 1883 1193 licet,
1910 1126 2003 1183 sed
2033 1126 2113 1180 hi~

542 1223 709 1279 storis
732 1223 810 1278 sic
838 1222 1017 1277 habet.
1046 1221 1335 1278 Sciendum
1368 1236 1527 1292 porro
1555 1230 1637 1276 cst
1662 1221 1905 1275 homines
1928 1234 2118 1291 porco-

541 1330 659 1371 rum
700 1315 869 1370 instar
906 1315 1166 1377 viventes.
1198 1313 1529 1369 daemonibus
1569 1327 1690 1369 esse
1717 1319 1871 1381 captu
1913 1311 2114 1365 faciles.

540 1408 641 1476 Qui
681 1416 858 1463 autem
898 1407 1012 1462 lucc
1048 1408 1346 1478 patiuntur,
1375 1408 1615 1461 homines
1644 1421 1764 1460 cum
1804 1406 1945 1469 sint,
1974 1418 2118 1472 saipe

547 1506 772 1568 possunt
800 1498 919 1553 illos
938 1513 1227 1569 superare;
1257 1498 1303 1552 si
1323 1513 1453 1551 vero
1481 1497 1624 1566 porci
1654 1495 1872 1551 omuino
1897 1495 2115 1559 fuerint,

542 1603 648 1643 non
676 1588 837 1644 modo
860 1602 889 1642 a
915 1587 1244 1643 daemonibus
1269 1587 1622 1657 exagitantur,
1650 1585 1743 1640 sed
1768 1584 1928 1640 etiam
1974 1598 2117 1655 prte-

542 1679 848 1748 cipitantur.
877 1677 1209 1747 lnsuperque
1251 1691 1317 1729 ne
1356 1675 1474 1745 quis
1510 1675 1612 1729 hac
1638 1690 1752 1729 rem
1794 1689 1913 1729 esse
1942 1673 2116 1729 ﬁctam

541 1779 787 1839 putaret,
815 1766 908 1823 sed
937 1768 1160 1838 quisque
1190 1767 1434 1821 crederet
1471 1765 1746 1820 daemones
1804 1764 1819 1795 ¹
1848 1778 1973 1818 vere
2019 1778 2117 1817 cx-

544 1861 735 1924 ivisse,
766 1874 831 1912 ex
877 1872 1157 1928 porcorum
1204 1868 1375 1911 morte
1410 1856 1461 1911 id
1494 1854 1831 1910 manifestum
1870 1852 2115 1909 efficitur.

543 1953 638 2007 llic
659 1966 787 2008 vero
834 1953 1103 2023 perpende
1143 1952 1261 2022 ejus
1297 1949 1764 2006 mansuetudinem
1808 1962 1932 2003 cum
1962 1956 2116 2021 pote-

541 2053 678 2099 state
705 2045 1065 2113 conjunctam.
1098 2043 1231 2098 Cum
1262 2043 1404 2098 enim
1431 2043 1664 2113 regioiiis
1692 2040 1881 2096 incola:
1903 2084 1917 2107 ,
1953 2051 2028 2095 tot
2053 2041 2120 2097 ab

542 2150 609 2189 eo
651 2135 885 2205 acceptis
913 2134 1204 2196 beneflciis,
1254 2135 1398 2188 illum
1447 2134 1513 2187 ab
1539 2147 1597 2187 se
1638 2131 1915 2187 discedere
1956 2144 2110 2201 coge-

541 2235 683 2292 rent,
712 2242 818 2281 non
866 2227 1077 2290 restitit,
1124 2226 1216 2280 sed
1251 2226 1528 2291 discessit,
1560 2239 1763 2295 eosque
1800 2224 1890 2295 qui
1934 2238 1993 2277 se
2018 2223 2118 2279 da-

540 2319 709 2373 ctrina
736 2318 901 2389 ipsius
928 2316 1171 2389 indignos
1198 2316 1573 2382 declarabant,
1604 2316 1839 2387 reliquit,
1868 2315 2121 2371 doctores

545 2409 825 2478 assignans
845 2408 948 2463 illis
965 2422 1081 2472 eos,
1110 2408 1199 2479 qui
1231 2423 1259 2461 a
1288 2408 1619 2462 daemonibus
1648 2407 1856 2462 liberati
1888 2404 2117 2473 fuerant,

540 2514 748 2557 necnon
777 2499 1049 2567 subulcus,
1083 2516 1111 2555 a
1141 2500 1334 2570 quibus
1361 2514 1710 2569 quaecumque
1736 2508 1884 2569 gesta
1914 2498 2122 2553 fuerant

532 2590 787 2649 ediscere
815 2601 1059 2661 poterant
1084 2609 1097 2645 :
1130 2590 1387 2646 recedens
1414 2605 1575 2659 porro
1596 2590 1863 2659 ingentem
1895 2588 2026 2659 ipsis
2051 2587 2122 2641 ti-

544 2700 748 2739 morem
779 2684 1007 2753 reliquit.
1040 2682 1226 2737 Damni
1276 2681 1471 2751 quippe
1502 2680 1809 2749 magnitudo
1849 2680 1925 2733 rei
1954 2688 2121 2749 gesta:

543 2775 737 2829 famam
764 2774 1066 2844 .evulgabat,
1089 2787 1284 2842 resque
1304 2780 1445 2826 tanta
1465 2769 1697 2842 ipsorum
1724 2768 1932 2825 animos
1952 2772 1973 2801 ²
1991 2784 2118 2839 pcr-

540 2868 764 2921 rulcrat.
808 2865 1056 2935 Undique
1096 2878 1341 2919 rumores
1386 2862 1778 2928 afferebantnr,
1807 2863 1925 2918 lucc
1969 2870 2120 2934 gesta

540 2956 800 3025 stupenda
826 2955 1194 3025 prmdicantcs,
1211 2954 1276 3008 ab
1298 2954 1361 3007 iis
1381 2955 1468 3022 qui
1490 2954 1659 3009 curati
1678 2951 1911 3017 fuerant,
1934 2966 1962 3005 a
1986 2967 2123 3021 pra:-

540 3046 771 3115 cipitatis
799 3034 992 3113 porcis,
1022 3059 1052 3097 a
1080 3057 1364 3112 porcorum
1395 3042 1643 3109 dominis,
1672 3044 1972 3098 asubulcis.
1998 3041 2123 3097 Haec

540 3150 700 3209 porro
718 3151 857 3189 nunc
872 3135 1031 3189 etiam
1051 3134 1233 3189 videre
1248 3141 1350 3199 est,
1367 3133 1564 3189 multos
1582 3133 1633 3188 in
1647 3134 1907 3204 sepulcris
1922 3134 2123 3188 dmmo—

541 3230 893 3297 niueos,quos
914 3226 1346 3281 nibilabinsauia
1381 3224 1615 3290 cohibet,
1633 3240 1737 3279 non
1771 3225 1993 3291 ferrum,
2014 3238 2116 3279 non

541 3330 745 3385 catena,
783 3335 887 3374 non
925 3318 1207 3374 multitudo
1246 3317 1542 3381 hominum,
1591 3332 1696 3371 non
1743 3316 1961 3383 monita,
2009 3332 2114 3371 non

548 3426 744 3475 terror,
775 3426 879 3467 nor.
909 3412 1098 3474 minae,
1128 3426 1233 3464 non
1263 3410 1387 3479 quid
1426 3409 1620 3465 simile.
1652 3408 1784 3464 Cum
1825 3412 1944 3480 quis
1974 3412 2117 3466 enim

543 3507 772 3563 lascivus
807 3518 1091 3573 corporum
1122 3500 1294 3558 forma
1334 3503 1561 3572 capitur,
1596 3503 1728 3557 nihil
1750 3502 1976 3558 dill‘erta
2007 3503 2119 3558 dae-

542 3596 789 3651 nmniaco
819 3614 830 3646 :
861 3592 954 3649 sed
984 3592 1159 3649 nudus
1184 3601 1243 3646 ut
1271 3592 1359 3647 ille
1390 3594 1835 3662 circumvagatur,
1880 3593 2121 3647 vestibus

540 3689 753 3759 quidem
786 3686 1027 3747 indutus,
1058 3683 1154 3739 sed
1180 3697 1309 3738 vero
1337 3684 1534 3738 amictu
1565 3684 1842 3753 spoliatus,
1871 3691 1928 3739 et
1948 3683 2117 3753 gloria

540 3780 640 3833 sibi
665 3778 840 3831 debita
868 3774 1133 3839 nudatus,
1177 3789 1281 3828 non
1331 3774 1589 3844 lapidibus
1621 3788 1741 3829 sese
1784 3774 2112 3844 percutiens,

540 3872 633 3927 sed
664 3871 897 3939 peccatis
915 3867 1091 3937 lapide
1114 3868 1269 3936 longe
1289 3866 1610 3922 durioribus.
1636 3866 1766 3933 Quis
1795 3867 1955 3937 igitur
1979 3868 2119 3921 hunc

540 3961 808 4017 hominem
830 3959 995 4028 ligare
1018 3957 1210 4025 poterit
1229 3954 1547 4025 sedareque,
1570 3965 1679 4009 tam
1703 3956 1931 4026 turpiter
1956 3971 2117 4026 agon-

542 4064 668 4115 tem,
699 4052 1045 4122 petulantem,
1070 4062 1357 4117 numquam
1389 4048 1469 4103 sui
1502 4056 1827 4119 compotem,
1852 4049 1947 4104 sed
1978 4064 2120 4104 sem-

542 4160 636 4215 per
669 4142 912 4213 sepulcra
956 4141 1276 4196 adeuntem?
1300 4140 1447 4195 Talia
1478 4141 1676 4212 quippe
1704 4153 1829 4197 sunt
1877 4142 2119 4197 mel-em-

537 4251 657 4290 eum
690 4233 978 4290 diversoria
1013 4232 1183 4285 multo
1205 4228 1398 4285 faetore
1423 4232 1596 4300 plena,
1624 4233 1786 4286 multa
1815 4233 2118 4299 putredine.

538 4325 673 4394 Quid
696 4325 763 4380 de
792 4338 950 4377 avaro
979 4320 1258 4377 dicamus?
1280 4335 1457 4376 nonne
1478 4330 1533 4376 et
1564 4320 1681 4391 ipse
1712 4322 1832 4375 talis
1861 4321 1976 4375 est?
2000 4322 2119 4391 quis

540 4434 662 4471 cum
692 4416 854 4485 ligare
872 4427 1122 4482 umquam
1143 4411 1333 4482 poterit
1347 4411 1372 4463 ἲ
1390 4410 1501 4465 Non
1532 4419 1785 4478 terrores,
1805 4426 1912 4466 non
1936 4412 2116 4479 minas,

544 4522 648 4561 nou
688 4506 909 4566 monita,
946 4519 1049 4557 non
1080 4500 1299 4557 consilia
1322 4499 1398 4573 (a)
1425 4519 1437 4555 :
1463 4515 1645 4556 verum
1672 4502 1787 4557 haec
1813 4502 1989 4557 omnia
2028 4503 2118 4558 ille

542 4597 752 4653 vincula
797 4596 1029 4662 rumpit:
1058 4604 1113 4647 et
1138 4594 1184 4649 si
1212 4592 1329 4663 quis
1359 4592 1625 4648 soluturus
1654 4608 1683 4648 a
1712 4596 1939 4651 vinculis
1962 4610 2117 4651 acce-

543 4687 635 4741 dat
654 4729 669 4751 ,
697 4685 905 4755 adjurat
934 4701 1057 4740 eum
1087 4700 1153 4740 ne
1196 4684 1463 4749 solvatur,
1494 4686 1782 4740 cruciatum
1830 4686 2115 4742 maximum

540 4783 853 4839 existimans
882 4794 985 4832 non
1011 4794 1130 4832 esse
1160 4777 1213 4831 in
1240 4780 1475 4832 cruciatu
1501 4794 1517 4830 :
1544 4793 1649 4847 quo
1678 4778 1803 4847 quid
1836 4780 2117 4836 miserabi-

544 4874 644 4928 lius
661 4872 855 4927 dicato:
888 4873 902 4903 β
934 4869 1021 4923 ille
1052 4883 1280 4937 namque
1305 4868 1533 4935 daemon,
1552 4870 1649 4925 etsi
1673 4869 1916 4927 homines
1946 4874 2118 4941 despi.

542 4974 707 5026 ceret,
736 4976 784 5017 at
815 4962 1007 5017 Chrisu
1046 4961 1214 5032 jussui
1243 4961 1421 5025 cessit,
1452 4970 1505 5016 et
1543 4961 1651 5016 cito
1679 4978 1709 5017 a
1745 4976 1970 5034 corpore
1995 4965 2117 5019 abs-

539 5057 732 5118 cissit;
765 5054 852 5109 hic
880 5068 1006 5107 vero
1046 5068 1152 5106 non
1186 5051 1328 5107 cedit
1358 5062 1643 5121 prtrcepto.
1670 5052 1799 5108 Nam
1834 5056 1954 5110 licet
1980 5071 2111 5123 quo.

544 5146 670 5198 t'sdie
702 5142 880 5196 audiat
912 5143 1055 5196 illum
1082 5142 1349 5196 dicentem
1372 5183 1385 5203 ,
1414 5141 1535 5196 Non
1567 5145 1765 5212 potestis
1801 5144 1903 5199 Dea
1932 5147 2115 5201 servire

542 5252 588 5289 et
616 5250 864 5288 mamonae
886 5233 1097 5303 (Matth.
1123 5233 1172 5288 6.
1192 5233 1309 5301 24),
1332 5238 1428 5287 etsi
1451 5235 1746 5303 gehennam
1764 5238 2115 5293 committetur

542 5338 597 5382 et
617 5326 964 5382 intolerabilia
997 5326 1275 5395 supplicia,
1302 5342 1406 5380 non
1429 5329 1759 5395 obtemperat
1786 5339 1982 5396 tamen,
2008 5346 2111 5386 non

544 5417 683 5484 quod
713 5416 931 5472 Christo
957 5417 1024 5471 sit
1058 5416 1266 5481 fortior,
1312 5417 1403 5472 sed
1429 5419 1570 5488 quod
1601 5418 1841 5475 Christus
1872 5436 1969 5476 nos
2008 5439 2112 5478 non

544 5506 735 5562 invitos
762 5508 828 5561 ad
858 5508 1279 5577 resipisceutiam
1307 5508 1484 5563 ducat.
1523 5510 1749 5582 Ideoque
1777 5512 1848 5567 illi
1877 5514 2025 5583 quasi
2059 5514 2111 5570 in

605 5665 621 5696 ί
662 5663 748 5713 Atii
768 5662 956 5726 iamut,
980 5666 1259 5723 (ιαηιιοηρηι,

606 5727 627 5756 ³
662 5726 835 5788 Aliqui,
860 5725 1191 5788 ignorantiam.

610 5787 680 5848 (a)
712 5786 763 5836 in
781 5786 940 5838 Cra-ixi
964 5790 1039 5837 hit:
1062 5792 1251 5850 [onitur
1287 5786 1479 5852 signum
1522 5792 1923 5854 itttcrrOgattonis.

1320 376 1379 433 S.
1416 375 1692 432 JOANNIS
1727 371 2192 430 ειιιῑγδοετοδιι
2234 377 2551 443 ARCIIIEP.
2585 383 3117 450 CUNSTANTINUP.

3700 416 3811 472 358

2231 491 2460 585 desertis
2504 506 2801 566 versantur,
2844 504 3053 563 etiamsi
3083 510 3135 565 in
3177 514 3369 570 mediis
3408 519 3517 575 sint
3565 524 3811 585 urbibus.

2230 584 2529 685 Quis-enim
2574 600 2752 648 mente
2778 596 2965 653 valens
3009 603 3177 685 possit
3203 621 3323 663 cum
3364 608 3667 683 hnjusmodi
3706 622 3810 679 ho-

2229 674 2462 768 minibus
2488 682 2731 736 versari?
2758 682 2967 742 Mallem
2995 674 3583 762 certecum'sexc'entis

2229 766 2397 859 niacis
2426 768 2662 828 habitare
2680 814 2696 839 ,
2726 790 2885 845 quam
2927 793 3047 836 cum
3074 800 3181 839 uno
3214 789 3314 845 hoc
3343 792 3621 853 laborante

2228 856 2296 957 bo
2321 875 2336 909 :
2368 861 2617 932 quodque
2657 865 2729 921 ita
2758 867 2982 938 loquens
3010 888 3116 929 non
3147 878 3390 937 aberrem
3410 925 3426 951 ,
3456 887 3716 957 probatur
3734 856 3810 949 ex

2230 946 2301 1051 iis.
2322 965 2446 1051 qum
2469 956 2681 1051 utrique
2707 960 2997 1028 patiuntur.
3030 964 3093 1021 Hi
3122 983 3354 1044 namque
3520 980 3611 1051 qui
3636 997 3697 1039 se
3724 946 3814 1038 ni:

2229 1042 2305 1146 [ιβ-Ι
2335 1043 2493 1111 laesit,
2522 1046 2794 1106 inimicum
2832 1054 2934 1110 sibi
2971 1067 3178 1128 putant,
3210 1042 3503 1139 volantque
3536 1042 3667 1128 eum
3719 1077 3813 1146 qui

2232 1134 2369 1224 liber
2394 1146 2477 1194 est
2525 1155 2738 1198 servum
2783 1161 2936 1202 suum
2966 1163 3103 1217 esse,
3129 1163 3189 1209 ut
3216 1155 3269 1211 in
3311 1134 3467 1215 malis
3512 1134 3817 1224 innumeris

2226 1221 2549 1320 involvant;
2616 1231 2934 1292 daemoniaci
3009 1256 3139 1298 vero
3194 1247 3333 1302 nihil
3399 1253 3505 1309 tale
3555 1221 3805 1320 faciunt;

2223 1314 2317 1368 sed
2373 1318 2621 1374 morbum
2676 1321 2728 1377 in
2784 1340 2843 1380 se
2892 1328 3129 1387 retinent
3172 1335 3211 1389 '.
3276 1336 3355 1393 illi
3409 1344 3612 1400 multas
3666 1314 3805 1403 sub;

2225 1415 2439 1461 vertunt
2481 1408 2693 1476 domos,
2728 1412 2885 1484 idque
2914 1429 3196 1487 peragunt,
3232 1432 3289 1475 ut
3315 1440 3505 1478 nomen
3560 1428 3655 1483 Di-i
3702 1432 3815 1485 hla-

2224 1497 2567 1566 sphemetur,
2598 1516 2661 1557 ac
2707 1505 2974 1573 pernicies
3001 1520 3127 1565 sunt
3165 1520 3220 1566 et
3246 1512 3392 1568 urbis
3426 1525 3481 1571 et
3518 1518 3665 1573 orbis
3692 1520 3818 1575 uni-

2224 1589 2366 1645 versi
2393 1608 2421 1667 ;_
2439 1591 2494 1645 hi
2516 1607 2645 1647 vero
2674 1609 2704 1648 a
2735 1595 3068 1653 dmmonibus
3088 1603 3363 1672 exagitati,
3392 1607 3740 1666 miseratione
3760 1622 3817 1669 et

2227 1680 2480 1753 lacrymis
2501 1683 2647 1755 digni
2684 1695 2827 1741 sunt.
2862 1687 2926 1744 Hi
2967 1700 3114 1747 certe
3156 1694 3272 1749 sine
3303 1697 3413 1753 ulla
3449 1713 3612 1755 sensu
3643 1704 3815 1760 multa

2226 1769 2461 1837 faciunt;
2493 1775 2567 1829 illi
2600 1778 2807 1832 ratione
2835 1780 3042 1850 praediti
3076 1783 3394 1856 impingunt,
3415 1790 3467 1844 in
3496 1792 3691 1850 mediis
3718 1811 3816 1849 uro

2226 1862 2380 1957 bibus
2407 1864 2819 1937 debacchautes,
2848 1880 2902 1926 et
2923 1888 3061 1928 novo
3082 1877 3313 1945 quodam
3347 1880 3523 1937 furore
3552 1887 3837 1957 correpti-

2225 1952 2360 2022 Quid
2392 1956 2534 2012 enim
2569 1959 2674 2015 tale
2701 1958 2903 2017 faciunt
2928 1963 3242 2023 daunoniaci
3272 1984 3496 2038 omnes,
3525 1977 3686 2045 quale
3711 1952 3817 2034 au-

2228 2056 2321 2136 sus
2367 2054 2452 2101 est
2502 2045 2702 2115 Judas,
2758 2060 3054 2111 extremam
3106 2072 3391 2129 aggressus
3437 2064 3816 2136 iniquitatem?

2226 2131 2387 2190 Certe
2412 2151 2603 2196 omnes
2629 2141 2719 2209 qui
2742 2142 2891 2199 illum
2913 2146 3209 2216 imitantur,
3232 2160 3360 2207 sunt
3382 2131 3693 2224 quasi-ferte
3716 2161 3817 2215 im-

2228 2240 2414 2321 manes
2456 2243 2525 2285 ex
2567 2235 2873 2291 carceribus
2912 2237 3129 2308 elapsae,
3175 2243 3425 2301 civitates
3470 2249 3815 2321 perturbant,

2227 2320 2443 2375 nemine
2467 2321 2774 2381 cohibente.
2810 2325 2877 2381 Hi
2906 2336 3082 2386 tamen
3126 2333 3354 2390 vinculis
3395 2337 3633 2410 undique
3673 2320 3813 2397 con;

2229 2413 2580 2483 stringuntur,
2604 2418 2778 2487 qualia
2807 2428 2951 2485 sunt,
2980 2422 3218 2490 judicum
3242 2436 3432 2495 terror,
3464 2428 3639 2500 legum
3666 2448 3816 2490 com~

2230 2500 2572 2571 minationes,
2601 2512 2740 2582 vulgi
2768 2513 3074 2584 maledicta,
3106 2528 3160 2573 et
3182 2520 3284 2574 alia
3311 2521 3536 2591 plurima
3563 2542 3579 2593 ;
3613 2526 3699 2583 bis
3728 2538 3812 2584 ta-

2232 2612 2351 2650 men
2394 2598 2469 2653 illi
2497 2597 2726 2671 diruptis
2751 2605 2929 2659 omnia
2974 2621 3067 2662 sus
3090 2607 3265 2679 deque
3294 2624 3531 2669 vertunt.
3564 2616 3721 2685 Quod
3764 2623 3810 2676 si

2227 2690 2348 2758 quis
2380 2691 2493 2745 ιλιι-υ
2530 2693 2737 2748 vincula
2781 2696 3039 2765 auferret,
3073 2700 3117 2754 is
3161 2703 3461 2760 (immanem
3482 2706 3607 2763 illos
3647 2724 3813 2765 occu-

2228 2792 2444 2850 pantem
2471 2784 2615 2840 clare
2643 2800 3025 2859 cognosceret,
3056 2794 3148 2863 qui
3180 2804 3327 2851 certe
3356 2799 3524 2855 multo
3549 2810 3606 2856 et
3632 2803 3816 2861 acrior

2226 2884 2281 2928 et
2306 2873 2535 2931 ferocior
2558 2886 2642 2933 est
2664 2895 2732 2934 eo
2755 2882 2843 2949 qui
2865 2896 3011 2938 nunc
3039 2898 3286 2954 egressus
3308 2900 3574 2946 narratur.

2297 2968 2349 3022 5.
2381 2967 2576 3024 Verum
2607 2972 2728 3041 quia
2772 2973 2825 3028 id
2852 2975 2966 3029 fieri
2998 2978 3202 3048 nequit,
3233 2981 3400 3037 verbo
3430 2992 3609 3042 tamen
3657 2997 3816 3046 tenus

2230 3058 2327 3112 ista
2352 3058 2630 3129 fingamus,
2655 3071 2709 3118 et
2730 3073 2946 3120 eatenas
2963 3066 3081 3137 ejus
3107 3084 3296 3126 omnes
3320 3071 3660 3142 auferamus;
3685 3088 3816 3136 tunc

2228 3147 2342 3217 (‘jtts
2374 3149 2610 3206 furorem
2627 3154 2829 3223 liquido
2848 3158 3100 3214 sciemus.
3128 3163 3199 3215 At
3226 3161 3393 3218 feram
3418 3180 3445 3218 a
3469 3167 3624 3223 nobis
3646 3169 3817 3226 nuda-

2230 3251 2335 3295 tum
2368 3256 2435 3296 ne
2460 3241 2759 3300 formidatis
2783 3264 2796 3299 :
2829 3248 2881 3300 in
2909 3250 3074 3304 verbo
3101 3265 3333 3324 namque
3359 3264 3465 3310 tota
3494 3271 3656 3313 scena
3681 3273 3815 3317 can-

2224 3331 2387 3398 sistit,
2421 3348 2597 3403 neque
2626 3334 2677 3388 in
2705 3338 2782 3391 rei
2810 3339 3035 3393 veritate
3064 3341 3295 3411 idipsum
3325 3347 3707 3416 conspicimus.
3729 3350 3813 3409 Sit

2226 3421 2402 3493 itaque
2433 3421 2595 3479 homo
2622 3426 2907 3497 quispiam,
2939 3430 3113 3499 ignem
3138 3434 3207 3487 ab
3228 3436 3398 3491 oculis
3423 3439 3815 3507 emittens,_ni-

2225 3528 2341 3583 ger,
2370 3515 2458 3584 qui
2490 3516 2543 3569 in
2573 3527 2801 3588 utroque
2827 3520 3058 3577 humero
3080 3525 3344 3582 dracones
3370 3531 3664 3599 pendentes
3687 3536 3809 3592 loco

2227 3606 2566 3701 brachiorum
2582 3608 2809 3676 habeat;
2837 3626 2897 3667 os
2914 3613 3105 3670 habeat
3128 3617 3180 3672 in
3199 3634 3304 3688 quo
3323 3636 3418 3691 pro
3434 3622 3685 3683 dentibus
3700 3631 3812 3701 gla-

2225 3698 2297 3753 dii
2318 3700 2423 3753 sint
2441 3700 2607 3767 infixi,
2626 3716 2723 3770 pro
2747 3704 2925 3773 lingua
2946 3706 3066 3761 faus
3083 3713 3226 3763 virus
3246 3727 3627 3786 venenumque
3647 3698 3809 3776 crnit-

2225 3799 2342 3846 tcns
2363 3808 2377 3856 ;
2402 3801 2589 3847 venter
2599 3792 2714 3863 ejus
2734 3798 2878 3851 omni
2896 3797 3111 3857 fornace
3128 3804 3197 3857 sit
3208 3807 3467 3873 voracior,
3488 3825 3609 3880 qua:
3629 3815 3808 3869 omnia

2224 3885 2418 3976 injecta
2444 3886 2733 3958 deglutiat;
2759 3889 2920 3958 pedes
2936 3893 3032 3947 alis
3054 3894 3295 3952 instructi
3312 3913 3367 3954 et
3386 3900 3599 3958 ﬂamma
3620 3910 3807 3976 quavis

2224 3974 2684 4043 vehementiores;
2709 3982 2884 4034 vultus
2904 3980 3021 4048 ejus
3038 3985 3185 4040 canis
3212 3994 3265 4042 et
3279 3987 3387 4059 lupi
3412 3974 3651 4061 speciem
3676 3998 3807 4053 refc-

2224 4075 2340 4129 rat;
2373 4082 2476 4122 non
2508 4067 2789 4124 humanam
2813 4085 2994 4127 vocem
3021 4076 3259 4143 emittat,
3291 4077 3385 4135 sed
3420 4082 3549 4153 quid
3566 4083 3814 4156 insuave,

2224 4157 2586 4225 iniucundum,
2607 4161 2841 4218 terribile
2866 4181 2878 4215 :
2902 4162 2952 4218 in
2967 4166 3315 4239 manibusque
3331 4168 3573 4229 flammas
3590 4174 3803 4235 habeat.

2225 4247 2496 4305 Horrenda
2540 4250 2715 4307 forsan
2747 4254 2897 4309 vobis
2938 4256 3052 4335 haec
3086 4257 3400 4326 videantur;
3432 4264 3526 4319 sed
3566 4269 3806 4329 nonduin

2223 4337 2370 4393 illum
2408 4340 2482 4394 uti
2514 4358 2608 4411 par
2636 4352 2749 4398 erat
2777 4343 3113 4414 depinximus
3144 4365 3160 4401 :
3193 4349 3274 4405 his
3303 4354 3500 4424 quippe
3534 4358 3639 4414 alia
3681 4374 3807 4419 sunt

2223 4431 2481 4487 addenda.
2514 4434 2709 4489 Obvios
2732 4450 2970 4507 quosque
3004 4438 3207 4509 jugulet
3228 4457 3292 4497 ac
3317 4444 3538 4501 decutet
3564 4490 3582 4515 ,
3614 4466 3805 4510 carnes

2224 4523 2435 4580 laceret.
2464 4525 2573 4580 Hoc
2600 4536 2840 4582 monstro
2864 4528 3097 4585 deterior
3115 4540 3195 4587 est
3214 4545 3427 4601 avarus,
3454 4540 3605 4609 quasi
3632 4540 3802 4599 inter-

2222 4631 2321 4670 nus
2346 4631 2529 4673 omnes
2561 4618 2778 4687 invadit,
2805 4634 2994 4675 omnes
3012 4620 3031 4651 ⁸
3062 4621 3344 4692 devorans,
3378 4635 3676 4689 communis
3703 4636 3803 4690 δυ-

2223 4709 2361 4763 mansi
2400 4713 2610 4779 generis
2651 4710 2819 4767 hostis
2844 4711 3183 4771 circumiens.
3218 4717 3431 4776 Nullum
3468 4726 3664 4796 quippe
3694 4734 3805 4785 Vult

2221 4815 2500 4870 supuesse
2527 4802 2796 4857 hominem
2819 4842 2836 4868 ,
2872 4814 2931 4857 ut
2967 4806 3142 4859 omnia
3185 4808 3470 4876 possideat.
3502 4812 3689 4887 Neque
3718 4817 3803 4875 hic

2224 4904 2397 4949 tamen
2422 4894 2559 4949 sistit
2584 4894 2804 4967 gradum
2829 4935 2844 4961 ,
2878 4896 2970 4951 sed
2999 4905 3276 4970 postquam
3303 4915 3490 4961 omnes
3513 4907 3801 4978 cupiditate

2218 4996 2313 5037 sua
2344 4985 2603 5054 perdidit,
2636 4996 2791 5041 terrae
2814 4985 3160 5045 substantiam
3189 4994 3335 5063 cupit
3362 4994 3599 5067 abolere,
3632 4999 3801 5057 illam-

2219 5091 2321 5146 que
2350 5078 2403 5131 in
2428 5092 2615 5135 aurum
2642 5093 2851 5134 versam
2879 5080 3061 5138 videre
3087 5099 3101 5136 :
3130 5098 3303 5153 neque
3329 5095 3535 5143 tantum
3562 5096 3761 5147 terram
3782 5135 3797 5160 ,

2217 5166 2311 5221 sed
2335 5176 2563 5235 montes,
2588 5168 2772 5234 saltus,
2798 5169 2969 5225 fontes
2989 5181 3043 5227 et
3061 5175 3238 5229 omnia
3263 5190 3383 5245 quae
3402 5178 3503 5233 sub
3521 5191 3799 5251 aspectum

2218 5259 2433 5342 cadunt;
2470 5262 2641 5331 Atque
2670 5270 2725 5316 ut
2751 5262 2998 5332 discatis,
3036 5282 3134 5322 nos
3159 5266 3394 5323 nondum
3419 5271 3537 5339 ejus
3563 5270 3797 5330 furorem

2220 5359 2391 5405 totum
2416 5350 2905 5408 demonstravissc:
2937 5370 3095 5411 nemo
3118 5356 3300 5428 sitqui
3330 5358 3475 5414 illum
3506 5374 3725 5418 accuset
3747 5374 3801 5421 et

2220 5450 2453 5507 terreat;
2482 5443 2576 5499 sed
2597 5444 2723 5500 tolle
2749 5442 3086 5503 formidinem
3115 5448 3312 5519 legum,
3339 5459 3393 5507 et
3420 5451 3624 5508 videbis
3652 5448 3798 5512 illum

2219 5547 2433 5609 arrepto
2452 5537 2625 5607 gladio
2644 5552 2830 5591 omnes
2853 5538 3226 5600 trucidantem.
3251 5541 3449 5598 nemini
3465 5555 3797 5613 parcentem,

2286 5686 2533 5762 [Quidam
2558 5688 2940 5762 Mss.,qliirero
2980 5693 3270 5762 daemoniaci
3320 5697 3442 5750 nihil
3492 5701 3631 5752 aliud
3675 5697 3794 5753 nali

2220 5747 2423 5818 iaciunt,
2449 5760 2597 5819 quam
2621 5747 2749 5812 quod
2773 5753 2989 5803 morbum
3012 5752 3061 5805 in
3081 5769 3135 5807 se
3157 5754 3389 5811 relincunt

2284 5810 2304 5839 ¹
2327 5812 2446 5867 Abt,
2468 5822 2645 5860 omnia.
