4094 6490
285 421 392 478 557

284 720 354 771 ab
381 735 468 786 eo,
496 735 673 773 annon
705 717 793 772 ille
816 717 1115 786 hujusntodi
1143 732 1229 772 res
1258 719 1308 772 in
1330 718 1654 787 cogitatione
1677 728 1886 784 verset,

285 826 462 865 annon
491 826 680 866 omnes
709 811 888 865 animo
925 810 1171 875 invadat,
1197 826 1376 864 annon
1405 810 1632 864 trucidet
1659 811 1884 878 amicos,

282 917 540 975 cognatos
564 916 616 960 et
646 906 1036 976 progenitores.
1063 906 1174 960 lmo
1197 922 1325 962 vero
1354 906 1494 961 nulla
1522 907 1884 978 interrogandi

283 997 599 1062 necessitas,
627 1011 750 1051 cum
781 1012 939 1051 nemo
967 997 1172 1052 nesciat
1201 1011 1295 1052 eos
1319 1038 1334 1062 ,
1363 996 1454 1068 qtti
1495 996 1597 1052 hoc
1631 1006 1886 1053 tenentur

281 1087 491 1150 morbo,
521 1096 852 1142 senectutem
881 1087 1044 1157 patris
1065 1088 1146 1142 sui
1168 1103 1310 1158 agre
1339 1087 1498 1154 ferre,
1524 1097 1577 1143 et
1597 1089 1738 1158 quod
1767 1089 1886 1143 aliis

280 1176 436 1231 dulce
462 1179 802 1248 eptabileque
829 1190 930 1243 est,
959 1196 1149 1249 nempe
1179 1179 1316 1235 lilios
1343 1181 1561 1247 habere,
1593 1195 1881 1237 onerosum

279 1267 610 1323 existimare.
643 1270 790 1323 Multi
819 1271 961 1324 enim
1004 1269 1104 1325 hac
1137 1271 1206 1325 de
1248 1287 1407 1325 causa
1439 1273 1722 1327 orbitatem
1755 1283 1879 1328 sunt

278 1358 482 1425 adepti,
520 1370 870 1430 naturamque
898 1362 1134 1415 sterilem
1167 1362 1554 1427 reddiderunt,
1587 1378 1690 1416 non
1720 1363 1882 1418 modo

279 1460 435 1505 natos
471 1452 775 1506 oecidentes
799 1496 813 1517 ,
848 1452 940 1506 sed
967 1454 1126 1507 etiam
1160 1469 1227 1508 ne
1265 1464 1612 1508 nascerentur
1637 1454 1879 1510 efficien-

283 1553 383 1597 tes.
415 1544 490 1598 Ne
519 1545 783 1599 miremini
813 1547 990 1615 itaque
1010 1588 1023 1608 ,
1058 1547 1099 1598 si
1127 1552 1344 1600 avarum
1375 1548 1460 1602 illa
1495 1548 1666 1602 forma
1693 1548 1879 1617 depin-

275 1637 514 1690 xerimus
547 1653 561 1691 :
592 1653 712 1690 nam
758 1638 911 1706 longe
948 1637 1122 1690 adhuc
1149 1638 1382 1691 deterior
1410 1648 1489 1692 est
1510 1678 1526 1704 ,
1558 1655 1717 1709 quam
1745 1640 1880 1694 dixi-
1907 1688 1913 1695 .

273 1742 415 1780 Inus.
456 1727 561 1782 Sed
600 1729 872 1781 videamus
914 1745 1019 1796 quo
1061 1741 1215 1798 parte
1245 1746 1366 1783 eunt
1406 1731 1475 1784 ab
1504 1733 1602 1785 hoc
1632 1731 1879 1790 dmtttone

274 1817 505 1873 liberare
534 1818 846 1888 poterimus.
886 1820 1164 1886 Quomodo
1197 1821 1330 1874 liber
1355 1821 1502 1874 erit?
1539 1820 1592 1877 Si
1624 1822 1768 1877 clare
1796 1824 1877 1877 di-

269 1910 461 1964 dicerit
497 1912 774 1966 avaritiam
809 1913 888 1966 vel
932 1911 998 1965 ad
1032 1912 1285 1981 pecunias
1314 1913 1704 1981 comparandas
1741 1929 1875 1968 con-
1915 1979 1918 1982 ,

270 2003 490 2054 trariam
531 2017 651 2056 esse
679 2020 694 2056 :
729 2019 850 2056 nam
880 2003 967 2072 qui
1001 2018 1158 2070 parva
1192 2004 1383 2057 lucrari
1415 2003 1634 2069 volunt,
1665 2020 1878 2074 semper

269 2109 459 2163 magna
495 2096 765 2166 patiuntur
787 2097 980 2149 damna
1004 2113 1018 2150 :
1040 2095 1088 2149 id
1111 2095 1250 2166 quod
1274 2098 1433 2151 etiam
1457 2099 1508 2152 in
1535 2099 1874 2166 proverbium

273 2184 488 2240 versum
530 2197 631 2241 est.
665 2187 809 2241 Multi
841 2199 988 2242 certe
1014 2203 1135 2243 cum
1173 2199 1414 2242 mutuum
1446 2204 1638 2260 magno
1670 2191 1874 2248 {tenore

266 2275 478 2342 darent,
510 2294 613 2331 non
636 2279 926 2346 exploratis
951 2279 1261 2348 accipientis
1287 2278 1646 2347 facultatibus,
1668 2293 1870 2338 sortem

267 2366 438 2436 ipsum
462 2384 582 2421 cunt
610 2370 785 2423 usuris
807 2369 1122 2423 amiserunt.
1145 2369 1376 2423 Rursum
1399 2371 1485 2425 alii
1517 2373 1566 2425 in
1595 2373 1866 2442 periculis,

263 2473 388 2512 cum
420 2460 620 2513 nollent
652 2475 814 2530 pauca
847 2460 1106 2529 proferre,
1133 2463 1294 2515 vitam
1321 2478 1440 2515 cum
1471 2467 1664 2533 opibus
1689 2465 1869 2534 perdi-

263 2550 486 2606 derunt.
522 2551 652 2606 Item
682 2552 773 2606 alii
803 2569 923 2606 cum
953 2553 1240 2621 dignitates
1267 2555 1606 2624 pecuniarias
1626 2599 1639 2620 ,
1671 2557 1753 2611 vel
1788 2557 1868 2612 si-

269 2643 413 2697 mitia
441 2643 664 2711 adipisci
698 2653 913 2712 possent
937 2686 951 2707 ,
982 2659 1104 2698 cum
1134 2646 1476 2712 parcinnmim
1505 2649 1664 2703 nimis
1685 2649 1868 2705 stude-

263 2742 404 2799 rent,
425 2750 451 2784 a
474 2742 584 2786 toto
603 2734 933 2788 ext-iderunt.
956 2735 1217 2801 Quoniam
1237 2738 1376 2790 enim
1395 2752 1579 2792 serere
1597 2740 1862 2808 nesciunt,

259 2825 354 2880 sed
388 2827 586 2879 metere
617 2837 816 2879 tantum
847 2827 1096 2891 student,
1125 2843 1152 2879 a
1183 2843 1359 2882 messe
1387 2828 1693 2899 frequenter
1722 2833 1867 2887 exci-

1257 422 1319 477 IN
1361 421 1768 479 MAT'I'IIA-ZU.“
1811 423 2039 480 IIOMIL.
2087 422 2278 480 XXIX.
2321 427 2391 480 al.
2439 427 2602 484 XXX.

289 552 392 590 non
424 534 638 600 amicti,
669 551 774 589 non
807 543 1063 605 cognato,
1102 551 1206 590 non
1237 536 1420 602 fratri,
1454 551 1563 589 non
1591 538 1746 605 patri.
1779 535 1891 590 bno

288 643 417 681 vero
455 645 563 682 non
599 645 733 697 opus
760 638 844 683 est
885 629 1037 682 nobis
1070 628 1155 680 illa
1197 628 1520 698 hypothesi;
1551 629 1890 683 sciscitemur

3507 443 3612 501 358

2000 538 2153 592 dunt.
2187 538 2357 594 Nemo
2396 544 2539 598 enim
2583 559 2793 617 semper
2828 559 3032 606 metere
3063 563 3240 622 potest
3271 596 3285 620 ,
3331 555 3470 612 sicut
3511 577 3613 618 nec

2001 643 2215 698 semper
2263 632 2478 688 lucrari.
2520 636 2654 703 Quia
2705 639 2863 708 igitur
2909 643 3221 713 impendere
3266 649 3472 713 nolunt,
3509 668 3608 708 nec

2007 721 2199 776 lucrari
2228 724 2439 789 sciunt,
2477 727 2570 781 sed
2599 739 2651 782 et
2679 731 2722 783 si
2752 746 2973 787 uxorem
3004 735 3204 791 ducere
3233 749 3480 808 oporteat
3505 784 3520 806 ,
3555 743 3608 797 ir.

2002 811 2144 866 idem
2179 813 2417 869 incidunt
2456 815 2709 873 damnum
2731 862 2746 885 ,
2777 820 2906 877 dum
2935 824 3017 878 vel
3056 828 3270 895 inopem
3315 846 3413 898 pro
3441 832 3611 890 divite

1997 901 2220 968 ducunt,
2255 905 2335 958 vel
2362 906 2405 959 si
2433 905 2655 963 divitem
2687 912 2974 982 accipiant,
2999 926 3052 970 et
3079 917 3175 974 illa
3197 920 3346 976 tuille
3368 922 3510 977 vitiis
3537 926 3610 982 sit

1995 993 2222 1060 allecta,
2259 997 2309 1050 itt
2353 999 2524 1068 majus
2567 1001 2808 1058 incidunt
2853 1005 3258 1066 detrimentum.
3299 1013 3415 1070 Non
3459 1020 3607 1075 enim

1995 1087 2292 1155 opulentia,
2321 1089 2414 1144 sed
2448 1091 2614 1146 virtus
2640 1094 2852 1151 divitias
2884 1099 3040 1169 parit.
3070 1101 3202 1157 Nam
3230 1120 3348 1174 qua:
3373 1122 3436 1160 ex
3466 1108 3611 1166 αἰκία

1995 1178 2082 1232 tiis
2105 1179 2326 1242 utilitas.
2361 1183 2404 1237 si
2429 1184 2516 1238 illa
2542 1187 2759 1256 prodiga
2787 1189 2854 1243 sit
2875 1199 2930 1246 et
2949 1205 3284 1264 sumptuosa,
3303 1204 3358 1253 et
3379 1200 3422 1254 si
3447 1204 3600 1271 quasi

1996 1281 2187 1326 ventus
2213 1275 2393 1328 omnia
2424 1276 2694 1348 dissipet?
2723 1281 2848 1350 quid
2878 1283 2921 1338 si
2946 1284 3140 1340 lasciva
3167 1289 3257 1354 sit,
3285 1305 3348 1345 ac
3376 1306 3606 1349 sescen-

1993 1373 2078 1419 tos
2107 1379 2377 1423 amatores
2411 1373 2686 1427 attrahat?
2713 1375 2839 1444 qttid
2869 1376 2913 1431 si
2956 1378 3212 1434 ebriosa?
3247 1397 3426 1440 annon
3452 1386 3601 1446 brevi

1989 1458 2274 1529 conjugem
2314 1477 2468 1517 suum
2507 1464 2573 1518 ad
2621 1465 2856 1536 inopiam
2898 1469 3142 1540 rediget?
3181 1472 3296 1530 Non
3335 1477 3386 1531 in
3427 1495 3602 1540 uxore

1989 1549 2229 1608 ducenda
2259 1562 2484 1619 tantum,
2514 1556 2607 1611 sed
2631 1559 2790 1614 etiam
2823 1559 2876 1614 itt
2901 1564 3131 1618 emendo
3164 1564 3437 1634 falluntur,
3466 1570 3596 1628 dum

1988 1657 2192 1710 servos,
2225 1661 2330 1699 nott
2361 1647 2556 1714 probos
2582 1665 2645 1704 ac
2671 1661 2921 1708 strenuos
2943 1695 2956 1716 ,
2986 1655 3080 1710 sed
3114 1672 3209 1712 eos
3231 1660 3320 1726 qtti
3349 1662 3439 1716 vili
3474 1680 3594 1732 pre-

1989 1735 2064 1788 tio
2090 1734 2306 1794 dantur.
2338 1750 2670 1796 comparant.
2718 1743 2840 1799 Ilzec
2880 1745 3058 1811 itaque
3083 1751 3260 1804 omnia
3291 1755 3589 1812 eoaitantes

1989 1826 2251 1896 (nondum
2289 1831 2431 1884 enim
2471 1832 2540 1887 de
2566 1836 2810 1903 gehenna
2839 1846 2890 1892 et
2921 1838 2990 1893 de
3024 1855 3191 1911 regno
3219 1842 3380 1899 verba
3407 1848 3596 1904 audire

1985 1918 2298 1988 potuistis),
2327 1932 2381 1975 et
2408 1921 2727 1979 detrimenta
2759 1927 2809 1981 itt
2839 1940 3073 1985 mentem
3106 1947 3448 1998 remeantes.
3473 1956 3596 2009 qua:

1981 2020 2126 2078 saepe
2165 2009 2234 2064 ab
2283 2013 2501 2068 avaritia
2548 2019 2688 2086 passi
2729 2020 2894 2087 estis,
2947 2023 2997 2078 itt
3045 2023 3377 2098 laetioribus,
3411 2033 3492 2086 vel
3539 2035 3593 2089 in

1982 2102 2234 2167 emendo,
2260 2107 2338 2161 vel
2370 2107 2420 2161 in
2446 2108 2685 2164 ducenda
2709 2129 2892 2178 uxore,
2928 2116 2978 2170 in
3010 2121 3347 2190 patrociniis,
3369 2125 3419 2178 in
3446 2126 3594 2180 aliis-

1980 2206 2083 2261 que
2135 2197 2418 2262 omnibus,
2462 2202 2530 2256 ab
2568 2218 2752 2259 amore
2782 2210 3130 2275 pecuniarum
3178 2215 3470 2273 abscedite.
3500 2219 3594 2275 Sic

1978 2285 2121 2339 enim
2147 2289 2389 2355 poteritis
2413 2301 2468 2346 et
2490 2306 2808 2361 prementem
2837 2301 2999 2355 vitam
3030 2311 3144 2358 tuto
3171 2308 3466 2380 transigere
3488 2351 3504 2376 ,
3533 2323 3592 2368 et

1979 2378 2255 2445 paululum
2287 2384 2428 2436 aucti
2461 2398 2740 2442 sermones
2770 2390 2836 2444 de
2867 2391 3204 2463 philosophia
3240 2378 3428 2455 audire
3451 2443 3466 2466 ,
3506 2412 3590 2457 at-

1977 2484 2081 2538 que
2106 2471 2314 2528 acutius
2344 2475 2608 2540 videntes,
2644 2480 2813 2549 ipsum
2840 2483 3062 2553 iustitiae
3092 2489 3260 2544 solem
3292 2494 3585 2565 respicere,

1978 2563 2349 2634 promissaque
2367 2567 2483 2636 ejus
2504 2575 2759 2641 consequi
2786 2593 2798 2628 :
2823 2591 3049 2646 quorum
3076 2581 3279 2638 utinam
3300 2599 3585 2647 consorti-8

1975 2656 2144 2711 simus
2168 2673 2381 2727 omnes,
2402 2665 2572 2731 gratia
2597 2675 2653 2721 et
2673 2667 2998 2738 benignitate
3023 2673 3235 2731 Dotnint
3262 2683 3430 2736 nostri
3453 2682 3582 2738 .lcsu

1974 2746 2196 2813 Christi,
2217 2749 2302 2804 cui
2326 2751 2495 2823 gloria
2522 2767 2576 2812 et
2605 2756 2912 2829 imperium,
2937 2765 2989 2820 in
3016 2768 3212 2824 szecula
3230 2771 3580 2835 seculorum.

1976 2839 2170 2895 Amen.

1307 3079 1331 3095 _
1405 3022 1754 3087 HOMILIA
1799 3027 2046 3090 XXIX.
2095 3033 2181 3094 al.
2231 3034 2443 3098 XXX.

253 3139 382 3195 Car.
416 3141 466 3196 9.
494 3157 544 3195 ι’.
581 3141 631 3196 I.
680 3140 744 3194 Et
774 3141 1054 3195 ascendens
1081 3139 1233 3195 Jesns
1262 3143 1313 3196 in
1353 3144 1660 3213 naviculam,
1692 3157 1854 3202 trans-

327 3235 529 3303 fretavit
548 3277 563 3300 ,
596 3246 640 3288 ct
667 3236 795 3288 venit
827 3237 878 3288 in
903 3235 1150 3288 civitatem
1181 3254 1345 3289 sinon.
1368 3237 1424 3291 2.
1457 3237 1520 3291 Et
1546 3257 1660 3293 ecce
1680 3241 1859 3306 o/ferc-

325 3327 447 3380 bant
477 3330 524 3381 ei
539 3329 876 3398 paralyticurn
905 3328 953 3381 in
983 3329 1107 3382 lecto
1130 3331 1403 3398 juventam.
1427 3330 1493 3383 Et
1517 3333 1690 3388 ridens
1708 3333 1860 3389 Iesus

325 3418 480 3487 fidem
511 3420 734 3480 illorum,
764 3419 892 3471 dixit
924 3420 1204 3489 paralytico
1227 3436 1245 3473 .'
1277 3418 1508 3489 Con/ide,
1536 3423 1614 3491 [ili
1634 3463 1650 3490 ,
1682 3426 1856 3478 remit-

324 3509 618 3572 θαλίαι-,τεῶ
646 3519 854 3577 peccata
884 3519 990 3562 tua.

325 3643 372 3696 I.
411 3641 691 3712 Paralglici
719 3643 822 3694 duo
846 3642 898 3695 in
932 3639 1240 3711 Euangelus.
1277 3640 1444 3698 Filius
1469 3645 1715 3713 (aqualem
1750 3645 1857 3703 Pu-

253 3735 320 3786 tri
350 3750 402 3786 se
430 3733 759 3786 demonstrat.
783 3760 855 3772 —--
883 3732 1163 3787 Civitatem
1196 3750 1347 3794 suam
1392 3734 1478 3788 hic
1511 3735 1850 3804 Citpernattm

248 3824 482 3891 appellat
514 3839 526 3874 :
558 3840 677 3876 nam
718 3839 838 3891 qua:
875 3823 992 3876 tttlit
1028 3824 1197 3889 ipsum
1231 3823 1540 3879 Belltlehem
1570 3827 1703 3891 fuit;
1734 3844 1854 3898 quae

242 3913 518 3978 educavit,
539 3913 788 3980 Nazaret;
808 3933 928 3986 qua:
949 3917 1041 3972 diu
1065 3921 1456 3977 inltahitantem
1475 3928 1488 3955 ¹
1509 3925 1720 3987 habuit,
1739 3925 1839 3977 Ca-

250 4017 507 4073 pernaum
571 4002 900 4074 Paralyticus
927 4015 1103 4058 autem
1146 4005 1230 4058 hic
1255 4005 1389 4058 alius
1418 4016 1500 4061 est
1531 4008 1598 4060 ah
1623 4023 1688 4062 eo
1715 4051 1731 4074 ,
1761 4013 1848 4079 qui

250 4104 581 4148 memoratur
608 4109 635 4146 a
662 4093 890 4150 Joanne.
924 4093 1018 4150 Ille
1044 4096 1241 4166 quippe
1281 4097 1331 4150 iu
1364 4097 1561 4164 piscina
1589 4100 1800 4166 jacebal
1831 4119 1846 4168 ;

248 4183 336 4237 hic
359 4195 532 4238 autem
563 4185 613 4239 in
643 4185 977 4255 Caperuaum
1011 4205 1024 4240 :
1057 4195 1113 4241 et
1142 4188 1228 4241 ille
1248 4188 1460 4256 quidem
1492 4190 1702 4258 triginta
1731 4205 1850 4247 octo

244 4277 402 4329 annis
434 4277 758 4347 paralyticns
795 4277 885 4331 fuit
914 4295 929 4341 ;
961 4279 1027 4332 de
1059 4278 1162 4331 hoc
1206 4295 1334 4332 vero
1375 4280 1501 4332 nihil
1543 4281 1720 4336 simile
1763 4283 1846 4337 di-

244 4377 390 4420 ctum
410 4377 494 4420 est
519 4383 534 4420 :
565 4368 652 4421 ille
671 4369 842 4423 nullos
867 4369 1114 4434 habebat,
1135 4371 1224 4439 qtti
1251 4371 1330 4424 sui
1353 4375 1536 4426 c'uram
1559 4384 1844 4443 gererent;

245 4459 335 4513 hic
370 4470 554 4514 centra
600 4460 780 4514 habuit
816 4463 905 4530 qui
953 4476 1012 4515 se
1051 4462 1116 4514 ad
1159 4462 1343 4517 Iesum
1390 4465 1679 4523 deferrent.
1716 4468 1848 4524 Iluic

243 4566 406 4620 porro
431 4552 563 4606 dixit
593 4569 607 4608 :
653 4551 758 4604 Fili
780 4594 792 4613 ,
819 4554 1143 4606 remittuntur
1177 4555 1265 4608 tibi
1303 4569 1509 4626 peccata
1527 4575 1546 4622 ,'
1575 4559 1648 4612 illi
1681 4576 1842 4629 vero,

256 4639 343 4694 Vis
369 4658 523 4696 sanus
553 4660 659 4696 esse
685 4642 862 4712 (Joan.
893 4645 944 4699 5.
973 4645 1077 4714 6)?
1105 4644 1255 4700 llltnn
1291 4648 1341 4701 itt
1366 4649 1589 4704 sabbato
1614 4653 1842 4721 curavit,

244 4729 388 4785 hunc
415 4748 521 4785 non
545 4732 596 4786 in
626 4733 885 4801 sabbato;
913 4736 1146 4805 alioquin
1177 4748 1355 4791 autem
1383 4739 1526 4792 illum
1565 4741 1665 4797 hac
1692 4743 1758 4799 de
1786 4762 1844 4800 re

239 4821 412 4878 Judsei
439 4837 780 4880 ςιεειιεςιεεθιιι
805 4868 818 4892 ,
845 4827 932 4896 qtti
964 4826 1048 4882 hic
1076 4836 1275 4891 tacent,
1306 4829 1412 4884 illic
1439 4849 1567 4888 vero
1596 4836 1797 4890 instant
1823 4879 1838 4902 ,

241 4916 526 4985 ipsumque
575 4932 987 4989 persequuntur.
1031 4920 1156 4976 Ilaec
1201 4939 1302 4978 non
1349 4925 1465 4979 sine
1502 4942 1660 4982 causa
1702 4930 1841 4986 dicta

239 5016 369 5060 sunt
395 5022 424 5058 a
453 5023 538 5062 me
562 5023 577 5067 ;
604 5008 697 5062 sed
725 5025 790 5063 ne
813 5010 934 5079 quis
956 5027 1118 5065 unum
1144 5013 1501 5084 eamdemque
1525 5032 1648 5072 esse
1668 5022 1842 5089 suspi-

237 5112 372 5152 cans
399 5098 744 5169 paralyticutn
771 5141 786 5164 ,
817 5102 1202 5158 dissonantium
1237 5106 1320 5160 hic
1346 5121 1468 5162 esse
1500 5118 1728 5175 putaret.
1760 5111 1838 5167 Tu

239 5204 371 5244 vero
400 5190 701 5261 perpetuitas
721 5208 879 5261 quam
915 5196 1208 5257 modestus.
1240 5213 1399 5266 quam
1429 5212 1740 5257 mansuetus
1770 5206 1838 5259 sit

242 5280 518 5334 Dominus.
558 5281 686 5335 Nam
719 5294 772 5336 et
801 5298 955 5340 antea
987 5289 1169 5341 turbas
1193 5302 1500 5355 amoverat,
1521 5304 1575 5346 et
1602 5309 1632 5347 a
1661 5294 1836 5349 Gada-

240 5373 386 5425 reuis
411 5389 590 5441 plllSliS
614 5391 718 5428 non
740 5375 967 5434 obstitit.
997 5379 1090 5430 sed
1114 5383 1355 5448 secessit,
1379 5385 1476 5436 etsi
1500 5402 1601 5438 non
1629 5389 1832 5455 procul.

238 5464 577 5536 Rursumque
597 5508 610 5530 .
640 5484 758 5522 cum
789 5470 1120 5526 ascmtdi.~set
1151 5473 1200 5525 itt
1235 5477 1531 5529 uavtculam
1551 5520 1564 5542 ,
1590 5482 1832 5548 trajecit,

237 5570 361 5609 cum
393 5566 571 5622 posset
597 5556 760 5627 pedes
791 5560 1038 5614 transire.
1066 5560 1249 5631 Neque
1268 5564 1410 5618 enim
1437 5580 1652 5637 semper
1682 5572 1834 5624 mira-

239 5646 362 5702 bilia
407 5657 616 5715 patrare
655 5651 906 5715 volebat,
955 5669 1021 5706 tte
1064 5657 1377 5708 oeconomiae
1419 5672 1527 5710 sua:
1571 5662 1831 5716 rationrm

241 5739 603 5795 labefactaret.
637 5741 914 5798 Mattlttcus
944 5745 1100 5814 igitur
1125 5747 1215 5812 :tit,
1242 5747 1528 5802 Attttlet'ttnt
1556 5768 1668 5805 eum
1697 5769 1715 5805 .'
1744 5755 1831 5808 alii

327 5875 449 5927 'Alii
481 5877 845 5943 inhabitantem,
868 5883 978 5935 sine
1007 5885 1111 5935 diu.

1971 3167 2102 3207 vero
2142 3155 2327 3211 dicunt
2367 3174 2569 3230 aegrum
2609 3178 2706 3236 per
2746 3166 3014 3239 diruptam
3047 3179 3242 3229 tectum
3281 3177 3575 3238 demissum

1968 3243 2132 3300 fuisse
2159 3258 2212 3301 et
2240 3259 2364 3304 ante
2388 3251 2660 3309 Christum
2693 3260 2946 3328 positum,
2979 3263 3112 3318 nihil
3139 3267 3440 3326 dicentibus
3470 3274 3576 3329 illis

1968 3335 2058 3400 qui
2101 3339 2433 3408 attulerant,
2466 3345 2561 3398 sed
2600 3356 2768 3402 totum
2812 3352 2910 3419 ipsi
2943 3357 3399 3422 permittentibus.
3442 3365 3573 3418 Nam

1966 3425 2116 3480 initio
2136 3428 2351 3497 quidem
2376 3431 2465 3489 ille
2489 3436 2772 3502 circuibat.
2797 3457 2973 3513 neque
2992 3453 3193 3503 tantam
3222 3452 3289 3506 ab
3313 3455 3576 3510 aeCeden~

1967 3519 2107 3573 tibus
2136 3524 2439 3590 postulabat
2467 3528 2626 3585 [idem
2655 3550 2669 3586 :
2702 3532 2788 3590 hic
2817 3545 2994 3592 autem
3023 3552 3077 3595 et
3100 3558 3442 3602 accesserunt
3470 3589 3485 3614 ,
3517 3560 3576 3607 et

1965 3609 2096 3666 titles
2126 3613 2193 3666 ab
2216 3613 2344 3684 ipsis
2373 3620 2624 3690 requisita
2652 3637 2765 3690 est;
2795 3643 2916 3682 nam
2949 3631 3042 3695 ait,
3061 3631 3249 3688 Viden:
3271 3638 3422 3703 ﬁdem
3453 3609 3574 3694 illo-

1962 3718 2098 3769 rum,
2129 3705 2180 3759 id
2208 3716 2324 3772 est,
2353 3725 2541 3768 eorum
2571 3716 2659 3785 qui
2694 3717 3022 3777 demiserant
3053 3728 3428 3797 paralyticunt.
3461 3733 3570 3789 Ne-

1961 3811 2066 3864 que
2096 3799 2239 3854 enim
2275 3802 2469 3873 ubique
2496 3820 2819 3876 :rgrotorum
2853 3817 3076 3884 requirit
3110 3818 3270 3875 fidem
3299 3865 3315 3886 ,
3353 3837 3408 3877 ut
3443 3843 3566 3882 ctnn

1959 3887 2270 3954 desipiunt,
2309 3893 2393 3946 vel
2431 3895 2538 3950 alio
2575 3900 2734 3953 tnodo
2762 3911 2940 3958 mente
2966 3907 3106 3976 capti
3138 3923 3281 3967 sunt.
3319 3914 3412 3969 llic
3439 3933 3569 3972 vero

1958 3978 2144 4042 argroti
2174 3977 2307 4034 fides
2327 3994 2444 4036 erat
2471 4001 2658 4055 magna
2681 4006 2696 4052 ;
2720 3991 2958 4062 alioquin
2984 4000 3130 4052 enim
3165 4005 3366 4059 ronita
3391 4022 3449 4062 se
3476 4010 3569 4065 dtu

1962 4069 2100 4122 mitti
2144 4073 2498 4140 permisisset.
2543 4078 2808 4144 Quoniam
2853 4085 3011 4154 igitur
3041 4099 3241 4147 tant.uo
3272 4099 3570 4158 exhibuere

1958 4158 2138 4224 Iidem,
2166 4163 2385 4218 exhibet
2405 4175 2460 4220 et
2487 4168 2600 4237 ipse
2622 4174 2915 4239 potentiam
2943 4193 3117 4248 suam,
3140 4198 3264 4239 eum
3291 4192 3436 4244 omni
3467 4209 3560 4262 pu-

1956 4257 2149 4306 testate
2175 4269 2392 4322 peccata
2415 4260 2650 4325 solvens,
2681 4279 2743 4319 ac
2773 4281 2866 4335 per
2895 4272 3073 4326 omnia
3101 4257 3481 4339 demonstrans
3505 4301 3564 4342 se

1957 4340 2100 4397 Patri
2133 4347 2394 4416 a-qnalem
2422 4366 2562 4405 esse.
2597 4353 2694 4410 llic
2721 4373 2848 4410 vero
2879 4365 3150 4431 perpende
3181 4384 3195 4423 :
3227 4375 3476 4441 superius
3510 4379 3560 4434 id

1953 4435 2266 4490 ostendebat
2301 4439 2388 4494 ille
2414 4483 2426 4504 ,
2449 4457 2588 4497 .cum
2626 4445 2856 4503 docebat
2889 4467 2983 4506 eos
3021 4435 3552 4532 tamquam-potesta-

1955 4535 2061 4580 tem
2095 4528 2330 4591 habens;
2366 4549 2458 4603 per
2486 4535 2782 4606 leprosum,
2809 4559 2930 4598 ettm
2963 4546 3119 4616 dixit,
3163 4549 3288 4606 Volo
3312 4528 3564 4616 noui/tare

1953 4617 2168 4687 (.ilattlt.
2203 4622 2257 4678 8.
2293 4624 2400 4692 3);
2439 4641 2532 4694 per
2576 4634 2986 4703 centurionem,
3027 4655 3148 4696 cunt
3188 4644 3400 4705 dicente
3433 4651 3521 4706 illo
3544 4699 3558 4719 ,

1955 4709 2170 4766 Tantum
2198 4715 2280 4768 dic
2309 4719 2475 4783 verba,
2504 4731 2550 4774 et
2577 4726 2842 4782 sanabitur
2870 4747 2994 4799 prter
3025 4751 3164 4790 mem
3195 4736 3356 4799 (Ibid.
3380 4759 3426 4798 υ.
3458 4745 3492 4801 8
3515 4709 3555 4816 ),

1951 4803 2173 4860 tniratus
2199 4815 2300 4868 est.
2326 4809 2606 4880 ipsumque
2633 4816 2751 4887 plus
2782 4836 2940 4889 quam
2971 4839 3160 4883 omnes
3189 4830 3434 4891 laudibus

1951 4896 2103 4961 tulit;
2146 4914 2242 4968 per
2283 4917 2429 4957 mare
2457 4947 2471 4970 ,
2502 4921 2623 4960 cum
2654 4911 2826 4979 ipsum
2855 4918 3018 4971 verbo
3051 4929 3259 4978 tantum
3283 4927 3510 4984 frenavit
3543 4955 3558 4999 ;

1950 5004 2045 5057 per
2073 4989 2385 5060 daemonas,
2419 5000 2634 5068 quando
2675 5003 2847 5073 ipsum
2883 5007 3118 5075 judicent
3159 5030 3282 5072 esse
3323 5023 3555 5078 contire-

1949 5082 2178 5150 bantur,
2219 5098 2273 5142 et
2316 5104 2440 5146 cum
2480 5104 2745 5162 potestate
2792 5117 2981 5172 magna
3031 5106 3180 5175 ipsos
3225 5113 3405 5182 eiecit.
3454 5117 3553 5176 Hic

1948 5187 2158 5228 rursum
2191 5178 2378 5247 majori
2407 5185 2566 5236 modo
2595 5188 2837 5244 inimicos
2865 5209 2993 5249 suos
3016 5199 3376 5267 atqualitatcm
3408 5209 3550 5266 illaut

1945 5264 2189 5320 confiteri
2228 5273 2409 5340 cogit,
2444 5283 2497 5328 et
2528 5291 2622 5345 per
2653 5279 2886 5348 ipsorum
2919 5288 3080 5342 verba
3117 5292 3166 5343 in
3198 5299 3547 5365 COIISpiClllllll

1946 5358 2138 5412 reddit.
2183 5360 2298 5429 Ipse
2339 5381 2567 5435 namque
2607 5385 2664 5423 se
2705 5373 2772 5424 ah
2805 5379 3102 5438 ambitione
3140 5387 3373 5444 alienum
3401 5407 3549 5448 com-

1945 5459 2256 5507 monstrans
2289 5455 2432 5522 (nam
2465 5475 2714 5528 magnum
2758 5472 3115 5532 spectantium
3156 5479 3423 5536 theatrum
3453 5486 3545 5535 ad-

1943 5543 2185 5610 erat,qui
2209 5544 2454 5613 ingressu
2485 5553 2759 5618 arcebant,
2795 5556 2916 5610 ideo
2937 5566 3285 5635 paralyticum
3315 5587 3548 5641 superne

1942 5631 2275 5687 demiserunt
2308 5637 2344 5707 ),
2377 5655 2482 5694 non
2525 5647 2704 5698 statim
2745 5650 2808 5700 ad
2855 5667 3050 5720 Corpus
3088 5631 3231 5728 quod
3270 5631 3548 5721 videbatur

1943 5725 2240 5779 Curandum
2275 5742 2333 5780 se
2360 5733 2606 5794 contulit.
2642 5737 2734 5791 sed
2765 5742 2832 5794 ab
2864 5743 2969 5797 illis
2995 5725 3279 5810 occasione
3311 5769 3540 5825 S‘tttttp'u,

1943 5813 2082 5879 quod
2116 5830 2222 5867 non
2256 5822 2546 5885 apparebat
2571 5828 2798 5893 primum
2827 5837 3050 5902 curavit,
3071 5855 3262 5910 nempe
3288 5861 3346 5898 an
3373 5860 3540 5910 mam.

1942 5919 2062 5958 cum
2088 5917 2301 5976 peccata
2327 5911 2527 5969 dimisit
2550 5932 2562 5970 :
2589 5917 2638 5972 id
2669 5923 2810 5991 quod
2839 5929 3133 6000 paralytico
3160 5938 3381 5991 salutem
3411 5955 3552 6008 pra:-
