4094 6470
578 591 635 636 et
659 583 938 652 pttstqtlatlt
960 576 1106 636 clare
1129 574 1456 642 ostenderat,
1485 588 1544 630 se
1569 587 1726 645 posse
1751 583 1962 643 peccata
1983 571 2162 631 dimitr

1324 462 1381 520 S.
1421 461 1696 524 JOANNIS
1729 456 2206 519 (2118ῗὸθὸΤοᾚί
2244 456 2560 524 ABCIIIEP.
2597 460 3133 522 CONSTAN'I‘INOP.

3741 470 3843 527 3M

2263 581 2322 629 et
2347 575 2568 628 avaritia
2597 586 2746 645 parm
2771 586 2955 633 essent
2986 595 3000 632 :
3035 595 3143 634 non
3171 581 3638 646 recusavittamen
3693 585 3845 642 Chri-

580 670 980 740 ter,e,.adzbunc
999 678 1187 740 postea
1216 669 1461 729 accessit.
1493 677 1548 726 ut
1587 683 1693 722 non
1714 666 2056 726 turbarentur
2083 666 2161 720 vi—
2257 677 2375 722 stus
2395 663 2771 723 bis-convivari
2796 668 2948 736 :quia
2976 683 3224 737 magnum
3255 671 3376 729 inde
3402 675 3604 729 lucrum
3627 687 3844 733 eventu.

579 762 772 823 (lentos
800 761 1136 832 publicanum
1166 762 1220 816 in
1246 759 1627 829 discipulontm
1667 759 1891 814 chorum
1911 757 2160 813 adscribi.

576 850 712 910 Nam
739 854 828 924 qui
859 862 1032 922 potest
1079 861 1289 924 peccata
1331 851 1509 908 omnia
1549 852 1778 917 solvere,
1810 850 1935 920 quid
1966 850 2160 905 mirum

576 943 624 1001 si
645 953 702 1000 et
744 945 886 1008 hunc
908 944 1203 1016 amslolum
1234 939 1430 1007 faciat?
1456 941 1562 998 Sed
1592 953 1649 996 ut
1669 940 1901 997 didicisti
1925 943 2166 998 vocantis

579 1042 917 1110 tuitestatem,
952 1033 1031 1086 sie
1053 1033 1200 1089 disce
1220 1033 1390 1088 vocati
1417 1031 1798 1095 obedientiam,
1820 1030 2002 1101 Neque
2021 1031 2162 1085 enim

576 1124 907 1196 repugnavit,
934 1139 1106 1194 neque
1130 1123 1377 1188 dubitans
1395 1123 1562 1180 dixit:
1590 1122 1726 1191 Quid
1757 1123 1860 1180 hoc
1881 1123 2006 1178 est!
2034 1138 2162 1180 num

583 1231 686 1274 tne.
712 1214 980 1273 hominem
1021 1213 1328 1284 huiusmodi
1386 1212 1754 1268 fraudulenter
1799 1212 2161 1269 vocat‘tNaiu

590 1318 736 1367 certe
767 1308 1136 1378 intempestiva
1175 1307 1360 1368 fuisset
1397 1307 1698 1377 hujusmodi
1733 1306 2026 1364 humilitas.
2055 1304 2159 1359 Sed

579 1400 762 1459 statim
788 1400 1020 1457 ohedivit
1049 1417 1063 1455 :
1096 1415 1270 1470 neque
1301 1400 1448 1467 petiit
1477 1399 1766 1455 utdnmum
1812 1401 1891 1460 ire
1937 1398 2124 1457 liceret
2145 1438 2158 1460 ,

577 1501 640 1547 ut
680 1506 794 1548 rem
837 1506 958 1546 cum
1029 1490 1144 1546 suis
1195 1490 1652 1555 communicaret,
1708 1487 2157 1557 quemadmodum

576 1583 738 1640 etiam
757 1584 1050 1654 piscatores
1075 1581 1315 1640 fecerunt
1344 1590 1450 1637 :,ut
1486 1581 1632 1638 enim
1656 1580 1730 1634 illi
1758 1587 1914 1646 retia,
1946 1578 2164 1633 navicu-

581 1675 710 1738 lam.
749 1685 806 1731 et
829 1686 1056 1747 patrem,
1081 1675 1152 1737 ita
1184 1683 1240 1730 et
1263 1672 1700 1729 liicteloniariam
1730 1686 1969 1726 mensam
1998 1680 2053 1725 et
2083 1669 2164 1723 lu-

582 1781 736 1822 crum
762 1765 1000 1838 reliquit,
1029 1776 1086 1819 ut
1114 1774 1448 1834 sequeretur,
1474 1763 1540 1822 ad
1565 1763 1743 1818 omnia
1772 1769 2011 1833 paratum
2041 1759 2161 1814 ani-

579 1873 728 1917 mum
761 1856 1018 1920 exhibens
1049 1873 1063 1911 :
1095 1867 1149 1912 et
1195 1871 1228 1911 a
1255 1855 1415 1912 rebus
1439 1854 1688 1910 omnibus
1727 1853 2073 1910 smcularibus
2103 1866 2163 1907 se

576 1949 758 2004 statim
804 1931 1148 2013 abscindens,
1170 1944 1659 2018 perobedieutiam
1689 1944 1978 2014 perfectam
2011 1942 2163 1998 testi-

579 2040 858 2107 licabatur,
885 2054 1043 2107 quam
1073 2038 1394 2110 tempestive
1415 2044 1634 2092 vocatus
1678 2035 1879 2089 fuisset.
1928 2033 1998 2088 Et
2046 2048 2161 2097 cur,

579 2132 808 2201 inquies,
838 2146 946 2189 non
987 2129 1055 2186 de
1074 2129 1193 2184 aliis
1211 2128 1366 2193 dixit,
1420 2127 1688 2199 quomodo
1716 2127 1887 2180 vocati
1925 2125 2118 2180 fuerint
2145 2165 2162 2190 ,

579 2222 674 2275 sed
701 2220 769 2275 de
797 2219 956 2278 Petro
977 2217 1451 2281 Lautum...lacobo.
1483 2216 1690 2274 Joanne
1718 2227 1773 2270 et
1795 2215 2065 2284 Philippo,
2096 2214 2164 2268 de

577 2313 791 2369 ceteris
825 2326 955 2366 vero
983 2299 1280 2379 nusquam?
1322 2307 1454 2375 Quia
1500 2306 1551 2360 bi
1603 2305 1832 2362 maxime
1867 2315 2041 2371 erant,
2071 2303 2162 2373 qui

579 2403 808 2466 humiles
850 2401 931 2456 vel
984 2409 1165 2469 turpes
1209 2409 1352 2458 artes
1405 2397 1758 2460 exercebant;
1809 2411 1979 2464 neque
2017 2396 2162 2449 enim

576 2493 850 2564 quidpiam
886 2502 988 2568 est.
1012 2492 1296 2564 publicano
1320 2490 1575 2554 deterius,
1598 2489 1680 2543 vel
1700 2489 1964 2557 piscatore
1983 2487 2167 2542 vilius.

578 2583 735 2653 Quod
756 2599 916 2652 porro
941 2582 1218 2653 Philippus
1246 2582 1404 2636 etiam
1451 2580 1589 2634 inter
1622 2579 1884 2648 ignobiles
1921 2592 2167 2633 censere-

579 2683 688 2740 tur,
715 2689 779 2728 ex
800 2673 964 2743 patria
995 2673 1178 2740 quttcl.
1217 2670 1418 2743 Idcirco
1444 2668 1542 2724 bos
1561 2669 1790 2725 maxime
1816 2682 1934 2727 cum
1963 2668 2166 2722 artibus

580 2765 696 2823 suis
746 2763 1057 2838 pra2dicant,
1091 2761 1173 2818 bis
1217 2761 1553 2818 declarantcs
1580 2758 1680 2814 sibi
1712 2758 1874 2817 etiam
1921 2758 1971 2810 in
2003 2758 2165 2811 rebus

582 2855 878 2925 spletulidis
916 2853 1086 2915 tidem.
1123 2866 1245 2906 esse
1298 2847 1622 2905 habendam.
1669 2848 1802 2902 Cum
1847 2847 1989 2904 enim
2033 2847 2163 2900 nihil

585 2956 903 3018 prtrtoreaut
925 2960 1112 3000 eorum
1149 2958 1268 3012 quae
1321 2940 1686 3008 vituperabilia
1725 2939 1806 2991 vel
1845 2937 1968 2991 vilia
2016 2947 2162 2999 sunt,

582 3038 678 3094 sed
706 3038 818 3092 ιιιιτε
847 3051 954 3106 pra:
982 3033 1103 3090 aliis
1126 3041 1374 3090 accurate
1397 3029 1706 3101 priedicent,
1735 3029 1847 3083 sive
1888 3028 1976 3081 illa
2005 3028 2166 3095 magi-

583 3140 777 3193 strum,
826 3126 940 3181 sive
988 3125 1282 3194 discipulos
1330 3130 1734 3190 spectent,cur
1763 3121 1814 3173 in
1864 3118 2164 3196 splendidis

584 3196 991 3286 conspicuisque
1008 3213 1242 3282 suspeeti
1267 3209 1483 3275 fuerint,
1534 3224 1655 3264 cum
1678 3209 1912 3282 maxime
1943 3209 2090 3276 signa
2116 3215 2171 3261 et

592 3307 852 3364 miracula
878 3307 1042 3360 multa
1076 3314 1091 3343 ι
1122 3310 1560 3372 prastcrcurraut,
1619 3310 1671 3353 et
1712 3316 1828 3368 quae
1852 3299 1916 3352 ad
1953 3313 2166 3352 crucem

585 3405 845 3468 spectant,
872 3412 990 3465 qum
1021 3404 1170 3449 certe
1205 3393 1454 3461 probrosa
1491 3392 1735 3447 videntur
1759 3401 2006 3445 accurate
2024 3407 2168 3459 prie-

589 3489 791 3553 dicent,
824 3484 1202 3553 discipulorum
1251 3483 1376 3536 item
1425 3490 1587 3542 art-cs,
1641 3481 1902 3548 vilemque
1946 3491 2163 3543 sortem,

587 3579 824 3649 magistri
844 3591 1053 3646 quoque
1070 3574 1457 3644 progenitores,
1477 3573 1566 3641 qui
1599 3573 1679 3626 vel
1713 3589 1774 3626 ex
1811 3574 2057 3639 peceatis,
2086 3572 2166 3625 vel

587 3685 652 3725 ex
690 3669 780 3726 vili
810 3667 1117 3724 conditione
1153 3665 1261 3722 nuti
1303 3671 1475 3726 erant,
1513 3663 1658 3716 clara
1689 3677 1818 3716 voce
1855 3663 1904 3714 in
1938 3663 2168 3714 medium

586 3760 914 3831 pneferunt?
943 3756 1098 3813 Unde
1125 3754 1466 3810 manifestum
1496 3762 1598 3815 est,
1629 3753 1772 3821 ipsos
1803 3766 2050 3821 magnam
2077 3767 2169 3806 ve-

588 3851 763 3908 ritatis
794 3849 1042 3906 habuisse
1072 3845 1352 3900 rationem.
1406 3855 1468 3902 ac
1511 3857 1683 3911 neque
1711 3841 1778 3898 ad
1799 3843 2044 3911 gratiam,
2076 3855 2168 3900 ue-

589 3956 694 4011 que
723 3939 789 3995 ad
824 3936 1229 3991 ostentationem
1262 3933 1562 4002 scripsisse.

659 4033 715 4088 3.
744 4029 929 4088 Christi
975 4027 1115 4094 apud
1159 4025 1454 4078 Muttha'um
1488 4023 1803 4076 concinnatis
1825 4023 2004 4090 agendi
2041 4023 2169 4075 ratio

586 4122 885 4192 explicatur.
930 4115 1323 4183 Redurguuntnr
1363 4113 1400 4165 ii
1425 4113 1510 4180 qui
1539 4114 1631 4166 sibi
1671 4115 1860 4180 fautum
1892 4128 1952 4164 ex
1969 4114 2168 4182 jejunio

588 4229 766 4285 parcre
799 4219 998 4264 curant.
1045 4239 1115 4248 —
1145 4206 1396 4260 Vocatium
1435 4209 1610 4273 itaque.
1640 4204 1943 4258 Mutthucum
1978 4220 2169 4272 magno

587 4305 765 4362 aliecit
816 4303 1021 4355 honore
1063 4299 1129 4354 ad
1179 4313 1415 4351 mensum
1458 4297 1765 4356 admittens,
1795 4313 1899 4362 quo
1930 4297 2075 4348 ἰιιιιιη
2103 4295 2170 4348 de

586 4398 767 4452 futuro
795 4393 929 4448 bene
957 4405 1172 4463 sperare
1199 4398 1369 4450 curat,
1396 4397 1446 4440 et
1469 4387 1723 4457 majorem
1749 4387 1881 4440 indit
1903 4388 2168 4440 fiduciam.

588 4486 703 4542 Non
737 4485 878 4539 enim
907 4483 958 4535 in
989 4479 1223 4534 sanando
1241 4478 1355 4544 ejus
1382 4477 1654 4545 iniquitate
1675 4477 1897 4530 multum
1918 4475 2173 4544 temporis

588 4576 852 4636 adhibuit,
899 4573 993 4628 sed
1040 4571 1166 4625 illud
1216 4569 1394 4622 statim
1447 4567 1641 4624 factum
1683 4577 1795 4628 est;
1841 4584 2012 4636 neque
2047 4583 2167 4620 cmn

589 4666 684 4723 illo
713 4671 922 4718 tantum
954 4660 1220 4715 recumbit
1238 4658 1303 4711 ad
1321 4673 1586 4721 mensam,
1604 4658 1698 4711 sed
1722 4672 1843 4710 cum
1864 4656 1984 4709 aliis
2009 4655 2149 4707 mul-

583 4757 663 4812 tis
684 4774 696 4809 :
718 4769 1043 4824 quamquam
1066 4752 1115 4804 id
1137 4751 1213 4803 illi
1231 4750 1447 4804 crimini
1471 4750 1722 4807 dabatur,
1740 4747 1880 4814 quod
1906 4757 2154 4814 peecato~

591 4861 682 4901 res
710 4861 814 4898 non
837 4844 1092 4911 abigeret.
1117 4841 1316 4894 Verum
1344 4854 1516 4907 neque
1541 4839 1643 4892 hoc
1673 4838 1848 4890 celant
1879 4835 2151 4905 evangeli—

593 4947 691 4990 sta:
718 4935 987 5002 qumnodo
1028 4933 1099 4984 illi
1128 4931 1422 4984 accusandi
1449 4930 1771 4983 occasiones
1813 4928 2100 4995 captabant
2137 4965 2154 4989 ,

591 5023 710 5091 eius
733 5022 1070 5090 explorantes
1096 5033 1276 5088 Opera.
1306 5016 1643 5070 Conveniunt
1682 5030 1838 5083 porro
1866 5018 2125 5084 publicani
2153 5059 2165 5080 ,

592 5112 744 5183 quasi
791 5112 856 5167 ad
905 5113 1033 5165 artis
1077 5120 1411 5172 consortem;
1458 5123 1579 5168 nam
1609 5107 1797 5161 honori
1839 5107 1938 5162 sibi
1970 5109 2167 5164 ducens

590 5204 732 5274 quod
757 5203 998 5258 Christus
1028 5202 1092 5256 ad
1121 5218 1176 5255 se
1205 5201 1455 5264 venisset,
1484 5213 1669 5254 omnes
1693 5201 2020 5254 convocavit.
2050 5202 2169 5254 Ete-

589 5300 699 5354 nim
729 5311 887 5350 omne
925 5294 1210 5349 curationis
1249 5306 1418 5360 genus
1446 5290 1685 5346 Christus
1722 5290 2036 5355 adhibebat,
2069 5309 2168 5349 nec

591 5389 752 5445 modo
771 5389 890 5443 eum
923 5386 1343 5442 concionaretur.
1380 5398 1497 5437 cum
1522 5391 1752 5443 curaret.
1778 5397 1898 5436 cum
1929 5382 2166 5438 inimicos

590 5481 955 5549 redargueret,
1013 5476 1104 5531 sed
1157 5477 1311 5530 etiam
1361 5490 1481 5529 cum
1532 5475 1919 5532 convivaretur.
1973 5473 2165 5529 multos

597 5573 738 5625 male
770 5570 983 5623 affectos
1014 5567 1328 5620 emendabat
1354 5584 1366 5618 :
1393 5565 1474 5619 his
1501 5579 1597 5618 nos
1619 5564 1819 5620 docens
1844 5581 2000 5619 omne
2031 5575 2165 5620 tem-

595 5675 694 5728 pus
742 5671 1004 5725 omneque
1052 5671 1183 5726 opus
1233 5671 1383 5724 posse
1432 5653 1582 5708 nobis
1627 5656 1900 5708 utilitatem
1956 5655 2163 5710 afferre.

595 5751 846 5820 Quamvis
872 5757 1044 5806 autem
1066 5763 1129 5801 ea
1152 5763 1266 5815 qua:
1296 5757 1417 5800 tunc
1438 5745 1675 5815 apposita
1699 5755 1868 5810 erant,
1897 5747 2167 5817 iniquitate

668 5887 682 5913 ί
719 5879 831 5940 Alii,
854 5892 962 5932 cum
979 5879 1188 5932 maxime
1211 5876 1345 5944 signa
1370 5877 1518 5927 multa
1541 5885 1584 5926 et
1611 5877 1862 5929 mirabilia.

2265 770 2382 810 rum
2421 763 2567 824 erat;
2607 757 2700 811 sed
2727 758 3121 822 contuitu-nalis
3148 773 3201 818 et
3227 765 3502 825 convictor
3540 778 3622 826 est
3661 785 3841 825 eorum

2265 845 2353 915 qui
2396 845 2699 915 huiusmodi
2745 847 3005 918 iniquitati
3048 867 3108 907 se
3153 852 3485 912 dediderant.
3533 857 3840 925 llnjusimli

2264 936 2461 1007 quippe
2481 937 2739 1001 medicus,
2770 940 2869 995 nisi
2897 956 3162 1012 πλεῖοι-ωε»
3192 946 3524 1014 putrediuem
3551 951 3710 1013 ferat,
3745 967 3842 1005 nou

2265 1039 2358 1079 eos
2382 1040 2413 1080 a
2445 1027 2793 1082 morboeruit
2827 1047 2840 1084 :
2873 1045 3191 1102 quamquam
3220 1035 3346 1093 inde
3383 1038 3576 1093 maibtm
3619 1041 3722 1096 sibi
3771 1042 3842 1097 fa-

2266 1132 2408 1173 mam
2429 1119 2740 1188 attraheret,
2772 1132 2824 1174 et
2851 1125 2991 1190 quod
3019 1138 3141 1179 cum
3169 1126 3262 1181 illo
3283 1129 3490 1194 ederet,
3527 1143 3581 1186 et
3621 1134 3765 1202 quod
3798 1138 3843 1190 in

2262 1206 2426 1265 domo
2451 1209 2568 1278 ejus
2597 1224 2722 1264 cum
2767 1213 3058 1281 publicanis
3104 1216 3304 1273 multis.
3347 1217 3476 1275 Vide
3504 1231 3683 1276 autem
3715 1240 3842 1291 quo-

2266 1299 2427 1360 modo
2470 1301 2521 1356 id
2541 1342 2544 1345 ι
2567 1302 2639 1357 illi
2680 1304 2874 1368 probro
2899 1317 3108 1362 vertant
3132 1327 3146 1366 :
3175 1308 3308 1367 Ecce
3334 1310 3482 1368 Itonia
3511 1314 3650 1369 eda:
3672 1327 3718 1370 et
3751 1320 3844 1371 viui

2267 1400 2484 1459 potator,
2506 1394 2889 1462 publicanorum
2903 1400 3092 1452 amicus
3115 1410 3162 1453 et
3181 1413 3498 1468 peccatorum
3521 1404 3737 1472 (Matth.
3759 1410 3842 1464 ll.

2267 1481 2380 1552 l9).
2412 1484 2640 1540 Audiant
2673 1485 2744 1538 illi
2773 1487 2860 1556 qui
2891 1503 3134 1559 magnam
3175 1491 3276 1546 sibi
3306 1493 3496 1552 famam
3536 1513 3601 1551 ex
3642 1497 3845 1566 jejunio

2265 1587 2454 1642 parere
2473 1584 2719 1644 satagunt
2752 1593 2766 1630 :
2798 1579 3139 1651 cogite-utque
3173 1583 3452 1642 Dominum
3483 1598 3728 1643 nostrum
3760 1607 3846 1642 vu-

2264 1680 2439 1720 racem
2479 1677 2534 1722 et
2563 1668 2668 1722 vini
2697 1679 2994 1734 potatorent
3031 1686 3272 1731 vocatum
3299 1677 3460 1735 fuisse
3481 1720 3498 1746 ,
3529 1697 3704 1752 neque
3728 1699 3845 1739 eru-

2263 1755 2472 1821 buisse;
2519 1758 2614 1814 sed
2647 1761 2759 1816 lucc
2794 1763 2972 1818 omnia
3004 1764 3336 1836 despexisse,
3369 1779 3424 1825 ut
3449 1786 3563 1827 rem
3584 1775 3690 1828 sibi
3721 1791 3844 1844 pro—

2265 1851 2490 1919 positam
2534 1852 2863 1921 pcrficeret;
2913 1857 2963 1911 id
2991 1858 3133 1927 quod
3179 1861 3340 1916 etiam
3387 1865 3585 1920 evenit.
3627 1865 3759 1922 Nam
3796 1878 3846 1923 et

2265 1936 2575 2008 publicanus
2598 1956 2885 1999 conversus
2911 1956 2993 2000 est
3018 1955 3072 2003 et
3098 1949 3288 2006 melior
3306 1950 3544 2009 allectus.
3578 1955 3647 2012 Ut
3668 1968 3844 2014 autem

2264 2030 2457 2092 discas.
2479 2041 2732 2101 quantum
2760 2033 2882 2091 boni
2912 2037 3191 2095 accederet
3230 2042 3298 2096 iis
3333 2044 3422 2113 qui
3461 2043 3705 2114 ejusdem
3728 2064 3846 2103 cum

2263 2137 2329 2176 eo
2358 2137 2555 2179 mensa:
2578 2125 2859 2196 participes
2875 2137 3075 2196 essent,
3097 2131 3219 2186 audi
3246 2134 3370 2203 quid
3396 2134 3536 2191 dicat
3558 2137 3848 2194 laertia-us

2264 2213 2398 2266 alius
2429 2215 2756 2284 publicanus.
2806 2217 2937 2286 Quia
2965 2220 3107 2276 enim
3137 2223 3337 2279 audivit
3363 2226 3638 2283 Christum
3667 2229 3849 2284 dicen-

2268 2314 2374 2358 teut
2395 2347 2409 2369 ,
2444 2305 2611 2364 Hodie
2639 2309 2691 2363 in
2720 2311 2870 2366 domo
2908 2322 2994 2366 tua
3021 2325 3215 2383 oportet
3241 2334 3320 2372 me
3345 2336 3545 2374 manere
3567 2323 3587 2392 (
3613 2321 3737 2376 Luc.
3763 2325 3844 2379 l9.

2263 2395 2344 2464 5),
2376 2398 2568 2467 gaudio
2610 2401 2855 2469 perfusus
2874 2443 2888 2466 ,
2918 2403 3046 2460 dixit
3075 2422 3089 2459 :
3121 2404 3399 2462 Dimidium
3428 2411 3672 2466 bonorum
3716 2430 3849 2468 inco-

2264 2503 2376 2541 rum
2401 2490 2466 2542 do
2494 2492 2819 2559 pauperibus,
2848 2505 2893 2547 et
2915 2497 2959 2548 si
2973 2496 3093 2561 quid
3116 2496 3334 2569 aliquem
3351 2499 3667 2571 deft-audaci,
3692 2504 3783 2556 red
3803 2508 3848 2558 ω

2266 2582 2605 2650 quadruplum
2635 2583 2776 2651 (Ibid
2827 2599 2874 2637 υ.
2907 2585 2984 2656 8).
3007 2586 3103 2643 Cui
3133 2590 3407 2659 respondit
3443 2591 3599 2648 Iesus
3625 2610 3640 2651 :
3686 2593 3852 2650 IlodJO

2265 2673 2404 2725 salus
2429 2673 2603 2730 domui
2629 2674 2743 2727 huic
2769 2678 2906 2744 facta
2931 2686 3004 2732 cst
3027 2677 3188 2748 (Ibid.
3213 2695 3262 2733 tt.
3293 2682 3366 2752 9).
3398 2683 3484 2738 Sic
3504 2699 3568 2739 ex
3601 2688 3848 2740 omnibus

2267 2763 2401 2816 alios
2431 2764 2708 2822 instituere
2737 2768 2878 2822 licet.
2914 2769 2978 2824 Et
3020 2773 3289 2841 qmtmodo
3309 2813 3327 2841 ,
3363 2775 3571 2846 inquies
3594 2819 3609 2838 ,
3654 2778 3850 2834 Paulus

2269 2856 2506 2923 praecipit
2532 2873 2544 2908 :
2571 2856 2631 2911 Si
2656 2859 2786 2924 quis,
2809 2875 2924 2912 cunt
2940 2860 3097 2930 frater
3116 2864 3420 2932 nominetur,
3438 2867 3501 2921 sit
3518 2869 3848 2937 fornicatum,

2267 2957 2353 2998 aut
2384 2963 2586 3012 avarus,
2613 2965 2725 3001 cum
2747 2965 2806 3003 eo
2827 2966 2888 3004 ne
2913 2953 3171 3006 comedere
3191 2955 3392 3024 quidem
3414 2970 3608 3026 oportet
3634 2963 3678 3027 (l
3697 3000 3709 3012 .
3729 2961 3847 3015 Cor.

2270 3038 2322 3092 5.
2354 3037 2482 3109 il)?
2509 3040 2578 3094 At
2603 3055 2707 3094 non
2737 3048 2901 3110 patet,
2931 3057 2999 3098 an
3029 3043 3154 3099 illud
3180 3047 3339 3100 etiam
3371 3051 3638 3118 magistris
3668 3053 3851 3119 pracci-

2269 3130 2479 3202 piattir,
2521 3147 2692 3202 neque
2737 3133 2910 3190 solum
2951 3134 3220 3190 fratribus.
3257 3136 3455 3192 Deinde
3497 3141 3569 3194 illi
3615 3143 3850 3205 nondum

2271 3221 2491 3290 perfecti
2521 3207 2766 3292 suetique
2793 3234 2979 3288 erant,
3026 3241 3197 3295 neque
3232 3225 3484 3283 fratribus
3523 3245 3850 3285 annumera-

2269 3311 2481 3367 bantur.
2540 3313 2618 3367 Ad
2671 3313 2786 3370 lure
2830 3329 2955 3367 vero
3001 3315 3216 3380 Paulus,
3252 3317 3361 3385 jam
3391 3318 3510 3373 illos
3549 3320 3600 3372 in
3629 3321 3849 3374 fratrum

2270 3422 2548 3460 numerum
2591 3407 2822 3461 adscitos
2860 3410 3094 3462 aversari
3116 3409 3298 3479 jubet,
3331 3411 3374 3466 si
3411 3411 3463 3466 in
3493 3412 3646 3466 malis
3674 3425 3852 3481 perse-

2270 3510 2455 3552 verent
2490 3516 2502 3552 :
2535 3498 2587 3552 bi
2614 3509 2792 3553 autem
2825 3500 2962 3554 male
3003 3515 3162 3568 agere
3209 3514 3551 3558 cessaverant
3584 3505 3848 3560 cauversi.

2275 3593 2468 3646 Verum
2499 3593 2628 3645 nihil
2659 3593 2847 3646 horum
2877 3592 3176 3645 Pharisreos
3205 3600 3556 3662 compressit,
3607 3596 3703 3650 sed
3745 3599 3848 3650 cri-

2273 3684 2537 3737 minantes
2564 3682 2942 3751 aggrediuntur
2967 3682 3256 3750 discipulos
3287 3683 3370 3737 bis
3397 3685 3569 3739 verbis
3595 3703 3610 3737 :
3642 3688 3731 3742 ll.
3755 3687 3851 3741 Cur

2271 3792 2388 3829 cum
2453 3768 2732 3843 publicanis
2768 3782 2838 3826 et
2877 3774 3240 3841 peccatoribus
3295 3775 3565 3828 mandarat
3619 3778 3851 3845 magister

2270 3867 2464 3920 uester?
2487 3867 2543 3919 Et
2573 3880 2692 3918 cum
2728 3864 2970 3932 discipuli
2999 3878 3222 3933 peccare
3267 3867 3543 3931 videntur,
3583 3867 3848 3925 Christum

2270 3958 2349 4011 sic
2373 3956 2716 4025 alloquuntur
2746 3971 2759 4005 :
2802 3953 2932 4007 Ecce
2966 3955 3202 4022 discipuli
3239 3957 3312 4008 tui
3354 3960 3547 4026 faciunt
3585 3962 3723 4029 quod
3754 3978 3850 4016 non

2271 4049 2383 4100 licet
2422 4049 2473 4100 in
2514 4046 2718 4100 sabbato
2761 4046 2929 4114 facere
2956 4045 3169 4114 (.llatth.
3203 4045 3286 4100 l2.
3318 4047 3405 4116 2);
3437 4047 3522 4103 hic
3546 4066 3674 4105 vero
3713 4054 3848 4120 apud

2270 4139 2555 4209 discipulos
2601 4139 2867 4192 Christum
2916 4138 3281 4191 criminantur.
3328 4138 3456 4205 Quze
3482 4143 3661 4195 omnia
3696 4143 3849 4198 mali-

2269 4233 2539 4301 gnantimn
2587 4237 2755 4288 erant,
2799 4239 2850 4281 et
2897 4228 3186 4282 Veientium
3222 4229 3598 4297 discmulorum
3628 4233 3847 4286 chorum

2273 4336 2300 4371 a
2326 4320 2576 4385 magistro
2596 4317 2984 4384 avellere.Quid
3005 4320 3159 4387 igitur
3178 4321 3435 4374 immensa
3459 4322 3546 4375 illa
3569 4326 3850 4389 sapientia?

2279 4410 2362 4462 Η..
2397 4408 2777 4478 Nouiudigcnt,
2809 4411 3008 4478 inquit,
3056 4411 3169 4463 simi
3198 4413 3409 4473 medico,
3459 4415 3546 4466 sed
3591 4419 3677 4482 qui
3723 4419 3852 4469 male

2275 4501 2472 4554 turbent.
2505 4499 2633 4554 Vide
2664 4501 2930 4568 quomodo
2962 4516 3262 4556 sermonem
3304 4518 3491 4557 eorum
3539 4504 3590 4558 in
3632 4519 3848 4561 contra-

2274 4591 2410 4643 rium
2451 4590 2626 4644 vertit.
2660 4587 2734 4643 Illi
2768 4605 2997 4655 namque
3037 4592 3247 4645 crimini
3288 4593 3485 4644 dabant
3529 4593 3662 4662 ipsi,
3707 4597 3848 4665 quod

2272 4679 2507 4734 eumillis
2530 4691 2858 4744 versaretur;
2880 4680 2967 4733 ille
2987 4683 3311 4734 contrarium
3336 4683 3554 4750 profert,
3581 4685 3850 4755 indignum

2275 4769 2596 4838 benignitate
2641 4785 2734 4821 sua
2787 4784 2907 4824 esse
2945 4771 2989 4824 si
3044 4787 3145 4824 nou
3176 4787 3295 4825 eum
3328 4773 3432 4827 illis
3473 4787 3749 4840 versetur;
3792 4794 3852 4833 ac

2272 4879 2378 4917 non
2411 4863 2565 4916 modo
2605 4878 2662 4917 se
2701 4864 2926 4917 crimine
2957 4876 3176 4918 vacuum
3205 4879 3326 4920 esse
3363 4883 3482 4920 cum
3514 4868 3633 4922 illos
3663 4886 3848 4924 emcn-

2273 4955 2455 5018 daret,
2488 4954 2578 5009 sed
2607 4971 2716 5009 rem
2748 4971 2866 5010 esse
2899 4957 3213 5024 prmcipnam
3237 5000 3249 5021 ,
3295 4966 3349 5012 et
3373 4961 3725 5013 i‘tmssariam
3752 5004 3765 5024 ,
3801 4970 3852 5016 et

2272 5049 2417 5101 mille
2444 5047 2685 5102 laudibus
2724 5048 2958 5118 dignam.
3007 5048 3206 5102 Deinde
3235 5067 3299 5103 ne
3335 5052 3610 5105 videretur
3635 5065 3853 5106 vocatus

2270 5140 2474 5210 pudore
2501 5138 2712 5194 afficere
2731 5182 2745 5204 ,
2776 5155 2896 5192 cum
2926 5139 3161 5202 diceret,
3199 5140 3295 5206 Qui
3333 5145 3462 5195 male
3488 5143 3697 5204 habent,
3731 5144 3852 5200 vida

2270 5230 2534 5299 quomodo
2582 5233 2740 5286 leniat
2787 5231 2953 5292 illud,
3001 5247 3120 5284 cum
3165 5232 3281 5287 illos
3323 5233 3561 5300 increpat
3600 5242 3655 5287 et
3684 5235 3848 5288 dicit:

2273 5324 2359 5377 15.
2391 5321 2604 5393 Eunt“,
2636 5323 2814 5374 discite
2830 5323 2952 5391 quid
2974 5332 3064 5385 est,
3097 5321 3496 5376 Miscricordiam
3517 5327 3650 5386 colo,
3683 5337 3728 5378 et
3753 5342 3851 5380 non

2269 5415 2574 5483 saevi/icium
2604 5412 2755 5480 (Osce
2781 5413 2835 5467 6.
2867 5415 2943 5480 (l).
2978 5413 3087 5468 Hoc
3126 5425 3296 5467 autem
3330 5416 3571 5477 dicebat,
3603 5415 3844 5483 Scriptu-

2271 5523 2446 5559 rarum
2498 5505 2844 5573 ignorantiam
2892 5505 3021 5572 ipsis
3064 5508 3190 5557 vitio
3222 5517 3448 5562 vertens.
3488 5507 3843 5576 Quamobrem

2258 5592 2724 5662 ‘acriusloquitur,
2750 5609 2854 5647 non
2889 5597 3059 5649 iratus
3075 5612 3090 5660 ;
3107 5596 3249 5650 absit
3267 5614 3282 5661 ;
3303 5598 3394 5651 sed
3418 5601 3572 5653 neilli
3595 5601 3836 5656 animam

2271 5686 2690 5755 desponderent.
2723 5685 3064 5755 Quamquam
3106 5689 3286 5743 dicere
3315 5699 3524 5757 poterat
3554 5711 3567 5743 :
3605 5693 3722 5747 Non
3750 5710 3839 5749 co-

2273 5775 2493 5843 gitatis,
2545 5777 2820 5843 quomodo
2878 5779 3177 5848 paralytico
3226 5790 3442 5848 peccata
3494 5781 3840 5836 dimiserim!

2275 5881 2352 5919 c0t
2368 5883 2467 5938 mis
2488 5867 2604 5935 ejus
2625 5869 2952 5922 firmaverim
2977 5869 2997 5920 ?
3019 5870 3085 5922 At
3102 5870 3236 5924 nihil
3255 5869 3446 5925 horum
3466 5870 3600 5926 dicit
3623 5886 3840 5929 Herum
