4094 6492
324 396 427 454 3m

328 522 607 580 postquam
624 507 771 563 illam
798 502 1099 575 lmjusmodi
1133 502 1311 557 verbis
1339 499 1684 563 euiolliveris,
1712 498 1798 552 illa
1815 499 1917 552 alia

323 602 516 671 adjiee.
549 599 606 654 Si
638 598 804 654 semel
836 597 1059 657 dixeris,
1094 610 1191 649 nec
1216 593 1487 658 suaseris,
1522 591 1778 657 secundo,
1811 600 1919 644 ter-

325 696 421 756 tio.
466 704 521 749 et
555 694 753 762 saepius
778 691 953 752 dicas;
1000 688 1114 741 hinc
1142 698 1385 756 repetere
1418 700 1484 739 ne
1514 682 1770 754 graveris,
1808 698 1915 736 non

319 786 508 843 odiosa
534 786 763 854 quadam
790 781 1015 845 mitione,
1046 779 1139 835 sed
1166 778 1411 848 placide,
1444 790 1586 831 nunc
1622 771 1916 828 avertendo

323 892 397 945 te,
422 893 565 935 nunc
592 876 861 931 adulando
888 882 946 930 et
985 872 1230 929 colendo.
1279 872 1471 925 Annon
1504 868 1652 923 vides
1683 868 1915 937 pictores

322 971 486 1027 modo
510 969 711 1024 delere.
749 966 909 1021 modo
951 967 1170 1035 picturae
1197 962 1582 1033 superaddere,
1618 970 1673 1015 ut
1714 960 1915 1013 formo-

320 1078 434 1116 sam
466 1051 654 1116 faciem
676 1059 964 1129 depingunt
984 1058 1008 1109 ?
1027 1056 1103 1111 Ne
1124 1056 1200 1111 sis
1226 1070 1355 1125 ergo
1382 1053 1558 1108 minus
1583 1067 1743 1123 sagax
1784 1052 1907 1105 illis.

319 1153 453 1208 Nam
477 1152 522 1204 si
550 1152 620 1204 illi
647 1152 889 1220 corporis
919 1148 1201 1217 imaginem
1236 1147 1531 1215 pingentes,
1568 1152 1711 1198 tanta
1744 1154 1907 1199 utun-

323 1254 410 1299 tur
439 1243 709 1312 diligentia
737 1260 750 1295 :
778 1243 943 1297 multo
969 1242 1135 1310 magis
1160 1254 1258 1293 nos
1284 1239 1516 1293 auimmn
1542 1238 1905 1301 effornmites,

317 1350 533 1390 omnem
562 1335 859 1389 machinam
890 1347 1105 1387 movere
1135 1347 1229 1400 par
1257 1341 1357 1384 est.
1388 1329 1518 1384 Nam
1540 1330 1584 1384 si
1613 1329 1769 1396 hujus
1795 1328 1911 1382 ani-

317 1442 420 1481 mae
447 1427 635 1480 faciem
671 1425 893 1495 pulchre
935 1423 1320 1487 efformaveris,
1354 1437 1458 1475 non
1487 1420 1690 1474 videbis
1716 1434 1906 1486 corpo-

316 1520 394 1574 ris
431 1519 783 1574 deformatam
819 1516 1029 1579 faciem,
1072 1531 1178 1569 non
1218 1514 1483 1569 rubricata
1520 1513 1678 1575 labia,
1715 1527 1819 1566 non
1844 1526 1908 1565 os

316 1625 457 1665 ursa:
486 1612 565 1665 ori
588 1618 866 1665 cruentato
898 1609 1092 1669 simile,
1127 1623 1231 1662 non
1266 1616 1379 1663 atra
1420 1605 1724 1676 snpercilia,
1754 1606 1903 1674 quasi

313 1718 379 1758 ex
429 1703 549 1758 ollae
592 1702 830 1772 fuligine,
880 1716 987 1755 non
1028 1700 1183 1754 illitas
1218 1713 1402 1768 genas,
1449 1706 1505 1751 ut
1537 1698 1903 1767 sepulcrorum

314 1797 565 1866 parietes.
605 1794 729 1849 Haec
766 1793 961 1863 quippe
987 1794 1162 1846 omnia
1209 1791 1412 1862 fuligo,
1457 1790 1628 1861 pulvis
1666 1799 1721 1845 et
1746 1790 1902 1856 cinis,

313 1887 642 1955 extremique
673 1886 878 1940 fmtoris
907 1886 1077 1955 signa.

383 1978 439 2033 ϐ.
491 1976 683 2031 Verum
736 1975 915 2031 nescio
962 1991 1068 2045 quo
1111 1982 1265 2045 pacto
1313 1973 1364 2027 in
1413 1971 1717 2040 hujusmodi
1743 1972 1901 2026 verba

309 2069 560 2139 delapsus
588 2069 711 2131 sitn,
744 2076 798 2121 et
818 2067 942 2119 dmn
972 2066 1103 2122 alios
1140 2064 1323 2119 hortor
1355 2074 1409 2117 ut
1439 2079 1558 2118 cum
1596 2072 1905 2117 mansuetu-

308 2163 436 2217 dine
476 2168 765 2224 moneant,
814 2159 867 2214 in
914 2157 1239 2212 iracundiam
1289 2157 1403 2226 ipse
1445 2155 1727 2212 devnlutus
1777 2155 1900 2209 sim.

312 2256 667 2310 ReVertamur
721 2251 899 2322 itaque
960 2251 1027 2305 ad
1098 2249 1363 2305 mitiorem
1425 2250 1898 2313 admonitionem,

306 2348 593 2416 omniaque
633 2346 865 2401 feramus
912 2345 1191 2399 mulierum
1236 2344 1361 2398 vitia
1387 2383 1403 2409 ,
1452 2355 1511 2398 ut
1554 2360 1675 2413 quin
1715 2344 1766 2398 in
1800 2359 1899 2412 op-

307 2442 430 2492 tatis
478 2446 602 2491 sunt
647 2437 1005 2507 perficiamus.
1044 2438 1237 2490 Annon
1282 2436 1431 2490 vides
1464 2435 1734 2505 quomodo
1776 2434 1901 2489 feri-

306 2547 427 2586 mus
454 2531 681 2585 infantes
707 2530 978 2601 vagientes
1004 2545 1124 2583 cum
1169 2544 1199 2583 a
1247 2543 1475 2583 mamma
1520 2539 1645 2583 sunt
1693 2528 1901 2582 abstra-

306 2621 467 2677 hendi
503 2642 516 2677 :
549 2622 831 2692 omniaque
874 2622 1191 2685 toleramus,
1239 2620 1305 2675 ad
1360 2619 1409 2675 id
1450 2621 1643 2685 solum,
1695 2628 1751 2674 ut
1793 2619 1897 2673 illis

303 2715 623 2770 suadeamus
648 2713 877 2785 priorem
899 2713 1175 2783 despicere
1192 2712 1469 2769 mensam?
1490 2712 1563 2765 Ita
1584 2722 1637 2767 et
1664 2727 1803 2767 nunc
1820 2711 1898 2764 fa-

302 2806 508 2861 ciamus
535 2822 547 2858 :
580 2815 772 2859 cetera
798 2805 976 2858 omnia
1008 2803 1259 2867 feramus,
1302 2813 1358 2857 ut
1392 2802 1495 2858 hoc
1520 2818 1891 2874 assequamur.

300 2896 438 2951 Cum
467 2897 608 2950 enim
635 2894 763 2951 illud
784 2894 1123 2949 emendatum
1155 2893 1331 2957 fuerit,
1364 2894 1506 2950 aliud
1537 2903 1682 2949 recte
1708 2908 1895 2962 proce-

300 2990 431 3042 dere
458 2988 693 3053 videbis,
720 2996 879 3056 atque
906 2985 973 3040 ad
1014 3001 1174 3041 aurea
1204 2996 1519 3040 ornamenta
1549 2986 1731 3040 venies
1754 3026 1769 3051 ,
1795 2999 1890 3039 eo-

298 3078 531 3146 demque
566 3077 726 3132 modo
748 3078 819 3133 de
844 3076 928 3132 his
962 3078 1123 3133 etiam
1148 3076 1415 3147 loqueris:
1440 3085 1495 3131 et
1518 3077 1596 3132 sic
1636 3076 1889 3146 paulatim

300 3185 522 3224 uxorem
555 3172 882 3223 concinnans
902 3209 917 3234 ,
947 3167 1055 3222 eris
1081 3169 1251 3238 pictor
1273 3167 1505 3237 optimus
1529 3208 1544 3232 ,
1566 3167 1739 3223 fidelis
1776 3183 1894 3224 sero

297 3272 431 3324 vus‘,
464 3260 692 3329 agricola
720 3271 989 3313 strenuus.
1023 3259 1151 3312 Post
1181 3258 1295 3311 hzec
1324 3270 1499 3314 autem
1525 3300 1541 3324 ,
1574 3260 1626 3313 in
1656 3270 1888 3315 mentem

298 3351 398 3421 ipsi
427 3366 613 3405 revoca
641 3350 886 3419 antiquas
909 3349 1028 3402 illas
1043 3348 1313 3412 mulieres,
1334 3349 1539 3412 Suram,
1566 3349 1885 3418 Rebeccam,

296 3442 562 3495 formosas
601 3450 654 3495 et
702 3439 1109 3502 deformes,.et
1152 3439 1372 3494 ostende
1420 3438 1491 3493 illi
1536 3456 1724 3495 omnes
1774 3442 1887 3497 illas

294 3533 459 3587 fuisse
487 3541 841 3601 temperantes
860 3542 913 3587 et
940 3530 1094 3602 frugi.
1113 3530 1241 3585 Nam
1267 3530 1357 3585 Lia
1389 3533 1702 3601 patriarchae
1732 3548 1885 3597 uxor,

292 3639 415 3678 cum
442 3621 680 3677 formosa
710 3639 815 3677 non
842 3630 1015 3689 esset,
1063 3640 1333 3693 nunquam
1364 3623 1469 3677 tale
1495 3624 1765 3691 quidpiam
1793 3640 1887 3678 es-

290 3712 567 3784 cogitavit,
590 3713 684 3770 sed
708 3714 965 3769 deformis
992 3730 1114 3769 cum
1143 3726 1321 3779 esset,
1354 3730 1451 3769 nec
1478 3717 1703 3770 multum
1733 3732 1883 3771 ama-

291 3818 439 3862 retur
466 3822 497 3860 a
528 3808 641 3860 viro
660 3847 674 3870 ,
699 3806 829 3860 nihil
863 3806 1164 3875 hujusmodi
1193 3806 1429 3860 adhibuit
1453 3849 1467 3870 ,
1494 3823 1667 3876 neque
1693 3808 1883 3863 faciem

290 3914 443 3954 suam
476 3898 721 3961 vitiavit,
753 3897 846 3952 sed
877 3898 1072 3952 mansit
1103 3899 1304 3967 integra
1348 3914 1673 3955 conservans
1718 3901 1883 3955 linea-

291 4000 468 4046 tnenta
496 4031 509 4053 ,
537 3989 744 4044 etiamsi
773 3989 957 4044 fuisset
985 4004 1014 4043 a
1046 3990 1331 4059 gentilibus
1358 3990 1600 4045 educata.
1636 3990 1712 4045 Tu
1754 4008 1884 4047 vero

288 4098 409 4152 qme
439 4080 609 4136 fidelis
636 4097 694 4134 es
712 4123 727 4144 ,
751 4080 901 4148 cujus
927 4092 1083 4151 caput
1112 4081 1376 4144 Christus,
1405 4084 1698 4137 samnicam
1728 4084 1881 4138 nobis

288 4174 592 4229 machinam
626 4172 877 4226 inducis?
908 4190 1004 4227 nec
1036 4174 1334 4229 recordaris
1368 4191 1519 4245 aquae
1553 4176 1691 4229 illius
1713 4217 1729 4241 ,
1761 4193 1880 4247 qua:

1283 386 1345 443 IN
1389 383 1796 442 ΜΑΤΤΗᾹΣΟΜ
1838 383 2069 440 noun-
2112 383 2301 440 XXXI.
2344 385 2415 441 nl.
2460 382 2677 441 XXXII.

3519 381 3629 439 570

2028 498 2179 555 faciei
2206 510 2309 554 tua:
2332 499 2656 554 circumfusa
2693 497 2787 552 fuit
2814 538 2831 564 ,
2857 495 3107 552 sacrificii
3133 538 3148 560 ,
3179 494 3325 567 quod
3351 494 3490 552 labia
3532 509 3622 551 tua

2025 592 2263 655 ornavit,
2296 592 2600 661 sanguinis,
2630 591 2721 663 qui
2751 590 2985 661 linguam
3018 601 3162 645 tuam
3186 588 3533 644 cruentavit?
3561 588 3621 645 Si

2022 686 2167 741 enim
2200 685 2314 739 lucc
2342 685 2521 740 omnia
2550 694 2726 739 tecum
2760 694 3061 753 reputares,
3087 682 3430 752 quantumvis
3453 696 3620 737 orna-

2022 778 2164 831 tibus
2191 775 2491 846 lmjusmodi
2524 775 2704 830 dedita
2730 789 2881 830 esses
2903 815 2919 838 ,
2953 789 3058 829 non
3087 772 3318 828 auderes
3345 772 3619 842 pulverem

2021 869 2169 923 illum
2196 869 2539 937 cineremque
2568 865 2844 921 adbibere.
2876 864 3030 920 Disce
3069 874 3121 919 te
3145 863 3362 919 Christo
3386 864 3622 933 dupon-

2019 970 2190 1018 satam
2218 975 2360 1027 esse,
2386 970 2438 1015 et
2468 959 2570 1014 hoc
2589 959 2825 1013 dedecus
2852 972 3121 1012 aversare.
3147 942 3334 1025 Neque
3354 954 3499 1010 enim
3525 954 3621 1010 ille

2018 1056 2212 1108 talibus
2237 1052 2537 1108 delectatur
2558 1052 2819 1123 picturis;
2847 1050 2940 1106 sed
2967 1050 3127 1104 aliam
3166 1048 3358 1119 qua-rit
3384 1046 3621 1117 pulchri-

2020 1145 2256 1201 tudinem
2282 1186 2297 1205 .
2327 1162 2487 1215 quam
2531 1145 2880 1199 vehementer
2918 1151 3095 1205 amat,
3124 1142 3318 1196 anima:
3361 1140 3617 1197 decorem

2016 1240 2156 1298 dico.
2188 1237 2339 1292 Hunc
2367 1247 2420 1292 te
2448 1236 2707 1307 propheta
2741 1250 2988 1305 querere
3016 1233 3169 1303 jubet
3198 1232 3281 1286 bis
3308 1232 3487 1285 verbis
3507 1228 3616 1289 :Et

2013 1330 2331 1399 concupiscet
2356 1345 2444 1383 rea:
2468 1328 2696 1382 decorem
2718 1337 2859 1380 tuum
2888 1324 3055 1398 (Psal
3084 1325 3171 1380 μ.
3196 1325 3306 1391 19).
3332 1323 3411 1379 Ne
3436 1323 3617 1393 itaque

2013 1421 2281 1492 superflua
2321 1432 2375 1475 et
2412 1419 2663 1475 indecora
2703 1431 3247 1490 quaeramusnieque
3288 1416 3434 1471 enim
3476 1430 3613 1485 opus

2016 1512 2108 1567 Dei
2138 1510 2426 1581 quodpiam
2463 1510 2837 1581 imperfectum
2881 1516 2965 1563 est
2988 1549 3006 1573 ,
3034 1515 3092 1561 ut
3121 1515 3209 1561 tua
3236 1514 3392 1576 egeat
3429 1520 3613 1559 corre-

2011 1605 2209 1660 ctione.
2225 1602 2356 1657 Nam
2379 1603 2423 1657 si
2446 1602 2568 1671 quis
2587 1600 2944 1670 imperatorize
2963 1598 3179 1667 imagini
3198 1606 3393 1651 erectae
3408 1594 3611 1665 aliquid

2009 1698 2078 1752 de
2103 1712 2203 1751 suo
2229 1697 2461 1766 adjicere
2488 1703 2734 1755 tentaret,
2765 1707 2870 1746 non
2904 1699 3049 1744 tutus
3075 1695 3489 1750 essetconatus,
3514 1684 3610 1743 sed

2011 1799 2251 1845 extremo
2302 1789 2539 1860 periculo
2574 1788 2709 1841 foret
2748 1785 3031 1839 olmosius.
3076 1782 3233 1853 Atqui
3276 1781 3439 1835 homo
3464 1779 3608 1834 illam

2009 1894 2261 1954 operatus
2285 1893 2385 1942 est.
2419 1892 2472 1937 et
2503 1881 2634 1936 nihil
2663 1879 2850 1950 adjieis
2884 1896 2897 1931 :
2933 1878 3020 1932 hic
3051 1893 3179 1931 κει-υ
3210 1876 3349 1930 Deus
3375 1884 3563 1929 auctor
3586 1912 3607 1941 ,

2008 1986 2061 2029 et
2086 1974 2383 2030 emendas?
2410 1972 2527 2028 Non
2554 1973 2757 2042 cogitas
2781 1969 3041 2039 gehennae
3084 1966 3301 2038 ignem?
3341 1981 3450 2021 non
3492 1965 3608 2018 ani-

2008 2083 2149 2121 mam
2180 2065 2477 2136 neglectam
2501 2064 2525 2118 ἳ
2556 2064 2678 2119 ideo
2707 2070 2939 2131 namque
2970 2060 3058 2113 illa
3083 2057 3324 2130 neglecta
3354 2066 3458 2121 est,
3482 2055 3605 2127 quia

2010 2171 2116 2217 tota
2156 2178 2283 2216 cura
2336 2162 2387 2214 in
2429 2174 2648 2213 carnem
2688 2155 2879 2211 collata
2925 2154 3041 2207 fuit.
3073 2152 3274 2223 Ecquid
3319 2150 3387 2205 de
3425 2150 3604 2204 anima

2007 2251 2391 2325 loquor?Nam
2420 2251 2519 2322 ipsi
2557 2264 2769 2321 quoque
2796 2246 2946 2302 carni
2981 2243 3247 2299 contraria
3290 2241 3603 2311 contingunt

2007 2350 2072 2405 iis
2093 2362 2210 2417 qua-
2236 2359 2332 2399 vos
2361 2345 2577 2417 optatis.
2603 2341 2698 2397 llic
2722 2356 2852 2396 vero
2876 2337 3113 2393 attende.
3137 2334 3233 2391 γε,
3258 2334 3492 2390 formosa
3516 2348 3605 2403 ap-

2006 2441 2229 2512 parere?
2252 2438 2363 2494 Hoc
2391 2448 2444 2493 te
2472 2437 2767 2492 deformem
2797 2432 3050 2489 ostendit.
3080 2431 3173 2485 Vis
3207 2429 3418 2499 placere
3444 2426 3603 2481 viro?

2005 2533 2057 2587 Id
2084 2530 2234 2586 illum
2266 2544 2501 2584 nnerore
2528 2525 2688 2582 afficit
2715 2539 2817 2581 :ac
2857 2537 3030 2594 neque
3069 2520 3220 2575 illum
3259 2518 3435 2574 solum
3457 2558 3475 2584 ,
3504 2516 3603 2573 sed

2002 2635 2256 2681 externos
2302 2636 2493 2677 einnes
2534 2619 2627 2674 tibi
2677 2626 3020 2673 accusatores
3065 2613 3253 2669 efficit.
3295 2611 3386 2665 Vis
3418 2609 3602 2679 jmiior

2000 2716 2285 2787 apparere?
2298 2715 2410 2770 Hoc
2427 2724 2479 2771 te
2492 2714 2648 2769 citius
2669 2713 2722 2767 in
2743 2718 3073 2768 senectutem
3089 2702 3369 2763 ducet.Vis
3390 2701 3602 2758 ornari?

2003 2812 2113 2865 Hoc
2130 2810 2223 2865 tibi
2237 2808 2485 2864 dedecori
2502 2815 2607 2860 est.
2624 2805 2757 2859 Nam
2778 2801 3079 2875 hujusmodi
3098 2800 3409 2855 muliernon
3420 2810 3599 2866 aqua-

2001 2904 2080 2959 les
2100 2903 2280 2969 modo,
2306 2901 2402 2958 sed
2427 2899 2654 2955 ancillas
2678 2899 2923 2953 ποιηθείη
2949 2905 3005 2951 et
3020 2894 3347 2949 doruesticos
3365 2891 3599 2945 scientes

2000 2996 2201 3065 pudore
2224 2994 2420 3059 afficit;
2454 2992 2731 3061 multoque
2752 2990 2928 3059 magis
2953 2979 3338 3055 seipsant.'5ed
3358 2996 3457 3037 cur
3483 2981 3598 3035 hac

1997 3086 2215 3141 dicam?
2238 3084 2372 3141 Nam
2396 3082 2539 3155 quod
2564 3081 2805 3135 omnium
2834 3067 3206 3150 gravissimum
3246 3086 3330 3130 est
3368 3080 3595 3143 pra'ter-

1998 3176 2118 3232 misi
2138 3193 2152 3229 :
2172 3186 2225 3231 te
2246 3191 2437 3242 nempe
2467 3175 2631 3227 Deum
2659 3170 2952 3232 offendere,
2976 3168 3274 3223 castitatem
3302 3163 3593 3227 suffodere,

1995 3268 2274 3338 zelotypim
2309 3266 2553 3320 flainmas
2591 3261 2908 3324 accendere,
2937 3259 3220 3330 prostituta
3245 3259 3346 3311 sub
3390 3254 3596 3311 fornice

1996 3373 2169 3415 scorta
2192 3357 2409 3413 imitari.
2434 3357 2559 3411 thee
2578 3359 2753 3425 itaque
2772 3354 2951 3409 omnia
2966 3351 3282 3422 cogitantes,
3300 3351 3595 3405 nutricant

1996 3467 2242 3521 pompam
2263 3492 2277 3513 ,
2304 3448 2731 3518 diabolicamque
2751 3456 2920 3501 artem
2949 3443 3307 3503 contemnite.
3337 3441 3594 3497 dimisso-

1994 3559 2098 3612 que
2132 3542 2223 3595 illo
2250 3550 2440 3595 ornatu
2461 3580 2477 3603 ,
2508 3540 2616 3593 imo
2644 3534 2933 3600 dedecore,
2966 3533 3419 3606 pulchritudinem
3448 3532 3595 3587 illam

1995 3633 2047 3687 in
2078 3632 2358 3686 animabus
2386 3631 2579 3685 vestris
2607 3639 2863 3699 apparate
2882 3669 2898 3693 ,
2923 3642 3043 3699 qua:
3072 3625 3279 3697 angelis
3304 3624 3551 3679 amabilis
3570 3663 3592 3690 ,

1995 3726 2107 3780 Deo
2132 3724 2382 3795 optabilis
2410 3730 2465 3776 et
2492 3720 2832 3777 consortibus
2861 3719 3039 3774 suavis
3062 3725 3167 3781 est,
3195 3728 3248 3771 ut
3276 3724 3329 3769 et
3356 3729 3597 3786 pnesen-

1994 3827 2100 3871 tem
2128 3824 2184 3871 et
2210 3814 2441 3869 futuram
2475 3812 2698 3883 gloriam
2724 3808 3129 3879 consequantini
3156 3826 3170 3861 :
3196 3822 3356 3878 quam
3387 3805 3592 3861 utinam

1992 3924 2091 3961 nos
2120 3922 2311 3961 omnes
2339 3906 2718 3974 adipiscamur,
2746 3904 2915 3972 gratia
2943 3912 2997 3956 et
3026 3901 3353 3971 benignitate
3379 3900 3591 3955 Domini

1992 4001 2159 4055 nostri
2186 3999 2312 4053 Jesn
2338 3998 2558 4061 Christi,
2588 3996 2673 4052 cui
2703 3995 2871 4067 gloria
2900 4003 2953 4049 et
2980 3994 3286 4065 imperium,
3312 3993 3363 4046 in
3392 3992 3589 4048 sit-cule

1992 4094 2329 4148 sa‘culorum.
2362 4094 2557 4146 Amen.

330 4272 3542 4322 .———————_—____—_____________________———J-——_____.____.

1386 4384 1733 4446 HOMILIA
1778 4386 2023 4448 XXXI.
2071 4386 2158 4449 al.
2206 4386 2482 4447 XXXII.

286 4528 421 4586 Cn.
442 4528 492 4583 9.
523 4528 667 4583 v.l8.
703 4527 826 4582 Hazc
857 4526 945 4580 illo
977 4527 1224 4591 loquente,
1245 4544 1356 4581 ecce
1368 4529 1604 4597 princeps
1624 4529 1881 4598 ingressus

362 4620 607 4673 adorabat
628 4636 742 4697 cum
769 4621 977 4695 dicens:
1005 4617 1143 4672 Filia
1188 4636 1297 4672 mea
1324 4620 1472 4673 modo
1491 4621 1731 4689 defuncta
1761 4632 1833 4675 est
1862 4637 1878 4683 ;

361 4712 449 4766 sed
468 4712 599 4777 veni,
628 4712 829 4778 impone
856 4728 1059 4764 insnum
1080 4721 1217 4765 tuam
1239 4729 1393 4779 super
1407 4732 1538 4777 eain,
1559 4725 1604 4768 et
1626 4717 1770 4769 vivet.
1797 4715 1879 4771 l9.

367 4802 432 4855 Et
458 4820 669 4874 surgens
690 4801 843 4858 Iesus
873 4813 1110 4872 sequutus
1137 4814 1207 4856 est
1234 4820 1347 4856 eum
1373 4846 1386 4866 ,
1418 4815 1463 4857 et
1489 4805 1726 4874 discipuli
1748 4808 1876 4867 eius.

368 4899 419 4951 l.
452 4896 596 4964 Opus
623 4910 903 4952 sermones
933 4905 1214 4965 sequutum
1246 4906 1347 4958 est,
1378 4897 1447 4949 ita
1474 4908 1531 4950 ut
1552 4900 1719 4967 magis
1739 4897 1881 4952 Pha-

290 4989 574 5044 risteorum
600 5001 695 5041 ora
738 4990 1227 5057 cmuprimerentur
1280 5006 1293 5040 :
1346 5003 1466 5041 nam
1519 4989 1606 5057 qui
1652 4988 1881 5043 accessit

293 5092 581 5149 synagoga:
627 5077 873 5147 princeps
915 5088 1033 5132 erat
1062 5119 1076 5142 ,
1128 5076 1408 5148 fructusquae
1466 5078 1640 5148 gravis
1678 5096 1691 5132 :
1728 5080 1883 5133 unica

296 5172 441 5225 enim
467 5170 638 5238 puella
658 5177 775 5225 erat
795 5210 809 5231 .
853 5185 1221 5241 annorumque
1248 5170 1528 5226 duodecim
1555 5212 1569 5236 ,
1614 5172 1755 5241 quod
1788 5173 1886 5226 flos

296 5272 417 5315 erat
442 5262 650 5317 aetatis:
680 5270 735 5317 et
760 5262 937 5315 statim
970 5262 1108 5316 illam
1132 5264 1428 5318 suscitavit.
1454 5265 1603 5330 Quod
1643 5265 1686 5319 si
1716 5265 1886 5322 Lucas

298 5365 480 5409 narrat
510 5355 719 5409 venisse
747 5356 837 5425 qui
860 5355 1097 5408 dicerent
1129 5374 1141 5408 :
1178 5355 1304 5410 Noli
1336 5374 1520 5412 vexare
1560 5360 1886 5426 magistrum;

300 5454 499 5496 sitorum
529 5446 660 5497 enim
686 5456 753 5498 cst
782 5443 931 5514 (an.
955 5444 1010 5499 8.
1049 5444 1139 5516 49)
1172 5464 1185 5499 :
1228 5447 1469 5501 dicemus
1502 5450 1629 5502 illud
1663 5490 1677 5514 ,
1730 5449 1887 5503 Modo

298 5536 540 5601 defuncta
565 5546 657 5599 est,
679 5552 707 5588 a
738 5546 977 5604 tempore
1009 5535 1060 5590 in
1090 5538 1278 5591 itinere
1308 5540 1575 5609 insnmpto
1599 5541 1886 5609 conjicien-

302 5630 370 5680 tis
399 5624 563 5679 fuisse
589 5668 601 5687 ,
638 5627 719 5679 vel
751 5628 1107 5680 calamitatem
1140 5629 1406 5697 augentis.
1441 5629 1554 5683 Mos
1582 5634 1724 5683 enim
1756 5646 1886 5698 sup-

299 5720 499 5788 plicum
529 5728 633 5781 est,
664 5719 799 5773 mala
830 5734 922 5772 sua
956 5720 1128 5773 verbis
1165 5720 1425 5774 extollere
1446 5762 1459 5783 ,
1492 5730 1543 5775 et
1584 5722 1699 5787 plus
1730 5737 1888 5790 quam

304 5828 430 5870 Vere
456 5812 523 5867 sit
550 5812 759 5883 dicere,
787 5822 841 5869 ut
879 5810 1085 5870 facilius
1116 5823 1327 5885 rogatos
1357 5824 1597 5869 exorent.
1632 5814 1761 5867 Vide
1790 5829 1880 5867 au-

1993 4539 2098 4585 tem
2126 4546 2283 4600 quam
2316 4530 2463 4585 rudis
2490 4529 2579 4584 sit.
2614 4528 2730 4584 Duo
2759 4529 2902 4584 enim
2934 4528 3169 4599 postulat
3196 4545 3223 4583 a
3250 4528 3466 4585 Christo
3488 4572 3503 4596 ,
3534 4539 3596 4585 ut

1991 4623 2190 4688 veniat,
2219 4631 2267 4676 et
2298 4636 2515 4675 manum
2546 4621 2785 4685 imponat
2816 4620 2991 4690 :quod
3022 4621 3233 4690 signum
3262 4632 3381 4675 erat
3412 4622 3585 4690 ipsum

1990 4728 2107 4767 eam
2138 4698 2313 4765 adhuc
2364 4712 2660 4781 spirantem
2694 4711 3000 4778 reliquisse.
3029 4711 3140 4766 lloc
3184 4722 3237 4768 et
3288 4714 3457 4785 Syrus
3499 4714 3590 4768 ille

1989 4802 2223 4857 Neeman
2255 4818 2283 4856 a
2338 4804 2594 4870 propheta
2640 4804 2853 4871 petebat
2906 4803 2991 4856 his
3017 4803 3193 4858 verbis
3225 4821 3239 4858 :
3274 4802 3449 4858 Exibit
3481 4846 3496 4869 ,
3545 4815 3593 4858 ct

1990 4911 2196 4948 numum
2222 4912 2366 4947 suam
2388 4895 2610 4965 imponet
2636 4896 2715 4963 (ι.
2744 4894 2870 4966 Reg.
2902 4896 2955 4951 5.
2988 4896 3098 4965 ll).
3128 4895 3260 4951 Nam
3288 4895 3405 4952 visu
3432 4906 3485 4953 ct
3506 4914 3592 4953 re—

1991 4987 2089 5043 bus
2118 4987 2220 5042 suh
2254 5001 2474 5041 sensum
2503 4986 2818 5041 cadentibus
2846 5003 2982 5055 opus
3014 4987 3209 5043 trahent
3243 4990 3274 5042 ii
3297 4989 3386 5058 qui
3410 4990 3589 5045 rodio-

1990 5080 2065 5135 ris
2090 5080 2251 5133 animi
2280 5088 2423 5132 sunt.
2453 5078 2663 5133 Marcus
2690 5078 2843 5149 (Cap.
2872 5081 2925 5133 5.
2946 5080 3037 5151 57)
3068 5097 3229 5149 porro
3255 5082 3387 5138 dicit
3414 5084 3589 5154 ipsum

1992 5179 2101 5224 tros
2164 5170 2516 5241 assumpsisse
2574 5171 2903 5240 discipulos,
2960 5171 3240 5242 [measque
3313 5172 3481 5245 (Cap.
3530 5178 3585 5229 8.

1991 5262 2082 5330 5i)
2127 5261 2404 5325 similiter;
2459 5261 2544 5317 hic
2589 5278 2718 5316 vero
2763 5262 3052 5332 discipulos
3102 5266 3433 5335 simpliciter.
3484 5266 3591 5319 Cur

1992 5368 2121 5423 ergo
2149 5352 2454 5406 Matthaunn
2488 5368 2595 5409 non
2629 5355 2836 5422 accepit
2866 5394 2879 5417 ,
2915 5356 3005 5424 qui
3036 5372 3204 5423 nuper
3242 5362 3591 5413 accesserat?

1993 5446 2062 5502 Ut
2090 5447 2235 5499 illum
2271 5448 2320 5501 in
2345 5448 2603 5516 majorem
2636 5447 2980 5516 cupiditatem
3019 5449 3259 5517 injiceret
3285 5490 3301 5515 ,
3350 5461 3405 5504 et
3448 5452 3590 5520 quod

1994 5536 2357 5605 imperfectior
2396 5537 2569 5593 adlmc
2599 5550 2761 5592 esset.
2817 5537 2942 5593 Ideo
2970 5540 3113 5594 enim
3163 5540 3281 5596 illos
3322 5542 3589 5611 honorat,

1995 5642 2049 5682 ut
2082 5629 2133 5682 hi
2163 5630 2283 5683 illos
2313 5630 2605 5684 imitentur.
2640 5629 2889 5683 Mattham
2920 5640 3099 5684 autem
3126 5633 3254 5687 satis
3275 5641 3412 5697 erat,
3444 5634 3587 5703 quod

1994 5721 2266 5790 sanguinis
2298 5722 2439 5774 fluxu
2472 5721 2805 5776 laborantem
2840 5721 3080 5786 vidisset,
3114 5732 3170 5777 et
3207 5724 3347 5791 quod
3400 5725 3588 5779 eadem

1998 5827 2181 5869 mensa
2212 5812 2459 5885 dignatus
2490 5814 2707 5877 fuisset,
2739 5811 2974 5883 ejusdem
2998 5815 3127 5870 satis
3159 5816 3587 5886 participatione.
