4094 6472
280 434 385 488 375

285 561 422 599 eum.
454 542 681 600 Pulchra
710 551 857 599 certe
904 540 1453 614 archisynagogorum
1499 544 1694 600 indicia
1716 586 1732 611 ,
1762 560 1883 601 cum

286 648 408 707 post
433 644 663 689 mortem
693 632 836 688 tibia:
864 642 919 687 et
967 633 1211 703 cymbala
1241 633 1307 688 ad
1338 633 1523 688 fletum
1577 644 1881 694 moverent.

281 726 421 793 Quid
454 724 614 797 igitur
638 724 930 780 Christus?
961 724 1109 778 Alios
1138 736 1330 780 omnes
1355 724 1594 795 expulit,
1634 734 1883 795 parente$

282 826 466 872 autem
488 815 803 875 introduxit.
831 829 897 869 ne
927 814 1033 869 diei
1067 824 1253 884 posset
1278 816 1443 870 alium
1476 817 1753 872 curavisse
1785 835 1798 870 :
1829 825 1885 871 et

281 921 567 981 antequam
598 908 844 975 suscitet,
874 923 1008 963 voce
1030 907 1161 963 illud
1184 907 1373 973 efficit,
1404 924 1526 965 cum
1550 911 1645 974 ait,
1668 909 1791 964 Non
1808 919 1880 964 est

280 1011 483 1057 mortua
500 1000 697 1071 puella,
730 999 821 1053 sed
851 999 1060 1052 dormit.
1088 998 1267 1055 Multis
1286 1014 1500 1071 quoque
1525 1001 1644 1055 aliis
1667 1001 1718 1055 in
1747 1002 1880 1056 locis

277 1093 385 1149 hoc
414 1091 540 1148 facit
564 1109 577 1145 :
597 1106 661 1146 ac
688 1093 830 1146 sicut
874 1092 925 1145 in
953 1090 1087 1145 mari
1121 1091 1351 1161 primum
1374 1092 1669 1164 discipulos
1702 1092 1881 1149 incre-

280 1186 426 1257 pavit
451 1204 465 1240 :
494 1184 572 1239 sic
601 1193 655 1239 et
697 1182 802 1238 hoc
829 1182 949 1237 loco
982 1198 1052 1238 ex
1084 1183 1431 1253 praesentium
1453 1184 1725 1239 mentibus
1757 1199 1879 1253 per-

280 1275 646 1332 turbationem
674 1274 823 1345 ejicit
842 1315 858 1338 ,
902 1274 1063 1329 simul
1094 1274 1410 1343 ostendens,
1440 1274 1599 1331 facile
1626 1275 1728 1332 sibi
1754 1291 1878 1335 esse

277 1378 522 1425 mortuos
549 1368 813 1423 suscitare
841 1365 1005 1438 (quod
1025 1366 1195 1423 etiam
1215 1368 1267 1423 in
1290 1366 1491 1423 Lazaro
1514 1368 1640 1423 fecit
1663 1367 1873 1424 dicens:

276 1460 507 1517 Lazarus
534 1460 726 1515 amicus
750 1468 921 1513 noster
944 1459 1131 1512 dormit
1148 1457 1329 1532 [leam
1360 1460 1446 1516 Η.
1476 1458 1613 1532 11]),
1644 1474 1749 1515 una
1777 1460 1877 1515 do-

274 1568 405 1610 cens
433 1568 538 1607 non
582 1550 872 1607 timendam
915 1565 1036 1605 esse
1082 1560 1312 1606 mortem
1344 1568 1358 1604 :
1390 1566 1563 1622 neque
1589 1552 1733 1606 enim
1762 1550 1873 1621 jam

272 1660 397 1701 csse
426 1653 677 1707 mortem,
705 1642 801 1698 sed
831 1657 1103 1697 somnum.
1130 1641 1261 1696 Nam
1288 1643 1409 1713 quia
1439 1642 1556 1711 ipse
1574 1644 1874 1697 moriturus

271 1745 410 1800 erat,
440 1736 669 1791 aliorum
695 1750 923 1805 corpora
970 1734 1284 1791 suscitando
1334 1735 1631 1806 discipulos
1659 1751 1869 1806 praepa-

273 1829 426 1885 rabat
450 1827 515 1882 ad
538 1826 787 1882 fiduciam
818 1824 1135 1881 sumendam
1154 1868 1168 1890 ,
1201 1836 1544 1897 mortemque
1562 1842 1714 1883 suam
1748 1827 1877 1883 leni-

271 1931 356 1979 ter
384 1918 679 1977 ferendam.
704 1918 995 1989 Postquam
1024 1919 1166 1974 enim
1193 1920 1307 1990 ipse
1336 1918 1636 1976 advenerat
1663 1962 1676 1985 ,
1723 1936 1873 1976 mors

265 2015 379 2087 jam
406 2014 619 2071 nonnisi
646 2028 867 2069 somnus
897 2021 1033 2067 erat.
1078 2015 1329 2068 Attamen
1355 2012 1675 2068 deridebant
1703 2029 1827 2069 eum
1856 2033 1869 2068 :

270 2110 387 2179 ipse
412 2122 541 2163 vero
567 2121 673 2162 non
722 2106 939 2171 indigne
970 2106 1134 2171 tulit,
1176 2121 1299 2161 cum
1350 2122 1454 2161 non
1490 2106 1773 2163 crederent
1807 2108 1871 2162 iis

263 2213 388 2269 qua!
412 2212 537 2253 mox
568 2197 683 2266 ipse
734 2196 1052 2251 mirabiliter
1100 2206 1422 2266 operaturus
1466 2206 1585 2252 erat
1626 2215 1639 2253 :
1690 2213 1872 2267 neque

266 2291 568 2361 increpavit
597 2288 836 2345 ridentes
862 2332 875 2353 ,
906 2298 963 2343 ut
990 2298 1045 2343 et
1092 2290 1235 2345 risus
1265 2299 1321 2347 et
1344 2290 1489 2345 tibia:
1519 2299 1575 2347 et
1622 2292 1868 2363 cymbala

263 2383 479 2453 aliaque
497 2383 700 2448 omnia,
731 2382 924 2437 mortis
953 2391 1137 2436 essent
1173 2382 1505 2437 testimonia.

337 2477 391 2529 3.
421 2475 652 2531 Christus
680 2474 932 2545 quomodo
962 2475 1386 2529 resurrectionum
1410 2490 1537 2543 quas
1564 2475 1870 2543 operabatur

261 2568 522 2622 ueritatem
549 2567 815 2621 adstruere
838 2568 1039 2621 soleret.
1074 2566 1289 2621 Fusium
1337 2578 1383 2621 et
1429 2583 1611 2621 vanam
1651 2569 1868 2637 gloriam

261 2660 471 2716 omnino
492 2660 751 2714 uitandum
766 2670 857 2714 est.
879 2659 1022 2714 Mors
1040 2677 1138 2714 non
1158 2661 1445 2715 metuenda.
1464 2659 1591 2715 Viue
1606 2663 1869 2733 prarsentis

261 2752 659 2823 malm—Quia
686 2754 828 2809 enim
874 2768 1019 2824 sa-pc
1062 2754 1316 2809 miracula
1366 2764 1570 2824 intrata
1616 2770 1721 2810 non
1752 2770 1870 2811 cre-

258 2846 396 2901 dunt
422 2845 691 2911 homines,
721 2860 815 2899 sua
847 2846 1083 2914 ipsorum
1117 2847 1470 2916 responsione
1508 2847 1629 2903 illos
1659 2864 1866 2917 praeve-

260 2937 360 3001 nit,
394 2945 450 2990 ut
491 2946 546 2991 et
594 2936 647 2991 in
691 2935 896 2991 Lazaro
920 2945 974 2991 et
1006 2936 1056 2989 in
1084 2937 1267 3007 Moyse
1313 2936 1511 2991 factum
1551 2946 1655 2993 est.
1698 2938 1865 3009 Moysi

260 3044 492 3099 namque
510 3028 681 3082 dixit:
710 3027 848 3095 Quid
872 3028 967 3082 hoc
994 3040 1066 3083 est
1090 3029 1142 3083 in
1173 3045 1326 3082 manu
1353 3038 1439 3082 tua
1466 3029 1661 3101 (Exod.
1692 3032 1742 3085 4.
1774 3030 1866 3101 2)?

259 3131 320 3175 ut
347 3136 466 3175 cum
490 3121 707 3175 vidisset
736 3128 1039 3189 serpentem
1061 3119 1280 3185 factum,
1306 3137 1411 3175 non
1437 3122 1861 3188 oblivisceretur,

258 3214 462 3283 virgam
485 3212 633 3281 prius
661 3210 855 3274 fuisse;
886 3210 979 3265 sed
1009 3210 1155 3265 vocis
1180 3212 1409 3281 propria:
1440 3211 1773 3273 recordatus.
1799 3212 1866 3267 de

258 3320 319 3359 re
342 3313 489 3375 gesta
518 3302 944 3372 obstupesceret.
986 3303 1048 3357 Et
1078 3302 1146 3357 de
1176 3301 1379 3357 Lazaro
1407 3304 1480 3357 ait
1514 3321 1525 3357 :
1559 3301 1658 3358 Ubi
1688 3304 1859 3373 posui—

257 3398 348 3452 stis
380 3398 535 3452 eunt?
563 3406 620 3451 ut
644 3397 733 3466 qui
760 3395 1035 3459 dixerunt,
1078 3396 1223 3463 Veni,
1254 3406 1302 3450 et
1326 3392 1579 3460 videj‘et,
1608 3394 1731 3449 1am
1762 3401 1861 3466 [re-

257 3500 347 3555 tet,
374 3488 745 3560 quatriduanus
773 3488 906 3541 enim
936 3497 1006 3540 est
1038 3487 1221 3555 (Joan.
1254 3489 1341 3541 ll.
1369 3489 1457 3543 54.
1492 3489 1606 3557 59),
1632 3504 1738 3543 non
1766 3488 1864 3543 du-

257 3583 429 3638 bitare
458 3590 698 3654 possent,
749 3581 878 3652 quin
931 3580 1103 3650 ipsum
1153 3590 1421 3635 mortuum
1471 3580 1859 3635 Suscitavisset.

258 3672 462 3728 Videas
501 3672 663 3743 igitur
700 3670 942 3742 cymbala
973 3680 1027 3726 et
1063 3670 1275 3735 turbas,
1307 3684 1498 3725 omnes
1533 3670 1699 3737 ejicit,
1730 3680 1781 3725 et
1809 3672 1862 3725 in

256 3765 543 3839 prtesentia
583 3774 862 3835 parentum
891 3762 1208 3818 miraculum
1250 3770 1527 3832 operatur,
1551 3776 1658 3817 non
1703 3762 1860 3819 aliam

257 3857 516 3913 inducens
540 3855 798 3921 animam,
826 3853 921 3910 sed
945 3854 1088 3909 illam
1117 3853 1286 3925 ipsam
1314 3868 1436 3924 qua:
1464 3854 1676 3909 exierat
1698 3854 1861 3911 redu-

254 3966 408 4018 cens,
440 3958 494 4006 et
520 3949 671 4022 quasi
700 3963 766 4005 ex
802 3962 994 4003 somno
1020 3948 1281 4003 excitans.
1320 3946 1691 4017 Apprehendit
1732 3962 1861 4003 vero

255 4059 497 4111 manum,
517 4053 574 4097 ut
603 4049 934 4113 spectatores
963 4039 1223 4096 certiores
1250 4039 1461 4107 fierent,
1480 4048 1535 4095 et
1552 4039 1655 4095 hoc
1674 4053 1858 4094 exem-

256 4138 348 4208 plo
371 4136 511 4190 viam
540 4142 753 4205 pararet
780 4132 847 4188 ad
875 4130 1035 4187 fidem
1063 4132 1494 4187 resurrectionis.
1526 4131 1685 4186 Pater
1706 4146 1859 4185 nam-

253 4244 363 4300 que
389 4226 600 4283 dicebat
629 4243 642 4277 :
673 4223 888 4295 Impone
916 4239 1121 4277 mnum
1153 4220 1365 4291 (blatta.
1401 4221 1587 4292 9J8);
1617 4221 1705 4275 ille
1732 4235 1860 4275 vero

254 4322 377 4394 plus
407 4322 563 4385 facit;
609 4336 717 4376 non
764 4318 989 4389 imponit
1016 4318 1193 4373 enim.
1245 4316 1339 4371 sed
1386 4314 1764 4385 apprehendit,
1806 4323 1862 4369 et

253 4413 477 4469 suscitat
508 4420 797 4476 mortuam,
825 4408 1113 4465 ostendens:
1146 4409 1326 4463 omnia
1356 4407 1455 4477 ipsi
1488 4419 1733 4478 prnmpta
1762 4422 1859 4476 pa-

254 4516 477 4576 rataque
518 4521 658 4562 esse.
709 4503 894 4574 Neque
942 4502 1101 4558 modo;
1146 4503 1386 4564 suscitat,
1430 4500 1523 4554 sed
1553 4499 1731 4555 cibum
1760 4499 1859 4569 ipsi

253 4600 387 4655 dare
410 4598 577 4670 jubet,
626 4612 692 4652 ne
720 4596 997 4651 videretur
1042 4610 1126 4649 res
1161 4608 1283 4649 esse
1309 4590 1641 4662 phantasma.
1679 4589 1862 4659 Neque

257 4692 373 4756 ipse
402 4690 513 4752 dat.
544 4688 637 4745 sed
664 4686 798 4742 alios
824 4688 956 4743 dare
994 4684 1149 4758 jubet
1182 4700 1195 4738 :
1225 4681 1679 4754 quemadmodum
1716 4689 1769 4736 et
1796 4680 1865 4736 de

256 4783 461 4839 Lazaro
486 4782 561 4835 ait
594 4798 607 4836 :
644 4779 835 4835 Salvae
874 4779 1039 4840 illum,
1087 4787 1135 4832 et
1173 4777 1325 4831 sinite
1362 4775 1501 4827 abire
1546 4773 1722 4843 (10m.
1772 4773 1860 4827 ll.

260 4875 375 4942 ιι),
407 4882 461 4931 et
492 4880 674 4941 postea
701 4886 907 4924 mensa:
935 4877 1240 4924 consortem
1269 4864 1453 4921 efficit.
1480 4863 1695 4919 Etenim
1722 4878 1865 4917 sern-

262 4984 358 5037 per
384 4979 669 5035 utrumque
693 4962 1049 5032 comprobare
1071 4960 1227 5023 solet,
1261 4969 1312 5015 et
1347 4972 1575 5013 mortem
1606 4968 1658 5013 et
1685 4970 1861 5011 resur-

261 5058 555 5114 rectionem
597 5055 994 5111 accuratissime
1022 5062 1305 5108 assertam.
1338 5049 1418 5107 τυ
1446 5065 1573 5105 vero
1602 5065 1671 5104 nc
1691 5048 1861 5104 solam

259 5153 703 5212 resurrectionem
730 5149 1031 5221 perpendas
1051 5148 1232 5214 velim,
1264 5145 1359 5202 sed
1384 5146 1545 5200 etiam
1565 5143 1706 5213 quod
1731 5156 1871 5213 pne-

258 5248 464 5319 ceperit
490 5256 549 5303 ut
580 5243 780 5300 nemini
809 5242 1082 5304 dicerent;
1124 5249 1177 5295 et
1208 5253 1303 5310 per
1344 5236 1527 5292 omnia
1554 5234 1753 5300 discas,
1787 5232 1864 5286 fa-

259 5350 401 5397 stum
432 5352 732 5407 vanamquc
772 5335 996 5405 gloriam
1028 5348 1155 5388 esse
1194 5331 1418 5387 omnino
1448 5327 1755 5383 vitandam:
1804 5327 1866 5380 il-

259 5432 462 5502 ludque
490 5438 747 5500 praeterea
771 5426 969 5490 discas,
999 5425 1171 5492 ipsum
1194 5425 1438 5494 lugentes
1466 5432 1618 5475 extra
1643 5418 1864 5474 domum

259 5525 507 5595 ejecisse,
537 5530 698 5592 atque
725 5519 866 5573 velut
913 5515 1161 5587 indignos
1208 5515 1301 5568 tali
1342 5511 1654 5582 spectaculo
1685 5509 1865 5565 decla-

259 5630 434 5673 rasse.
461 5612 542 5668 Tu
578 5626 707 5665 vero
746 5625 812 5664 ne
842 5622 1005 5663 exeas
1044 5620 1165 5661 cum
1215 5604 1551 5665 tibicinibus;
1582 5600 1677 5657 sed
1709 5614 1867 5653 mane

259 5723 382 5764 cum
415 5704 592 5769 Petro,
616 5702 825 5757 Joanne
856 5709 913 5757 et
934 5699 1155 5755 Jacobo.
1190 5696 1324 5752 Nam
1352 5695 1395 5751 si
1426 5706 1551 5749 tunc
1577 5694 1696 5749 illos
1723 5692 1865 5747 foras

258 5798 441 5870 eiecit,
467 5793 636 5849 multo
658 5793 828 5863 magis
853 5805 995 5845 nunc
1022 5790 1071 5845 id
1098 5788 1273 5844 faciat.
1295 5787 1444 5841 Tunc
1465 5786 1609 5841 enim
1627 5784 1865 5839 nondum

261 5891 435 5965 palam
463 5896 579 5945 erat
618 5894 847 5943 mortem
886 5885 995 5957 jam
1022 5898 1269 5939 somnum
1297 5895 1418 5938 esse
1463 5880 1654 5937 factam
1677 5896 1693 5933 :
1718 5889 1864 5932 nunc

1259 426 1326 483 IN
1365 427 1773 486 ΜΑΤΤΙΙιΕυΜ
1816 429 2044 486 HOMIL.
2091 433 2282 491 XXXI.
2325 439 2397 494 al.
2440 440 2658 498 XXXII.

3500 460 3602 519 ΤΗ

1994 558 2175 605 autem
2204 552 2319 621 ipso
2344 556 2461 612 sole
2501 559 2699 615 clarius
2728 570 2829 618 est.
2859 564 2926 619 At
2957 581 3099 623 nunc
3134 582 3239 624 non
3265 569 3425 628 filiam
3456 584 3599 632 tuam

1994 642 2311 735 suscitavit?
2346 645 2452 702 Sed
2494 652 2773 708 suscitabit
2813 654 2955 710 illam
2991 672 3114 713 cum
3160 660 3366 732 majore
3408 666 3598 735 gloria.

1994 728 2084 785 Illa
2122 736 2264 790 enim
2295 754 2418 809 quae
2443 745 2699 809 surrexit,
2734 747 2926 803 iterum
2959 763 3169 809 mortua
3200 728 3316 820 est;
3352 728 3437 813 tua
3472 775 3601 816 vero

1990 836 2113 920 cum
2159 833 2491 898 surrexerit,
2539 838 2776 894 manebit
2815 841 3156 900 immortalis.
3201 846 3371 904 Nemo
3416 852 3597 920 itaque

1992 913 2251 986 deinceps
2272 918 2475 990 lugeat,
2494 939 2670 993 neque
2685 927 3039 994 lamentetur,
3062 946 3222 984 nemo
3258 934 3464 989 Christi
3504 913 3586 991 vi-

1991 1006 2222 1099 ctoriam
2236 1011 2617 1071 calumnietur.
2628 1015 2766 1072 Vicit
2780 1019 2924 1073 enim
2940 1020 3026 1075 ille
3037 1030 3290 1078 mortem.
3310 1025 3450 1092 Quid
3462 1042 3592 1099 ergo

1990 1092 2197 1154 frustra
2215 1100 2438 1170 ploras?
2456 1105 2600 1163 Mors
2618 1120 2849 1166 somnus
2861 1109 3053 1167 eflecta
3072 1123 3180 1168 est.
3205 1113 3347 1181 Quid
3375 1092 3588 1173 lamen-

1989 1188 2117 1242 taris
2155 1199 2209 1244 et
2239 1190 2435 1262 luges?
2480 1194 2611 1251 Illud
2637 1199 2780 1254 enim
2828 1202 2874 1256 si
2917 1204 3149 1272 gentiles
3182 1205 3439 1274 facerent,
3477 1210 3597 1266 irri—

1986 1276 2149 1335 dendi
2179 1294 2363 1339 essent
2398 1306 2411 1342 :
2441 1301 2566 1342 cum
2596 1300 2777 1346 autem
2809 1291 2981 1350 fidelis
3002 1294 3105 1351 hoc
3132 1297 3360 1367 turpiter
3387 1299 3594 1368 fecerit,

1985 1385 2145 1439 quam
2167 1373 2387 1431 habebit
2409 1380 2854 1438 excusationem?
2878 1401 2999 1457 qua;
3026 1390 3179 1444 venia
3201 1391 3305 1447 erit
3327 1391 3444 1449 haec
3469 1395 3595 1451 insi-

1985 1462 2195 1532 pienter
2224 1470 2511 1538 agentibus
2534 1485 2654 1543 post
2677 1484 2881 1531 tantum
2910 1482 3169 1549 temporis
3195 1494 3251 1537 et
3276 1484 3476 1541 claram
3507 1505 3564 1542 re

1984 1560 2335 1615 surrectionis
2358 1565 2773 1633 probationem?
2798 1570 2877 1625 Tu
2904 1587 3049 1639 vero,
3082 1589 3146 1629 ac
3178 1579 3223 1631 si
3249 1578 3469 1635 studeas
3493 1581 3595 1637 hoc

1983 1660 2259 1717 peccatum
2289 1656 2644 1726 amplificare,
2675 1662 2917 1731 prtelicas
2946 1666 3021 1734 (a)
3052 1667 3208 1723 nobis
3232 1670 3461 1739 gentiles
3498 1674 3592 1727 ad-

1983 1739 2155 1807 ducis,
2201 1744 2404 1800 luctum
2445 1750 2687 1806 excitans
2715 1763 2770 1808 et
2802 1754 3079 1813 fornacem
3123 1758 3418 1816 incendens
3451 1779 3465 1817 :
3494 1779 3594 1821 nec

1981 1833 2137 1890 audis
2183 1835 2410 1894 Paulum
2452 1840 2768 1899 dicentem:
2806 1846 2936 1914 Qute
2988 1850 3205 1906 societas
3246 1850 3440 1909 Christi
3476 1872 3594 1910 cum

1981 1923 2150 1981 Belial
2165 1927 2193 1979 .9
2214 1939 2307 1983 aut
2345 1947 2459 2001 qua:
2485 1935 2651 2003 portio
2677 1936 2846 2004 ﬁdelis
2883 1955 3000 1993 cum
3038 1940 3236 2005 inﬁdeli
3277 1942 3354 2016 (2.
3382 1944 3501 2001 Cor.
3534 1947 3590 2003 θ.

1987 2017 2118 2088 l5)?
2145 2018 2306 2077 Certe
2326 2024 2577 2093 gentiles,
2604 2028 2695 2096 qui
2723 2026 2853 2083 nihil
2875 2029 2944 2085 de
2973 2033 3373 2091 resurrectione
3391 2036 3589 2102 sciunt,

1980 2112 2298 2169 consolandi
2330 2125 2507 2171 tamen
2532 2118 2771 2175 rationes
2798 2121 3096 2189 inveniunt,
3141 2125 3384 2183 dicentes
3411 2144 3425 2182 :
3458 2126 3594 2183 Fur-

1982 2204 2108 2259 titer
2136 2203 2310 2271 feras;
2342 2222 2518 2278 neque
2560 2212 2765 2280 poteris
2795 2210 2846 2267 id
2886 2212 3028 2284 quod
3057 2213 3256 2270 factum
3285 2224 3389 2285 est,
3428 2216 3595 2275 infec-

1982 2308 2092 2353 tum
2122 2300 2373 2368 rculdere,
2406 2303 2488 2358 vel
2531 2302 2781 2360 lamentis
2812 2321 2926 2362 rem
2955 2316 3201 2375 mutare;
3244 2318 3299 2364 tu
3327 2325 3460 2366 vero
3497 2312 3590 2383 qui

1977 2392 2308 2449 sublimioris
2349 2396 2688 2467 utiliorisque
2719 2398 3080 2470 philosophiae
3117 2412 3383 2473 praecepta
3411 2404 3587 2470 audis,

1978 2498 2084 2538 non
2118 2484 2392 2541 erubescis
2436 2489 2676 2556 turpiora
2703 2505 2861 2557 quam
2892 2490 2965 2545 illi
2996 2493 3197 2561 agens?
3222 2492 3407 2562 Neque
3435 2495 3580 2551 enim

1976 2575 2208 2632 dicimus
2238 2593 2338 2632 nos
2381 2596 2394 2632 :
2450 2579 2684 2635 Fortiter
2730 2580 2904 2648 feras;
2953 2599 3058 2637 non
3108 2598 3395 2656 possumus
3441 2588 3587 2645 enim

1975 2666 2118 2737 quod
2145 2666 2344 2723 factum
2374 2678 2459 2726 est
2485 2670 2737 2726 infectum
2777 2671 3035 2737 reddere;
3069 2673 3185 2739 sed,
3225 2674 3462 2732 Fortiter
3505 2676 3588 2733 fe-

1977 2774 2099 2822 ras;
2132 2775 2255 2816 nam
2283 2763 2505 2817 omnino
2534 2772 2811 2833 resurget;
2843 2764 3042 2819 dormit
3069 2765 3213 2820 enim
3244 2766 3444 2836 puella,
3478 2783 3588 2825 non

1976 2863 2183 2907 mortua
2212 2863 2297 2909 est
2327 2872 2340 2907 :
2370 2856 2619 2924 quiescit,
2649 2871 2750 2911 nec
2777 2857 2953 2926 periit.
2978 2855 3127 2911 Illam
3155 2859 3387 2930 excipiet
3416 2874 3588 2917 resur-

1976 2946 2175 3009 rectio,
2209 2945 2313 2999 vita
2359 2947 2707 3014 sempiterna,
2746 2947 3141 3017 immortalitas,
3173 2964 3292 3006 sors
3321 2951 3585 3022 angelica.

1973 3034 2089 3090 Non
2122 3036 2275 3091 audis
2301 3036 2573 3093 Psalmum
2602 3038 2891 3106 dicentem,
2921 3041 3239 3106 Convertere,
3259 3042 3434 3096 anima
3454 3060 3584 3109 mea,

1974 3126 2026 3178 in
2048 3127 2268 3197 requiem
2316 3138 2491 3196 tuam,
2538 3130 2658 3195 quia
2709 3129 2959 3185 Dominus
3007 3130 3251 3201 beriefecit
3292 3131 3381 3185 tibi
3410 3131 3585 3201 (Psal.

1976 3219 2098 3272 1M.
2130 3219 2229 3287 7)?
2256 3219 2394 3274 Deus
2418 3232 2649 3275 mortem
2678 3220 2996 3277 beneficium
3032 3233 3208 3288 vocat,
3237 3235 3288 3277 et
3315 3234 3369 3278 tu
3402 3224 3587 3294 luges?

1977 3307 2043 3361 Et
2069 3308 2194 3378 quid
2225 3309 2456 3377 amplius
2478 3309 2685 3366 faceres
2715 3312 2758 3367 si
2790 3311 3023 3366 defuncti
3056 3314 3305 3369 inimicus
3333 3326 3385 3370 et
3415 3315 3587 3371 hostis

1973 3399 2159 3454 εδεεεῖ
2178 3399 2233 3455 Si
2258 3400 2568 3470 lugendum,
2592 3402 2810 3457 diabolo
2832 3403 3119 3474 lugendum
3141 3416 3240 3461 est.
3270 3407 3360 3464 lllc
3380 3408 3580 3478 lugeat,

1976 3492 2065 3547 ille
2086 3493 2431 3557 lamentetur,
2464 3493 2589 3565 quia
2619 3494 2687 3549 ad
2715 3496 2919 3564 majora
2944 3495 3082 3551 bona
3115 3499 3407 3569 pergimus.
3438 3499 3581 3558 illius

1974 3584 2208 3654 nequitia
2239 3584 2398 3655 digna
2430 3594 2514 3641 est
2542 3585 2803 3656 ejusmodi
2834 3588 3177 3655 lamentatio;
3203 3605 3358 3647 secus
3386 3600 3463 3656 tu,
3491 3595 3581 3663 qui

1972 3676 2037 3731 ad
2068 3688 2323 3733 coronam
2352 3686 2404 3731 et
2426 3678 2665 3746 requiem
2696 3679 2925 3736 vocaris.
2954 3678 3085 3734 Nam
3111 3693 3296 3751 portus
3324 3681 3593 3755 tranquil-

1972 3768 2057 3824 lus
2101 3783 2250 3824 mors
2292 3778 2394 3825 est.
2438 3768 2719 3838 Perpende
2746 3770 2906 3840 igitur
2939 3780 3070 3843 quot
3120 3772 3274 3829 malis
3316 3774 3470 3844 plena
3513 3776 3583 3831 sit

1970 3860 2075 3914 vita
2108 3874 2346 3929 praesens
2372 3876 2389 3917 :
2418 3862 2591 3932 cogita
2615 3862 2825 3931 quoties
2854 3863 2953 3930 ipsi
2977 3865 3339 3921 maledixeris.
3368 3867 3503 3923 Nam
3530 3872 3582 3925 in

1971 3951 2126 4021 pejus
2153 3965 2369 4023 semper
2407 3968 2495 4008 res
2534 3963 2850 4019 vertuntur,
2894 3962 3057 4027 atque
3098 3972 3126 4009 a
3160 3960 3425 4030 principio
3472 3977 3582 4017 non

1969 4043 2234 4101 modicam
2266 4044 2665 4101 damnationem
2712 4047 2935 4102 sortitus
2964 4061 3043 4103 es.
3085 4046 3151 4101 In
3176 4050 3456 4113 doloribus,
3502 4052 3583 4108 in-

1966 4135 2105 4204 quit,
2154 4137 2325 4202 paries
2362 4136 2499 4203 filios
2526 4135 2678 4204 (Gen.
2711 4137 2765 4190 3.
2805 4137 2894 4208 f6)
2927 4155 2940 4189 :
2971 4148 3045 4201 et,
3084 4137 3149 4193 In
3193 4140 3379 4196 sudore
3417 4143 3582 4197 vultus

1970 4228 2041 4278 tui
2069 4227 2297 4280 comede:
2321 4245 2503 4297 panem
2528 4238 2671 4281 tuum
2698 4227 2802 4299 (Ib.
2829 4247 2885 4298 qv.
2916 4231 3004 4301 l7)
3030 4250 3043 4287 :
3069 4243 3143 4298 et,
3184 4234 3245 4286 lu
3273 4236 3466 4289 mundo
3492 4238 3583 4289 tri-

1968 4320 2277 4374 bulationem
2302 4320 2545 4375 habebitis
2571 4321 2749 4392 (Joan.
2773 4323 2861 4378 ιδ.
2886 4324 2996 4394 33).
3027 4326 3095 4381 At
3121 4326 3187 4382 de
3210 4326 3400 4383 futuris
3422 4329 3582 4383 rebus

1971 4411 2102 4466 nihil
2152 4411 2460 4481 lanjusmodi
2502 4411 2720 4476 dicitur,
2769 4414 2880 4469 imo
2922 4418 3254 4471 contrarium
3303 4433 3527 4487 prorsus
3564 4438 3579 4474 :

1973 4501 2168 4573 Effugit
2197 4503 2367 4567 dolor,
2392 4504 2597 4583 tristitia
2617 4514 2665 4558 et
2689 4506 2905 4575 gemitus
2936 4503 3093 4577 (fsai.
3119 4507 3212 4563 35.
3244 4507 3334 4577 l0)
3360 4527 3377 4563 ι
3403 4519 3478 4572 et,
3506 4510 3585 4565 Ab

1970 4596 2160 4650 oriente
2184 4605 2233 4650 et
2267 4596 2527 4652 occidente
2551 4598 2767 4661 uenient,
2800 4608 2847 4652 et
2873 4600 3161 4655 rerumme
3182 4602 3236 4656 in
3265 4603 3383 4657 sinit
3414 4602 3583 4659 Abra-

1972 4689 2068 4753 lta',
2116 4699 2165 4743 et
2196 4688 2369 4753 Isaac,
2410 4700 2460 4745 et
2485 4688 2650 4744 Jacob
2682 4689 2894 4762 (Humi.
2930 4693 2983 4750 8.
3031 4692 3121 4765 ll)
3153 4714 3165 4747 :
3199 4705 3254 4750 et
3285 4694 3395 4752 illic
3420 4711 3586 4764 spon-

1971 4794 2063 4835 sus
2089 4781 2404 4852 spiritualis,
2436 4782 2670 4838 lucerna:
2713 4784 2949 4855 fulgidae,
2982 4787 3260 4843 translatio
3283 4790 3334 4846 in
3365 4790 3578 4846 celum.

2046 4874 2096 4928 4.
2127 4872 2236 4928 Cur
2261 4885 2393 4940 ergo
2422 4882 2690 4929 mortuum
2721 4875 3023 4944 detur-pas?
3059 4892 3158 4934 cur
3182 4879 3302 4935 aliis
3333 4880 3580 4936 timorem

1975 4974 2370 5035 tremoremque
2396 4969 2586 5021 mortis
2610 4971 2841 5023 accersis
2858 4970 2883 5021 ?
2911 4985 3011 5025 cur
3030 4972 3371 5027 occasionem
3398 4974 3578 5029 multis

1976 5057 2183 5126 prebet;
2204 5058 2480 5114 incusandi
2510 5060 2703 5125 Deum,
2727 5072 2911 5130 utpote
2932 5066 3022 5133 qui
3047 5080 3237 5136 magna
3261 5065 3449 5122 fecerit
3468 5083 3583 5120 ma.

1982 5149 2063 5209 la?
2091 5149 2201 5204 lino
2246 5164 2375 5207 vero
2408 5166 2506 5206 cor
2538 5161 2725 5221 postea
2764 5168 3031 5225 pauperes
3084 5171 3245 5212 vocas
3269 5199 3285 5224 ,
3317 5166 3373 5212 et
3396 5173 3579 5213 sacer-

1973 5243 2129 5298 dotes
2157 5258 2315 5315 rogas
2341 5244 2407 5299 ad
2440 5243 2807 5314 precandum?
2830 5246 2898 5304 Ut
2924 5249 2976 5303 in
3007 5250 3246 5320 requiem
3275 5251 3462 5317 abeat,
3488 5251 3580 5307 ἰη-

1973 5338 2127 5410 quies
2146 5381 2160 5401 ,
2193 5338 2241 5394 is
2268 5338 2357 5407 qui
2386 5347 2631 5393 martuus
2656 5349 2739 5395 est
2762 5381 2777 5405 ,
2811 5351 2868 5395 ut
2901 5344 3188 5412 propitium
3222 5342 3415 5398 habeat
3440 5344 3583 5412 judi-

1974 5448 2112 5487 cem.
2143 5432 2219 5487 Ea
2264 5433 2425 5501 igitur
2449 5431 2518 5487 de
2547 5446 2709 5486 causa
2755 5434 2934 5503 ploras
2961 5444 3016 5489 et
3063 5435 3409 5504 ingemiscis?
3440 5436 3584 5508 Ergo

1976 5536 2150 5580 tecum
2177 5525 2292 5595 ipse
2324 5540 2527 5593 pugnas
2548 5567 2563 5589 ,
2596 5539 2720 5579 cum
2744 5525 2819 5579 illi
2847 5534 3192 5596 tempestates
3219 5542 3375 5596 paras
3400 5530 3489 5597 qui
3512 5529 3583 5584 ad

1979 5627 2189 5687 portum
2211 5616 2359 5671 abiit.
2394 5615 2461 5670 Et
2487 5616 2615 5685 quid
2647 5618 2874 5671 faciam?
2902 5618 3144 5688 inquies:
3177 5620 3229 5673 id
3258 5628 3445 5674 natura
3470 5622 3585 5675 esi-

1974 5712 2070 5779 git.
2112 5708 2227 5763 Non
2258 5716 2342 5763 est
2380 5717 2587 5763 natura:
2625 5709 2780 5779 culpa
2823 5724 2998 5777 neque
3033 5725 3217 5765 rerum
3255 5711 3457 5775 seriei;
3488 5711 3582 5767 sed

2038 5820 2112 5883 (a)
2139 5820 2423 5885 Degpra‘llca
2444 5820 2561 5885 vide
2578 5820 2898 5885 Antiqung'gr.
2921 5822 2973 5879 5,
2994 5836 3041 5885 p.
3060 5822 3141 5883 ιι.
3166 5831 3219 5874 et
3239 5823 3306 5873 de
3330 5820 3584 5876 Imm»

1977 5881 2080 5933 tem
2096 5881 2305 5946 praefica:
2330 5881 2730 5947 Supplementuni
2750 5890 2803 5933 T.
2827 5884 2879 5943 5,
2900 5898 2948 5946 ρ.
2976 5881 3051 5934 tl.
