4094 6470
566 458 671 515 575

572 590 666 629 nos
687 570 776 641 qui
800 559 976 621 omnia
1000 568 1091 613 sus
1110 553 1284 622 deque
1303 546 1575 604 vertimus,
1606 536 1794 593 molles
1812 527 2035 641 nimim?
2056 537 2147 641 si:

574 615 1017 729 iubet-nostram
1065 615 1341 719 prodimus
1382 634 1745 693 nobilitatem,
1800 633 1881 729 et“
1904 615 2148 729 infideles

571 710 865 813 deteriores
890 710 1146 799 facimus.
1186 728 1463 801 Quomodo
1491 723 1634 781 enim
1666 713 1922 813 cumﬂalio
1948 710 2146 813 dedim-

916 800 1276 889 disseremus?
1294 836 1396 892 qua
1421 814 1629 872 ratione
1649 806 1896 901 gentilem
1916 800 1982 855 ad
2006 800 2149 854 illam

570 897 892 990 credendam
917 923 1247 981 inducemus,
1288 926 1411 967 cum
1438 906 1605 977 magis
1625 916 1782 974 quam
1809 897 1899 952 ille
1923 900 2149 990 mortem

572 986 886 1082 horreamus
926 1024 980 1071 et
1006 1004 1324 1067 timeamus?
1367 1001 1513 1057 Multi
1540 1005 1685 1054 certe
1711 1009 1774 1049 ex
1820 986 2147 1082 gentilibus”,

572 1074 1157 1183 qui-immortalitatem
1199 1113 1305 1153 non
1348 1090 1637 1151 credebant
1655 1128 1681 1183 ,ᾗ
1706 1081 1942 1183 mortuis
1991 1074 2149 1183 ﬁliis,

574 1172 818 1277 imposita
841 1199 939 1255 sibi
961 1207 1157 1253 corona
1182 1191 1281 1263 (a),
1302 1194 1504 1242 vestem
1531 1177 1809 1236 candidam
1842 1172 2149 1277 induerunt:

653 1260 976 1368 praisentem
1013 1260 1239 1357 gloriam
1285 1280 1712 1343 aucuparentur;
1746 1276 1800 1321 tu
1829 1278 1959 1320 vero
1989 1260 2156 1368 ne‘ob

576 1352 814 1445 futuram
842 1352 1057 1452 quidem
1102 1372 1325 1445 gloriam
1354 1378 1535 1425 cessas
1561 1360 1866 1417 effeminato
1894 1368 2045 1410 more
2072 1352 2151 1405 la-

577 1477 824 1543 mentari,
846 1450 900 1531 et
921 1472 1191 1542 plangere.
1216 1462 1322 1519 Sed
1350 1457 1601 1514 heredem
1636 1467 1741 1508 non
1771 1450 1951 1511 babes,
1982 1457 2156 1543 neque

576 1533 977 1628 successorem!
1002 1533 1136 1626 Quid
1168 1568 1293 1607 vero
1322 1549 1506 1613 malis,
1539 1546 1798 1599 bonorum
1823 1548 2035 1592 tuorum
2062 1533 2156 1586 he-

576 1626 757 1719 redem
788 1669 907 1713 esse
926 1694 941 1718 ,
973 1665 1039 1705 an
1070 1642 1359 1703 caelorum?
1387 1638 1511 1711 quid
1555 1634 1741 1699 malis,
1772 1646 1838 1685 an
1871 1638 1928 1682 ut
1953 1626 2040 1681 ille
2067 1635 2154 1679 tua

577 1751 806 1818 excipiat
830 1746 987 1807 bona,
1018 1754 1135 1810 qua:
1166 1733 1313 1789 brevi
1344 1726 1689 1798 relinquenda
1727 1729 1912 1818 erunt,
1936 1734 2003 1818 an
2036 1730 2153 1817 ma-

580 1806 761 1898 nentia
782 1806 1088 1903 Martiaque
1114 1826 1289 1883 bona?
1317 1824 1468 1878 lllttm
1492 1816 1742 1873 heredem
1765 1827 1870 1867 non
1900 1806 2152 1873 habuisti,

579 1933 673 1989 sed
699 1924 883 1985 habuit
925 1925 1064 1979 Deus
1090 1939 1103 1975 :
1136 1933 1241 1972 non
1267 1914 1360 1969 fuit
1388 1911 1613 1966 coheres
1640 1906 1861 1960 fratrum
1894 1912 2112 1954 suorum
2137 1938 2151 1959 ,

580 2024 672 2081 sed
702 2022 802 2077 fuit
826 2016 1043 2073 Christi.
1078 2012 1143 2067 Et
1166 2009 1249 2067 cui
1275 2014 1473 2071 vestes,
1504 1999 1730 2070 inquies,
1758 1995 1842 2057 cui
1869 1991 2012 2048 aedes
2032 2031 2047 2056 ,
2072 1989 2157 2043 cui

582 2130 765 2172 servos
808 2118 861 2165 et
908 2122 1063 2178 agros
1101 2094 1502 2169 relinquemus?
1544 2094 1643 2161 Ipsi
1676 2087 1948 2159 profecto,
1981 2092 2035 2139 et
2082 2081 2160 2135 sic

581 2209 744 2263 tutius
772 2174 1000 2271 repones
1021 2239 1035 2261 ,
1067 2209 1222 2265 quam
1251 2192 1297 2246 si
1327 2190 1525 2243 viveret
1551 2202 1564 2250 ;
1600 2181 1730 2237 nihil
1756 2180 1954 2250 quippe
1982 2174 2156 2229 tuim-

582 2298 745 2369 pedit.
776 2294 905 2349 Nam
932 2291 981 2344 si
1008 2284 1217 2342 barbari
1246 2298 1349 2337 una
1373 2294 1493 2335 cum
1517 2273 1784 2331 defunctis
1804 2286 1897 2369 res
1920 2271 2155 2369 ipsorum

580 2360 820 2443 cremare
843 2381 1050 2440 solent,
1079 2375 1245 2429 multo
1270 2372 1438 2440 magis
1460 2379 1509 2423 te
1532 2384 1626 2437 par
1650 2363 1819 2420 estad
1846 2360 2155 2417 defunctum

583 2478 791 2532 mittere
819 2487 880 2527 ea
910 2484 1027 2539 qua!
1057 2467 1119 2519 ad
1151 2466 1325 2533 ipsum
1374 2461 1676 2530 pertinent,
1708 2469 1811 2509 non
1842 2464 1900 2507 ut
1928 2452 1979 2505 in
2006 2450 2156 2503 cine-

581 2584 692 2623 rem
725 2564 1044 2621 reducantur
1073 2567 1129 2613 ut
1160 2560 1243 2612 illa
1267 2598 1279 2621 ,
1309 2554 1402 2609 sed
1431 2562 1485 2607 ut
1528 2551 1783 2619 majorem
1825 2545 1899 2600 illi
1936 2543 2160 2615 gloriam

582 2658 788 2727 pariant
812 2671 825 2719 ;
858 2658 911 2706 et
935 2651 981 2703 si
1011 2658 1255 2717 peccator
1278 2644 1529 2705 decessit,
1555 2648 1612 2693 ut
1640 2646 1855 2714 peccata
1882 2634 2158 2695 cluantur;

580 2751 624 2805 si
650 2750 845 2818 justus,
876 2753 931 2799 ut
960 2742 1035 2797 illi
1057 2737 1317 2795 mercedis
1343 2751 1404 2789 ac
1426 2730 1789 2789 retributionis
1814 2736 2158 2797 augmentum

582 2815 817 2893 accedat.
850 2836 917 2887 At
947 2832 1127 2887 videre
1154 2830 1327 2897 ipsum
1351 2822 1658 2882 desideras?
1706 2818 1962 2874 Eamdem
2002 2815 2161 2885 igitur

582 2941 743 2999 quam
773 2924 886 2994 ipse
922 2921 1085 2975 vitam
1117 2916 1347 2985 transige
1373 2956 1387 2982 ,
1428 2922 1481 2969 et
1509 2912 1616 2967 cito
1644 2910 1733 2963 illa
1776 2922 1927 2961 saera
1958 2905 2161 2958 visione

581 2994 793 3072 frueris.
822 3011 951 3067 lllud
982 3012 1142 3064 etiam
1169 3008 1341 3077 cogita
1362 3045 1377 3069 ,
1412 3013 1463 3060 te
1488 3003 1529 3057 si
1554 3014 1652 3055 nos
1672 3011 1781 3053 non
1808 2996 2074 3054 audieris.
2111 2994 2161 3046 in

584 3110 760 3163 futuro
788 3106 835 3159 id
879 3102 1096 3156 omnino
1125 3105 1469 3166 experturum
1495 3107 1635 3147 esse.
1662 3090 1859 3145 Verum
1894 3087 2038 3141 nulla
2070 3085 2163 3139 tibi

583 3212 789 3254 merces
818 3196 915 3250 erit
945 3213 956 3246 :
992 3206 1111 3246 nam
1138 3206 1168 3244 a
1199 3186 1453 3257 temporis
1484 3182 1827 3238 diuturnitate
1864 3177 2163 3235 consolatio

587 3293 676 3347 illa
702 3290 791 3345 tibi
818 3286 1053 3343 accedet.
1085 3283 1139 3339 Si
1165 3296 1323 3352 porro
1351 3294 1491 3333 nunc
1518 3273 1881 3346 philosophari
1907 3271 2161 3335 volueris,

583 3385 691 3439 duo
721 3382 983 3453 praecipua
1026 3375 1349 3436 lucraberis;
1385 3383 1435 3425 te
1462 3370 1655 3439 quippe
1684 3383 1712 3421 a
1745 3368 1902 3422 malis
1932 3365 2163 3420 circum-

590 3475 851 3529 stantibus
877 3486 1063 3535 erues,
1092 3478 1145 3523 et
1174 3465 1532 3536 splendidiore
1569 3476 1763 3516 corona
1794 3477 1823 3515 a
1855 3459 1966 3514 Deo
1994 3456 2162 3510 dona-

588 3567 749 3621 beris.
777 3564 1181 3631 Eleemosynam
1203 3557 1345 3612 enim
1368 3555 1668 3622 multasque
1691 3553 1823 3605 alias
1840 3555 2060 3605 virtutes
2077 3564 2167 3603 su-

589 3665 736 3725 pcrat
766 3651 1122 3710 calamitatum
1166 3646 1465 3703 tolerantia.
1498 3645 1677 3714 Cogita
1712 3644 1881 3713 ipsum
1930 3638 2021 3697 Dei
2068 3640 2164 3693 Fi-

587 3748 713 3799 lium
744 3754 1010 3798 mortuum
1040 3754 1191 3803 esse;
1225 3737 1313 3791 ille
1346 3752 1443 3805 pro
1476 3744 1526 3790 te
1567 3744 1805 3787 mortuus
1834 3742 1914 3787 est
1936 3773 1949 3795 ,
1988 3742 2039 3785 tu
2073 3746 2168 3800 pro

590 3838 777 3905 teipso.
809 3835 945 3887 Dixit
968 3842 1180 3887 autem:
1215 3828 1275 3882 Si
1302 3828 1533 3897 possibile
1561 3836 1652 3890 est,
1684 3835 1957 3878 tramenta
1978 3840 2054 3877 me
2078 3840 2167 3876 ca-

590 3927 663 3981 lix
688 3928 775 3979 istc
799 3925 814 3993 (
837 3924 1021 3976 Matth.
1045 3922 1133 3976 ‘26.
1162 3919 1230 3974 '59
1254 3920 1269 3988 )
1299 3938 1309 3971 :
1343 3934 1403 3972 ac
1433 3919 1643 3971 tristitia
1671 3932 2007 3985 mteroreque
2033 3916 2165 3970 affe-

589 4028 707 4072 ctus
735 4026 960 4070 mortem
994 4028 1095 4068 non
1141 3998 1355 4081 effugit,
1391 4010 1483 4064 sed
1514 4010 1673 4081 etiam
1719 4010 1959 4078 plurimis
2003 4020 2171 4063 tortus

590 4108 941 4169 cruciatibus,
986 4115 1209 4158 mortem
1252 4102 1411 4155 subiit
1451 4115 1553 4154 non
1594 4101 1864 4170 vulgarem
1890 4142 1903 4164 ,
1932 4102 2024 4152 sed
2057 4116 2171 4153 om-

592 4202 739 4255 nium
780 4196 1136 4265 turpissimam
1172 4214 1185 4249 :
1228 4202 1283 4249 et
1320 4202 1441 4247 ante
1494 4184 1718 4245 mortem
1766 4192 1971 4260 ﬂagella
2000 4234 2014 4255 ,
2048 4202 2171 4245 ante

592 4292 795 4362 ﬂagella
830 4304 956 4344 vero
1002 4287 1237 4342 convicia
1262 4326 1277 4347 ,
1308 4283 1607 4337 derisiones
1628 4324 1640 4343 ,
1688 4283 2035 4335 contumelias
2060 4321 2074 4346 ,
2122 4293 2172 4335 te

594 4384 877 4437 instituens
912 4379 977 4433 ad
1015 4380 1191 4433 omnia
1228 4375 1433 4429 fortiter
1472 4373 1707 4428 ferenda.
1741 4370 1843 4427 Sed
1883 4382 1997 4441 post
2027 4388 2171 4425 mor-

596 4486 721 4537 tem,
758 4482 1035 4542 postquam
1064 4484 1256 4537 corpus
1286 4467 1624 4525 deposuerat,
1660 4464 1785 4517 illud
1818 4479 1936 4517 cum
1974 4465 2173 4531 majore

596 4567 765 4637 gloria
816 4558 1131 4632 resumpsit,
1178 4572 1330 4628 teque
1356 4558 1491 4611 bona
1521 4571 1616 4627 spe
1645 4556 1809 4609 fulcit.
1843 4556 1967 4609 ihec
1994 4557 2035 4609 si
2069 4573 2174 4610 non

600 4656 773 4709 fabula
822 4665 984 4717 sunt,
1015 4668 1081 4705 ne
1109 4652 1286 4719 plores
1316 4668 1327 4703 :
1364 4649 1477 4702 haec
1508 4648 1549 4700 si
1578 4646 1852 4701 credibilia
1882 4657 2033 4715 putas
2062 4690 2073 4711 ,
2110 4664 2176 4701 ne

601 4746 909 4815 lacrymerls
936 4761 949 4807 ;
982 4745 1025 4797 si
1055 4760 1177 4798 vero
1207 4742 1413 4797 ﬂeveris
1434 4782 1448 4805 ,
1480 4731 1747 4809 quomodo
1778 4739 1974 4806 poteris
2013 4740 2177 4809 genti-

603 4839 737 4892 libus
771 4836 1045 4904 persuadet
1127 4845 1175 4885 te
1208 4848 1329 4887 vere
1360 4830 1615 4885 credere?

674 4930 722 4980 Si.
764 4926 949 4979 Morini
977 4942 1073 4977 non
1107 4925 1211 4977 sine
1237 4924 1384 4975 modo
1411 4921 1630 4990 ﬁngendi.
1663 4950 1731 4959 -—
1764 4922 1825 4973 At
1870 4920 1958 4972 tibi
2002 4921 2174 4973 adhuc

605 5016 950 5072 intolerabilis
995 5029 1150 5067 casus
1180 5013 1265 5065 ille
1296 5011 1537 5064 videtur?
1587 5012 1722 5077 lirgo
1769 5024 1872 5061 non
1920 5010 2176 5078 lugendus

606 5112 724 5164 ideo
753 5107 840 5159 ille
867 5114 966 5167 est,
996 5105 1079 5173 qui
1109 5120 1136 5156 a
1169 5111 1246 5156 tot
1271 5101 1657 5155 calamilatths
1685 5102 1791 5169 jam
1816 5110 1890 5153 est
1924 5102 2070 5154 liber.
2104 5102 2179 5155 Ne

604 5206 780 5268 itaque
828 5196 923 5264 ipsi
974 5194 1229 5247 invideas.
1279 5192 1409 5245 Nam
1460 5192 1549 5244 tibi
1584 5192 1649 5242 ob
1697 5192 2030 5245 immaturum
2065 5194 2179 5259 ejus

604 5290 807 5342 obitum
836 5296 1059 5341 mortem
1094 5294 1278 5354 optare
1304 5327 1317 5350 ,
1352 5284 1671 5351 lugercquc,,
1712 5284 1833 5349 quia
1878 5299 1981 5335 non
2010 5286 2133 5337 vivit
2164 5329 2175 5345 ,

607 5393 661 5435 ιιι
694 5380 815 5433 talia
850 5379 1010 5432 multa
1061 5378 1320 5447 patiatur,
1365 5378 1523 5429 invidi
1568 5387 1714 5431 certe
1759 5386 1857 5427 est.
1906 5376 2020 5431 Noli
2054 5394 2180 5447 ergo

609 5483 841 5540 cogitare
880 5470 1050 5537 ipsum
1092 5482 1378 5535 numquam
1416 5466 1629 5519 domum
1680 5479 1797 5517 esse
1845 5466 2137 5521 rediturum
2165 5510 2177 5531 ,

674 5621 861 5692 (a)ADe‘
881 5619 1197 5692 Xenophonte
1218 5619 1407 5692 dicitur,
1436 5621 1587 5692 ipsum
1612 5633 1720 5667 cum
1745 5628 1999 5692 coronatus
2038 5622 2183 5669 sacri-

609 5680 792 5733 licaret.
817 5688 871 5728 ut
886 5680 1063 5727 audivit
1085 5680 1229 5728 lilium
1253 5682 1300 5728 in
1323 5680 1565 5729 Mantina‘a
1592 5694 1747 5741 pugna
1770 5682 2021 5737 cecidisse,
2049 5696 2182 5731 coro-

611 5757 720 5793 nam
756 5742 1066 5803 deposuisse,
1116 5743 1197 5791 ubi
1222 5755 1351 5805 vero
1393 5743 1568 5805 acriter
1612 5750 1906 5805 pugnantem
1943 5747 2183 5792 corruisse

612 5805 862 5863 comperit,
893 5816 1110 5850 coronam
1127 5804 1303 5852 iterum
1325 5804 1465 5863 capiti
1490 5804 1788 5863 impomisse.

1268 439 1325 492 s.
1366 426 1642 489 JOANNIS
1679 404 2157 477 CllltYSOSTOMl
2202 401 2518 458 ARCIIIEP.
2561 391 3098 456 consumas».

3742 380 3844 438 376

2252 514 2347 571 sed
2378 524 2431 571 te
2472 513 2620 569 brevi
2666 512 2730 567 ad
2764 513 2909 569 illum
2952 524 3073 567 esse
3110 508 3481 581 migraturum.
3521 503 3602 560 Ne
3639 503 3845 573 cogites

2254 610 2427 677 ipsum
2456 621 2560 662 non
2594 606 2732 661 ultra
2764 605 2867 660 huc
2894 606 3016 659 esse
3044 609 3329 657 venturum
3351 642 3367 665 ,
3396 597 3493 654 sed
3524 598 3699 667 cogita
3734 595 3847 649 ha-c

2253 698 2482 754 visibilia
2505 713 2608 751 non
2641 698 2712 751 ita
2736 706 2794 751 ut
2816 702 2941 751 sunt
2968 708 3219 749 mansura
3243 734 3260 758 .
3288 693 3384 750 sed
3413 690 3845 749 transfer-manda

2254 806 2393 845 esse.
2424 788 2554 844 Nam
2596 790 2792 845 ecelum
2816 830 2831 856 ,
2862 796 3033 849 terra.
3059 800 3209 842 mare
3252 794 3309 840 et
3351 786 3529 841 omnia
3577 794 3847 839 transmu-

2255 892 2468 948 tautur,
2518 892 2755 952 tuncque
2791 880 2960 935 tilium
2998 890 3148 935 tuum
3186 881 3417 950 recipies
3446 879 3640 949 majori
3663 877 3837 947 gloria

2258 983 2578 1029 coronatum
2598 974 2725 1030 ‘.Et
2741 971 2789 1028 si
2814 973 3033 1042 quidem
3068 979 3326 1041 peccator
3354 972 3527 1031 abiit.
3574 968 3840 1038 nequitia

2257 1079 2445 1121 cursus
2465 1064 2789 1133 interceptus
2807 1061 2923 1126 fuit;
2947 1049 3282 1131 nequeenim
3302 1058 3348 1115 si
3362 1058 3677 1114 mutandum
3699 1057 3851 1114 illum

2258 1156 2375 1211 fore
2402 1156 2542 1211 Deus
2570 1153 2903 1225 prmvidisset
2923 1192 2940 1217 ,
2973 1153 3117 1206 illum
3148 1158 3273 1205 ante
3304 1150 3676 1219 penitentiam
3708 1148 3854 1202 abri-

2260 1248 2461 1318 puisset
2480 1263 2494 1311 ;
2513 1246 2557 1301 si
2582 1244 2899 1314 verojustus
2918 1242 3195 1307 discessit,
3226 1242 3278 1296 in
3304 1250 3418 1295 tuto
3446 1241 3583 1295 bona
3605 1255 3703 1295 sua
3729 1254 3853 1311 pos-

2258 1339 2408 1396 sidet.
2482 1335 2637 1394 Unde
2696 1336 3035 1391 manifestum
3093 1344 3176 1390 est
3227 1334 3498 1405 lacrymas
3564 1344 3685 1391 tuas
3742 1348 3852 1391 nol

2258 1446 2377 1486 esse
2430 1431 2692 1502 lacrymas
2740 1430 2962 1492 amoris,
3015 1428 3110 1484 sed
3165 1427 3548 1483 irrationabilis
3600 1428 3852 1484 affectus.

2258 1522 2389 1576 Nam
2435 1524 2479 1575 si
2529 1522 2837 1577 defunctum
2891 1534 3103 1575 amares
3131 1562 3146 1584 ,
3191 1519 3427 1591 gaudere
3474 1528 3751 1589 oporteret
3799 1530 3857 1574 es

2260 1616 2470 1678 la-tari,
2521 1614 2664 1685 quod
2714 1630 2745 1668 a
2785 1615 3137 1684 praesentibus
3187 1612 3436 1667 noctibus
3485 1613 3557 1667 sit
3611 1621 3853 1683 ereptus.

2258 1709 2397 1778 Quid
2456 1708 2598 1764 enim
2658 1709 2927 1777 amplius,
2997 1721 3219 1775 qureso,
3282 1705 3467 1761 videre
3528 1706 3655 1761 est?
3716 1704 3857 1772 Quid

2262 1805 2530 1859 insolitum
2598 1813 2653 1858 et
2717 1803 2960 1857 novum?
3023 1801 3211 1856 Nonne
3274 1800 3465 1855 eadem
3536 1802 3649 1871 ipsa
3717 1808 3855 1871 q‘uo-

2262 1897 2388 1951 tidie
2408 1897 2607 1951 revolvi
2631 1894 2908 1951 videmus?
2933 1894 3080 1949 Diem
3108 1907 3211 1947 nox
3235 1892 3454 1961 excipit.
3480 1901 3692 1947 noctem
3715 1892 3855 1955 dies,

2261 1988 2494 2043 hiemem
2536 1995 2726 2052 aestas,
2748 1994 2997 2041 aestatem
3030 1985 3201 2039 hiems
3222 2027 3236 2047 ,
3269 1993 3323 2039 et
3352 1982 3479 2037 nihil
3512 1984 3763 2053 amplius.
3794 1983 3860 2037 Et

2263 2078 2377 2134 htec
2400 2077 2613 2148 quidem
2635 2092 2851 2147 semper
2876 2076 3063 2132 eadem
3096 2093 3108 2129 :
3141 2075 3277 2129 mala
3307 2091 3434 2130 vero
3462 2089 3681 2145 semper
3710 2077 3859 2130 inso-

2262 2171 2350 2224 lita
2394 2179 2448 2225 et
2490 2185 2646 2223 nova.
2695 2168 2821 2224 Haec
2861 2184 2994 2239 ergo
3033 2168 3249 2224 volebas
3276 2167 3424 2221 illum
3455 2168 3697 2238 quotidie
3725 2169 3859 2222 hau-

2262 2264 2366 2319 rire
2396 2266 2416 2297 ’
2442 2304 2457 2327 ,
2498 2275 2552 2318 et
2596 2264 2681 2319 hic
2721 2278 2967 2331 manere,
3016 2272 3307 2332 aegrotare,
3361 2261 3577 2331 lugere,
3630 2262 3858 2328 timere,

2262 2366 2526 2419 tremere,
2574 2365 2630 2411 et
2674 2356 2775 2409 alia
2826 2353 2949 2409 mali
2990 2354 3132 2424 pati,
3174 2353 3277 2407 alia
3317 2351 3649 2407 formidare?
3677 2352 3864 2420 Neque

2263 2448 2403 2502 enim
2427 2448 2604 2502 dicere
2632 2446 2793 2509 ausis,
2828 2446 3067 2515 potuisse
3092 2445 3240 2499 illum
3268 2445 3482 2514 longum
3512 2443 3614 2499 hoc
3642 2444 3861 2514 pelagus

2266 2538 2649 2607 trajicientem,
2680 2536 3000 2592 maeroribus
3039 2534 3587 2603 sollicitudinibusque
3631 2548 3859 2588 vacuum

2266 2643 2406 2686 esse.
2433 2629 2512 2683 Ad
2542 2630 2655 2684 haec
2682 2629 2948 2698 perpende
2975 2637 3026 2682 te
3054 2643 3158 2682 non
3186 2627 3436 2697 genuisse
3468 2627 3856 2691 immortalem;

2264 2736 2325 2775 ac
2347 2721 2389 2774 si
2421 2736 2524 2774 non
2552 2721 2659 2789 jam
2690 2730 2929 2774 mortuus
2950 2731 3109 2779 eSset.
3144 2719 3300 2789 paulo
3329 2726 3509 2787 postea
3540 2720 3858 2775 moriturum
3914 2766 3933 2777 ,.

2266 2811 2445 2866 luisse.
2492 2814 2559 2866 At
2600 2829 2703 2867 non
2730 2814 2953 2868 satiatus
2976 2828 3099 2869 eras
3128 2812 3268 2866 illius
3293 2812 3686 2868 consuetudine
3707 2812 3733 2863 ἵ
3757 2811 3860 2867 Sed

2267 2907 2336 2962 ibi
2355 2924 2565 2978 semper
2589 2910 2677 2964 illo
2702 2909 2911 2965 frueris.
2945 2912 3010 2964 At
3042 2909 3206 2964 velles
3235 2908 3319 2964 hic
3348 2908 3518 2978 ipsum
3545 2909 3774 2964 videre?
3799 2908 3862 2963 Et

2266 3000 2389 3067 quid
2436 3002 2617 3054 vetat?
2654 3000 2803 3061 Licet
2847 3000 2941 3055 tibi
2991 3001 3139 3055 illum
3170 3000 3371 3065 videre,
3403 2999 3445 3053 si
3480 3000 3660 3069 sapias
3692 3018 3707 3054 :
3740 3013 3861 3069 spes

2269 3094 2409 3147 enim
2458 3092 2751 3148 futurorum
2801 3096 2917 3163 ipso
2958 3094 3070 3147 visu
3115 3092 3311 3148 clarior
3337 3101 3436 3147 est.
3469 3092 3546 3147 Tu
3579 3106 3709 3147 vero
3735 3094 3779 3146 si
3809 3092 3858 3145 in

2270 3186 2414 3255 regia
2458 3194 2634 3250 esset,
2687 3186 2862 3257 ibique
2911 3184 3160 3251 ﬂoreret,
3211 3200 3315 3239 non
3366 3184 3655 3254 quaesisses
3714 3185 3858 3237 itlum

2272 3277 2450 3333 videre
2496 3295 2511 3330 :
2556 3292 2619 3333 ac
2664 3293 2783 3332 cum
2821 3277 2885 3331 ad
2916 3278 3071 3347 longe
3098 3276 3375 3331 meliorem
3402 3285 3603 3331 sortem
3628 3273 3857 3339 abierit,

2272 3378 2485 3439 propter
2515 3384 2733 3439 parvum
2765 3368 3018 3423 absentia:
3050 3376 3258 3437 tempus
3282 3368 3462 3422 animo
3489 3366 3675 3423 delicis
3694 3408 3709 3430 ,
3739 3382 3859 3422 eum

2273 3463 2505 3517 maxime
2547 3472 2848 3517 consortem
2892 3472 3065 3517 tecum
3111 3461 3350 3516 habeas?
3390 3460 3496 3517 Sed
3544 3460 3717 3516 virum
3756 3475 3861 3515 non

2248 3554 2479 3637 babes?
2507 3554 2574 3607 At
2615 3555 3005 3609 consolatorem
3052 3553 3217 3608 habes
3251 3553 3461 3608 Patrem
3497 3552 3860 3623 orphanorum

2276 3654 2330 3700 et
2356 3645 2596 3700 Judiecm
2630 3645 2929 3699 viduarum.
2961 3643 3099 3699 Audi
3130 3644 3350 3698 Paulum
3383 3644 3523 3698 hanc
3551 3643 3861 3699 viduitatem

2275 3736 2894 3809 heatamrprmdicantem
2920 3774 2936 3800 ,
2979 3750 3041 3790 ac
3066 3736 3332 3791 dicentem
3368 3754 3380 3789 :
3415 3736 3541 3801 Qua
3565 3746 3732 3790 autem
3756 3752 3864 3791 vere

2274 3829 2425 3882 vidua
2454 3839 2523 3882 est
2545 3837 2591 3881 et
2617 3815 2846 3881 solitaria
2872 3828 3089 3894 speravit
3118 3829 3169 3881 in
3199 3826 3419 3883 Domino
3443 3830 3521 3898 (1.
3544 3828 3679 3884 Tim.
3712 3831 3765 3885 5.
3786 3829 3861 3901 5).

2277 3919 2486 3973 Etenim
2520 3919 2634 3972 haec
2664 3918 2937 3987 probatior
2964 3919 3082 3982 erit,
3107 3934 3226 3986 quas
3258 3920 3512 3988 majorem
3539 3921 3844 3977 exhibuerit

2278 4010 2602 4077 patientiam.
2643 4008 2755 4063 Noli
2789 4010 2945 4078 igitur
2970 4008 3153 4079 lugere
3182 4010 3247 4063 de
3274 4026 3333 4064 ea
3364 4026 3421 4064 re
3446 4025 3564 4080 qua:
3593 4012 3685 4066 tibi
3716 4027 3864 4067 coro-

2277 4118 2397 4157 nam
2443 4111 2626 4171 parat,
2672 4102 2737 4157 de
2782 4119 2883 4171 qua
2932 4101 3233 4156 mercedem
3280 4104 3535 4171 postulas.
3568 4103 3865 4160 RetlditliSti

2276 4194 2417 4248 enim
2464 4193 2802 4261 depositum,
2836 4193 2879 4246 si
2914 4193 2963 4245 id
2990 4193 3129 4262 quod
3164 4192 3253 4247 tibi
3282 4194 3542 4249 creditum
3566 4206 3685 4251 erat
3714 4195 3865 4251 exhi-

2277 4285 2460 4339 buistl.
2486 4283 2563 4337 Ne
2592 4284 2665 4336 sis
2697 4299 2825 4352 ergo
2851 4285 3075 4338 sollicita
3095 4326 3109 4348 ,
3141 4284 3185 4339 si
3220 4284 3269 4337 in
3295 4283 3549 4339 thesauro
3576 4287 3863 4341 inviolabili

2280 4377 2419 4448 quod
2463 4376 2775 4447 possidebas
2815 4375 3125 4445 deposuisti.
3158 4376 3212 4431 Si
3246 4391 3404 4445 porro
3434 4377 3689 4433 didiceris
3709 4421 3723 4441 ,
3751 4395 3867 4450 qua)

2280 4471 2347 4525 sit
2374 4484 2606 4540 prtcscns
2628 4470 2727 4523 vita
2754 4511 2767 4533 ,
2787 4483 2905 4537 qua:
2937 4467 3147 4531 futura;
3177 4468 3428 4538 quodque
3450 4469 3563 4523 lure.
3586 4470 3655 4523 sit
3676 4486 3865 4525 aranea

2279 4570 2335 4615 et
2351 4561 2552 4627 umbra,
2572 4559 2746 4613 omnia
2767 4574 2893 4613 vero
2918 4573 3036 4627 qure
3062 4559 3113 4612 in
3132 4557 3216 4611 illa
3235 4566 3378 4622 sunt,
3410 4559 3626 4613 immota
3652 4560 3866 4616 immor-

2284 4653 2537 4720 taliaquc,
2568 4667 2673 4704 non
2720 4652 2823 4703 alio
2853 4651 3031 4719 cgebis
3078 4663 3349 4703 sermone.
3379 4649 3531 4704 Nunc
3557 4652 3700 4706 enim
3732 4654 3866 4707 lilius

2284 4752 2401 4796 tuus
2422 4744 2487 4796 ab
2508 4744 2650 4795 omni
2673 4743 2964 4795 mutatione
2982 4749 3195 4807 ereptus
3212 4749 3292 4794 est
3319 4758 3330 4790 :
3356 4742 3397 4794 si
3423 4751 3599 4797 autem
3618 4744 3705 4798 hic
3724 4760 3867 4798 man-

2282 4838 2453 4899 sisset,
2486 4836 2616 4889 fortc
2635 4836 2821 4898 bonus,
2842 4838 2974 4888 torte
3000 4834 3168 4888 malus
3192 4834 3394 4887 futurus
3416 4844 3547 4889 erat.
3577 4838 3769 4892 Annon
3790 4840 3865 4892 vi.

2282 4929 2534 4996 tles,qum
2561 4928 2802 4979 homines
2828 4927 2961 4979 iilios
2992 4940 3113 4977 suas
3143 4925 3414 4978 abdicaui?
3434 4935 3486 4979 et
3506 4940 3632 4997 quot
3665 4930 3865 4999 pejores

2283 5021 2534 5076 abdicatis
2554 5028 2813 5088 coguntur
2840 5017 2979 5071 clomi
3005 5017 3258 5071 retinere?
3282 5019 3403 5074 llaec
3430 5024 3608 5087 itaque
3626 5021 3676 5074 iu
3694 5032 3865 5078 mente

2287 5123 2555 5168 versantes
2570 5110 3024 5179 philosophemur:
3048 5110 3117 5163 ita
3136 5112 3276 5163 enim
3294 5118 3347 5163 et
3363 5110 3761 5182 defunctograti
3778 5116 3867 5168 eri-

2286 5218 2421 5266 mus,
2440 5213 2493 5257 et
2517 5203 2654 5268 apud
2673 5200 2914 5255 homines
2932 5200 3109 5254 muitis
3130 5200 3369 5255 laudibus
3390 5200 3649 5268 fruemur,
3665 5214 3820 5275 atque
3836 5221 3863 5259 a

2289 5298 2395 5349 Deo
2419 5310 2659 5364 magnam
2683 5295 2949 5363 patientiae
2977 5292 3273 5348 mercedem
3299 5294 3618 5361 referemus,
3638 5306 3862 5352 aeterna-

2286 5402 2385 5456 que
2402 5388 2537 5449 bona
2554 5401 2977 5455 consequemur;
3003 5401 3122 5455 qua:
3153 5394 3352 5440 utinam
3376 5402 3474 5441 nos
3502 5403 3693 5444 omnes
3715 5392 3865 5461 adipi-

2286 5495 2511 5543 scamur,
2538 5479 2701 5547 gratia
2725 5487 2778 5533 et
2807 5478 3129 5547 benignitate
3159 5478 3365 5532 Domini
3384 5482 3553 5535 nostri
3568 5480 3697 5536 Jcsu
3719 5482 3866 5537 Chri-

2286 5572 2375 5636 sti,
2390 5572 2470 5625 cui
2489 5570 2653 5641 gloria
2668 5580 2720 5625 et
2742 5570 3099 5639 impcrium,in
3115 5570 3305 5624 saecula
3323 5571 3664 5628 saeculorum.
3684 5575 3842 5628 Amen

2290 5674 2366 5797 ﬁlf
2396 5670 2513 5777 Mpr.
2543 5670 2687 5729 Ben.,
2704 5674 2906 5730 tuncque
2928 5670 3090 5719 omnia
3112 5685 3216 5719 cum
3262 5684 3450 5734 majore
3476 5672 3636 5735 giort'a
3659 5673 3855 5737 accipitri

2349 5745 2421 5780 ius
2462 5745 2565 5780 uua.

2349 5745 2421 5780 tus
2441 5745 2565 5780 tuus.

2355 5805 2376 5835 ι
2407 5801 2512 5862 Alii,
2536 5800 2717 5852 videre.
