  <div class='ocr_page' id='page_1' title='image "/cluster/home/n/w/nwhite01/storage/ocr_20150623/57/uva.x004697226/312.png"; bbox 0 0 4094 6468; ppageno 0'>
   <div class='ocr_carea' id='block_1_1' title="bbox 1185 394 2624 462">
    <p class='ocr_par' dir='ltr' id='par_1_1' title="bbox 1185 394 2624 462">
     <span class='ocr_line' id='line_1_1' title="bbox 1185 394 2624 462; baseline -0.006 -1"><span class='ocrx_word' id='word_1_1' title='bbox 1185 404 1249 462; x_wconf 82' lang='lat' dir='ltr'><strong>IN</strong></span> <span class='ocrx_word' id='word_1_2' title='bbox 1289 397 1697 460; x_wconf 62' lang='lat' dir='ltr'><strong>MATTHEUH</strong></span> <span class='ocrx_word' id='word_1_3' title='bbox 1738 397 1969 454; x_wconf 72' lang='lat' dir='ltr'><strong>IIOMIL.</strong></span> <span class='ocrx_word' id='word_1_4' title='bbox 2011 394 2228 452; x_wconf 81' lang='lat' dir='ltr'><strong>XXXII.</strong></span> <span class='ocrx_word' id='word_1_5' title='bbox 2272 397 2344 452; x_wconf 86' lang='lat' dir='ltr'><strong>al.</strong></span> <span class='ocrx_word' id='word_1_6' title='bbox 2378 398 2624 456; x_wconf 80' lang='lat' dir='ltr'><strong>XXXIII.</strong></span> 
     </span>
    </p>
   </div>
   <div class='ocr_carea' id='block_1_2' title="bbox 3504 406 3606 464">
    <p class='ocr_par' dir='ltr' id='par_1_2' title="bbox 3504 406 3606 464">
     <span class='ocr_line' id='line_1_2' title="bbox 3504 406 3606 464; baseline -0.02 0"><span class='ocrx_word' id='word_1_7' title='bbox 3504 406 3606 464; x_wconf 75' lang='lat'><strong>378</strong></span> 
     </span>
    </p>
   </div>
   <div class='ocr_carea' id='block_1_3' title="bbox 997 537 3596 565">
    <p class='ocr_par' dir='ltr' id='par_1_3' title="bbox 997 537 3596 565">
     <span class='ocr_line' id='line_1_3' title="bbox 997 537 3596 565; baseline -0.013 -4"><span class='ocrx_word' id='word_1_8' title='bbox 997 537 3596 565; x_wconf 69' lang='lat'><strong>________________________,_________________</strong></span> 
     </span>
    </p>
   </div>
   <div class='ocr_carea' id='block_1_4' title="bbox 1410 607 2567 676">
    <p class='ocr_par' dir='ltr' id='par_1_4' title="bbox 1410 607 2567 676">
     <span class='ocr_line' id='line_1_4' title="bbox 1410 607 2567 676; baseline -0.001 0"><span class='ocrx_word' id='word_1_9' title='bbox 1410 610 1761 676; x_wconf 80' lang='lat' dir='ltr'><strong>HOMILIA</strong></span> <span class='ocrx_word' id='word_1_10' title='bbox 1805 607 2085 671; x_wconf 80' lang='lat' dir='ltr'><strong>XXXII.</strong></span> <span class='ocrx_word' id='word_1_11' title='bbox 2133 608 2221 671; x_wconf 83' lang='lat' dir='ltr'><strong>aI.</strong></span> <span class='ocrx_word' id='word_1_12' title='bbox 2267 609 2567 675; x_wconf 79' lang='lat' dir='ltr'><strong>XXXIII.</strong></span> 
     </span>
    </p>
   </div>
   <div class='ocr_carea' id='block_1_5' title="bbox 290 752 1892 839">
    <p class='ocr_par' dir='ltr' id='par_1_5' title="bbox 290 752 1892 839">
     <span class='ocr_line' id='line_1_5' title="bbox 290 752 1892 839; baseline -0.02 -3"><span class='ocrx_word' id='word_1_13' title='bbox 290 779 422 836; x_wconf 64' lang='lat' dir='ltr'><strong>Car.</strong></span> <span class='ocrx_word' id='word_1_14' title='bbox 470 778 525 835; x_wconf 84' lang='lat'><strong>9.</strong></span> <span class='ocrx_word' id='word_1_15' title='bbox 574 792 626 828; x_wconf 75' lang='grc' dir='ltr'><strong>ν.</strong></span> <span class='ocrx_word' id='word_1_16' title='bbox 663 772 757 829; x_wconf 71' lang='grc'><strong>27.</strong></span> <span class='ocrx_word' id='word_1_17' title='bbox 803 768 871 825; x_wconf 77' lang='lat' dir='ltr'><strong>Et</strong></span> <span class='ocrx_word' id='word_1_18' title='bbox 924 768 1276 839; x_wconf 77' lang='lat' dir='ltr'><strong>proﬁciscente</strong></span> <span class='ocrx_word' id='word_1_19' title='bbox 1318 762 1438 817; x_wconf 86' lang='lat' dir='ltr'><strong>inde</strong></span> <span class='ocrx_word' id='word_1_20' title='bbox 1492 758 1654 825; x_wconf 74' lang='lat' dir='ltr'><strong>Iesu,</strong></span> <span class='ocrx_word' id='word_1_21' title='bbox 1696 752 1892 824; x_wconf 86' lang='lat' dir='ltr'><strong>sequuti</strong></span> 
     </span>
    </p>
   </div>
   <div class='ocr_carea' id='block_1_6' title="bbox 367 846 1896 925">
    <p class='ocr_par' dir='ltr' id='par_1_6' title="bbox 367 846 1896 925">
     <span class='ocr_line' id='line_1_6' title="bbox 367 846 1896 925; baseline -0.017 -2"><span class='ocrx_word' id='word_1_22' title='bbox 367 878 485 924; x_wconf 80' lang='lat' dir='ltr'><strong>sunt</strong></span> <span class='ocrx_word' id='word_1_23' title='bbox 526 882 638 922; x_wconf 84' lang='lat' dir='ltr'><strong>eum</strong></span> <span class='ocrx_word' id='word_1_24' title='bbox 665 863 768 918; x_wconf 82' lang='lat' dir='ltr'><strong>duo</strong></span> <span class='ocrx_word' id='word_1_25' title='bbox 799 863 914 917; x_wconf 72' lang='lat' dir='ltr'><strong>eieci</strong></span> <span class='ocrx_word' id='word_1_26' title='bbox 935 899 950 925; x_wconf 91' lang='lat'><strong>,</strong></span> <span class='ocrx_word' id='word_1_27' title='bbox 979 859 1256 913; x_wconf 83' lang='lat' dir='ltr'><strong>clamantes</strong></span> <span class='ocrx_word' id='word_1_28' title='bbox 1285 863 1331 908; x_wconf 89' lang='lat' dir='ltr'><strong>et</strong></span> <span class='ocrx_word' id='word_1_29' title='bbox 1357 853 1576 907; x_wconf 84' lang='lat' dir='ltr'><strong>dicentes</strong></span> <span class='ocrx_word' id='word_1_30' title='bbox 1605 863 1624 902; x_wconf 88' lang='lat'><strong><em>:</em></strong></span> <span class='ocrx_word' id='word_1_31' title='bbox 1652 846 1896 902; x_wconf 72' lang='lat' dir='ltr'><strong>Miserere</strong></span> 
     </span>
    </p>
   </div>
   <div class='ocr_carea' id='block_1_7' title="bbox 367 939 1892 1025">
    <p class='ocr_par' dir='ltr' id='par_1_7' title="bbox 367 939 1892 1025">
     <span class='ocr_line' id='line_1_7' title="bbox 367 939 1892 1025; baseline -0.019 -10"><span class='ocrx_word' id='word_1_32' title='bbox 367 960 547 1024; x_wconf 85' lang='lat' dir='ltr'><strong>nostri,</strong></span> <span class='ocrx_word' id='word_1_33' title='bbox 571 955 648 1025; x_wconf 83' lang='lat' dir='ltr'><strong>ﬁli</strong></span> <span class='ocrx_word' id='word_1_34' title='bbox 674 952 859 1008; x_wconf 81' lang='lat' dir='ltr'><strong>David.</strong></span> <span class='ocrx_word' id='word_1_35' title='bbox 883 951 974 1006; x_wconf 71' lang='lat'><strong>28.</strong></span> <span class='ocrx_word' id='word_1_36' title='bbox 1005 947 1074 1002; x_wconf 83' lang='lat' dir='ltr'><strong>Et</strong></span> <span class='ocrx_word' id='word_1_37' title='bbox 1095 963 1209 1000; x_wconf 82' lang='lat' dir='ltr'><strong>cum</strong></span> <span class='ocrx_word' id='word_1_38' title='bbox 1233 944 1446 998; x_wconf 77' lang='lat' dir='ltr'><strong>uertisset</strong></span> <span class='ocrx_word' id='word_1_39' title='bbox 1469 942 1522 994; x_wconf 87' lang='lat' dir='ltr'><strong>in</strong></span> <span class='ocrx_word' id='word_1_40' title='bbox 1551 939 1780 1002; x_wconf 87' lang='lat' dir='ltr'><strong>domum,</strong></span> <span class='ocrx_word' id='word_1_41' title='bbox 1803 950 1892 987; x_wconf 86' lang='lat' dir='ltr'><strong>ac-</strong></span> 
     </span>
    </p>
   </div>
   <div class='ocr_carea' id='block_1_8' title="bbox 365 1025 1891 1106">
    <p class='ocr_par' dir='ltr' id='par_1_8' title="bbox 365 1025 1891 1106">
     <span class='ocr_line' id='line_1_8' title="bbox 365 1025 1891 1106; baseline -0.018 0"><span class='ocrx_word' id='word_1_42' title='bbox 365 1056 616 1106; x_wconf 80' lang='lat' dir='ltr'><strong>cesserunt</strong></span> <span class='ocrx_word' id='word_1_43' title='bbox 637 1046 704 1100; x_wconf 85' lang='lat' dir='ltr'><strong>ad</strong></span> <span class='ocrx_word' id='word_1_44' title='bbox 732 1060 846 1099; x_wconf 79' lang='lat' dir='ltr'><strong>eum</strong></span> <span class='ocrx_word' id='word_1_45' title='bbox 868 1042 970 1095; x_wconf 84' lang='lat' dir='ltr'><strong>duo</strong></span> <span class='ocrx_word' id='word_1_46' title='bbox 985 1039 1106 1094; x_wconf 71' lang='lat' dir='ltr'><strong>caci</strong></span> <span class='ocrx_word' id='word_1_47' title='bbox 1134 1052 1154 1091; x_wconf 90' lang='lat'><strong><em>:</em></strong></span> <span class='ocrx_word' id='word_1_48' title='bbox 1177 1045 1222 1090; x_wconf 89' lang='lat' dir='ltr'><strong>et</strong></span> <span class='ocrx_word' id='word_1_49' title='bbox 1248 1034 1372 1089; x_wconf 84' lang='lat' dir='ltr'><strong>dicit</strong></span> <span class='ocrx_word' id='word_1_50' title='bbox 1392 1033 1464 1088; x_wconf 90' lang='lat' dir='ltr'><strong>eis</strong></span> <span class='ocrx_word' id='word_1_51' title='bbox 1485 1030 1636 1085; x_wconf 74' lang='lat' dir='ltr'><strong>Iesus</strong></span> <span class='ocrx_word' id='word_1_52' title='bbox 1668 1043 1687 1082; x_wconf 90' lang='lat'><strong><em>:</em></strong></span> <span class='ocrx_word' id='word_1_53' title='bbox 1712 1025 1891 1082; x_wconf 85' lang='lat' dir='ltr'><strong>Credi-</strong></span> 
     </span>
    </p>
   </div>
   <div class='ocr_carea' id='block_1_9' title="bbox 369 1117 1895 1211">
    <p class='ocr_par' dir='ltr' id='par_1_9' title="bbox 369 1117 1895 1211">
     <span class='ocr_line' id='line_1_9' title="bbox 369 1117 1895 1211; baseline -0.018 -13"><span class='ocrx_word' id='word_1_54' title='bbox 369 1147 432 1199; x_wconf 82' lang='lat' dir='ltr'><strong>tis</strong></span> <span class='ocrx_word' id='word_1_55' title='bbox 473 1142 594 1211; x_wconf 85' lang='lat' dir='ltr'><strong>quia</strong></span> <span class='ocrx_word' id='word_1_56' title='bbox 619 1141 714 1194; x_wconf 82' lang='lat' dir='ltr'><strong>hoc</strong></span> <span class='ocrx_word' id='word_1_57' title='bbox 741 1150 944 1206; x_wconf 83' lang='lat' dir='ltr'><strong>possum</strong></span> <span class='ocrx_word' id='word_1_58' title='bbox 979 1129 1185 1203; x_wconf 75' lang='lat' dir='ltr'><strong>facere?</strong></span> <span class='ocrx_word' id='word_1_59' title='bbox 1214 1127 1397 1183; x_wconf 76' lang='lat' dir='ltr'><strong>Dicunt</strong></span> <span class='ocrx_word' id='word_1_60' title='bbox 1423 1125 1468 1178; x_wconf 83' lang='lat' dir='ltr'><strong>ei</strong></span> <span class='ocrx_word' id='word_1_61' title='bbox 1489 1167 1503 1187; x_wconf 90' lang='lat'><strong>,</strong></span> <span class='ocrx_word' id='word_1_62' title='bbox 1536 1121 1748 1193; x_wconf 85' lang='lat' dir='ltr'><strong>Utique,</strong></span> <span class='ocrx_word' id='word_1_63' title='bbox 1786 1117 1895 1172; x_wconf 88' lang='lat' dir='ltr'><strong>Do-</strong></span> 
     </span>
    </p>
   </div>
   <div class='ocr_carea' id='block_1_10' title="bbox 369 1213 1893 1295">
    <p class='ocr_par' dir='ltr' id='par_1_10' title="bbox 369 1213 1893 1295">
     <span class='ocr_line' id='line_1_10' title="bbox 369 1213 1893 1295; baseline -0.017 -5"><span class='ocrx_word' id='word_1_64' title='bbox 369 1236 524 1290; x_wconf 82' lang='lat' dir='ltr'><strong>mine.</strong></span> <span class='ocrx_word' id='word_1_65' title='bbox 557 1231 648 1287; x_wconf 70' lang='lat'><strong>29.</strong></span> <span class='ocrx_word' id='word_1_66' title='bbox 695 1228 837 1283; x_wconf 86' lang='lat' dir='ltr'><strong>Tunc</strong></span> <span class='ocrx_word' id='word_1_67' title='bbox 876 1224 1034 1295; x_wconf 75' lang='lat' dir='ltr'><strong>tetigit</strong></span> <span class='ocrx_word' id='word_1_68' title='bbox 1061 1221 1236 1277; x_wconf 87' lang='lat' dir='ltr'><strong>oculos</strong></span> <span class='ocrx_word' id='word_1_69' title='bbox 1259 1233 1431 1274; x_wconf 83' lang='lat' dir='ltr'><strong>eorum</strong></span> <span class='ocrx_word' id='word_1_70' title='bbox 1458 1215 1633 1270; x_wconf 80' lang='lat' dir='ltr'><strong>dicens</strong></span> <span class='ocrx_word' id='word_1_71' title='bbox 1651 1255 1665 1279; x_wconf 95' lang='lat'><strong>,</strong></span> <span class='ocrx_word' id='word_1_72' title='bbox 1696 1213 1893 1268; x_wconf 81' lang='lat' dir='ltr'><strong>Secun-</strong></span> 
     </span>
    </p>
   </div>
   <div class='ocr_carea' id='block_1_11' title="bbox 369 1303 1894 1394">
    <p class='ocr_par' dir='ltr' id='par_1_11' title="bbox 369 1303 1894 1394">
     <span class='ocr_line' id='line_1_11' title="bbox 369 1303 1894 1394; baseline -0.016 -13"><span class='ocrx_word' id='word_1_73' title='bbox 369 1329 494 1382; x_wconf 87' lang='lat' dir='ltr'><strong>dum</strong></span> <span class='ocrx_word' id='word_1_74' title='bbox 513 1323 667 1394; x_wconf 81' lang='lat' dir='ltr'><strong>ﬁdem</strong></span> <span class='ocrx_word' id='word_1_75' title='bbox 687 1330 900 1374; x_wconf 79' lang='lat' dir='ltr'><strong>vestram</strong></span> <span class='ocrx_word' id='word_1_76' title='bbox 927 1316 1018 1386; x_wconf 80' lang='lat' dir='ltr'><strong>ﬁat</strong></span> <span class='ocrx_word' id='word_1_77' title='bbox 1044 1313 1201 1369; x_wconf 74' lang='lat' dir='ltr'><strong>vobis.</strong></span> <span class='ocrx_word' id='word_1_78' title='bbox 1227 1311 1316 1368; x_wconf 74' lang='lat'><strong>50.</strong></span> <span class='ocrx_word' id='word_1_79' title='bbox 1345 1307 1414 1363; x_wconf 79' lang='lat' dir='ltr'><strong>Et</strong></span> <span class='ocrx_word' id='word_1_80' title='bbox 1434 1307 1596 1378; x_wconf 83' lang='lat' dir='ltr'><strong>aperti</strong></span> <span class='ocrx_word' id='word_1_81' title='bbox 1616 1314 1735 1362; x_wconf 84' lang='lat' dir='ltr'><strong>sunt</strong></span> <span class='ocrx_word' id='word_1_82' title='bbox 1758 1303 1894 1358; x_wconf 89' lang='lat' dir='ltr'><strong>oculi</strong></span> 
     </span>
    </p>
   </div>
   <div class='ocr_carea' id='block_1_12' title="bbox 370 1435 565 1474">
    <p class='ocr_par' dir='ltr' id='par_1_12' title="bbox 370 1435 565 1474">
     <span class='ocr_line' id='line_1_12' title="bbox 370 1435 565 1474; baseline -0.01 0"><span class='ocrx_word' id='word_1_83' title='bbox 370 1435 542 1474; x_wconf 86' lang='lat' dir='ltr'><strong>eorum</strong></span> <span class='ocrx_word' id='word_1_84' title='bbox 551 1458 565 1472; x_wconf 80' lang='lat'><strong>.</strong></span> 
     </span>
    </p>
   </div>
   <div class='ocr_carea' id='block_1_13' title="bbox 372 1491 1896 1567">
    <p class='ocr_par' dir='ltr' id='par_1_13' title="bbox 372 1491 1896 1567">
     <span class='ocr_line' id='line_1_13' title="bbox 372 1491 1896 1567; baseline -0.016 -2"><span class='ocrx_word' id='word_1_85' title='bbox 372 1511 426 1565; x_wconf 76' lang='lat' dir='ltr'><strong>I.</strong></span> <span class='ocrx_word' id='word_1_86' title='bbox 477 1506 584 1564; x_wconf 91' lang='lat' dir='ltr'><strong>Cur</strong></span> <span class='ocrx_word' id='word_1_87' title='bbox 627 1505 745 1560; x_wconf 83' lang='lat' dir='ltr'><strong>illos</strong></span> <span class='ocrx_word' id='word_1_88' title='bbox 783 1501 1075 1558; x_wconf 73' lang='lat' dir='ltr'><strong>clamantes</strong></span> <span class='ocrx_word' id='word_1_89' title='bbox 1102 1493 1408 1567; x_wconf 77' lang='lat' dir='ltr'><strong>protrahit?</strong></span> <span class='ocrx_word' id='word_1_90' title='bbox 1437 1491 1533 1546; x_wconf 89' lang='lat' dir='ltr'><strong>llic</strong></span> <span class='ocrx_word' id='word_1_91' title='bbox 1554 1505 1764 1546; x_wconf 86' lang='lat' dir='ltr'><strong>rursum</strong></span> <span class='ocrx_word' id='word_1_92' title='bbox 1798 1502 1896 1543; x_wconf 85' lang='lat' dir='ltr'><strong>nos</strong></span> 
     </span>
    </p>
   </div>
   <div class='ocr_carea' id='block_1_14' title="bbox 301 1583 1894 1664">
    <p class='ocr_par' dir='ltr' id='par_1_14' title="bbox 301 1583 1894 1664">
     <span class='ocr_line' id='line_1_14' title="bbox 301 1583 1894 1664; baseline -0.016 -4"><span class='ocrx_word' id='word_1_93' title='bbox 301 1603 528 1660; x_wconf 87' lang='lat' dir='ltr'><strong>instituit</strong></span> <span class='ocrx_word' id='word_1_94' title='bbox 554 1599 620 1655; x_wconf 88' lang='lat' dir='ltr'><strong>ad</strong></span> <span class='ocrx_word' id='word_1_95' title='bbox 649 1611 838 1652; x_wconf 88' lang='lat' dir='ltr'><strong>vanam</strong></span> <span class='ocrx_word' id='word_1_96' title='bbox 861 1595 1087 1664; x_wconf 92' lang='lat' dir='ltr'><strong>gloriam</strong></span> <span class='ocrx_word' id='word_1_97' title='bbox 1114 1587 1440 1659; x_wconf 88' lang='lat' dir='ltr'><strong>fugiendam.</strong></span> <span class='ocrx_word' id='word_1_98' title='bbox 1469 1585 1601 1652; x_wconf 85' lang='lat' dir='ltr'><strong>Quia</strong></span> <span class='ocrx_word' id='word_1_99' title='bbox 1623 1584 1768 1638; x_wconf 88' lang='lat' dir='ltr'><strong>enim</strong></span> <span class='ocrx_word' id='word_1_100' title='bbox 1794 1583 1894 1635; x_wconf 80' lang='lat' dir='ltr'><strong>do-</strong></span> 
     </span>
    </p>
   </div>
   <div class='ocr_carea' id='block_1_15' title="bbox 302 1677 1891 1754">
    <p class='ocr_par' dir='ltr' id='par_1_15' title="bbox 302 1677 1891 1754">
     <span class='ocr_line' id='line_1_15' title="bbox 302 1677 1891 1754; baseline -0.018 0"><span class='ocrx_word' id='word_1_101' title='bbox 302 1711 422 1754; x_wconf 86' lang='lat' dir='ltr'><strong>mus</strong></span> <span class='ocrx_word' id='word_1_102' title='bbox 447 1713 479 1752; x_wconf 91' lang='lat' dir='ltr'><strong>e</strong></span> <span class='ocrx_word' id='word_1_103' title='bbox 504 1695 681 1748; x_wconf 84' lang='lat' dir='ltr'><strong>vicino</strong></span> <span class='ocrx_word' id='word_1_104' title='bbox 704 1697 841 1753; x_wconf 87' lang='lat' dir='ltr'><strong>erat,</strong></span> <span class='ocrx_word' id='word_1_105' title='bbox 862 1688 988 1741; x_wconf 91' lang='lat' dir='ltr'><strong>illuc</strong></span> <span class='ocrx_word' id='word_1_106' title='bbox 1017 1684 1167 1740; x_wconf 82' lang='lat' dir='ltr'><strong>duxit</strong></span> <span class='ocrx_word' id='word_1_107' title='bbox 1197 1696 1311 1745; x_wconf 87' lang='lat' dir='ltr'><strong>eos,</strong></span> <span class='ocrx_word' id='word_1_108' title='bbox 1328 1691 1384 1735; x_wconf 89' lang='lat' dir='ltr'><strong>ut</strong></span> <span class='ocrx_word' id='word_1_109' title='bbox 1402 1677 1627 1733; x_wconf 89' lang='lat' dir='ltr'><strong>seorsim</strong></span> <span class='ocrx_word' id='word_1_110' title='bbox 1659 1683 1891 1730; x_wconf 88' lang='lat' dir='ltr'><strong>sanaret.</strong></span> 
     </span>
    </p>
   </div>
   <div class='ocr_carea' id='block_1_16' title="bbox 302 1767 1895 1859">
    <p class='ocr_par' dir='ltr' id='par_1_16' title="bbox 302 1767 1895 1859">
     <span class='ocr_line' id='line_1_16' title="bbox 302 1767 1895 1859; baseline -0.015 -14"><span class='ocrx_word' id='word_1_111' title='bbox 302 1791 465 1859; x_wconf 88' lang='lat' dir='ltr'><strong>quue</strong></span> <span class='ocrx_word' id='word_1_112' title='bbox 510 1787 685 1858; x_wconf 83' lang='lat' dir='ltr'><strong>palam</strong></span> <span class='ocrx_word' id='word_1_113' title='bbox 730 1791 814 1838; x_wconf 90' lang='lat' dir='ltr'><strong>est</strong></span> <span class='ocrx_word' id='word_1_114' title='bbox 856 1796 924 1836; x_wconf 79' lang='lat' dir='ltr'><strong>ex</strong></span> <span class='ocrx_word' id='word_1_115' title='bbox 959 1793 1025 1834; x_wconf 88' lang='lat' dir='ltr'><strong>eo</strong></span> <span class='ocrx_word' id='word_1_116' title='bbox 1053 1775 1194 1847; x_wconf 90' lang='lat' dir='ltr'><strong>quod</strong></span> <span class='ocrx_word' id='word_1_117' title='bbox 1227 1772 1543 1846; x_wconf 65' lang='lat' dir='ltr'><strong>pracepcrit</strong></span> <span class='ocrx_word' id='word_1_118' title='bbox 1567 1812 1582 1834; x_wconf 93' lang='lat'><strong>,</strong></span> <span class='ocrx_word' id='word_1_119' title='bbox 1611 1778 1667 1823; x_wconf 92' lang='lat' dir='ltr'><strong>ut</strong></span> <span class='ocrx_word' id='word_1_120' title='bbox 1696 1767 1895 1823; x_wconf 87' lang='lat' dir='ltr'><strong>nemini</strong></span> 
     </span>
    </p>
   </div>
   <div class='ocr_carea' id='block_1_17' title="bbox 300 1859 1894 1945">
    <p class='ocr_par' dir='ltr' id='par_1_17' title="bbox 300 1859 1894 1945">
     <span class='ocr_line' id='line_1_17' title="bbox 300 1859 1894 1945; baseline -0.015 -8"><span class='ocrx_word' id='word_1_121' title='bbox 300 1883 561 1938; x_wconf 78' lang='lat' dir='ltr'><strong>dicerent.</strong></span> <span class='ocrx_word' id='word_1_122' title='bbox 609 1876 793 1945; x_wconf 85' lang='lat' dir='ltr'><strong>Neque</strong></span> <span class='ocrx_word' id='word_1_123' title='bbox 831 1885 1020 1944; x_wconf 89' lang='lat' dir='ltr'><strong>parum</strong></span> <span class='ocrx_word' id='word_1_124' title='bbox 1055 1867 1225 1924; x_wconf 74' lang='lat' dir='ltr'><strong>Judmi</strong></span> <span class='ocrx_word' id='word_1_125' title='bbox 1258 1865 1380 1920; x_wconf 89' lang='lat' dir='ltr'><strong>inde</strong></span> <span class='ocrx_word' id='word_1_126' title='bbox 1408 1859 1722 1932; x_wconf 72' lang='lat' dir='ltr'><strong>culpantur,</strong></span> <span class='ocrx_word' id='word_1_127' title='bbox 1754 1859 1894 1929; x_wconf 89' lang='lat' dir='ltr'><strong>quod</strong></span> 
     </span>
    </p>
   </div>
   <div class='ocr_carea' id='block_1_18' title="bbox 304 1954 1937 2044">
    <p class='ocr_par' dir='ltr' id='par_1_18' title="bbox 304 1954 1937 2044">
     <span class='ocr_line' id='line_1_18' title="bbox 304 1954 1937 2044; baseline -0.015 -14"><span class='ocrx_word' id='word_1_128' title='bbox 304 1975 392 2041; x_wconf 91' lang='lat' dir='ltr'><strong>hi,</strong></span> <span class='ocrx_word' id='word_1_129' title='bbox 419 1972 614 2044; x_wconf 80' lang='lat' dir='ltr'><strong>quibus</strong></span> <span class='ocrx_word' id='word_1_130' title='bbox 632 1967 811 2023; x_wconf 87' lang='lat' dir='ltr'><strong>nullus</strong></span> <span class='ocrx_word' id='word_1_131' title='bbox 834 1964 1112 2020; x_wconf 89' lang='lat' dir='ltr'><strong>oculorum</strong></span> <span class='ocrx_word' id='word_1_132' title='bbox 1143 1975 1270 2016; x_wconf 89' lang='lat' dir='ltr'><strong>usus</strong></span> <span class='ocrx_word' id='word_1_133' title='bbox 1300 1965 1415 2014; x_wconf 87' lang='lat' dir='ltr'><strong>erat</strong></span> <span class='ocrx_word' id='word_1_134' title='bbox 1437 1999 1453 2023; x_wconf 94' lang='lat'><strong>,</strong></span> <span class='ocrx_word' id='word_1_135' title='bbox 1481 1972 1546 2011; x_wconf 83' lang='lat' dir='ltr'><strong>ex</strong></span> <span class='ocrx_word' id='word_1_136' title='bbox 1573 1955 1757 2010; x_wconf 91' lang='lat' dir='ltr'><strong>auditu</strong></span> <span class='ocrx_word' id='word_1_137' title='bbox 1780 1954 1898 2007; x_wconf 88' lang='lat' dir='ltr'><strong>solo</strong></span> <span class='ocrx_word' id='word_1_138' title='bbox 1936 1993 1937 1996; x_wconf 57' lang='grc' dir='ltr'><strong>η</strong></span> 
     </span>
    </p>
   </div>
   <div class='ocr_carea' id='block_1_19' title="bbox 303 2047 1899 2132">
    <p class='ocr_par' dir='ltr' id='par_1_19' title="bbox 303 2047 1899 2132">
     <span class='ocr_line' id='line_1_19' title="bbox 303 2047 1899 2132; baseline -0.013 -11"><span class='ocrx_word' id='word_1_139' title='bbox 303 2067 463 2121; x_wconf 85' lang='lat' dir='ltr'><strong>ﬁdem</strong></span> <span class='ocrx_word' id='word_1_140' title='bbox 503 2060 733 2132; x_wconf 79' lang='lat' dir='ltr'><strong>amplexi</strong></span> <span class='ocrx_word' id='word_1_141' title='bbox 761 2059 873 2113; x_wconf 83' lang='lat' dir='ltr'><strong>sint</strong></span> <span class='ocrx_word' id='word_1_142' title='bbox 902 2073 916 2111; x_wconf 90' lang='lat'><strong>:</strong></span> <span class='ocrx_word' id='word_1_143' title='bbox 948 2055 1022 2111; x_wconf 90' lang='lat' dir='ltr'><strong>illi</strong></span> <span class='ocrx_word' id='word_1_144' title='bbox 1046 2062 1222 2108; x_wconf 82' lang='lat' dir='ltr'><strong>autem</strong></span> <span class='ocrx_word' id='word_1_145' title='bbox 1247 2051 1502 2105; x_wconf 88' lang='lat' dir='ltr'><strong>miracula</strong></span> <span class='ocrx_word' id='word_1_146' title='bbox 1532 2047 1806 2110; x_wconf 90' lang='lat' dir='ltr'><strong>videntes,</strong></span> <span class='ocrx_word' id='word_1_147' title='bbox 1836 2060 1899 2101; x_wconf 90' lang='lat' dir='ltr'><strong>ac</strong></span> 
     </span>
    </p>
   </div>
   <div class='ocr_carea' id='block_1_20' title="bbox 305 2136 1901 2220">
    <p class='ocr_par' dir='ltr' id='par_1_20' title="bbox 305 2136 1901 2220">
     <span class='ocr_line' id='line_1_20' title="bbox 305 2136 1901 2220; baseline -0.013 -8"><span class='ocrx_word' id='word_1_148' title='bbox 305 2167 470 2212; x_wconf 82' lang='lat' dir='ltr'><strong>testes</strong></span> <span class='ocrx_word' id='word_1_149' title='bbox 517 2153 776 2208; x_wconf 85' lang='lat' dir='ltr'><strong>habentes</strong></span> <span class='ocrx_word' id='word_1_150' title='bbox 819 2149 965 2220; x_wconf 85' lang='lat' dir='ltr'><strong>ipsos</strong></span> <span class='ocrx_word' id='word_1_151' title='bbox 1007 2145 1198 2201; x_wconf 88' lang='lat' dir='ltr'><strong>oculos</strong></span> <span class='ocrx_word' id='word_1_152' title='bbox 1217 2187 1233 2211; x_wconf 93' lang='lat'><strong>,</strong></span> <span class='ocrx_word' id='word_1_153' title='bbox 1263 2152 1448 2198; x_wconf 90' lang='lat' dir='ltr'><strong>contra</strong></span> <span class='ocrx_word' id='word_1_154' title='bbox 1479 2156 1638 2211; x_wconf 83' lang='lat' dir='ltr'><strong>quam</strong></span> <span class='ocrx_word' id='word_1_155' title='bbox 1665 2139 1792 2194; x_wconf 60' lang='lat' dir='ltr'><strong>caici</strong></span> <span class='ocrx_word' id='word_1_156' title='bbox 1823 2136 1901 2192; x_wconf 59' lang='lat' dir='ltr'><strong>fa-</strong></span> 
     </span>
    </p>
   </div>
   <div class='ocr_carea' id='block_1_21' title="bbox 301 2227 1901 2302">
    <p class='ocr_par' dir='ltr' id='par_1_21' title="bbox 301 2227 1901 2302">
     <span class='ocr_line' id='line_1_21' title="bbox 301 2227 1901 2302; baseline -0.014 0"><span class='ocrx_word' id='word_1_157' title='bbox 301 2248 465 2302; x_wconf 87' lang='lat' dir='ltr'><strong>ciant.</strong></span> <span class='ocrx_word' id='word_1_158' title='bbox 493 2242 628 2299; x_wconf 83' lang='lat' dir='ltr'><strong>Vide</strong></span> <span class='ocrx_word' id='word_1_159' title='bbox 659 2250 837 2296; x_wconf 88' lang='lat' dir='ltr'><strong>autem</strong></span> <span class='ocrx_word' id='word_1_160' title='bbox 880 2239 1090 2293; x_wconf 87' lang='lat' dir='ltr'><strong>illorum</strong></span> <span class='ocrx_word' id='word_1_161' title='bbox 1129 2233 1292 2289; x_wconf 88' lang='lat' dir='ltr'><strong>animi</strong></span> <span class='ocrx_word' id='word_1_162' title='bbox 1322 2233 1570 2287; x_wconf 89' lang='lat' dir='ltr'><strong>ardorem</strong></span> <span class='ocrx_word' id='word_1_163' title='bbox 1598 2239 1710 2285; x_wconf 91' lang='lat' dir='ltr'><strong>tum</strong></span> <span class='ocrx_word' id='word_1_164' title='bbox 1735 2243 1765 2284; x_wconf 85' lang='lat' dir='ltr'><strong>a</strong></span> <span class='ocrx_word' id='word_1_165' title='bbox 1790 2227 1901 2283; x_wconf 81' lang='lat' dir='ltr'><strong>cla-</strong></span> 
     </span>
    </p>
   </div>
   <div class='ocr_carea' id='block_1_22' title="bbox 304 2321 1899 2403">
    <p class='ocr_par' dir='ltr' id='par_1_22' title="bbox 304 2321 1899 2403">
     <span class='ocr_line' id='line_1_22' title="bbox 304 2321 1899 2403; baseline -0.014 -7"><span class='ocrx_word' id='word_1_166' title='bbox 304 2355 455 2396; x_wconf 86' lang='lat' dir='ltr'><strong>more</strong></span> <span class='ocrx_word' id='word_1_167' title='bbox 479 2379 494 2402; x_wconf 89' lang='lat'><strong>,</strong></span> <span class='ocrx_word' id='word_1_168' title='bbox 533 2345 643 2392; x_wconf 90' lang='lat' dir='ltr'><strong>tum</strong></span> <span class='ocrx_word' id='word_1_169' title='bbox 672 2334 744 2390; x_wconf 86' lang='lat' dir='ltr'><strong>ab</strong></span> <span class='ocrx_word' id='word_1_170' title='bbox 775 2334 888 2403; x_wconf 85' lang='lat' dir='ltr'><strong>ipsa</strong></span> <span class='ocrx_word' id='word_1_171' title='bbox 916 2328 1164 2402; x_wconf 86' lang='lat' dir='ltr'><strong>precandi</strong></span> <span class='ocrx_word' id='word_1_172' title='bbox 1195 2327 1419 2382; x_wconf 88' lang='lat' dir='ltr'><strong>ratione.</strong></span> <span class='ocrx_word' id='word_1_173' title='bbox 1449 2323 1566 2379; x_wconf 83' lang='lat' dir='ltr'><strong>Non</strong></span> <span class='ocrx_word' id='word_1_174' title='bbox 1592 2323 1735 2378; x_wconf 89' lang='lat' dir='ltr'><strong>enim</strong></span> <span class='ocrx_word' id='word_1_175' title='bbox 1765 2321 1899 2377; x_wconf 85' lang='lat' dir='ltr'><strong>sim-</strong></span> 
     </span>
    </p>
   </div>
   <div class='ocr_carea' id='block_1_23' title="bbox 307 2414 1903 2506">
    <p class='ocr_par' dir='ltr' id='par_1_23' title="bbox 307 2414 1903 2506">
     <span class='ocr_line' id='line_1_23' title="bbox 307 2414 1903 2506; baseline -0.014 -17"><span class='ocrx_word' id='word_1_176' title='bbox 307 2435 514 2506; x_wconf 82' lang='lat' dir='ltr'><strong>pliciter</strong></span> <span class='ocrx_word' id='word_1_177' title='bbox 549 2435 925 2491; x_wconf 87' lang='lat' dir='ltr'><strong>accessernnt;</strong></span> <span class='ocrx_word' id='word_1_178' title='bbox 964 2424 1057 2480; x_wconf 83' lang='lat' dir='ltr'><strong>sed</strong></span> <span class='ocrx_word' id='word_1_179' title='bbox 1089 2436 1276 2490; x_wconf 85' lang='lat' dir='ltr'><strong>magna</strong></span> <span class='ocrx_word' id='word_1_180' title='bbox 1303 2433 1434 2476; x_wconf 88' lang='lat' dir='ltr'><strong>voce</strong></span> <span class='ocrx_word' id='word_1_181' title='bbox 1457 2419 1786 2482; x_wconf 88' lang='lat' dir='ltr'><strong>clamantes,</strong></span> <span class='ocrx_word' id='word_1_182' title='bbox 1821 2414 1903 2469; x_wconf 90' lang='lat' dir='ltr'><strong>ni-</strong></span> 
     </span>
    </p>
   </div>
   <div class='ocr_carea' id='block_1_24' title="bbox 306 2510 1900 2594">
    <p class='ocr_par' dir='ltr' id='par_1_24' title="bbox 306 2510 1900 2594">
     <span class='ocr_line' id='line_1_24' title="bbox 306 2510 1900 2594; baseline -0.012 -13"><span class='ocrx_word' id='word_1_183' title='bbox 306 2526 380 2580; x_wconf 86' lang='lat' dir='ltr'><strong>hil</strong></span> <span class='ocrx_word' id='word_1_184' title='bbox 419 2523 561 2579; x_wconf 89' lang='lat' dir='ltr'><strong>aliud</strong></span> <span class='ocrx_word' id='word_1_185' title='bbox 600 2536 760 2594; x_wconf 85' lang='lat' dir='ltr'><strong>quam</strong></span> <span class='ocrx_word' id='word_1_186' title='bbox 811 2518 1054 2572; x_wconf 73' lang='lat' dir='ltr'><strong>Miserere</strong></span> <span class='ocrx_word' id='word_1_187' title='bbox 1093 2512 1449 2585; x_wconf 78' lang='lat' dir='ltr'><strong>proferentes.</strong></span> <span class='ocrx_word' id='word_1_188' title='bbox 1492 2510 1687 2566; x_wconf 83' lang='lat' dir='ltr'><strong>Filium</strong></span> <span class='ocrx_word' id='word_1_189' title='bbox 1718 2516 1900 2563; x_wconf 88' lang='lat' dir='ltr'><strong>autem</strong></span> 
     </span>
    </p>
   </div>
   <div class='ocr_carea' id='block_1_25' title="bbox 306 2600 1904 2686">
    <p class='ocr_par' dir='ltr' id='par_1_25' title="bbox 306 2600 1904 2686">
     <span class='ocr_line' id='line_1_25' title="bbox 306 2600 1904 2686; baseline -0.012 -10"><span class='ocrx_word' id='word_1_190' title='bbox 306 2617 520 2676; x_wconf 80' lang='lat' dir='ltr'><strong>Davidis</strong></span> <span class='ocrx_word' id='word_1_191' title='bbox 565 2613 942 2686; x_wconf 84' lang='lat' dir='ltr'><strong>appellabant,</strong></span> <span class='ocrx_word' id='word_1_192' title='bbox 986 2608 1109 2679; x_wconf 83' lang='lat' dir='ltr'><strong>quia</strong></span> <span class='ocrx_word' id='word_1_193' title='bbox 1137 2605 1494 2662; x_wconf 83' lang='lat' dir='ltr'><strong>honoriﬁcum</strong></span> <span class='ocrx_word' id='word_1_194' title='bbox 1524 2618 1718 2659; x_wconf 88' lang='lat' dir='ltr'><strong>nomen</strong></span> <span class='ocrx_word' id='word_1_195' title='bbox 1752 2600 1904 2657; x_wconf 82' lang='lat' dir='ltr'><strong>vide-</strong></span> 
     </span>
    </p>
   </div>
   <div class='ocr_carea' id='block_1_26' title="bbox 306 2697 1904 2776">
    <p class='ocr_par' dir='ltr' id='par_1_26' title="bbox 306 2697 1904 2776">
     <span class='ocr_line' id='line_1_26' title="bbox 306 2697 1904 2776; baseline -0.01 -10"><span class='ocrx_word' id='word_1_196' title='bbox 306 2710 463 2766; x_wconf 82' lang='lat' dir='ltr'><strong>batur</strong></span> <span class='ocrx_word' id='word_1_197' title='bbox 490 2723 630 2765; x_wconf 80' lang='lat' dir='ltr'><strong>esse.</strong></span> <span class='ocrx_word' id='word_1_198' title='bbox 664 2707 821 2776; x_wconf 68' lang='lat' dir='ltr'><strong>Smpe</strong></span> <span class='ocrx_word' id='word_1_199' title='bbox 851 2717 1080 2774; x_wconf 89' lang='lat' dir='ltr'><strong>namque</strong></span> <span class='ocrx_word' id='word_1_200' title='bbox 1105 2699 1381 2771; x_wconf 66' lang='lat' dir='ltr'><strong>prophetat</strong></span> <span class='ocrx_word' id='word_1_201' title='bbox 1407 2713 1562 2770; x_wconf 81' lang='lat' dir='ltr'><strong>reges</strong></span> <span class='ocrx_word' id='word_1_202' title='bbox 1583 2697 1705 2752; x_wconf 86' lang='lat' dir='ltr'><strong>illos</strong></span> <span class='ocrx_word' id='word_1_203' title='bbox 1725 2736 1741 2762; x_wconf 90' lang='lat'><strong>,</strong></span> <span class='ocrx_word' id='word_1_204' title='bbox 1769 2709 1904 2766; x_wconf 90' lang='lat' dir='ltr'><strong>quos</strong></span> 
     </span>
    </p>
   </div>
   <div class='ocr_carea' id='block_1_27' title="bbox 248 2789 1907 2872">
    <p class='ocr_par' dir='ltr' id='par_1_27' title="bbox 248 2789 1907 2872">
     <span class='ocr_line' id='line_1_27' title="bbox 248 2789 1907 2872; baseline -0.012 -11"><span class='ocrx_word' id='word_1_205' title='bbox 248 2839 252 2843; x_wconf 68' lang='grc'><strong>›</strong></span> <span class='ocrx_word' id='word_1_206' title='bbox 307 2804 574 2860; x_wconf 80' lang='lat' dir='ltr'><strong>honorare</strong></span> <span class='ocrx_word' id='word_1_207' title='bbox 621 2813 949 2872; x_wconf 84' lang='lat' dir='ltr'><strong>magnosque</strong></span> <span class='ocrx_word' id='word_1_208' title='bbox 977 2795 1272 2867; x_wconf 70' lang='lat' dir='ltr'><strong>praedicare</strong></span> <span class='ocrx_word' id='word_1_209' title='bbox 1299 2792 1586 2857; x_wconf 85' lang='lat' dir='ltr'><strong>volebant,</strong></span> <span class='ocrx_word' id='word_1_210' title='bbox 1615 2791 1694 2845; x_wconf 92' lang='lat' dir='ltr'><strong>sic</strong></span> <span class='ocrx_word' id='word_1_211' title='bbox 1722 2789 1907 2858; x_wconf 77' lang='lat' dir='ltr'><strong>appel-</strong></span> 
     </span>
    </p>
   </div>
   <div class='ocr_carea' id='block_1_28' title="bbox 310 2883 1904 2965">
    <p class='ocr_par' dir='ltr' id='par_1_28' title="bbox 310 2883 1904 2965">
     <span class='ocr_line' id='line_1_28' title="bbox 310 2883 1904 2965; baseline -0.011 -14"><span class='ocrx_word' id='word_1_212' title='bbox 310 2895 492 2951; x_wconf 82' lang='lat' dir='ltr'><strong>labant</strong></span> <span class='ocrx_word' id='word_1_213' title='bbox 537 2893 749 2965; x_wconf 74' lang='lat' dir='ltr'><strong>(Esech.</strong></span> <span class='ocrx_word' id='word_1_214' title='bbox 791 2891 879 2946; x_wconf 77' lang='grc'><strong>34.</strong></span> <span class='ocrx_word' id='word_1_215' title='bbox 928 2890 1019 2944; x_wconf 79' lang='grc'><strong>25.</strong></span> <span class='ocrx_word' id='word_1_216' title='bbox 1073 2886 1235 2941; x_wconf 80' lang='lat' dir='ltr'><strong>Zach.</strong></span> <span class='ocrx_word' id='word_1_217' title='bbox 1282 2884 1371 2939; x_wconf 72' lang='lat'><strong>12.</strong></span> <span class='ocrx_word' id='word_1_218' title='bbox 1401 2883 1478 2952; x_wconf 91' lang='lat'><strong>8).</strong></span> <span class='ocrx_word' id='word_1_219' title='bbox 1511 2884 1736 2939; x_wconf 88' lang='lat' dir='ltr'><strong>Domum</strong></span> <span class='ocrx_word' id='word_1_220' title='bbox 1770 2893 1904 2934; x_wconf 88' lang='lat' dir='ltr'><strong>vero</strong></span> 
     </span>
    </p>
   </div>
   <div class='ocr_carea' id='block_1_29' title="bbox 307 2973 1905 3054">
    <p class='ocr_par' dir='ltr' id='par_1_29' title="bbox 307 2973 1905 3054">
     <span class='ocr_line' id='line_1_29' title="bbox 307 2973 1905 3054; baseline -0.014 -8"><span class='ocrx_word' id='word_1_221' title='bbox 307 2990 587 3054; x_wconf 86' lang='lat' dir='ltr'><strong>adductos,</strong></span> <span class='ocrx_word' id='word_1_222' title='bbox 614 2985 849 3042; x_wconf 89' lang='lat' dir='ltr'><strong>secundo</strong></span> <span class='ocrx_word' id='word_1_223' title='bbox 870 2985 1182 3051; x_wconf 74' lang='lat' dir='ltr'><strong>interrogat.</strong></span> <span class='ocrx_word' id='word_1_224' title='bbox 1216 2977 1283 3034; x_wconf 89' lang='lat' dir='ltr'><strong>Ut</strong></span> <span class='ocrx_word' id='word_1_225' title='bbox 1306 2977 1592 3048; x_wconf 90' lang='lat' dir='ltr'><strong>plurimum</strong></span> <span class='ocrx_word' id='word_1_226' title='bbox 1619 2973 1763 3028; x_wconf 90' lang='lat' dir='ltr'><strong>enim</strong></span> <span class='ocrx_word' id='word_1_227' title='bbox 1787 2980 1905 3026; x_wconf 83' lang='lat' dir='ltr'><strong>stn-</strong></span> 
     </span>
    </p>
   </div>
   <div class='ocr_carea' id='block_1_30' title="bbox 307 3066 1903 3151">
    <p class='ocr_par' dir='ltr' id='par_1_30' title="bbox 307 3066 1903 3151">
     <span class='ocr_line' id='line_1_30' title="bbox 307 3066 1903 3151; baseline -0.012 -12"><span class='ocrx_word' id='word_1_228' title='bbox 307 3083 471 3139; x_wconf 86' lang='lat' dir='ltr'><strong>debat</strong></span> <span class='ocrx_word' id='word_1_229' title='bbox 513 3080 874 3151; x_wconf 85' lang='lat' dir='ltr'><strong>supplicantes</strong></span> <span class='ocrx_word' id='word_1_230' title='bbox 900 3091 1124 3141; x_wconf 88' lang='lat' dir='ltr'><strong>sanare,</strong></span> <span class='ocrx_word' id='word_1_231' title='bbox 1153 3088 1220 3129; x_wconf 92' lang='lat' dir='ltr'><strong>ne</strong></span> <span class='ocrx_word' id='word_1_232' title='bbox 1251 3073 1371 3142; x_wconf 91' lang='lat' dir='ltr'><strong>quis</strong></span> <span class='ocrx_word' id='word_1_233' title='bbox 1399 3077 1612 3141; x_wconf 87' lang='lat' dir='ltr'><strong>putaret</strong></span> <span class='ocrx_word' id='word_1_234' title='bbox 1634 3069 1807 3138; x_wconf 88' lang='lat' dir='ltr'><strong>ipsum</strong></span> <span class='ocrx_word' id='word_1_235' title='bbox 1837 3066 1903 3120; x_wconf 88' lang='lat' dir='ltr'><strong>ad</strong></span> 
     </span>
    </p>
   </div>
   <div class='ocr_carea' id='block_1_31' title="bbox 309 3163 1906 3245">
    <p class='ocr_par' dir='ltr' id='par_1_31' title="bbox 309 3163 1906 3245">
     <span class='ocr_line' id='line_1_31' title="bbox 309 3163 1906 3245; baseline -0.011 -12"><span class='ocrx_word' id='word_1_236' title='bbox 309 3176 564 3233; x_wconf 85' lang='lat' dir='ltr'><strong>miracula</strong></span> <span class='ocrx_word' id='word_1_237' title='bbox 592 3171 845 3245; x_wconf 87' lang='lat' dir='ltr'><strong>patranda</strong></span> <span class='ocrx_word' id='word_1_238' title='bbox 878 3186 974 3240; x_wconf 85' lang='lat' dir='ltr'><strong>per</strong></span> <span class='ocrx_word' id='word_1_239' title='bbox 1002 3167 1413 3222; x_wconf 87' lang='lat' dir='ltr'><strong>ostentationem</strong></span> <span class='ocrx_word' id='word_1_240' title='bbox 1446 3163 1654 3219; x_wconf 88' lang='lat' dir='ltr'><strong>insilire</strong></span> <span class='ocrx_word' id='word_1_241' title='bbox 1684 3179 1698 3212; x_wconf 87' lang='lat'><strong>:</strong></span> <span class='ocrx_word' id='word_1_242' title='bbox 1733 3175 1906 3231; x_wconf 90' lang='lat' dir='ltr'><strong>neque</strong></span> 
     </span>
    </p>
   </div>
   <div class='ocr_carea' id='block_1_32' title="bbox 310 3251 1907 3324">
    <p class='ocr_par' dir='ltr' id='par_1_32' title="bbox 310 3251 1907 3324">
     <span class='ocr_line' id='line_1_32' title="bbox 310 3251 1907 3324; baseline -0.012 0"><span class='ocrx_word' id='word_1_243' title='bbox 310 3284 374 3324; x_wconf 89' lang='lat' dir='ltr'><strong>ea</strong></span> <span class='ocrx_word' id='word_1_244' title='bbox 416 3267 587 3322; x_wconf 89' lang='lat' dir='ltr'><strong>solum</strong></span> <span class='ocrx_word' id='word_1_245' title='bbox 631 3265 700 3320; x_wconf 88' lang='lat' dir='ltr'><strong>de</strong></span> <span class='ocrx_word' id='word_1_246' title='bbox 742 3275 937 3319; x_wconf 85' lang='lat' dir='ltr'><strong>causa.</strong></span> <span class='ocrx_word' id='word_1_247' title='bbox 983 3260 1077 3314; x_wconf 81' lang='lat' dir='ltr'><strong>sed</strong></span> <span class='ocrx_word' id='word_1_248' title='bbox 1102 3258 1261 3313; x_wconf 90' lang='lat' dir='ltr'><strong>etiam</strong></span> <span class='ocrx_word' id='word_1_249' title='bbox 1295 3266 1353 3310; x_wconf 92' lang='lat' dir='ltr'><strong>ut</strong></span> <span class='ocrx_word' id='word_1_250' title='bbox 1376 3254 1688 3310; x_wconf 88' lang='lat' dir='ltr'><strong>ostenderet</strong></span> <span class='ocrx_word' id='word_1_251' title='bbox 1716 3251 1907 3320; x_wconf 86' lang='lat' dir='ltr'><strong>dignos</strong></span> 
     </span>
    </p>
   </div>
   <div class='ocr_carea' id='block_1_33' title="bbox 310 3344 1906 3427">
    <p class='ocr_par' dir='ltr' id='par_1_33' title="bbox 310 3344 1906 3427">
     <span class='ocr_line' id='line_1_33' title="bbox 310 3344 1906 3427; baseline -0.013 -12"><span class='ocrx_word' id='word_1_252' title='bbox 310 3361 431 3415; x_wconf 85' lang='lat' dir='ltr'><strong>illos</strong></span> <span class='ocrx_word' id='word_1_253' title='bbox 477 3373 596 3413; x_wconf 90' lang='lat' dir='ltr'><strong>esse</strong></span> <span class='ocrx_word' id='word_1_254' title='bbox 633 3357 723 3427; x_wconf 87' lang='lat' dir='ltr'><strong>qui</strong></span> <span class='ocrx_word' id='word_1_255' title='bbox 764 3361 1119 3418; x_wconf 83' lang='lat' dir='ltr'><strong>curarentur;</strong></span> <span class='ocrx_word' id='word_1_256' title='bbox 1162 3359 1215 3404; x_wconf 91' lang='lat' dir='ltr'><strong>et</strong></span> <span class='ocrx_word' id='word_1_257' title='bbox 1250 3364 1318 3404; x_wconf 90' lang='lat' dir='ltr'><strong>ne</strong></span> <span class='ocrx_word' id='word_1_258' title='bbox 1345 3351 1468 3417; x_wconf 88' lang='lat' dir='ltr'><strong>quis</strong></span> <span class='ocrx_word' id='word_1_259' title='bbox 1495 3347 1735 3411; x_wconf 91' lang='lat' dir='ltr'><strong>diceret,</strong></span> <span class='ocrx_word' id='word_1_260' title='bbox 1764 3344 1807 3397; x_wconf 89' lang='lat' dir='ltr'><strong>si</strong></span> <span class='ocrx_word' id='word_1_261' title='bbox 1840 3356 1906 3396; x_wconf 82' lang='lat' dir='ltr'><strong>ex</strong></span> 
     </span>
    </p>
   </div>
   <div class='ocr_carea' id='block_1_34' title="bbox 311 3438 1909 3510">
    <p class='ocr_par' dir='ltr' id='par_1_34' title="bbox 311 3438 1909 3510">
     <span class='ocr_line' id='line_1_34' title="bbox 311 3438 1909 3510; baseline -0.016 -1"><span class='ocrx_word' id='word_1_262' title='bbox 311 3451 678 3510; x_wconf 86' lang='lat' dir='ltr'><strong>misericordia</strong></span> <span class='ocrx_word' id='word_1_263' title='bbox 728 3457 930 3502; x_wconf 90' lang='lat' dir='ltr'><strong>tantum</strong></span> <span class='ocrx_word' id='word_1_264' title='bbox 980 3441 1235 3506; x_wconf 84' lang='lat' dir='ltr'><strong>sanabat,</strong></span> <span class='ocrx_word' id='word_1_265' title='bbox 1274 3438 1578 3510; x_wconf 83' lang='lat' dir='ltr'><strong>oportuisse</strong></span> <span class='ocrx_word' id='word_1_266' title='bbox 1605 3447 1793 3490; x_wconf 86' lang='lat' dir='ltr'><strong>omnes</strong></span> <span class='ocrx_word' id='word_1_267' title='bbox 1822 3446 1909 3485; x_wconf 86' lang='lat' dir='ltr'><strong>sa-</strong></span> 
     </span>
    </p>
   </div>
   <div class='ocr_carea' id='block_1_35' title="bbox 312 3528 1906 3605">
    <p class='ocr_par' dir='ltr' id='par_1_35' title="bbox 312 3528 1906 3605">
     <span class='ocr_line' id='line_1_35' title="bbox 312 3528 1906 3605; baseline -0.015 -3"><span class='ocrx_word' id='word_1_268' title='bbox 312 3562 484 3602; x_wconf 86' lang='lat' dir='ltr'><strong>nare:</strong></span> <span class='ocrx_word' id='word_1_269' title='bbox 520 3543 677 3605; x_wconf 82' lang='lat' dir='ltr'><strong>habet</strong></span> <span class='ocrx_word' id='word_1_270' title='bbox 718 3541 859 3594; x_wconf 88' lang='lat' dir='ltr'><strong>enim</strong></span> <span class='ocrx_word' id='word_1_271' title='bbox 905 3533 1274 3590; x_wconf 82' lang='lat' dir='ltr'><strong>misericordia</strong></span> <span class='ocrx_word' id='word_1_272' title='bbox 1317 3530 1602 3602; x_wconf 88' lang='lat' dir='ltr'><strong>quamdam</strong></span> <span class='ocrx_word' id='word_1_273' title='bbox 1641 3528 1906 3581; x_wconf 90' lang='lat' dir='ltr'><strong>rationem</strong></span> 
     </span>
    </p>
   </div>
   <div class='ocr_carea' id='block_1_36' title="bbox 310 3618 1907 3705">
    <p class='ocr_par' dir='ltr' id='par_1_36' title="bbox 310 3618 1907 3705">
     <span class='ocr_line' id='line_1_36' title="bbox 310 3618 1907 3705; baseline -0.015 -10"><span class='ocrx_word' id='word_1_274' title='bbox 310 3657 380 3696; x_wconf 81' lang='lat' dir='ltr'><strong>ex</strong></span> <span class='ocrx_word' id='word_1_275' title='bbox 431 3636 532 3691; x_wconf 89' lang='lat' dir='ltr'><strong>fide</strong></span> <span class='ocrx_word' id='word_1_276' title='bbox 567 3634 861 3705; x_wconf 65' lang='lat' dir='ltr'><strong>rogantium</strong></span> <span class='ocrx_word' id='word_1_277' title='bbox 893 3629 1128 3698; x_wconf 86' lang='lat' dir='ltr'><strong>petitam.</strong></span> <span class='ocrx_word' id='word_1_278' title='bbox 1157 3625 1339 3694; x_wconf 85' lang='lat' dir='ltr'><strong>Neque</strong></span> <span class='ocrx_word' id='word_1_279' title='bbox 1368 3623 1487 3678; x_wconf 90' lang='lat' dir='ltr'><strong>ideo</strong></span> <span class='ocrx_word' id='word_1_280' title='bbox 1518 3628 1720 3675; x_wconf 91' lang='lat' dir='ltr'><strong>tantum</strong></span> <span class='ocrx_word' id='word_1_281' title='bbox 1749 3618 1907 3673; x_wconf 84' lang='lat' dir='ltr'><strong>Iidem</strong></span> 
     </span>
    </p>
   </div>
   <div class='ocr_carea' id='block_1_37' title="bbox 311 3708 1911 3796">
    <p class='ocr_par' dir='ltr' id='par_1_37' title="bbox 311 3708 1911 3796">
     <span class='ocr_line' id='line_1_37' title="bbox 311 3708 1911 3796; baseline -0.015 -8"><span class='ocrx_word' id='word_1_282' title='bbox 311 3731 383 3788; x_wconf 88' lang='lat' dir='ltr'><strong>ab</strong></span> <span class='ocrx_word' id='word_1_283' title='bbox 410 3730 512 3784; x_wconf 89' lang='lat' dir='ltr'><strong>illis</strong></span> <span class='ocrx_word' id='word_1_284' title='bbox 540 3727 737 3796; x_wconf 78' lang='lat' dir='ltr'><strong>exigit;</strong></span> <span class='ocrx_word' id='word_1_285' title='bbox 766 3722 858 3778; x_wconf 88' lang='lat' dir='ltr'><strong>sed</strong></span> <span class='ocrx_word' id='word_1_286' title='bbox 889 3723 1008 3792; x_wconf 90' lang='lat' dir='ltr'><strong>quia</strong></span> <span class='ocrx_word' id='word_1_287' title='bbox 1034 3720 1314 3783; x_wconf 88' lang='lat' dir='ltr'><strong>dixerant,</strong></span> <span class='ocrx_word' id='word_1_288' title='bbox 1341 3714 1449 3769; x_wconf 83' lang='lat' dir='ltr'><strong>Fili</strong></span> <span class='ocrx_word' id='word_1_289' title='bbox 1471 3713 1642 3767; x_wconf 73' lang='lat' dir='ltr'><strong>David</strong></span> <span class='ocrx_word' id='word_1_290' title='bbox 1661 3753 1675 3776; x_wconf 90' lang='lat'><strong>,</strong></span> <span class='ocrx_word' id='word_1_291' title='bbox 1704 3718 1765 3766; x_wconf 90' lang='lat' dir='ltr'><strong>ut</strong></span> <span class='ocrx_word' id='word_1_292' title='bbox 1789 3708 1911 3764; x_wconf 85' lang='lat' dir='ltr'><strong>illos</strong></span> 
     </span>
    </p>
   </div>
   <div class='ocr_carea' id='block_1_38' title="bbox 313 3802 1910 3893">
    <p class='ocr_par' dir='ltr' id='par_1_38' title="bbox 313 3802 1910 3893">
     <span class='ocr_line' id='line_1_38' title="bbox 313 3802 1910 3893; baseline -0.014 -15"><span class='ocrx_word' id='word_1_293' title='bbox 313 3825 381 3878; x_wconf 87' lang='lat' dir='ltr'><strong>ad</strong></span> <span class='ocrx_word' id='word_1_294' title='bbox 408 3823 533 3893; x_wconf 89' lang='lat' dir='ltr'><strong>quid</strong></span> <span class='ocrx_word' id='word_1_295' title='bbox 557 3820 834 3876; x_wconf 86' lang='lat' dir='ltr'><strong>sublimius</strong></span> <span class='ocrx_word' id='word_1_296' title='bbox 856 3818 1116 3886; x_wconf 88' lang='lat' dir='ltr'><strong>erigeret,</strong></span> <span class='ocrx_word' id='word_1_297' title='bbox 1144 3821 1197 3867; x_wconf 90' lang='lat' dir='ltr'><strong>et</strong></span> <span class='ocrx_word' id='word_1_298' title='bbox 1223 3811 1444 3865; x_wconf 89' lang='lat' dir='ltr'><strong>doceret</strong></span> <span class='ocrx_word' id='word_1_299' title='bbox 1473 3805 1598 3877; x_wconf 90' lang='lat' dir='ltr'><strong>quid</strong></span> <span class='ocrx_word' id='word_1_300' title='bbox 1621 3805 1688 3860; x_wconf 91' lang='lat' dir='ltr'><strong>de</strong></span> <span class='ocrx_word' id='word_1_301' title='bbox 1709 3819 1768 3859; x_wconf 88' lang='lat' dir='ltr'><strong>se</strong></span> <span class='ocrx_word' id='word_1_302' title='bbox 1793 3802 1910 3857; x_wconf 74' lang='lat' dir='ltr'><strong>exi-</strong></span> 
     </span>
    </p>
   </div>
   <div class='ocr_carea' id='block_1_39' title="bbox 314 3900 1912 3977">
    <p class='ocr_par' dir='ltr' id='par_1_39' title="bbox 314 3900 1912 3977">
     <span class='ocr_line' id='line_1_39' title="bbox 314 3900 1912 3977; baseline -0.013 -5"><span class='ocrx_word' id='word_1_303' title='bbox 314 3915 641 3972; x_wconf 86' lang='lat' dir='ltr'><strong>stimandum</strong></span> <span class='ocrx_word' id='word_1_304' title='bbox 672 3923 848 3975; x_wconf 87' lang='lat' dir='ltr'><strong>esset,</strong></span> <span class='ocrx_word' id='word_1_305' title='bbox 872 3905 1221 3977; x_wconf 75' lang='lat' dir='ltr'><strong>interrogavit</strong></span> <span class='ocrx_word' id='word_1_306' title='bbox 1254 3923 1267 3959; x_wconf 90' lang='lat'><strong>:</strong></span> <span class='ocrx_word' id='word_1_307' title='bbox 1299 3902 1514 3958; x_wconf 85' lang='lat' dir='ltr'><strong>Creditis</strong></span> <span class='ocrx_word' id='word_1_308' title='bbox 1536 3900 1656 3971; x_wconf 85' lang='lat' dir='ltr'><strong>quia</strong></span> <span class='ocrx_word' id='word_1_309' title='bbox 1680 3900 1777 3952; x_wconf 82' lang='lat' dir='ltr'><strong>hoc</strong></span> <span class='ocrx_word' id='word_1_310' title='bbox 1795 3913 1912 3968; x_wconf 81' lang='lat' dir='ltr'><strong>pos-</strong></span> 
     </span>
    </p>
   </div>
   <div class='ocr_carea' id='block_1_40' title="bbox 315 3991 1912 4080">
    <p class='ocr_par' dir='ltr' id='par_1_40' title="bbox 315 3991 1912 4080">
     <span class='ocr_line' id='line_1_40' title="bbox 315 3991 1912 4080; baseline -0.014 -13"><span class='ocrx_word' id='word_1_311' title='bbox 315 4029 428 4068; x_wconf 84' lang='lat' dir='ltr'><strong>sum</strong></span> <span class='ocrx_word' id='word_1_312' title='bbox 471 4006 678 4080; x_wconf 77' lang='lat' dir='ltr'><strong>facere?</strong></span> <span class='ocrx_word' id='word_1_313' title='bbox 703 4005 817 4060; x_wconf 89' lang='lat' dir='ltr'><strong>Non</strong></span> <span class='ocrx_word' id='word_1_314' title='bbox 845 4002 1019 4064; x_wconf 84' lang='lat' dir='ltr'><strong>dixit,</strong></span> <span class='ocrx_word' id='word_1_315' title='bbox 1052 3999 1284 4054; x_wconf 86' lang='lat' dir='ltr'><strong>Creditis</strong></span> <span class='ocrx_word' id='word_1_316' title='bbox 1310 3994 1450 4066; x_wconf 90' lang='lat' dir='ltr'><strong>quod</strong></span> <span class='ocrx_word' id='word_1_317' title='bbox 1489 3991 1689 4064; x_wconf 88' lang='lat' dir='ltr'><strong>possim</strong></span> <span class='ocrx_word' id='word_1_318' title='bbox 1723 4004 1912 4060; x_wconf 82' lang='lat' dir='ltr'><strong>rogare</strong></span> 
     </span>
    </p>
   </div>
   <div class='ocr_carea' id='block_1_41' title="bbox 318 4082 1914 4162">
    <p class='ocr_par' dir='ltr' id='par_1_41' title="bbox 318 4082 1914 4162">
     <span class='ocr_line' id='line_1_41' title="bbox 318 4082 1914 4162; baseline -0.017 0"><span class='ocrx_word' id='word_1_319' title='bbox 318 4106 528 4162; x_wconf 83' lang='lat' dir='ltr'><strong>Patrem</strong></span> <span class='ocrx_word' id='word_1_320' title='bbox 555 4116 730 4156; x_wconf 90' lang='lat' dir='ltr'><strong>meum</strong></span> <span class='ocrx_word' id='word_1_321' title='bbox 749 4141 763 4161; x_wconf 90' lang='lat'><strong>,</strong></span> <span class='ocrx_word' id='word_1_322' title='bbox 795 4097 876 4152; x_wconf 86' lang='lat' dir='ltr'><strong>vel</strong></span> <span class='ocrx_word' id='word_1_323' title='bbox 904 4138 917 4160; x_wconf 91' lang='lat'><strong>,</strong></span> <span class='ocrx_word' id='word_1_324' title='bbox 942 4093 1092 4162; x_wconf 86' lang='lat' dir='ltr'><strong>Quod</strong></span> <span class='ocrx_word' id='word_1_325' title='bbox 1123 4092 1318 4162; x_wconf 86' lang='lat' dir='ltr'><strong>possim</strong></span> <span class='ocrx_word' id='word_1_326' title='bbox 1347 4088 1554 4158; x_wconf 86' lang='lat' dir='ltr'><strong>precari</strong></span> <span class='ocrx_word' id='word_1_327' title='bbox 1579 4103 1593 4150; x_wconf 92' lang='lat'><strong>;</strong></span> <span class='ocrx_word' id='word_1_328' title='bbox 1627 4084 1742 4149; x_wconf 88' lang='lat' dir='ltr'><strong>sed,</strong></span> <span class='ocrx_word' id='word_1_329' title='bbox 1764 4082 1914 4149; x_wconf 84' lang='lat' dir='ltr'><strong>Quod</strong></span> 
     </span>
    </p>
   </div>
   <div class='ocr_carea' id='block_1_42' title="bbox 316 4175 1915 4269">
    <p class='ocr_par' dir='ltr' id='par_1_42' title="bbox 316 4175 1915 4269">
     <span class='ocr_line' id='line_1_42' title="bbox 316 4175 1915 4269; baseline -0.016 -15"><span class='ocrx_word' id='word_1_330' title='bbox 316 4213 419 4269; x_wconf 87' lang='lat' dir='ltr'><strong>ego</strong></span> <span class='ocrx_word' id='word_1_331' title='bbox 459 4197 644 4266; x_wconf 83' lang='lat' dir='ltr'><strong>possim</strong></span> <span class='ocrx_word' id='word_1_332' title='bbox 692 4194 785 4245; x_wconf 85' lang='lat' dir='ltr'><strong>hoc</strong></span> <span class='ocrx_word' id='word_1_333' title='bbox 827 4190 1010 4260; x_wconf 85' lang='lat' dir='ltr'><strong>facere.</strong></span> <span class='ocrx_word' id='word_1_334' title='bbox 1043 4184 1179 4253; x_wconf 85' lang='lat' dir='ltr'><strong>Quid</strong></span> <span class='ocrx_word' id='word_1_335' title='bbox 1212 4194 1388 4236; x_wconf 89' lang='lat' dir='ltr'><strong>autem</strong></span> <span class='ocrx_word' id='word_1_336' title='bbox 1416 4180 1536 4235; x_wconf 87' lang='lat' dir='ltr'><strong>illi?</strong></span> <span class='ocrx_word' id='word_1_337' title='bbox 1567 4177 1782 4246; x_wconf 82' lang='lat' dir='ltr'><strong>Utique,</strong></span> <span class='ocrx_word' id='word_1_338' title='bbox 1813 4175 1915 4229; x_wconf 88' lang='lat' dir='ltr'><strong>Do-</strong></span> 
     </span>
    </p>
   </div>
   <div class='ocr_carea' id='block_1_43' title="bbox 319 4267 1917 4356">
    <p class='ocr_par' dir='ltr' id='par_1_43' title="bbox 319 4267 1917 4356">
     <span class='ocr_line' id='line_1_43' title="bbox 319 4267 1917 4356; baseline -0.017 -10"><span class='ocrx_word' id='word_1_339' title='bbox 319 4267 471 4346; x_wconf 70' lang='lat' dir='ltr'><strong>mine.</strong></span> <span class='ocrx_word' id='word_1_340' title='bbox 514 4288 627 4343; x_wconf 87' lang='lat' dir='ltr'><strong>Non</strong></span> <span class='ocrx_word' id='word_1_341' title='bbox 652 4285 760 4356; x_wconf 84' lang='lat' dir='ltr'><strong>jam</strong></span> <span class='ocrx_word' id='word_1_342' title='bbox 793 4284 938 4337; x_wconf 91' lang='lat' dir='ltr'><strong>illum</strong></span> <span class='ocrx_word' id='word_1_343' title='bbox 971 4280 1133 4334; x_wconf 87' lang='lat' dir='ltr'><strong>lilium</strong></span> <span class='ocrx_word' id='word_1_344' title='bbox 1166 4275 1330 4331; x_wconf 84' lang='lat' dir='ltr'><strong>David</strong></span> <span class='ocrx_word' id='word_1_345' title='bbox 1359 4281 1579 4336; x_wconf 81' lang='lat' dir='ltr'><strong>vocant,</strong></span> <span class='ocrx_word' id='word_1_346' title='bbox 1608 4269 1701 4324; x_wconf 89' lang='lat' dir='ltr'><strong>sed</strong></span> <span class='ocrx_word' id='word_1_347' title='bbox 1730 4267 1796 4322; x_wconf 93' lang='lat' dir='ltr'><strong>ad</strong></span> <span class='ocrx_word' id='word_1_348' title='bbox 1829 4281 1917 4321; x_wconf 85' lang='lat' dir='ltr'><strong>su-</strong></span> 
     </span>
    </p>
   </div>
   <div class='ocr_carea' id='block_1_44' title="bbox 319 4358 1918 4442">
    <p class='ocr_par' dir='ltr' id='par_1_44' title="bbox 319 4358 1918 4442">
     <span class='ocr_line' id='line_1_44' title="bbox 319 4358 1918 4442; baseline -0.018 -3"><span class='ocrx_word' id='word_1_349' title='bbox 319 4383 564 4439; x_wconf 87' lang='lat' dir='ltr'><strong>blimiora</strong></span> <span class='ocrx_word' id='word_1_350' title='bbox 609 4378 827 4442; x_wconf 88' lang='lat' dir='ltr'><strong>volant,</strong></span> <span class='ocrx_word' id='word_1_351' title='bbox 867 4382 922 4428; x_wconf 91' lang='lat' dir='ltr'><strong>et</strong></span> <span class='ocrx_word' id='word_1_352' title='bbox 961 4370 1242 4426; x_wconf 89' lang='lat' dir='ltr'><strong>Dominum</strong></span> <span class='ocrx_word' id='word_1_353' title='bbox 1286 4367 1432 4420; x_wconf 89' lang='lat' dir='ltr'><strong>illum</strong></span> <span class='ocrx_word' id='word_1_354' title='bbox 1459 4362 1803 4418; x_wconf 80' lang='lat' dir='ltr'><strong>conﬁtentur.</strong></span> <span class='ocrx_word' id='word_1_355' title='bbox 1840 4358 1918 4412; x_wconf 83' lang='lat' dir='ltr'><strong>Ac</strong></span> 
     </span>
    </p>
   </div>
   <div class='ocr_carea' id='block_1_45' title="bbox 320 4452 1916 4532">
    <p class='ocr_par' dir='ltr' id='par_1_45' title="bbox 320 4452 1916 4532">
     <span class='ocr_line' id='line_1_45' title="bbox 320 4452 1916 4532; baseline -0.019 0"><span class='ocrx_word' id='word_1_356' title='bbox 320 4486 449 4532; x_wconf 88' lang='lat' dir='ltr'><strong>tunc</strong></span> <span class='ocrx_word' id='word_1_357' title='bbox 488 4473 705 4529; x_wconf 90' lang='lat' dir='ltr'><strong>demum</strong></span> <span class='ocrx_word' id='word_1_358' title='bbox 758 4481 972 4523; x_wconf 91' lang='lat' dir='ltr'><strong>manum</strong></span> <span class='ocrx_word' id='word_1_359' title='bbox 1004 4461 1256 4531; x_wconf 83' lang='lat' dir='ltr'><strong>imposuit</strong></span> <span class='ocrx_word' id='word_1_360' title='bbox 1282 4459 1494 4522; x_wconf 88' lang='lat' dir='ltr'><strong>dicens,</strong></span> <span class='ocrx_word' id='word_1_361' title='bbox 1525 4453 1818 4510; x_wconf 85' lang='lat' dir='ltr'><strong>Secundum</strong></span> <span class='ocrx_word' id='word_1_362' title='bbox 1849 4452 1916 4520; x_wconf 79' lang='lat' dir='ltr'><strong>ﬁ-</strong></span> 
     </span>
    </p>
   </div>
   <div class='ocr_carea' id='block_1_46' title="bbox 323 4546 1916 4630">
    <p class='ocr_par' dir='ltr' id='par_1_46' title="bbox 323 4546 1916 4630">
     <span class='ocr_line' id='line_1_46' title="bbox 323 4546 1916 4630; baseline -0.016 -8"><span class='ocrx_word' id='word_1_363' title='bbox 323 4569 438 4622; x_wconf 93' lang='lat' dir='ltr'><strong>dem</strong></span> <span class='ocrx_word' id='word_1_364' title='bbox 480 4573 696 4618; x_wconf 81' lang='lat' dir='ltr'><strong>vestram</strong></span> <span class='ocrx_word' id='word_1_365' title='bbox 724 4561 812 4630; x_wconf 79' lang='lat' dir='ltr'><strong>ﬁat</strong></span> <span class='ocrx_word' id='word_1_366' title='bbox 837 4556 990 4611; x_wconf 76' lang='lat' dir='ltr'><strong>vobis.</strong></span> <span class='ocrx_word' id='word_1_367' title='bbox 1024 4554 1077 4610; x_wconf 90' lang='lat' dir='ltr'><strong>Id</strong></span> <span class='ocrx_word' id='word_1_368' title='bbox 1102 4568 1230 4606; x_wconf 90' lang='lat' dir='ltr'><strong>vero</strong></span> <span class='ocrx_word' id='word_1_369' title='bbox 1257 4551 1420 4616; x_wconf 87' lang='lat' dir='ltr'><strong>facit,</strong></span> <span class='ocrx_word' id='word_1_370' title='bbox 1453 4556 1512 4601; x_wconf 92' lang='lat' dir='ltr'><strong>ut</strong></span> <span class='ocrx_word' id='word_1_371' title='bbox 1542 4546 1699 4601; x_wconf 86' lang='lat' dir='ltr'><strong>fidem</strong></span> <span class='ocrx_word' id='word_1_372' title='bbox 1727 4559 1916 4599; x_wconf 89' lang='lat' dir='ltr'><strong>eorum</strong></span> 
     </span>
    </p>
   </div>
   <div class='ocr_carea' id='block_1_47' title="bbox 321 4637 1917 4717">
    <p class='ocr_par' dir='ltr' id='par_1_47' title="bbox 321 4637 1917 4717">
     <span class='ocr_line' id='line_1_47' title="bbox 321 4637 1917 4717; baseline -0.016 -3"><span class='ocrx_word' id='word_1_373' title='bbox 321 4658 639 4716; x_wconf 84' lang='lat' dir='ltr'><strong>confirmet,</strong></span> <span class='ocrx_word' id='word_1_374' title='bbox 693 4649 1045 4717; x_wconf 88' lang='lat' dir='ltr'><strong>ostendatque</strong></span> <span class='ocrx_word' id='word_1_375' title='bbox 1094 4647 1238 4715; x_wconf 90' lang='lat' dir='ltr'><strong>ipsos</strong></span> <span class='ocrx_word' id='word_1_376' title='bbox 1289 4645 1338 4696; x_wconf 91' lang='lat' dir='ltr'><strong>in</strong></span> <span class='ocrx_word' id='word_1_377' title='bbox 1388 4651 1592 4710; x_wconf 87' lang='lat' dir='ltr'><strong>partem</strong></span> <span class='ocrx_word' id='word_1_378' title='bbox 1627 4637 1807 4706; x_wconf 88' lang='lat' dir='ltr'><strong>operis</strong></span> <span class='ocrx_word' id='word_1_379' title='bbox 1830 4652 1917 4688; x_wconf 86' lang='lat' dir='ltr'><strong>vc-</strong></span> 
     </span>
    </p>
   </div>
   <div class='ocr_carea' id='block_1_48' title="bbox 323 4726 1918 4810">
    <p class='ocr_par' dir='ltr' id='par_1_48' title="bbox 323 4726 1918 4810">
     <span class='ocr_line' id='line_1_48' title="bbox 323 4726 1918 4810; baseline -0.018 -4"><span class='ocrx_word' id='word_1_380' title='bbox 323 4751 470 4806; x_wconf 84' lang='lat' dir='ltr'><strong>nisse</strong></span> <span class='ocrx_word' id='word_1_381' title='bbox 500 4789 515 4810; x_wconf 86' lang='lat'><strong>,</strong></span> <span class='ocrx_word' id='word_1_382' title='bbox 565 4760 627 4798; x_wconf 88' lang='lat' dir='ltr'><strong>ac</strong></span> <span class='ocrx_word' id='word_1_383' title='bbox 676 4743 1010 4804; x_wconf 81' lang='lat' dir='ltr'><strong>testiﬁcetur,</strong></span> <span class='ocrx_word' id='word_1_384' title='bbox 1062 4751 1168 4789; x_wconf 91' lang='lat' dir='ltr'><strong>non</strong></span> <span class='ocrx_word' id='word_1_385' title='bbox 1222 4730 1542 4786; x_wconf 80' lang='lat' dir='ltr'><strong>adulationis</strong></span> <span class='ocrx_word' id='word_1_386' title='bbox 1597 4727 1708 4781; x_wconf 62' lang='lat' dir='ltr'><strong>haec</strong></span> <span class='ocrx_word' id='word_1_387' title='bbox 1757 4726 1918 4780; x_wconf 84' lang='lat' dir='ltr'><strong>verba</strong></span> 
     </span>
    </p>
   </div>
   <div class='ocr_carea' id='block_1_49' title="bbox 323 4818 1920 4906">
    <p class='ocr_par' dir='ltr' id='par_1_49' title="bbox 323 4818 1920 4906">
     <span class='ocr_line' id='line_1_49' title="bbox 323 4818 1920 4906; baseline -0.016 -11"><span class='ocrx_word' id='word_1_388' title='bbox 323 4843 507 4896; x_wconf 79' lang='lat' dir='ltr'><strong>fuisse.</strong></span> <span class='ocrx_word' id='word_1_389' title='bbox 557 4836 741 4906; x_wconf 86' lang='lat' dir='ltr'><strong>Neque</strong></span> <span class='ocrx_word' id='word_1_390' title='bbox 786 4832 929 4888; x_wconf 86' lang='lat' dir='ltr'><strong>enim</strong></span> <span class='ocrx_word' id='word_1_391' title='bbox 976 4828 1137 4894; x_wconf 90' lang='lat' dir='ltr'><strong>dixit,</strong></span> <span class='ocrx_word' id='word_1_392' title='bbox 1177 4824 1498 4894; x_wconf 87' lang='lat' dir='ltr'><strong>Aperiantur</strong></span> <span class='ocrx_word' id='word_1_393' title='bbox 1550 4818 1688 4874; x_wconf 90' lang='lat' dir='ltr'><strong>oculi</strong></span> <span class='ocrx_word' id='word_1_394' title='bbox 1713 4819 1920 4885; x_wconf 78' lang='lat' dir='ltr'><strong>vestri;</strong></span> 
     </span>
    </p>
   </div>
   <div class='ocr_carea' id='block_1_50' title="bbox 323 4911 1919 4998">
    <p class='ocr_par' dir='ltr' id='par_1_50' title="bbox 323 4911 1919 4998">
     <span class='ocr_line' id='line_1_50' title="bbox 323 4911 1919 4998; baseline -0.017 -5"><span class='ocrx_word' id='word_1_395' title='bbox 323 4935 442 4998; x_wconf 69' lang='lat' dir='ltr'><strong>sed,</strong></span> <span class='ocrx_word' id='word_1_396' title='bbox 473 4929 763 4986; x_wconf 83' lang='lat' dir='ltr'><strong>Secundum</strong></span> <span class='ocrx_word' id='word_1_397' title='bbox 790 4926 941 4996; x_wconf 81' lang='lat' dir='ltr'><strong>[idem</strong></span> <span class='ocrx_word' id='word_1_398' title='bbox 965 4931 1177 4976; x_wconf 82' lang='lat' dir='ltr'><strong>vestram</strong></span> <span class='ocrx_word' id='word_1_399' title='bbox 1197 4919 1288 4986; x_wconf 82' lang='lat' dir='ltr'><strong>ﬁat</strong></span> <span class='ocrx_word' id='word_1_400' title='bbox 1312 4915 1448 4970; x_wconf 80' lang='lat' dir='ltr'><strong>vobis</strong></span> <span class='ocrx_word' id='word_1_401' title='bbox 1477 4930 1496 4967; x_wconf 88' lang='lat'><strong><em>:</em></strong></span> <span class='ocrx_word' id='word_1_402' title='bbox 1517 4913 1569 4969; x_wconf 90' lang='lat' dir='ltr'><strong>id</strong></span> <span class='ocrx_word' id='word_1_403' title='bbox 1590 4911 1730 4984; x_wconf 89' lang='lat' dir='ltr'><strong>quod</strong></span> <span class='ocrx_word' id='word_1_404' title='bbox 1757 4911 1919 4967; x_wconf 91' lang='lat' dir='ltr'><strong>etiam</strong></span> 
     </span>
    </p>
   </div>
   <div class='ocr_carea' id='block_1_51' title="bbox 329 5007 1919 5085">
    <p class='ocr_par' dir='ltr' id='par_1_51' title="bbox 329 5007 1919 5085">
     <span class='ocr_line' id='line_1_51' title="bbox 329 5007 1919 5085; baseline -0.016 -1"><span class='ocrx_word' id='word_1_405' title='bbox 329 5029 512 5085; x_wconf 87' lang='lat' dir='ltr'><strong>multis</strong></span> <span class='ocrx_word' id='word_1_406' title='bbox 559 5020 938 5079; x_wconf 84' lang='lat' dir='ltr'><strong>accedentibus</strong></span> <span class='ocrx_word' id='word_1_407' title='bbox 982 5017 1141 5078; x_wconf 86' lang='lat' dir='ltr'><strong>dicit,</strong></span> <span class='ocrx_word' id='word_1_408' title='bbox 1173 5021 1296 5066; x_wconf 91' lang='lat' dir='ltr'><strong>ante</strong></span> <span class='ocrx_word' id='word_1_409' title='bbox 1323 5009 1566 5078; x_wconf 78' lang='lat' dir='ltr'><strong>corporis</strong></span> <span class='ocrx_word' id='word_1_410' title='bbox 1589 5007 1919 5061; x_wconf 89' lang='lat' dir='ltr'><strong>curationem</strong></span> 
     </span>
    </p>
   </div>
   <div class='ocr_carea' id='block_1_52' title="bbox 328 5098 1921 5178">
    <p class='ocr_par' dir='ltr' id='par_1_52' title="bbox 328 5098 1921 5178">
     <span class='ocr_line' id='line_1_52' title="bbox 328 5098 1921 5178; baseline -0.018 0"><span class='ocrx_word' id='word_1_411' title='bbox 328 5121 490 5178; x_wconf 82' lang='lat' dir='ltr'><strong>ﬁdem</strong></span> <span class='ocrx_word' id='word_1_412' title='bbox 520 5120 570 5172; x_wconf 91' lang='lat' dir='ltr'><strong>in</strong></span> <span class='ocrx_word' id='word_1_413' title='bbox 600 5115 792 5168; x_wconf 88' lang='lat' dir='ltr'><strong>animis</strong></span> <span class='ocrx_word' id='word_1_414' title='bbox 822 5119 1056 5164; x_wconf 88' lang='lat' dir='ltr'><strong>statuere</strong></span> <span class='ocrx_word' id='word_1_415' title='bbox 1082 5105 1267 5159; x_wconf 88' lang='lat' dir='ltr'><strong>volens</strong></span> <span class='ocrx_word' id='word_1_416' title='bbox 1292 5144 1306 5168; x_wconf 95' lang='lat'><strong>,</strong></span> <span class='ocrx_word' id='word_1_417' title='bbox 1340 5112 1397 5156; x_wconf 89' lang='lat' dir='ltr'><strong>ut</strong></span> <span class='ocrx_word' id='word_1_418' title='bbox 1426 5110 1480 5155; x_wconf 91' lang='lat' dir='ltr'><strong>et</strong></span> <span class='ocrx_word' id='word_1_419' title='bbox 1509 5101 1629 5154; x_wconf 88' lang='lat' dir='ltr'><strong>illos</strong></span> <span class='ocrx_word' id='word_1_420' title='bbox 1655 5098 1921 5154; x_wconf 88' lang='lat' dir='ltr'><strong>celebrio-</strong></span> 
     </span>
    </p>
   </div>
   <div class='ocr_carea' id='block_1_53' title="bbox 326 5189 1921 5274">
    <p class='ocr_par' dir='ltr' id='par_1_53' title="bbox 326 5189 1921 5274">
     <span class='ocr_line' id='line_1_53' title="bbox 326 5189 1921 5274; baseline -0.019 -4"><span class='ocrx_word' id='word_1_421' title='bbox 326 5229 448 5274; x_wconf 88' lang='lat' dir='ltr'><strong>res,</strong></span> <span class='ocrx_word' id='word_1_422' title='bbox 494 5217 549 5263; x_wconf 88' lang='lat' dir='ltr'><strong>et</strong></span> <span class='ocrx_word' id='word_1_423' title='bbox 589 5208 723 5262; x_wconf 87' lang='lat' dir='ltr'><strong>alios</strong></span> <span class='ocrx_word' id='word_1_424' title='bbox 758 5200 1106 5257; x_wconf 70' lang='lat' dir='ltr'><strong>studiosiores</strong></span> <span class='ocrx_word' id='word_1_425' title='bbox 1145 5196 1411 5251; x_wconf 86' lang='lat' dir='ltr'><strong>redderet.</strong></span> <span class='ocrx_word' id='word_1_426' title='bbox 1444 5193 1517 5247; x_wconf 90' lang='lat' dir='ltr'><strong>lta</strong></span> <span class='ocrx_word' id='word_1_427' title='bbox 1547 5201 1599 5247; x_wconf 91' lang='lat' dir='ltr'><strong>et</strong></span> <span class='ocrx_word' id='word_1_428' title='bbox 1631 5193 1682 5244; x_wconf 90' lang='lat' dir='ltr'><strong>in</strong></span> <span class='ocrx_word' id='word_1_429' title='bbox 1707 5189 1921 5259; x_wconf 84' lang='lat' dir='ltr'><strong>paraly-</strong></span> 
     </span>
    </p>
   </div>
   <div class='ocr_carea' id='block_1_54' title="bbox 329 5282 1923 5364">
    <p class='ocr_par' dir='ltr' id='par_1_54' title="bbox 329 5282 1923 5364">
     <span class='ocr_line' id='line_1_54' title="bbox 329 5282 1923 5364; baseline -0.019 -4"><span class='ocrx_word' id='word_1_430' title='bbox 329 5307 434 5360; x_wconf 84' lang='lat' dir='ltr'><strong>tico</strong></span> <span class='ocrx_word' id='word_1_431' title='bbox 480 5299 605 5356; x_wconf 88' lang='lat' dir='ltr'><strong>facit</strong></span> <span class='ocrx_word' id='word_1_432' title='bbox 654 5317 665 5352; x_wconf 95' lang='lat'>:</span> <span class='ocrx_word' id='word_1_433' title='bbox 712 5305 996 5364; x_wconf 87' lang='lat' dir='ltr'><strong>antequam</strong></span> <span class='ocrx_word' id='word_1_434' title='bbox 1040 5306 1234 5359; x_wconf 86' lang='lat' dir='ltr'><strong>corpus</strong></span> <span class='ocrx_word' id='word_1_435' title='bbox 1283 5287 1554 5349; x_wconf 84' lang='lat' dir='ltr'><strong>firmaret,</strong></span> <span class='ocrx_word' id='word_1_436' title='bbox 1588 5284 1818 5337; x_wconf 88' lang='lat' dir='ltr'><strong>animam</strong></span> <span class='ocrx_word' id='word_1_437' title='bbox 1843 5282 1923 5349; x_wconf 81' lang='lat' dir='ltr'><strong>ja-</strong></span> 
     </span>
    </p>
   </div>
   <div class='ocr_carea' id='block_1_55' title="bbox 323 5372 1926 5462">
    <p class='ocr_par' dir='ltr' id='par_1_55' title="bbox 323 5372 1926 5462">
     <span class='ocr_line' id='line_1_55' title="bbox 323 5372 1926 5462; baseline -0.02 -5"><span class='ocrx_word' id='word_1_438' title='bbox 323 5409 537 5457; x_wconf 78' lang='lat' dir='ltr'><strong>centeni</strong></span> <span class='ocrx_word' id='word_1_439' title='bbox 590 5393 747 5462; x_wconf 78' lang='lat' dir='ltr'><strong>erigit</strong></span> <span class='ocrx_word' id='word_1_440' title='bbox 789 5389 974 5442; x_wconf 86' lang='lat' dir='ltr'><strong>dicens</strong></span> <span class='ocrx_word' id='word_1_441' title='bbox 1007 5405 1019 5438; x_wconf 87' lang='lat'><strong>:</strong></span> <span class='ocrx_word' id='word_1_442' title='bbox 1053 5383 1296 5450; x_wconf 81' lang='lat' dir='ltr'><strong>Conﬁde,</strong></span> <span class='ocrx_word' id='word_1_443' title='bbox 1339 5380 1448 5448; x_wconf 83' lang='lat' dir='ltr'><strong>ﬁli,</strong></span> <span class='ocrx_word' id='word_1_444' title='bbox 1487 5377 1814 5431; x_wconf 86' lang='lat' dir='ltr'><strong>remittuntur</strong></span> <span class='ocrx_word' id='word_1_445' title='bbox 1839 5372 1926 5426; x_wconf 88' lang='lat' dir='ltr'><strong>tibi</strong></span> 
     </span>
    </p>
   </div>
   <div class='ocr_carea' id='block_1_56' title="bbox 331 5471 1924 5562">
    <p class='ocr_par' dir='ltr' id='par_1_56' title="bbox 331 5471 1924 5562">
     <span class='ocr_line' id='line_1_56' title="bbox 331 5471 1924 5562; baseline -0.018 -16"><span class='ocrx_word' id='word_1_446' title='bbox 331 5499 537 5562; x_wconf 86' lang='lat' dir='ltr'><strong>peccata</strong></span> <span class='ocrx_word' id='word_1_447' title='bbox 573 5495 659 5537; x_wconf 88' lang='lat' dir='ltr'><strong>tua</strong></span> <span class='ocrx_word' id='word_1_448' title='bbox 681 5525 695 5548; x_wconf 91' lang='lat'><strong>,</strong></span> <span class='ocrx_word' id='word_1_449' title='bbox 729 5479 960 5550; x_wconf 83' lang='lat' dir='ltr'><strong>puellam</strong></span> <span class='ocrx_word' id='word_1_450' title='bbox 989 5490 1114 5529; x_wconf 74' lang='lat' dir='ltr'><strong>vero</strong></span> <span class='ocrx_word' id='word_1_451' title='bbox 1153 5475 1218 5525; x_wconf 84' lang='lat' dir='ltr'><strong>ah</strong></span> <span class='ocrx_word' id='word_1_452' title='bbox 1245 5487 1300 5525; x_wconf 87' lang='lat' dir='ltr'><strong>se</strong></span> <span class='ocrx_word' id='word_1_453' title='bbox 1332 5471 1700 5523; x_wconf 75' lang='lat' dir='ltr'><strong>resuscitatam</strong></span> <span class='ocrx_word' id='word_1_454' title='bbox 1729 5479 1924 5534; x_wconf 77' lang='lat' dir='ltr'><strong>appre-</strong></span> 
     </span>
    </p>
   </div>
   <div class='ocr_carea' id='block_1_57' title="bbox 333 5559 1915 5646">
    <p class='ocr_par' dir='ltr' id='par_1_57' title="bbox 333 5559 1915 5646">
     <span class='ocr_line' id='line_1_57' title="bbox 333 5559 1915 5646; baseline -0.018 -9"><span class='ocrx_word' id='word_1_455' title='bbox 333 5559 518 5638; x_wconf 79' lang='lat' dir='ltr'><strong>ltendit</strong></span> <span class='ocrx_word' id='word_1_456' title='bbox 543 5621 557 5643; x_wconf 93' lang='lat'><strong>,</strong></span> <span class='ocrx_word' id='word_1_457' title='bbox 580 5587 634 5632; x_wconf 91' lang='lat' dir='ltr'><strong>et</strong></span> <span class='ocrx_word' id='word_1_458' title='bbox 660 5590 753 5646; x_wconf 91' lang='lat' dir='ltr'><strong>per</strong></span> <span class='ocrx_word' id='word_1_459' title='bbox 778 5573 953 5628; x_wconf 81' lang='lat' dir='ltr'><strong>cibum</strong></span> <span class='ocrx_word' id='word_1_460' title='bbox 982 5567 1160 5622; x_wconf 86' lang='lat' dir='ltr'><strong>docuit</strong></span> <span class='ocrx_word' id='word_1_461' title='bbox 1183 5564 1301 5634; x_wconf 89' lang='lat' dir='ltr'><strong>quis</strong></span> <span class='ocrx_word' id='word_1_462' title='bbox 1329 5563 1425 5631; x_wconf 86' lang='lat' dir='ltr'><strong>ipsi</strong></span> <span class='ocrx_word' id='word_1_463' title='bbox 1455 5559 1769 5614; x_wconf 84' lang='lat' dir='ltr'><strong>beneficium</strong></span> <span class='ocrx_word' id='word_1_464' title='bbox 1792 5571 1915 5611; x_wconf 81' lang='lat' dir='ltr'><strong>con-</strong></span> 
     </span>
    </p>
   </div>
   <div class='ocr_carea' id='block_1_58' title="bbox 331 5651 1924 5732">
    <p class='ocr_par' dir='ltr' id='par_1_58' title="bbox 331 5651 1924 5732">
     <span class='ocr_line' id='line_1_58' title="bbox 331 5651 1924 5732; baseline -0.018 -4"><span class='ocrx_word' id='word_1_465' title='bbox 331 5674 539 5728; x_wconf 88' lang='lat' dir='ltr'><strong>tulisset</strong></span> <span class='ocrx_word' id='word_1_466' title='bbox 559 5711 573 5732; x_wconf 87' lang='lat'><strong>,</strong></span> <span class='ocrx_word' id='word_1_467' title='bbox 604 5670 656 5722; x_wconf 90' lang='lat' dir='ltr'><strong>in</strong></span> <span class='ocrx_word' id='word_1_468' title='bbox 685 5663 1000 5720; x_wconf 87' lang='lat' dir='ltr'><strong>centurione</strong></span> <span class='ocrx_word' id='word_1_469' title='bbox 1030 5656 1274 5712; x_wconf 85' lang='lat' dir='ltr'><strong>similiter</strong></span> <span class='ocrx_word' id='word_1_470' title='bbox 1303 5654 1426 5709; x_wconf 88' lang='lat' dir='ltr'><strong>fecit</strong></span> <span class='ocrx_word' id='word_1_471' title='bbox 1447 5695 1460 5719; x_wconf 93' lang='lat'><strong>,</strong></span> <span class='ocrx_word' id='word_1_472' title='bbox 1495 5651 1617 5706; x_wconf 85' lang='lat' dir='ltr'><strong>fidei</strong></span> <span class='ocrx_word' id='word_1_473' title='bbox 1648 5658 1816 5704; x_wconf 90' lang='lat' dir='ltr'><strong>totum</strong></span> <span class='ocrx_word' id='word_1_474' title='bbox 1842 5656 1924 5701; x_wconf 62' lang='lat' dir='ltr'><strong>at»</strong></span> 
     </span>
    </p>
   </div>
   <div class='ocr_carea' id='block_1_59' title="bbox 329 5745 1928 5824">
    <p class='ocr_par' dir='ltr' id='par_1_59' title="bbox 329 5745 1928 5824">
     <span class='ocr_line' id='line_1_59' title="bbox 329 5745 1928 5824; baseline -0.018 -3"><span class='ocrx_word' id='word_1_475' title='bbox 329 5765 575 5822; x_wconf 86' lang='lat' dir='ltr'><strong>tribuens</strong></span> <span class='ocrx_word' id='word_1_476' title='bbox 601 5779 614 5824; x_wconf 88' lang='lat'><strong>;</strong></span> <span class='ocrx_word' id='word_1_477' title='bbox 648 5773 767 5813; x_wconf 88' lang='lat' dir='ltr'><strong>cum</strong></span> <span class='ocrx_word' id='word_1_478' title='bbox 799 5766 976 5810; x_wconf 90' lang='lat' dir='ltr'><strong>autem</strong></span> <span class='ocrx_word' id='word_1_479' title='bbox 999 5749 1290 5818; x_wconf 80' lang='lat' dir='ltr'><strong>discipulos</strong></span> <span class='ocrx_word' id='word_1_480' title='bbox 1317 5761 1381 5801; x_wconf 78' lang='lat' dir='ltr'><strong>ex</strong></span> <span class='ocrx_word' id='word_1_481' title='bbox 1414 5745 1577 5798; x_wconf 90' lang='lat' dir='ltr'><strong>maris</strong></span> <span class='ocrx_word' id='word_1_482' title='bbox 1609 5747 1928 5811; x_wconf 84' lang='lat' dir='ltr'><strong>tempestate</strong></span> 
     </span>
    </p>
   </div>
   <div class='ocr_carea' id='block_1_60' title="bbox 329 5835 1927 5927">
    <p class='ocr_par' dir='ltr' id='par_1_60' title="bbox 329 5835 1927 5927">
     <span class='ocr_line' id='line_1_60' title="bbox 329 5835 1927 5927; baseline -0.018 -11"><span class='ocrx_word' id='word_1_483' title='bbox 329 5862 468 5923; x_wconf 80' lang='lat' dir='ltr'><strong>eruit</strong></span> <span class='ocrx_word' id='word_1_484' title='bbox 495 5899 512 5925; x_wconf 82' lang='lat'><strong>,</strong></span> <span class='ocrx_word' id='word_1_485' title='bbox 536 5854 706 5927; x_wconf 79' lang='lat' dir='ltr'><strong>primo</strong></span> <span class='ocrx_word' id='word_1_486' title='bbox 734 5852 852 5909; x_wconf 92' lang='lat' dir='ltr'><strong>illos</strong></span> <span class='ocrx_word' id='word_1_487' title='bbox 888 5864 951 5905; x_wconf 88' lang='lat' dir='ltr'><strong>cx</strong></span> <span class='ocrx_word' id='word_1_488' title='bbox 994 5844 1113 5902; x_wconf 83' lang='lat' dir='ltr'><strong>ﬁdei</strong></span> <span class='ocrx_word' id='word_1_489' title='bbox 1147 5841 1454 5899; x_wconf 87' lang='lat' dir='ltr'><strong>infirmitate</strong></span> <span class='ocrx_word' id='word_1_490' title='bbox 1481 5837 1739 5894; x_wconf 78' lang='lat' dir='ltr'><strong>liberavit.</strong></span> <span class='ocrx_word' id='word_1_491' title='bbox 1779 5835 1852 5891; x_wconf 85' lang='lat' dir='ltr'><strong>tta</strong></span> <span class='ocrx_word' id='word_1_492' title='bbox 1876 5841 1927 5888; x_wconf 90' lang='lat' dir='ltr'><strong>ct</strong></span> 
     </span>
    </p>
   </div>
   <div class='ocr_carea' id='block_1_61' title="bbox 2003 749 3608 826">
    <p class='ocr_par' dir='ltr' id='par_1_61' title="bbox 2003 749 3608 826">
     <span class='ocr_line' id='line_1_61' title="bbox 2003 749 3608 826; baseline 0.014 -22"><span class='ocrx_word' id='word_1_493' title='bbox 2003 749 2088 808; x_wconf 83' lang='lat' dir='ltr'><strong>hic</strong></span> <span class='ocrx_word' id='word_1_494' title='bbox 2129 753 2258 812; x_wconf 91' lang='lat' dir='ltr'><strong>fecit</strong></span> <span class='ocrx_word' id='word_1_495' title='bbox 2306 773 2320 810; x_wconf 91' lang='lat'><strong>:</strong></span> <span class='ocrx_word' id='word_1_496' title='bbox 2359 760 2565 815; x_wconf 83' lang='lat' dir='ltr'><strong>sciebat</strong></span> <span class='ocrx_word' id='word_1_497' title='bbox 2601 762 2744 818; x_wconf 85' lang='lat' dir='ltr'><strong>enim</strong></span> <span class='ocrx_word' id='word_1_498' title='bbox 2790 774 3006 821; x_wconf 84' lang='lat' dir='ltr'><strong>secreta</strong></span> <span class='ocrx_word' id='word_1_499' title='bbox 3029 766 3212 822; x_wconf 84' lang='lat' dir='ltr'><strong>cordis</strong></span> <span class='ocrx_word' id='word_1_500' title='bbox 3239 783 3426 824; x_wconf 88' lang='lat' dir='ltr'><strong>eorum</strong></span> <span class='ocrx_word' id='word_1_501' title='bbox 3455 779 3608 826; x_wconf 75' lang='lat' dir='ltr'><strong>ante-</strong></span> 
     </span>
    </p>
   </div>
   <div class='ocr_carea' id='block_1_62' title="bbox 1998 850 3605 929">
    <p class='ocr_par' dir='ltr' id='par_1_62' title="bbox 1998 850 3605 929">
     <span class='ocr_line' id='line_1_62' title="bbox 1998 850 3605 929; baseline 0.011 -28"><span class='ocrx_word' id='word_1_502' title='bbox 1998 862 2157 918; x_wconf 90' lang='lat' dir='ltr'><strong>quam</strong></span> <span class='ocrx_word' id='word_1_503' title='bbox 2180 850 2278 919; x_wconf 91' lang='lat' dir='ltr'><strong>ipsi</strong></span> <span class='ocrx_word' id='word_1_504' title='bbox 2306 850 2670 922; x_wconf 81' lang='lat' dir='ltr'><strong>loquerentur;</strong></span> <span class='ocrx_word' id='word_1_505' title='bbox 2697 864 2752 910; x_wconf 90' lang='lat' dir='ltr'><strong>ut</strong></span> <span class='ocrx_word' id='word_1_506' title='bbox 2777 865 2954 913; x_wconf 88' lang='lat' dir='ltr'><strong>autem</strong></span> <span class='ocrx_word' id='word_1_507' title='bbox 2981 858 3118 912; x_wconf 90' lang='lat' dir='ltr'><strong>alios</strong></span> <span class='ocrx_word' id='word_1_508' title='bbox 3144 875 3358 929; x_wconf 81' lang='lat' dir='ltr'><strong>quoque</strong></span> <span class='ocrx_word' id='word_1_509' title='bbox 3374 862 3442 916; x_wconf 85' lang='lat' dir='ltr'><strong>ad</strong></span> <span class='ocrx_word' id='word_1_510' title='bbox 3465 861 3605 918; x_wconf 89' lang='lat' dir='ltr'><strong>idem</strong></span> 
     </span>
    </p>
   </div>
   <div class='ocr_carea' id='block_1_63' title="bbox 1999 942 3606 1021">
    <p class='ocr_par' dir='ltr' id='par_1_63' title="bbox 1999 942 3606 1021">
     <span class='ocr_line' id='line_1_63' title="bbox 1999 942 3606 1021; baseline 0.008 -24"><span class='ocrx_word' id='word_1_511' title='bbox 1999 942 2234 999; x_wconf 86' lang='lat' dir='ltr'><strong>studium</strong></span> <span class='ocrx_word' id='word_1_512' title='bbox 2274 944 2621 1010; x_wconf 88' lang='lat' dir='ltr'><strong>incenderet,</strong></span> <span class='ocrx_word' id='word_1_513' title='bbox 2666 947 2796 1018; x_wconf 85' lang='lat' dir='ltr'><strong>ipsis</strong></span> <span class='ocrx_word' id='word_1_514' title='bbox 2845 949 2941 1004; x_wconf 91' lang='lat' dir='ltr'><strong>hos</strong></span> <span class='ocrx_word' id='word_1_515' title='bbox 2965 952 3289 1021; x_wconf 85' lang='lat' dir='ltr'><strong>conspicuos</strong></span> <span class='ocrx_word' id='word_1_516' title='bbox 3315 952 3521 1020; x_wconf 88' lang='lat' dir='ltr'><strong>reddit,</strong></span> <span class='ocrx_word' id='word_1_517' title='bbox 3552 955 3606 1010; x_wconf 89' lang='lat' dir='ltr'><strong>in</strong></span> 
     </span>
    </p>
   </div>
   <div class='ocr_carea' id='block_1_64' title="bbox 1985 1035 3497 1130">
    <p class='ocr_par' dir='ltr' id='par_1_64' title="bbox 1985 1035 3497 1130">
     <span class='ocr_line' id='line_1_64' title="bbox 1985 1035 3497 1130; baseline 0.007 -41"><span class='ocrx_word' id='word_1_518' title='bbox 1985 1035 2108 1130; x_wconf 44' lang='lat' dir='ltr'><strong>[line</strong></span> <span class='ocrx_word' id='word_1_519' title='bbox 2129 1036 2422 1092; x_wconf 89' lang='lat' dir='ltr'><strong>curationis</strong></span> <span class='ocrx_word' id='word_1_520' title='bbox 2453 1039 2716 1094; x_wconf 87' lang='lat' dir='ltr'><strong>occultam</strong></span> <span class='ocrx_word' id='word_1_521' title='bbox 2749 1040 2905 1096; x_wconf 83' lang='lat' dir='ltr'><strong>fidem</strong></span> <span class='ocrx_word' id='word_1_522' title='bbox 2939 1043 3149 1098; x_wconf 88' lang='lat' dir='ltr'><strong>illorum</strong></span> <span class='ocrx_word' id='word_1_523' title='bbox 3175 1044 3497 1115; x_wconf 63' lang='lat' dir='ltr'><strong>prmdicans.</strong></span> 
     </span>
    </p>
   </div>
   <div class='ocr_carea' id='block_1_65' title="bbox 2074 1128 3606 1210">
    <p class='ocr_par' dir='ltr' id='par_1_65' title="bbox 2074 1128 3606 1210">
     <span class='ocr_line' id='line_1_65' title="bbox 2074 1128 3606 1210; baseline 0.008 -27"><span class='ocrx_word' id='word_1_524' title='bbox 2074 1128 2325 1184; x_wconf 82' lang='lat' dir='ltr'><strong>Modestia</strong></span> <span class='ocrx_word' id='word_1_525' title='bbox 2345 1128 2803 1201; x_wconf 81' lang='lat' dir='ltr'><strong>Chrisli;jactantia</strong></span> <span class='ocrx_word' id='word_1_526' title='bbox 2819 1134 3367 1206; x_wconf 74' lang='lat' dir='ltr'><strong>fugienda.—-Dcinde</strong></span> <span class='ocrx_word' id='word_1_527' title='bbox 3388 1148 3509 1210; x_wconf 87' lang='lat' dir='ltr'><strong>post</strong></span> <span class='ocrx_word' id='word_1_528' title='bbox 3525 1139 3606 1195; x_wconf 82' lang='lat' dir='ltr'><strong>fa-</strong></span> 
     </span>
    </p>
   </div>
   <div class='ocr_carea' id='block_1_66' title="bbox 2000 1224 3607 1296">
    <p class='ocr_par' dir='ltr' id='par_1_66' title="bbox 2000 1224 3607 1296">
     <span class='ocr_line' id='line_1_66' title="bbox 2000 1224 3607 1296; baseline 0.007 -21"><span class='ocrx_word' id='word_1_529' title='bbox 2000 1230 2141 1276; x_wconf 90' lang='lat' dir='ltr'><strong>ctam</strong></span> <span class='ocrx_word' id='word_1_530' title='bbox 2164 1224 2500 1279; x_wconf 84' lang='lat' dir='ltr'><strong>curationem</strong></span> <span class='ocrx_word' id='word_1_531' title='bbox 2531 1226 2794 1295; x_wconf 69' lang='lat' dir='ltr'><strong>prazcipit,</strong></span> <span class='ocrx_word' id='word_1_532' title='bbox 2820 1237 2878 1281; x_wconf 92' lang='lat' dir='ltr'><strong>ut</strong></span> <span class='ocrx_word' id='word_1_533' title='bbox 2907 1231 3104 1282; x_wconf 76' lang='lat' dir='ltr'><strong>nemini</strong></span> <span class='ocrx_word' id='word_1_534' title='bbox 3129 1229 3330 1296; x_wconf 82' lang='lat' dir='ltr'><strong>dicant,</strong></span> <span class='ocrx_word' id='word_1_535' title='bbox 3351 1246 3452 1288; x_wconf 88' lang='lat' dir='ltr'><strong>nec</strong></span> <span class='ocrx_word' id='word_1_536' title='bbox 3473 1234 3607 1296; x_wconf 83' lang='lat' dir='ltr'><strong>sim-</strong></span> 
     </span>
    </p>
   </div>
   <div class='ocr_carea' id='block_1_67' title="bbox 2001 1294 3611 1385">
    <p class='ocr_par' dir='ltr' id='par_1_67' title="bbox 2001 1294 3611 1385">
     <span class='ocr_line' id='line_1_67' title="bbox 2001 1294 3611 1385; baseline 0.006 -17"><span class='ocrx_word' id='word_1_537' title='bbox 2001 1316 2210 1383; x_wconf 91' lang='lat' dir='ltr'><strong>pliciter</strong></span> <span class='ocrx_word' id='word_1_538' title='bbox 2231 1316 2491 1385; x_wconf 72' lang='lat' dir='ltr'><strong>praeeipit,</strong></span> <span class='ocrx_word' id='word_1_539' title='bbox 2513 1294 2608 1372; x_wconf 85' lang='lat' dir='ltr'><strong>sed</strong></span> <span class='ocrx_word' id='word_1_540' title='bbox 2630 1317 3104 1376; x_wconf 83' lang='lat' dir='ltr'><strong>vehementissime</strong></span> <span class='ocrx_word' id='word_1_541' title='bbox 3129 1329 3272 1375; x_wconf 85' lang='lat' dir='ltr'><strong>vetat</strong></span> <span class='ocrx_word' id='word_1_542' title='bbox 3289 1340 3300 1375; x_wconf 94' lang='lat'><strong>:</strong></span> <span class='ocrx_word' id='word_1_543' title='bbox 3319 1294 3446 1377; x_wconf 88' lang='lat' dir='ltr'><strong>nam</strong></span> <span class='ocrx_word' id='word_1_544' title='bbox 3467 1294 3611 1378; x_wconf 69' lang='lat' dir='ltr'><strong>Aeri-</strong></span> 
     </span>
    </p>
   </div>
   <div class='ocr_carea' id='block_1_68' title="bbox 2001 1409 3611 1482">
    <p class='ocr_par' dir='ltr' id='par_1_68' title="bbox 2001 1409 3611 1482">
     <span class='ocr_line' id='line_1_68' title="bbox 2001 1409 3611 1482; baseline 0.007 -22"><span class='ocrx_word' id='word_1_545' title='bbox 2001 1418 2075 1462; x_wconf 89' lang='lat' dir='ltr'><strong>ter</strong></span> <span class='ocrx_word' id='word_1_546' title='bbox 2094 1409 2198 1464; x_wconf 89' lang='lat' dir='ltr'><strong>illis</strong></span> <span class='ocrx_word' id='word_1_547' title='bbox 2219 1409 2572 1466; x_wconf 81' lang='lat' dir='ltr'><strong>interminatus</strong></span> <span class='ocrx_word' id='word_1_548' title='bbox 2592 1419 2684 1478; x_wconf 88' lang='lat' dir='ltr'><strong>est,</strong></span> <span class='ocrx_word' id='word_1_549' title='bbox 2704 1411 2898 1482; x_wconf 87' lang='lat' dir='ltr'><strong>inquit,</strong></span> <span class='ocrx_word' id='word_1_550' title='bbox 2914 1410 3092 1481; x_wconf 72' lang='lat' dir='ltr'><strong>Iesus,</strong></span> <span class='ocrx_word' id='word_1_551' title='bbox 3111 1413 3310 1470; x_wconf 78' lang='lat' dir='ltr'><strong>dicens:</strong></span> <span class='ocrx_word' id='word_1_552' title='bbox 3328 1415 3527 1478; x_wconf 77' lang='lat' dir='ltr'><strong>Cavete.</strong></span> <span class='ocrx_word' id='word_1_553' title='bbox 3545 1434 3611 1472; x_wconf 82' lang='lat' dir='ltr'><strong>ne</strong></span> 
     </span>
    </p>
   </div>
   <div class='ocr_carea' id='block_1_69' title="bbox 1999 1499 3610 1576">
    <p class='ocr_par' dir='ltr' id='par_1_69' title="bbox 1999 1499 3610 1576">
     <span class='ocr_line' id='line_1_69' title="bbox 1999 1499 3610 1576; baseline 0.007 -24"><span class='ocrx_word' id='word_1_554' title='bbox 1999 1501 2113 1570; x_wconf 84' lang='lat' dir='ltr'><strong>quis</strong></span> <span class='ocrx_word' id='word_1_555' title='bbox 2128 1501 2276 1556; x_wconf 89' lang='lat' dir='ltr'><strong>sciat.</strong></span> <span class='ocrx_word' id='word_1_556' title='bbox 2295 1501 2356 1556; x_wconf 78' lang='lat'><strong>3|</strong></span> <span class='ocrx_word' id='word_1_557' title='bbox 2369 1541 2384 1556; x_wconf 95' lang='lat'><strong>.</strong></span> <span class='ocrx_word' id='word_1_558' title='bbox 2406 1499 2500 1556; x_wconf 87' lang='lat' dir='ltr'><strong>Illi</strong></span> <span class='ocrx_word' id='word_1_559' title='bbox 2514 1518 2628 1558; x_wconf 83' lang='lat' dir='ltr'><strong>vero</strong></span> <span class='ocrx_word' id='word_1_560' title='bbox 2645 1504 2852 1574; x_wconf 83' lang='lat' dir='ltr'><strong>egressi,</strong></span> <span class='ocrx_word' id='word_1_561' title='bbox 2872 1506 3277 1576; x_wconf 62' lang='lat' dir='ltr'><strong>praedicaverunt</strong></span> <span class='ocrx_word' id='word_1_562' title='bbox 3293 1524 3409 1563; x_wconf 77' lang='lat' dir='ltr'><strong>eum</strong></span> <span class='ocrx_word' id='word_1_563' title='bbox 3437 1509 3490 1564; x_wconf 88' lang='lat' dir='ltr'><strong>in</strong></span> <span class='ocrx_word' id='word_1_564' title='bbox 3503 1517 3610 1564; x_wconf 85' lang='lat' dir='ltr'><strong>tota</strong></span> 
     </span>
    </p>
   </div>
   <div class='ocr_carea' id='block_1_70' title="bbox 2003 1591 3608 1665">
    <p class='ocr_par' dir='ltr' id='par_1_70' title="bbox 2003 1591 3608 1665">
     <span class='ocr_line' id='line_1_70' title="bbox 2003 1591 3608 1665; baseline 0.009 -23"><span class='ocrx_word' id='word_1_565' title='bbox 2003 1600 2139 1658; x_wconf 80' lang='lat' dir='ltr'><strong>terra</strong></span> <span class='ocrx_word' id='word_1_566' title='bbox 2178 1591 2291 1645; x_wconf 89' lang='lat' dir='ltr'><strong>illa.</strong></span> <span class='ocrx_word' id='word_1_567' title='bbox 2333 1591 2449 1646; x_wconf 89' lang='lat' dir='ltr'><strong>Non</strong></span> <span class='ocrx_word' id='word_1_568' title='bbox 2482 1607 2543 1648; x_wconf 84' lang='lat' dir='ltr'><strong>se</strong></span> <span class='ocrx_word' id='word_1_569' title='bbox 2569 1593 2850 1650; x_wconf 86' lang='lat' dir='ltr'><strong>continere</strong></span> <span class='ocrx_word' id='word_1_570' title='bbox 2879 1595 2955 1650; x_wconf 83' lang='lat' dir='ltr'><strong>illi</strong></span> <span class='ocrx_word' id='word_1_571' title='bbox 2990 1604 3296 1665; x_wconf 86' lang='lat' dir='ltr'><strong>potuerunt,</strong></span> <span class='ocrx_word' id='word_1_572' title='bbox 3332 1598 3428 1654; x_wconf 88' lang='lat' dir='ltr'><strong>sed</strong></span> <span class='ocrx_word' id='word_1_573' title='bbox 3453 1598 3608 1657; x_wconf 80' lang='lat' dir='ltr'><strong>fuere</strong></span> 
     </span>
    </p>
   </div>
   <div class='ocr_carea' id='block_1_71' title="bbox 2003 1684 3611 1760">
    <p class='ocr_par' dir='ltr' id='par_1_71' title="bbox 2003 1684 3611 1760">
     <span class='ocr_line' id='line_1_71' title="bbox 2003 1684 3611 1760; baseline 0.005 -24"><span class='ocrx_word' id='word_1_574' title='bbox 2003 1697 2281 1751; x_wconf 70' lang='lat' dir='ltr'><strong>praecones</strong></span> <span class='ocrx_word' id='word_1_575' title='bbox 2308 1691 2360 1739; x_wconf 91' lang='lat' dir='ltr'><strong>et</strong></span> <span class='ocrx_word' id='word_1_576' title='bbox 2383 1684 2728 1755; x_wconf 70' lang='lat' dir='ltr'><strong>evangelista:</strong></span> <span class='ocrx_word' id='word_1_577' title='bbox 2752 1727 2766 1751; x_wconf 90' lang='lat'><strong>,</strong></span> <span class='ocrx_word' id='word_1_578' title='bbox 2795 1685 3041 1757; x_wconf 85' lang='lat' dir='ltr'><strong>jussique</strong></span> <span class='ocrx_word' id='word_1_579' title='bbox 3073 1696 3253 1744; x_wconf 89' lang='lat' dir='ltr'><strong>tacere</strong></span> <span class='ocrx_word' id='word_1_580' title='bbox 3281 1689 3334 1744; x_wconf 92' lang='lat' dir='ltr'><strong>id</strong></span> <span class='ocrx_word' id='word_1_581' title='bbox 3362 1689 3507 1760; x_wconf 90' lang='lat' dir='ltr'><strong>quod</strong></span> <span class='ocrx_word' id='word_1_582' title='bbox 3531 1690 3611 1745; x_wconf 87' lang='lat' dir='ltr'><strong>fa-</strong></span> 
     </span>
    </p>
   </div>
   <div class='ocr_carea' id='block_1_72' title="bbox 2001 1774 3609 1850">
    <p class='ocr_par' dir='ltr' id='par_1_72' title="bbox 2001 1774 3609 1850">
     <span class='ocr_line' id='line_1_72' title="bbox 2001 1774 3609 1850; baseline 0.007 -23"><span class='ocrx_word' id='word_1_583' title='bbox 2001 1782 2146 1828; x_wconf 89' lang='lat' dir='ltr'><strong>ctum</strong></span> <span class='ocrx_word' id='word_1_584' title='bbox 2195 1774 2402 1842; x_wconf 86' lang='lat' dir='ltr'><strong>fuerat,</strong></span> <span class='ocrx_word' id='word_1_585' title='bbox 2451 1777 2675 1848; x_wconf 89' lang='lat' dir='ltr'><strong>obsequi</strong></span> <span class='ocrx_word' id='word_1_586' title='bbox 2720 1793 2826 1832; x_wconf 91' lang='lat' dir='ltr'><strong>non</strong></span> <span class='ocrx_word' id='word_1_587' title='bbox 2874 1789 3186 1850; x_wconf 84' lang='lat' dir='ltr'><strong>potuerunt.</strong></span> <span class='ocrx_word' id='word_1_588' title='bbox 3229 1781 3383 1848; x_wconf 84' lang='lat' dir='ltr'><strong>Quod</strong></span> <span class='ocrx_word' id='word_1_589' title='bbox 3410 1783 3453 1838; x_wconf 92' lang='lat' dir='ltr'><strong>si</strong></span> <span class='ocrx_word' id='word_1_590' title='bbox 3482 1784 3609 1840; x_wconf 88' lang='lat' dir='ltr'><strong>alibi</strong></span> 
     </span>
    </p>
   </div>
   <div class='ocr_carea' id='block_1_73' title="bbox 2001 1865 3611 1944">
    <p class='ocr_par' dir='ltr' id='par_1_73' title="bbox 2001 1865 3611 1944">
     <span class='ocr_line' id='line_1_73' title="bbox 2001 1865 3611 1944; baseline 0.006 -24"><span class='ocrx_word' id='word_1_591' title='bbox 2001 1865 2184 1934; x_wconf 81' lang='lat' dir='ltr'><strong>dicat,</strong></span> <span class='ocrx_word' id='word_1_592' title='bbox 2225 1865 2393 1934; x_wconf 85' lang='lat' dir='ltr'><strong>Vade,</strong></span> <span class='ocrx_word' id='word_1_593' title='bbox 2445 1877 2494 1922; x_wconf 88' lang='lat' dir='ltr'><strong>et</strong></span> <span class='ocrx_word' id='word_1_594' title='bbox 2528 1885 2686 1923; x_wconf 80' lang='lat' dir='ltr'><strong>narra</strong></span> <span class='ocrx_word' id='word_1_595' title='bbox 2725 1870 2946 1940; x_wconf 82' lang='lat' dir='ltr'><strong>gloriam</strong></span> <span class='ocrx_word' id='word_1_596' title='bbox 2991 1869 3124 1940; x_wconf 87' lang='lat' dir='ltr'><strong>Dei,</strong></span> <span class='ocrx_word' id='word_1_597' title='bbox 3159 1872 3289 1928; x_wconf 86' lang='lat' dir='ltr'><strong>illud</strong></span> <span class='ocrx_word' id='word_1_598' title='bbox 3314 1874 3425 1944; x_wconf 83' lang='lat' dir='ltr'><strong>jam</strong></span> <span class='ocrx_word' id='word_1_599' title='bbox 3453 1874 3611 1932; x_wconf 85' lang='lat' dir='ltr'><strong>dictis</strong></span> 
     </span>
    </p>
   </div>
   <div class='ocr_carea' id='block_1_74' title="bbox 2003 1958 3609 2030">
    <p class='ocr_par' dir='ltr' id='par_1_74' title="bbox 2003 1958 3609 2030">
     <span class='ocr_line' id='line_1_74' title="bbox 2003 1958 3609 2030; baseline 0.006 -18"><span class='ocrx_word' id='word_1_600' title='bbox 2003 1973 2109 2012; x_wconf 89' lang='lat' dir='ltr'><strong>non</strong></span> <span class='ocrx_word' id='word_1_601' title='bbox 2132 1969 2426 2030; x_wconf 83' lang='lat' dir='ltr'><strong>repugnat,</strong></span> <span class='ocrx_word' id='word_1_602' title='bbox 2450 1958 2557 2015; x_wconf 91' lang='lat' dir='ltr'><strong>imo</strong></span> <span class='ocrx_word' id='word_1_603' title='bbox 2581 1960 2688 2018; x_wconf 89' lang='lat' dir='ltr'><strong>illis</strong></span> <span class='ocrx_word' id='word_1_604' title='bbox 2715 1960 3006 2018; x_wconf 85' lang='lat' dir='ltr'><strong>admodum</strong></span> <span class='ocrx_word' id='word_1_605' title='bbox 3036 1973 3317 2021; x_wconf 88' lang='lat' dir='ltr'><strong>consonat.</strong></span> <span class='ocrx_word' id='word_1_606' title='bbox 3349 1965 3442 2021; x_wconf 91' lang='lat' dir='ltr'><strong>llis</strong></span> <span class='ocrx_word' id='word_1_607' title='bbox 3465 1967 3609 2022; x_wconf 89' lang='lat' dir='ltr'><strong>enim</strong></span> 
     </span>
    </p>
   </div>
   <div class='ocr_carea' id='block_1_75' title="bbox 2005 2049 3614 2129">
    <p class='ocr_par' dir='ltr' id='par_1_75' title="bbox 2005 2049 3614 2129">
     <span class='ocr_line' id='line_1_75' title="bbox 2005 2049 3614 2129; baseline 0.007 -26"><span class='ocrx_word' id='word_1_608' title='bbox 2005 2064 2105 2104; x_wconf 89' lang='lat' dir='ltr'><strong>nos</strong></span> <span class='ocrx_word' id='word_1_609' title='bbox 2158 2049 2423 2120; x_wconf 86' lang='lat' dir='ltr'><strong>instituit,</strong></span> <span class='ocrx_word' id='word_1_610' title='bbox 2479 2061 2538 2108; x_wconf 92' lang='lat' dir='ltr'><strong>ut</strong></span> <span class='ocrx_word' id='word_1_611' title='bbox 2589 2069 2658 2110; x_wconf 92' lang='lat' dir='ltr'><strong>ne</strong></span> <span class='ocrx_word' id='word_1_612' title='bbox 2711 2055 3070 2126; x_wconf 65' lang='lat' dir='ltr'><strong>praedicemus</strong></span> <span class='ocrx_word' id='word_1_613' title='bbox 3124 2072 3224 2112; x_wconf 88' lang='lat' dir='ltr'><strong>nos</strong></span> <span class='ocrx_word' id='word_1_614' title='bbox 3275 2059 3453 2129; x_wconf 85' lang='lat' dir='ltr'><strong>ipsos,</strong></span> <span class='ocrx_word' id='word_1_615' title='bbox 3503 2059 3614 2114; x_wconf 90' lang='lat' dir='ltr'><strong>imo</strong></span> 
     </span>
    </p>
   </div>
   <div class='ocr_carea' id='block_1_76' title="bbox 2003 2148 3612 2218">
    <p class='ocr_par' dir='ltr' id='par_1_76' title="bbox 2003 2148 3612 2218">
     <span class='ocr_line' id='line_1_76' title="bbox 2003 2148 3612 2218; baseline 0.002 -14"><span class='ocrx_word' id='word_1_616' title='bbox 2003 2160 2352 2204; x_wconf 85' lang='lat' dir='ltr'><strong>coerceamus</strong></span> <span class='ocrx_word' id='word_1_617' title='bbox 2373 2161 2468 2203; x_wconf 91' lang='lat' dir='ltr'><strong>eos</strong></span> <span class='ocrx_word' id='word_1_618' title='bbox 2491 2148 2582 2218; x_wconf 90' lang='lat' dir='ltr'><strong>qui</strong></span> <span class='ocrx_word' id='word_1_619' title='bbox 2610 2164 2710 2204; x_wconf 86' lang='lat' dir='ltr'><strong>nos</strong></span> <span class='ocrx_word' id='word_1_620' title='bbox 2735 2148 3012 2206; x_wconf 78' lang='lat' dir='ltr'><strong>celebrare</strong></span> <span class='ocrx_word' id='word_1_621' title='bbox 3039 2151 3240 2205; x_wconf 84' lang='lat' dir='ltr'><strong>vellent</strong></span> <span class='ocrx_word' id='word_1_622' title='bbox 3266 2169 3278 2206; x_wconf 91' lang='lat'><strong>:</strong></span> <span class='ocrx_word' id='word_1_623' title='bbox 3309 2151 3354 2206; x_wconf 85' lang='lat' dir='ltr'><strong>si</strong></span> <span class='ocrx_word' id='word_1_624' title='bbox 3385 2165 3514 2206; x_wconf 87' lang='lat' dir='ltr'><strong>vero</strong></span> <span class='ocrx_word' id='word_1_625' title='bbox 3544 2151 3612 2207; x_wconf 89' lang='lat' dir='ltr'><strong>ad</strong></span> 
     </span>
    </p>
   </div>
   <div class='ocr_carea' id='block_1_77' title="bbox 2008 2237 3610 2316">
    <p class='ocr_par' dir='ltr' id='par_1_77' title="bbox 2008 2237 3610 2316">
     <span class='ocr_line' id='line_1_77' title="bbox 2008 2237 3610 2316; baseline 0.004 -22"><span class='ocrx_word' id='word_1_626' title='bbox 2008 2237 2176 2297; x_wconf 90' lang='lat' dir='ltr'><strong>Deum</strong></span> <span class='ocrx_word' id='word_1_627' title='bbox 2222 2243 2392 2314; x_wconf 87' lang='lat' dir='ltr'><strong>gloria</strong></span> <span class='ocrx_word' id='word_1_628' title='bbox 2418 2244 2719 2313; x_wconf 87' lang='lat' dir='ltr'><strong>referatur,</strong></span> <span class='ocrx_word' id='word_1_629' title='bbox 2749 2261 2858 2301; x_wconf 91' lang='lat' dir='ltr'><strong>non</strong></span> <span class='ocrx_word' id='word_1_630' title='bbox 2888 2245 3050 2301; x_wconf 86' lang='lat' dir='ltr'><strong>modo</strong></span> <span class='ocrx_word' id='word_1_631' title='bbox 3078 2260 3183 2300; x_wconf 91' lang='lat' dir='ltr'><strong>non</strong></span> <span class='ocrx_word' id='word_1_632' title='bbox 3218 2245 3576 2316; x_wconf 79' lang='lat' dir='ltr'><strong>impediamus</strong></span> <span class='ocrx_word' id='word_1_633' title='bbox 3595 2289 3610 2313; x_wconf 92' lang='lat'><strong>,</strong></span> 
     </span>
    </p>
   </div>
   <div class='ocr_carea' id='block_1_78' title="bbox 2006 2335 3615 2408">
    <p class='ocr_par' dir='ltr' id='par_1_78' title="bbox 2006 2335 3615 2408">
     <span class='ocr_line' id='line_1_78' title="bbox 2006 2335 3615 2408; baseline 0.001 -18"><span class='ocrx_word' id='word_1_634' title='bbox 2006 2335 2116 2391; x_wconf 90' lang='lat' dir='ltr'><strong>imo</strong></span> <span class='ocrx_word' id='word_1_635' title='bbox 2137 2335 2191 2390; x_wconf 89' lang='lat' dir='ltr'><strong>id</strong></span> <span class='ocrx_word' id='word_1_636' title='bbox 2219 2350 2380 2407; x_wconf 89' lang='lat' dir='ltr'><strong>agere</strong></span> <span class='ocrx_word' id='word_1_637' title='bbox 2401 2337 2521 2392; x_wconf 87' lang='lat' dir='ltr'><strong>aliis</strong></span> <span class='ocrx_word' id='word_1_638' title='bbox 2544 2336 2939 2408; x_wconf 61' lang='lat' dir='ltr'><strong>praecipiamus.</strong></span> <span class='ocrx_word' id='word_1_639' title='bbox 2971 2336 3061 2393; x_wconf 75' lang='lat'><strong>39..</strong></span> <span class='ocrx_word' id='word_1_640' title='bbox 3093 2336 3235 2408; x_wconf 83' lang='lat' dir='ltr'><strong>Ipsis</strong></span> <span class='ocrx_word' id='word_1_641' title='bbox 3264 2346 3433 2390; x_wconf 87' lang='lat' dir='ltr'><strong>autem</strong></span> <span class='ocrx_word' id='word_1_642' title='bbox 3450 2353 3615 2408; x_wconf 80' lang='lat' dir='ltr'><strong>egres-</strong></span> 
     </span>
    </p>
   </div>
   <div class='ocr_carea' id='block_1_79' title="bbox 2005 2428 3616 2493">
    <p class='ocr_par' dir='ltr' id='par_1_79' title="bbox 2005 2428 3616 2493">
     <span class='ocr_line' id='line_1_79' title="bbox 2005 2428 3616 2493; baseline -0.001 -9"><span class='ocrx_word' id='word_1_643' title='bbox 2005 2432 2097 2492; x_wconf 85' lang='lat' dir='ltr'><strong>sis.</strong></span> <span class='ocrx_word' id='word_1_644' title='bbox 2122 2432 2411 2487; x_wconf 82' lang='lat' dir='ltr'><strong>obtulerunt</strong></span> <span class='ocrx_word' id='word_1_645' title='bbox 2443 2430 2491 2486; x_wconf 89' lang='lat' dir='ltr'><strong>ei</strong></span> <span class='ocrx_word' id='word_1_646' title='bbox 2529 2432 2785 2486; x_wconf 83' lang='lat' dir='ltr'><strong>hominem</strong></span> <span class='ocrx_word' id='word_1_647' title='bbox 2835 2439 3053 2493; x_wconf 89' lang='lat' dir='ltr'><strong>mutum,</strong></span> <span class='ocrx_word' id='word_1_648' title='bbox 3086 2429 3394 2483; x_wconf 77' lang='lat' dir='ltr'><strong>dremonium</strong></span> <span class='ocrx_word' id='word_1_649' title='bbox 3428 2428 3616 2482; x_wconf 82' lang='lat' dir='ltr'><strong>haben-</strong></span> 
     </span>
    </p>
   </div>
   <div class='ocr_carea' id='block_1_80' title="bbox 2007 2519 3614 2591">
    <p class='ocr_par' dir='ltr' id='par_1_80' title="bbox 2007 2519 3614 2591">
     <span class='ocr_line' id='line_1_80' title="bbox 2007 2519 3614 2591; baseline -0.002 -14"><span class='ocrx_word' id='word_1_650' title='bbox 2007 2533 2126 2578; x_wconf 87' lang='lat' dir='ltr'><strong>tem.</strong></span> <span class='ocrx_word' id='word_1_651' title='bbox 2168 2523 2284 2578; x_wconf 90' lang='lat' dir='ltr'><strong>Non</strong></span> <span class='ocrx_word' id='word_1_652' title='bbox 2333 2523 2478 2578; x_wconf 89' lang='lat' dir='ltr'><strong>enim</strong></span> <span class='ocrx_word' id='word_1_653' title='bbox 2504 2523 2725 2578; x_wconf 89' lang='lat' dir='ltr'><strong>morbus</strong></span> <span class='ocrx_word' id='word_1_654' title='bbox 2763 2538 2831 2578; x_wconf 79' lang='lat' dir='ltr'><strong>ex</strong></span> <span class='ocrx_word' id='word_1_655' title='bbox 2861 2531 3050 2577; x_wconf 89' lang='lat' dir='ltr'><strong>natura</strong></span> <span class='ocrx_word' id='word_1_656' title='bbox 3096 2521 3402 2591; x_wconf 88' lang='lat' dir='ltr'><strong>prodierat,</strong></span> <span class='ocrx_word' id='word_1_657' title='bbox 3425 2519 3520 2575; x_wconf 88' lang='lat' dir='ltr'><strong>sed</strong></span> <span class='ocrx_word' id='word_1_658' title='bbox 3549 2535 3614 2575; x_wconf 89' lang='lat' dir='ltr'><strong>ex</strong></span> 
     </span>
    </p>
   </div>
   <div class='ocr_carea' id='block_1_81' title="bbox 2008 2613 3619 2686">
    <p class='ocr_par' dir='ltr' id='par_1_81' title="bbox 2008 2613 3619 2686">
     <span class='ocr_line' id='line_1_81' title="bbox 2008 2613 3619 2686; baseline -0.002 -14"><span class='ocrx_word' id='word_1_659' title='bbox 2008 2615 2272 2672; x_wconf 70' lang='lat' dir='ltr'><strong>dmmonis</strong></span> <span class='ocrx_word' id='word_1_660' title='bbox 2303 2613 2531 2671; x_wconf 86' lang='lat' dir='ltr'><strong>insidiis.</strong></span> <span class='ocrx_word' id='word_1_661' title='bbox 2560 2615 2900 2686; x_wconf 83' lang='lat' dir='ltr'><strong>Quapropter</strong></span> <span class='ocrx_word' id='word_1_662' title='bbox 2924 2615 3045 2670; x_wconf 89' lang='lat' dir='ltr'><strong>aliis</strong></span> <span class='ocrx_word' id='word_1_663' title='bbox 3071 2616 3161 2685; x_wconf 88' lang='lat' dir='ltr'><strong>qui</strong></span> <span class='ocrx_word' id='word_1_664' title='bbox 3187 2615 3362 2685; x_wconf 88' lang='lat' dir='ltr'><strong>ipsum</strong></span> <span class='ocrx_word' id='word_1_665' title='bbox 3385 2613 3619 2669; x_wconf 89' lang='lat' dir='ltr'><strong>adduce-</strong></span> 
     </span>
    </p>
   </div>
   <div class='ocr_carea' id='block_1_82' title="bbox 2009 2707 3614 2779">
    <p class='ocr_par' dir='ltr' id='par_1_82' title="bbox 2009 2707 3614 2779">
     <span class='ocr_line' id='line_1_82' title="bbox 2009 2707 3614 2779; baseline -0.004 -15"><span class='ocrx_word' id='word_1_666' title='bbox 2009 2717 2131 2765; x_wconf 90' lang='lat' dir='ltr'><strong>rent</strong></span> <span class='ocrx_word' id='word_1_667' title='bbox 2175 2723 2311 2778; x_wconf 86' lang='lat' dir='ltr'><strong>opus</strong></span> <span class='ocrx_word' id='word_1_668' title='bbox 2350 2707 2556 2764; x_wconf 87' lang='lat' dir='ltr'><strong>habuit.</strong></span> <span class='ocrx_word' id='word_1_669' title='bbox 2603 2707 2788 2779; x_wconf 87' lang='lat' dir='ltr'><strong>Neque</strong></span> <span class='ocrx_word' id='word_1_670' title='bbox 2815 2708 2960 2763; x_wconf 89' lang='lat' dir='ltr'><strong>enim</strong></span> <span class='ocrx_word' id='word_1_671' title='bbox 3004 2708 3120 2778; x_wconf 85' lang='lat' dir='ltr'><strong>ipse</strong></span> <span class='ocrx_word' id='word_1_672' title='bbox 3145 2721 3336 2777; x_wconf 86' lang='lat' dir='ltr'><strong>rogare</strong></span> <span class='ocrx_word' id='word_1_673' title='bbox 3364 2713 3614 2775; x_wconf 88' lang='lat' dir='ltr'><strong>poterat,</strong></span> 
     </span>
    </p>
   </div>
   <div class='ocr_carea' id='block_1_83' title="bbox 2010 2798 3612 2872">
    <p class='ocr_par' dir='ltr' id='par_1_83' title="bbox 2010 2798 3612 2872">
     <span class='ocr_line' id='line_1_83' title="bbox 2010 2798 3612 2872; baseline -0.002 -15"><span class='ocrx_word' id='word_1_674' title='bbox 2010 2811 2190 2859; x_wconf 88' lang='lat' dir='ltr'><strong>mutus</strong></span> <span class='ocrx_word' id='word_1_675' title='bbox 2237 2817 2360 2858; x_wconf 90' lang='lat' dir='ltr'><strong>cum</strong></span> <span class='ocrx_word' id='word_1_676' title='bbox 2404 2810 2550 2858; x_wconf 82' lang='lat' dir='ltr'><strong>esset</strong></span> <span class='ocrx_word' id='word_1_677' title='bbox 2573 2843 2588 2867; x_wconf 93' lang='lat'><strong>,</strong></span> <span class='ocrx_word' id='word_1_678' title='bbox 2641 2817 2817 2872; x_wconf 91' lang='lat' dir='ltr'><strong>neque</strong></span> <span class='ocrx_word' id='word_1_679' title='bbox 2846 2801 2966 2856; x_wconf 91' lang='lat' dir='ltr'><strong>aliis</strong></span> <span class='ocrx_word' id='word_1_680' title='bbox 2995 2801 3330 2872; x_wconf 89' lang='lat' dir='ltr'><strong>supplicare,</strong></span> <span class='ocrx_word' id='word_1_681' title='bbox 3359 2814 3482 2854; x_wconf 91' lang='lat' dir='ltr'><strong>cum</strong></span> <span class='ocrx_word' id='word_1_682' title='bbox 3508 2798 3612 2854; x_wconf 74' lang='lat' dir='ltr'><strong>da:-</strong></span> 
     </span>
    </p>
   </div>
   <div class='ocr_carea' id='block_1_84' title="bbox 2011 2890 3618 2964">
    <p class='ocr_par' dir='ltr' id='par_1_84' title="bbox 2011 2890 3618 2964">
     <span class='ocr_line' id='line_1_84' title="bbox 2011 2890 3618 2964; baseline -0.002 -18"><span class='ocrx_word' id='word_1_683' title='bbox 2011 2908 2134 2947; x_wconf 92' lang='lat' dir='ltr'><strong>mou</strong></span> <span class='ocrx_word' id='word_1_684' title='bbox 2162 2893 2396 2963; x_wconf 83' lang='lat' dir='ltr'><strong>linguam</strong></span> <span class='ocrx_word' id='word_1_685' title='bbox 2423 2893 2540 2963; x_wconf 85' lang='lat' dir='ltr'><strong>ejus</strong></span> <span class='ocrx_word' id='word_1_686' title='bbox 2569 2892 2839 2964; x_wconf 83' lang='lat' dir='ltr'><strong>alligasset</strong></span> <span class='ocrx_word' id='word_1_687' title='bbox 2864 2935 2877 2958; x_wconf 94' lang='lat'><strong>,</strong></span> <span class='ocrx_word' id='word_1_688' title='bbox 2910 2893 3255 2963; x_wconf 84' lang='lat' dir='ltr'><strong>animamque</strong></span> <span class='ocrx_word' id='word_1_689' title='bbox 3280 2906 3403 2947; x_wconf 92' lang='lat' dir='ltr'><strong>cum</strong></span> <span class='ocrx_word' id='word_1_690' title='bbox 3441 2890 3618 2960; x_wconf 85' lang='lat' dir='ltr'><strong>lingua</strong></span> 
     </span>
    </p>
   </div>
   <div class='ocr_carea' id='block_1_85' title="bbox 2011 2979 3621 3057">
    <p class='ocr_par' dir='ltr' id='par_1_85' title="bbox 2011 2979 3621 3057">
     <span class='ocr_line' id='line_1_85' title="bbox 2011 2979 3621 3057; baseline -0.001 -17"><span class='ocrx_word' id='word_1_691' title='bbox 2011 2979 2290 3042; x_wconf 84' lang='lat' dir='ltr'><strong>viuxisset.</strong></span> <span class='ocrx_word' id='word_1_692' title='bbox 2326 2986 2559 3057; x_wconf 90' lang='lat' dir='ltr'><strong>Ideoque</strong></span> <span class='ocrx_word' id='word_1_693' title='bbox 2588 2986 2734 3041; x_wconf 85' lang='lat' dir='ltr'><strong>illius</strong></span> <span class='ocrx_word' id='word_1_694' title='bbox 2762 2985 2922 3040; x_wconf 80' lang='lat' dir='ltr'><strong>ﬁdem</strong></span> <span class='ocrx_word' id='word_1_695' title='bbox 2954 3000 3060 3040; x_wconf 87' lang='lat' dir='ltr'><strong>non</strong></span> <span class='ocrx_word' id='word_1_696' title='bbox 3088 2985 3287 3055; x_wconf 81' lang='lat' dir='ltr'><strong>exigit,</strong></span> <span class='ocrx_word' id='word_1_697' title='bbox 3316 2983 3412 3039; x_wconf 84' lang='lat' dir='ltr'><strong>sed</strong></span> <span class='ocrx_word' id='word_1_698' title='bbox 3439 2984 3621 3038; x_wconf 83' lang='lat' dir='ltr'><strong>statim</strong></span> 
     </span>
    </p>
   </div>
   <div class='ocr_carea' id='block_1_86' title="bbox 2011 3075 3624 3148">
    <p class='ocr_par' dir='ltr' id='par_1_86' title="bbox 2011 3075 3624 3148">
     <span class='ocr_line' id='line_1_86' title="bbox 2011 3075 3624 3148; baseline -0.004 -14"><span class='ocrx_word' id='word_1_699' title='bbox 2011 3078 2260 3134; x_wconf 86' lang='lat' dir='ltr'><strong>morbum</strong></span> <span class='ocrx_word' id='word_1_700' title='bbox 2299 3086 2471 3136; x_wconf 84' lang='lat' dir='ltr'><strong>curat.</strong></span> <span class='ocrx_word' id='word_1_701' title='bbox 2496 3079 2586 3134; x_wconf 75' lang='lat'><strong>33.</strong></span> <span class='ocrx_word' id='word_1_702' title='bbox 2615 3077 2799 3148; x_wconf 85' lang='lat' dir='ltr'><strong>Ejecto</strong></span> <span class='ocrx_word' id='word_1_703' title='bbox 2827 3086 3000 3132; x_wconf 84' lang='lat' dir='ltr'><strong>autem</strong></span> <span class='ocrx_word' id='word_1_704' title='bbox 3015 3077 3247 3132; x_wconf 72' lang='lat' dir='ltr'><strong>daimone</strong></span> <span class='ocrx_word' id='word_1_705' title='bbox 3267 3117 3281 3141; x_wconf 90' lang='lat'><strong>,</strong></span> <span class='ocrx_word' id='word_1_706' title='bbox 3312 3075 3520 3145; x_wconf 88' lang='lat' dir='ltr'><strong>inquit-,</strong></span> <span class='ocrx_word' id='word_1_707' title='bbox 3545 3075 3624 3128; x_wconf 89' lang='lat' dir='ltr'><strong>to-</strong></span> 
     </span>
    </p>
   </div>
   <div class='ocr_carea' id='block_1_87' title="bbox 2011 3168 3624 3243">
    <p class='ocr_par' dir='ltr' id='par_1_87' title="bbox 2011 3168 3624 3243">
     <span class='ocr_line' id='line_1_87' title="bbox 2011 3168 3624 3243; baseline -0.003 -17"><span class='ocrx_word' id='word_1_708' title='bbox 2011 3181 2195 3243; x_wconf 81' lang='lat' dir='ltr'><strong>quutus</strong></span> <span class='ocrx_word' id='word_1_709' title='bbox 2216 3181 2287 3227; x_wconf 87' lang='lat' dir='ltr'><strong>est</strong></span> <span class='ocrx_word' id='word_1_710' title='bbox 2315 3181 2504 3226; x_wconf 83' lang='lat' dir='ltr'><strong>mutus.</strong></span> <span class='ocrx_word' id='word_1_711' title='bbox 2529 3169 2718 3226; x_wconf 69' lang='lat' dir='ltr'><strong>Turba:</strong></span> <span class='ocrx_word' id='word_1_712' title='bbox 2741 3180 2910 3225; x_wconf 84' lang='lat' dir='ltr'><strong>autem</strong></span> <span class='ocrx_word' id='word_1_713' title='bbox 2937 3171 3206 3224; x_wconf 68' lang='lat' dir='ltr'><strong>admirata</strong></span> <span class='ocrx_word' id='word_1_714' title='bbox 3228 3177 3344 3224; x_wconf 81' lang='lat' dir='ltr'><strong>sunt</strong></span> <span class='ocrx_word' id='word_1_715' title='bbox 3371 3168 3624 3222; x_wconf 77' lang='lat' dir='ltr'><strong>dicentes:</strong></span> 
     </span>
    </p>
   </div>
   <div class='ocr_carea' id='block_1_88' title="bbox 2014 3259 3624 3333">
    <p class='ocr_par' dir='ltr' id='par_1_88' title="bbox 2014 3259 3624 3333">
     <span class='ocr_line' id='line_1_88' title="bbox 2014 3259 3624 3333; baseline -0.002 -17"><span class='ocrx_word' id='word_1_716' title='bbox 2014 3264 2310 3333; x_wconf 85' lang='lat' dir='ltr'><strong>Numquam</strong></span> <span class='ocrx_word' id='word_1_717' title='bbox 2352 3266 2514 3318; x_wconf 81' lang='lat' dir='ltr'><strong>visum</strong></span> <span class='ocrx_word' id='word_1_718' title='bbox 2551 3273 2626 3318; x_wconf 88' lang='lat' dir='ltr'><strong>est</strong></span> <span class='ocrx_word' id='word_1_719' title='bbox 2652 3263 2816 3317; x_wconf 85' lang='lat' dir='ltr'><strong>simile</strong></span> <span class='ocrx_word' id='word_1_720' title='bbox 2834 3265 2888 3316; x_wconf 86' lang='lat' dir='ltr'><strong>in</strong></span> <span class='ocrx_word' id='word_1_721' title='bbox 2914 3262 3102 3317; x_wconf 87' lang='lat' dir='ltr'><strong>Israel.</strong></span> <span class='ocrx_word' id='word_1_722' title='bbox 3137 3261 3192 3315; x_wconf 92' lang='lat' dir='ltr'><strong>ld</strong></span> <span class='ocrx_word' id='word_1_723' title='bbox 3217 3260 3360 3331; x_wconf 88' lang='lat' dir='ltr'><strong>quod</strong></span> <span class='ocrx_word' id='word_1_724' title='bbox 3387 3259 3624 3315; x_wconf 82' lang='lat' dir='ltr'><strong>maximo</strong></span> 
     </span>
    </p>
   </div>
   <div class='ocr_carea' id='block_1_89' title="bbox 2014 3353 3626 3428">
    <p class='ocr_par' dir='ltr' id='par_1_89' title="bbox 2014 3353 3626 3428">
     <span class='ocr_line' id='line_1_89' title="bbox 2014 3353 3626 3428; baseline -0.003 -16"><span class='ocrx_word' id='word_1_725' title='bbox 2014 3357 2315 3412; x_wconf 73' lang='lat' dir='ltr'><strong>Pharisazos</strong></span> <span class='ocrx_word' id='word_1_726' title='bbox 2341 3355 2656 3420; x_wconf 87' lang='lat' dir='ltr'><strong>mordebat,</strong></span> <span class='ocrx_word' id='word_1_727' title='bbox 2679 3355 2823 3428; x_wconf 88' lang='lat' dir='ltr'><strong>quod</strong></span> <span class='ocrx_word' id='word_1_728' title='bbox 2850 3356 3024 3426; x_wconf 85' lang='lat' dir='ltr'><strong>ipsum</strong></span> <span class='ocrx_word' id='word_1_729' title='bbox 3058 3353 3310 3408; x_wconf 87' lang='lat' dir='ltr'><strong>omnibus</strong></span> <span class='ocrx_word' id='word_1_730' title='bbox 3329 3360 3626 3421; x_wconf 81' lang='lat' dir='ltr'><strong>antepone-</strong></span> 
     </span>
    </p>
   </div>
   <div class='ocr_carea' id='block_1_90' title="bbox 2015 3445 3623 3518">
    <p class='ocr_par' dir='ltr' id='par_1_90' title="bbox 2015 3445 3623 3518">
     <span class='ocr_line' id='line_1_90' title="bbox 2015 3445 3623 3518; baseline -0.006 -12"><span class='ocrx_word' id='word_1_731' title='bbox 2015 3461 2175 3518; x_wconf 86' lang='lat' dir='ltr'><strong>rent,</strong></span> <span class='ocrx_word' id='word_1_732' title='bbox 2223 3465 2330 3505; x_wconf 92' lang='lat' dir='ltr'><strong>non</strong></span> <span class='ocrx_word' id='word_1_733' title='bbox 2366 3450 2501 3505; x_wconf 76' lang='lat' dir='ltr'><strong>vivis</strong></span> <span class='ocrx_word' id='word_1_734' title='bbox 2528 3451 2701 3505; x_wconf 91' lang='lat' dir='ltr'><strong>solum</strong></span> <span class='ocrx_word' id='word_1_735' title='bbox 2721 3490 2735 3514; x_wconf 89' lang='lat'><strong>,</strong></span> <span class='ocrx_word' id='word_1_736' title='bbox 2766 3447 2861 3503; x_wconf 88' lang='lat' dir='ltr'><strong>sed</strong></span> <span class='ocrx_word' id='word_1_737' title='bbox 2891 3448 3053 3503; x_wconf 87' lang='lat' dir='ltr'><strong>etiam</strong></span> <span class='ocrx_word' id='word_1_738' title='bbox 3078 3447 3168 3517; x_wconf 91' lang='lat' dir='ltr'><strong>qui</strong></span> <span class='ocrx_word' id='word_1_739' title='bbox 3194 3454 3321 3501; x_wconf 84' lang='lat' dir='ltr'><strong>ante</strong></span> <span class='ocrx_word' id='word_1_740' title='bbox 3352 3445 3580 3499; x_wconf 88' lang='lat' dir='ltr'><strong>fuissent</strong></span> <span class='ocrx_word' id='word_1_741' title='bbox 3610 3463 3623 3497; x_wconf 90' lang='lat'><strong>:</strong></span> 
     </span>
    </p>
   </div>
   <div class='ocr_carea' id='block_1_91' title="bbox 2014 3537 3626 3613">
    <p class='ocr_par' dir='ltr' id='par_1_91' title="bbox 2014 3537 3626 3613">
     <span class='ocr_line' id='line_1_91' title="bbox 2014 3537 3626 3613; baseline -0.005 -14"><span class='ocrx_word' id='word_1_742' title='bbox 2014 3543 2414 3613; x_wconf 83' lang='lat' dir='ltr'><strong>anteponebant</strong></span> <span class='ocrx_word' id='word_1_743' title='bbox 2437 3557 2589 3607; x_wconf 83' lang='lat' dir='ltr'><strong>vero,</strong></span> <span class='ocrx_word' id='word_1_744' title='bbox 2622 3557 2730 3597; x_wconf 90' lang='lat' dir='ltr'><strong>non</strong></span> <span class='ocrx_word' id='word_1_745' title='bbox 2757 3540 2898 3611; x_wconf 90' lang='lat' dir='ltr'><strong>quod</strong></span> <span class='ocrx_word' id='word_1_746' title='bbox 2927 3547 3142 3596; x_wconf 88' lang='lat' dir='ltr'><strong>curaret</strong></span> <span class='ocrx_word' id='word_1_747' title='bbox 3165 3538 3348 3604; x_wconf 87' lang='lat' dir='ltr'><strong>modo,</strong></span> <span class='ocrx_word' id='word_1_748' title='bbox 3370 3538 3463 3593; x_wconf 90' lang='lat' dir='ltr'><strong>sed</strong></span> <span class='ocrx_word' id='word_1_749' title='bbox 3483 3537 3626 3607; x_wconf 90' lang='lat' dir='ltr'><strong>quod</strong></span> 
     </span>
    </p>
   </div>
   <div class='ocr_carea' id='block_1_92' title="bbox 2015 3630 3626 3705">
    <p class='ocr_par' dir='ltr' id='par_1_92' title="bbox 2015 3630 3626 3705">
     <span class='ocr_line' id='line_1_92' title="bbox 2015 3630 3626 3705; baseline -0.006 -13"><span class='ocrx_word' id='word_1_750' title='bbox 2015 3637 2210 3702; x_wconf 89' lang='lat' dir='ltr'><strong>facile,</strong></span> <span class='ocrx_word' id='word_1_751' title='bbox 2260 3637 2400 3704; x_wconf 90' lang='lat' dir='ltr'><strong>cito,</strong></span> <span class='ocrx_word' id='word_1_752' title='bbox 2448 3636 2868 3705; x_wconf 89' lang='lat' dir='ltr'><strong>innumerasque</strong></span> <span class='ocrx_word' id='word_1_753' title='bbox 2905 3631 3252 3703; x_wconf 62' lang='lat' dir='ltr'><strong>mgritudines</strong></span> <span class='ocrx_word' id='word_1_754' title='bbox 3277 3630 3626 3686; x_wconf 87' lang='lat' dir='ltr'><strong>insanabiles.</strong></span> 
     </span>
    </p>
   </div>
   <div class='ocr_carea' id='block_1_93' title="bbox 2016 3729 2621 3800">
    <p class='ocr_par' dir='ltr' id='par_1_93' title="bbox 2016 3729 2621 3800">
     <span class='ocr_line' id='line_1_93' title="bbox 2016 3729 2621 3800; baseline -0.007 -15"><span class='ocrx_word' id='word_1_755' title='bbox 2016 3729 2107 3785; x_wconf 91' lang='lat' dir='ltr'><strong>Sic</strong></span> <span class='ocrx_word' id='word_1_756' title='bbox 2128 3729 2343 3800; x_wconf 90' lang='lat' dir='ltr'><strong>quidem</strong></span> <span class='ocrx_word' id='word_1_757' title='bbox 2372 3729 2621 3799; x_wconf 89' lang='lat' dir='ltr'><strong>populus.</strong></span> 
     </span>
    </p>
   </div>
   <div class='ocr_carea' id='block_1_94' title="bbox 2088 3815 3626 3885">
    <p class='ocr_par' dir='ltr' id='par_1_94' title="bbox 2088 3815 3626 3885">
     <span class='ocr_line' id='line_1_94' title="bbox 2088 3815 3626 3885; baseline -0.007 -7"><span class='ocrx_word' id='word_1_758' title='bbox 2088 3823 2143 3878; x_wconf 72' lang='lat'><strong>2.</strong></span> <span class='ocrx_word' id='word_1_759' title='bbox 2179 3821 2328 3877; x_wconf 78' lang='lat' dir='ltr'><strong>Nihil</strong></span> <span class='ocrx_word' id='word_1_760' title='bbox 2349 3823 2550 3877; x_wconf 81' lang='lat' dir='ltr'><strong>Clin&#39;sto</strong></span> <span class='ocrx_word' id='word_1_761' title='bbox 2579 3831 2626 3877; x_wconf 90' lang='lat' dir='ltr'><strong>et</strong></span> <span class='ocrx_word' id='word_1_762' title='bbox 2656 3821 2877 3875; x_wconf 71' lang='lat' dir='ltr'><strong>dwmoni</strong></span> <span class='ocrx_word' id='word_1_763' title='bbox 2916 3833 3183 3873; x_wconf 80' lang='lat' dir='ltr'><strong>commune</strong></span> <span class='ocrx_word' id='word_1_764' title='bbox 3221 3816 3378 3885; x_wconf 77' lang='lat' dir='ltr'><strong>fuisse</strong></span> <span class='ocrx_word' id='word_1_765' title='bbox 3412 3815 3626 3869; x_wconf 73' lang='lat' dir='ltr'><strong>demon-</strong></span> 
     </span>
    </p>
   </div>
   <div class='ocr_carea' id='block_1_95' title="bbox 2018 3907 3629 3977">
    <p class='ocr_par' dir='ltr' id='par_1_95' title="bbox 2018 3907 3629 3977">
     <span class='ocr_line' id='line_1_95' title="bbox 2018 3907 3629 3977; baseline -0.009 -4"><span class='ocrx_word' id='word_1_766' title='bbox 2018 3929 2228 3975; x_wconf 86' lang='lat' dir='ltr'><strong>stratur.</strong></span> <span class='ocrx_word' id='word_1_767' title='bbox 2261 3917 2538 3970; x_wconf 75' lang='lat' dir='ltr'><strong>Maledicta</strong></span> <span class='ocrx_word' id='word_1_768' title='bbox 2562 3931 2664 3968; x_wconf 84' lang='lat' dir='ltr'><strong>non</strong></span> <span class='ocrx_word' id='word_1_769' title='bbox 2705 3912 3016 3977; x_wconf 76' lang='lat' dir='ltr'><strong>maledictis,</strong></span> <span class='ocrx_word' id='word_1_770' title='bbox 3059 3909 3150 3963; x_wconf 84' lang='lat' dir='ltr'><strong>sed</strong></span> <span class='ocrx_word' id='word_1_771' title='bbox 3183 3907 3438 3976; x_wconf 75' lang='lat' dir='ltr'><strong>beneﬁciis</strong></span> <span class='ocrx_word' id='word_1_772' title='bbox 3473 3907 3629 3976; x_wconf 77' lang='lat' dir='ltr'><strong>refel-</strong></span> 
     </span>
    </p>
   </div>
   <div class='ocr_carea' id='block_1_96' title="bbox 2020 3997 3627 4067">
    <p class='ocr_par' dir='ltr' id='par_1_96' title="bbox 2020 3997 3627 4067">
     <span class='ocr_line' id='line_1_96' title="bbox 2020 3997 3627 4067; baseline -0.01 0"><span class='ocrx_word' id='word_1_773' title='bbox 2020 4012 2192 4067; x_wconf 85' lang='lat' dir='ltr'><strong>lenda.</strong></span> <span class='ocrx_word' id='word_1_774' title='bbox 2226 4040 2295 4050; x_wconf 93' lang='lat'><strong>—</strong></span> <span class='ocrx_word' id='word_1_775' title='bbox 2325 4008 2582 4064; x_wconf 70' lang='lat' dir='ltr'><strong>Phariszei</strong></span> <span class='ocrx_word' id='word_1_776' title='bbox 2632 4016 2822 4059; x_wconf 83' lang='lat' dir='ltr'><strong>contra</strong></span> <span class='ocrx_word' id='word_1_777' title='bbox 2870 4018 2980 4058; x_wconf 90' lang='lat' dir='ltr'><strong>non</strong></span> <span class='ocrx_word' id='word_1_778' title='bbox 3039 4001 3218 4057; x_wconf 85' lang='lat' dir='ltr'><strong>modo</strong></span> <span class='ocrx_word' id='word_1_779' title='bbox 3245 4000 3382 4055; x_wconf 87' lang='lat' dir='ltr'><strong>facta</strong></span> <span class='ocrx_word' id='word_1_780' title='bbox 3423 3997 3627 4053; x_wconf 91' lang='lat' dir='ltr'><strong>calum-</strong></span> 
     </span>
    </p>
   </div>
   <div class='ocr_carea' id='block_1_97' title="bbox 2021 4092 3628 4169">
    <p class='ocr_par' dir='ltr' id='par_1_97' title="bbox 2021 4092 3628 4169">
     <span class='ocr_line' id='line_1_97' title="bbox 2021 4092 3628 4169; baseline -0.011 -10"><span class='ocrx_word' id='word_1_781' title='bbox 2021 4107 2256 4169; x_wconf 85' lang='lat' dir='ltr'><strong>niantur,</strong></span> <span class='ocrx_word' id='word_1_782' title='bbox 2313 4099 2415 4156; x_wconf 89' lang='lat' dir='ltr'><strong>sed</strong></span> <span class='ocrx_word' id='word_1_783' title='bbox 2438 4098 2538 4154; x_wconf 85' lang='lat' dir='ltr'><strong>sibi</strong></span> <span class='ocrx_word' id='word_1_784' title='bbox 2589 4095 3014 4167; x_wconf 88' lang='lat' dir='ltr'><strong>ipsis-contraria</strong></span> <span class='ocrx_word' id='word_1_785' title='bbox 3048 4092 3289 4148; x_wconf 87' lang='lat' dir='ltr'><strong>dicentes</strong></span> <span class='ocrx_word' id='word_1_786' title='bbox 3315 4131 3330 4155; x_wconf 87' lang='lat'><strong>,</strong></span> <span class='ocrx_word' id='word_1_787' title='bbox 3365 4105 3472 4144; x_wconf 90' lang='lat' dir='ltr'><strong>non</strong></span> <span class='ocrx_word' id='word_1_788' title='bbox 3501 4104 3628 4143; x_wconf 87' lang='lat' dir='ltr'><strong>eru-</strong></span> 
     </span>
    </p>
   </div>
   <div class='ocr_carea' id='block_1_98' title="bbox 2022 4183 3631 4261">
    <p class='ocr_par' dir='ltr' id='par_1_98' title="bbox 2022 4183 3631 4261">
     <span class='ocr_line' id='line_1_98' title="bbox 2022 4183 3631 4261; baseline -0.011 -8"><span class='ocrx_word' id='word_1_789' title='bbox 2022 4198 2264 4253; x_wconf 90' lang='lat' dir='ltr'><strong>bescunt.</strong></span> <span class='ocrx_word' id='word_1_790' title='bbox 2301 4190 2611 4261; x_wconf 79' lang='lat' dir='ltr'><strong>Huiusmodi</strong></span> <span class='ocrx_word' id='word_1_791' title='bbox 2650 4197 2734 4242; x_wconf 91' lang='lat' dir='ltr'><strong>est</strong></span> <span class='ocrx_word' id='word_1_792' title='bbox 2777 4187 3036 4257; x_wconf 88' lang='lat' dir='ltr'><strong>nequitia.</strong></span> <span class='ocrx_word' id='word_1_793' title='bbox 3070 4183 3209 4253; x_wconf 83' lang='lat' dir='ltr'><strong>Quid</strong></span> <span class='ocrx_word' id='word_1_794' title='bbox 3234 4183 3378 4239; x_wconf 91' lang='lat' dir='ltr'><strong>enim</strong></span> <span class='ocrx_word' id='word_1_795' title='bbox 3408 4183 3631 4236; x_wconf 80' lang='lat' dir='ltr'><strong>dicunt?</strong></span> 
     </span>
    </p>
   </div>
   <div class='ocr_carea' id='block_1_99' title="bbox 2021 4273 3631 4356">
    <p class='ocr_par' dir='ltr' id='par_1_99' title="bbox 2021 4273 3631 4356">
     <span class='ocr_line' id='line_1_99' title="bbox 2021 4273 3631 4356; baseline -0.011 -12"><span class='ocrx_word' id='word_1_796' title='bbox 2021 4290 2110 4344; x_wconf 69' lang='grc'><strong>54.</strong></span> <span class='ocrx_word' id='word_1_797' title='bbox 2133 4287 2198 4340; x_wconf 88' lang='lat' dir='ltr'><strong>In</strong></span> <span class='ocrx_word' id='word_1_798' title='bbox 2231 4286 2458 4356; x_wconf 81' lang='lat' dir='ltr'><strong>principe</strong></span> <span class='ocrx_word' id='word_1_799' title='bbox 2487 4279 3016 4349; x_wconf 68' lang='lat' dir='ltr'><strong>dwmoniarumejicit</strong></span> <span class='ocrx_word' id='word_1_800' title='bbox 3045 4276 3320 4332; x_wconf 73' lang='lat' dir='ltr'><strong>dwmonia.</strong></span> <span class='ocrx_word' id='word_1_801' title='bbox 3352 4274 3470 4342; x_wconf 86' lang='lat' dir='ltr'><strong>Quo</strong></span> <span class='ocrx_word' id='word_1_802' title='bbox 3505 4273 3631 4343; x_wconf 88' lang='lat' dir='ltr'><strong>quid</strong></span> 
     </span>
    </p>
   </div>
   <div class='ocr_carea' id='block_1_100' title="bbox 2023 4365 3634 4445">
    <p class='ocr_par' dir='ltr' id='par_1_100' title="bbox 2023 4365 3634 4445">
     <span class='ocr_line' id='line_1_100' title="bbox 2023 4365 3634 4445; baseline -0.011 -8"><span class='ocrx_word' id='word_1_803' title='bbox 2023 4382 2280 4438; x_wconf 82' lang='lat' dir='ltr'><strong>stultius?</strong></span> <span class='ocrx_word' id='word_1_804' title='bbox 2300 4378 2456 4445; x_wconf 89' lang='lat' dir='ltr'><strong>Nam,</strong></span> <span class='ocrx_word' id='word_1_805' title='bbox 2492 4387 2546 4430; x_wconf 88' lang='lat' dir='ltr'><strong>ut</strong></span> <span class='ocrx_word' id='word_1_806' title='bbox 2580 4385 2763 4444; x_wconf 91' lang='lat' dir='ltr'><strong>postea</strong></span> <span class='ocrx_word' id='word_1_807' title='bbox 2785 4372 2935 4439; x_wconf 86' lang='lat' dir='ltr'><strong>dicit,</strong></span> <span class='ocrx_word' id='word_1_808' title='bbox 2961 4386 3072 4429; x_wconf 87' lang='lat' dir='ltr'><strong>non</strong></span> <span class='ocrx_word' id='word_1_809' title='bbox 3096 4379 3272 4441; x_wconf 89' lang='lat' dir='ltr'><strong>potest</strong></span> <span class='ocrx_word' id='word_1_810' title='bbox 3296 4369 3508 4424; x_wconf 70' lang='lat' dir='ltr'><strong>dmmon</strong></span> <span class='ocrx_word' id='word_1_811' title='bbox 3537 4365 3634 4436; x_wconf 82' lang='lat' dir='ltr'><strong>eji-</strong></span> 
     </span>
    </p>
   </div>
   <div class='ocr_carea' id='block_1_101' title="bbox 2023 4463 3635 4540">
    <p class='ocr_par' dir='ltr' id='par_1_101' title="bbox 2023 4463 3635 4540">
     <span class='ocr_line' id='line_1_101' title="bbox 2023 4463 3635 4540; baseline -0.012 -8"><span class='ocrx_word' id='word_1_812' title='bbox 2023 4491 2150 4532; x_wconf 88' lang='lat' dir='ltr'><strong>cere</strong></span> <span class='ocrx_word' id='word_1_813' title='bbox 2170 4473 2469 4528; x_wconf 68' lang='lat' dir='ltr'><strong>daemonem</strong></span> <span class='ocrx_word' id='word_1_814' title='bbox 2489 4467 2681 4540; x_wconf 76' lang='lat' dir='ltr'><strong>(Marc.</strong></span> <span class='ocrx_word' id='word_1_815' title='bbox 2714 4469 2766 4522; x_wconf 81' lang='lat'><strong>&#39;5.</strong></span> <span class='ocrx_word' id='word_1_816' title='bbox 2803 4465 2897 4536; x_wconf 71' lang='lat'><strong>23)</strong></span> <span class='ocrx_word' id='word_1_817' title='bbox 2914 4483 2925 4516; x_wconf 76' lang='grc' dir='ltr'><em>τ</em></span> <span class='ocrx_word' id='word_1_818' title='bbox 2945 4480 3066 4520; x_wconf 90' lang='lat' dir='ltr'><strong>nam</strong></span> <span class='ocrx_word' id='word_1_819' title='bbox 3087 4463 3177 4518; x_wconf 89' lang='lat' dir='ltr'><strong>ille</strong></span> <span class='ocrx_word' id='word_1_820' title='bbox 3190 4477 3293 4517; x_wconf 80' lang='lat' dir='ltr'><strong>sua</strong></span> <span class='ocrx_word' id='word_1_821' title='bbox 3309 4473 3635 4515; x_wconf 85' lang='lat' dir='ltr'><strong>conservare</strong></span> 
     </span>
    </p>
   </div>
   <div class='ocr_carea' id='block_1_102' title="bbox 2022 4550 3634 4627">
    <p class='ocr_par' dir='ltr' id='par_1_102' title="bbox 2022 4550 3634 4627">
     <span class='ocr_line' id='line_1_102' title="bbox 2022 4550 3634 4627; baseline -0.012 -3"><span class='ocrx_word' id='word_1_822' title='bbox 2022 4581 2081 4624; x_wconf 90' lang='lat' dir='ltr'><strong>et</strong></span> <span class='ocrx_word' id='word_1_823' title='bbox 2108 4569 2320 4622; x_wconf 88' lang='lat' dir='ltr'><strong>firmare</strong></span> <span class='ocrx_word' id='word_1_824' title='bbox 2351 4565 2511 4627; x_wconf 90' lang='lat' dir='ltr'><strong>solet,</strong></span> <span class='ocrx_word' id='word_1_825' title='bbox 2548 4578 2654 4617; x_wconf 92' lang='lat' dir='ltr'><strong>non</strong></span> <span class='ocrx_word' id='word_1_826' title='bbox 2706 4559 3009 4614; x_wconf 86' lang='lat' dir='ltr'><strong>destruere.</strong></span> <span class='ocrx_word' id='word_1_827' title='bbox 3042 4557 3160 4627; x_wconf 82' lang='lat' dir='ltr'><strong>ipse</strong></span> <span class='ocrx_word' id='word_1_828' title='bbox 3187 4568 3314 4610; x_wconf 81' lang='lat' dir='ltr'><strong>vero</strong></span> <span class='ocrx_word' id='word_1_829' title='bbox 3337 4569 3442 4609; x_wconf 91' lang='lat' dir='ltr'><strong>non</strong></span> <span class='ocrx_word' id='word_1_830' title='bbox 3471 4550 3634 4606; x_wconf 90' lang='lat' dir='ltr'><strong>modo</strong></span> 
     </span>
    </p>
   </div>
   <div class='ocr_carea' id='block_1_103' title="bbox 2025 4643 3632 4725">
    <p class='ocr_par' dir='ltr' id='par_1_103' title="bbox 2025 4643 3632 4725">
     <span class='ocr_line' id='line_1_103' title="bbox 2025 4643 3632 4725; baseline -0.014 -10"><span class='ocrx_word' id='word_1_831' title='bbox 2025 4660 2302 4715; x_wconf 72' lang='lat' dir='ltr'><strong>darmonas</strong></span> <span class='ocrx_word' id='word_1_832' title='bbox 2353 4655 2621 4725; x_wconf 86' lang='lat' dir='ltr'><strong>ejiciebat,</strong></span> <span class='ocrx_word' id='word_1_833' title='bbox 2668 4651 2762 4707; x_wconf 86' lang='lat' dir='ltr'><strong>scd</strong></span> <span class='ocrx_word' id='word_1_834' title='bbox 2820 4651 2981 4706; x_wconf 90' lang='lat' dir='ltr'><strong>etiam</strong></span> <span class='ocrx_word' id='word_1_835' title='bbox 3023 4649 3267 4719; x_wconf 89' lang='lat' dir='ltr'><strong>leprosos</strong></span> <span class='ocrx_word' id='word_1_836' title='bbox 3316 4643 3632 4706; x_wconf 78' lang='lat' dir='ltr'><strong>mandabat,</strong></span> 
     </span>
    </p>
   </div>
   <div class='ocr_carea' id='block_1_104' title="bbox 2027 4737 3634 4813">
    <p class='ocr_par' dir='ltr' id='par_1_104' title="bbox 2027 4737 3634 4813">
     <span class='ocr_line' id='line_1_104' title="bbox 2027 4737 3634 4813; baseline -0.011 -4"><span class='ocrx_word' id='word_1_837' title='bbox 2027 4762 2267 4809; x_wconf 80' lang='lat' dir='ltr'><strong>mortuos</strong></span> <span class='ocrx_word' id='word_1_838' title='bbox 2287 4748 2602 4813; x_wconf 83' lang='lat' dir='ltr'><strong>suscitabat,</strong></span> <span class='ocrx_word' id='word_1_839' title='bbox 2648 4761 2800 4799; x_wconf 87' lang='lat' dir='ltr'><strong>mare</strong></span> <span class='ocrx_word' id='word_1_840' title='bbox 2830 4743 3098 4806; x_wconf 81' lang='lat' dir='ltr'><strong>frenabat,</strong></span> <span class='ocrx_word' id='word_1_841' title='bbox 3150 4747 3366 4809; x_wconf 88' lang='lat' dir='ltr'><strong>peccata</strong></span> <span class='ocrx_word' id='word_1_842' title='bbox 3397 4737 3634 4792; x_wconf 88' lang='lat' dir='ltr'><strong>dimitte-</strong></span> 
     </span>
    </p>
   </div>
   <div class='ocr_carea' id='block_1_105' title="bbox 2026 4831 3634 4914">
    <p class='ocr_par' dir='ltr' id='par_1_105' title="bbox 2026 4831 3634 4914">
     <span class='ocr_line' id='line_1_105' title="bbox 2026 4831 3634 4914; baseline -0.012 -11"><span class='ocrx_word' id='word_1_843' title='bbox 2026 4850 2136 4910; x_wconf 83' lang='lat' dir='ltr'><strong>bat,</strong></span> <span class='ocrx_word' id='word_1_844' title='bbox 2185 4859 2408 4914; x_wconf 89' lang='lat' dir='ltr'><strong>regnum</strong></span> <span class='ocrx_word' id='word_1_845' title='bbox 2462 4837 2807 4912; x_wconf 64' lang='lat' dir='ltr'><strong>praedicabat,</strong></span> <span class='ocrx_word' id='word_1_846' title='bbox 2842 4836 2909 4890; x_wconf 89' lang='lat' dir='ltr'><strong>ad</strong></span> <span class='ocrx_word' id='word_1_847' title='bbox 2959 4837 3173 4889; x_wconf 88' lang='lat' dir='ltr'><strong>Patrem</strong></span> <span class='ocrx_word' id='word_1_848' title='bbox 3217 4831 3516 4887; x_wconf 84' lang='lat' dir='ltr'><strong>adducebat</strong></span> <span class='ocrx_word' id='word_1_849' title='bbox 3546 4849 3557 4884; x_wconf 76' lang='grc' dir='ltr'>ε</span> <span class='ocrx_word' id='word_1_850' title='bbox 3585 4832 3634 4885; x_wconf 84' lang='lat' dir='ltr'><strong>id</strong></span> 
     </span>
    </p>
   </div>
   <div class='ocr_carea' id='block_1_106' title="bbox 2027 4926 3632 5010">
    <p class='ocr_par' dir='ltr' id='par_1_106' title="bbox 2027 4926 3632 5010">
     <span class='ocr_line' id='line_1_106' title="bbox 2027 4926 3632 5010; baseline -0.009 -15"><span class='ocrx_word' id='word_1_851' title='bbox 2027 4939 2170 5010; x_wconf 91' lang='lat' dir='ltr'><strong>quod</strong></span> <span class='ocrx_word' id='word_1_852' title='bbox 2200 4951 2489 5005; x_wconf 89' lang='lat' dir='ltr'><strong>numquam</strong></span> <span class='ocrx_word' id='word_1_853' title='bbox 2530 4933 2741 4987; x_wconf 69' lang='lat' dir='ltr'><strong>daemon</strong></span> <span class='ocrx_word' id='word_1_854' title='bbox 2798 4928 2975 4984; x_wconf 89' lang='lat' dir='ltr'><strong>facere</strong></span> <span class='ocrx_word' id='word_1_855' title='bbox 3028 4926 3178 4988; x_wconf 84' lang='lat' dir='ltr'><strong>velit.</strong></span> <span class='ocrx_word' id='word_1_856' title='bbox 3228 4941 3400 4997; x_wconf 90' lang='lat' dir='ltr'><strong>neque</strong></span> <span class='ocrx_word' id='word_1_857' title='bbox 3444 4926 3632 4996; x_wconf 89' lang='lat' dir='ltr'><strong>possit.</strong></span> 
     </span>
    </p>
   </div>
   <div class='ocr_carea' id='block_1_107' title="bbox 2027 5019 3633 5090">
    <p class='ocr_par' dir='ltr' id='par_1_107' title="bbox 2027 5019 3633 5090">
     <span class='ocr_line' id='line_1_107' title="bbox 2027 5019 3633 5090; baseline -0.014 1"><span class='ocrx_word' id='word_1_858' title='bbox 2027 5035 2159 5090; x_wconf 83' lang='lat' dir='ltr'><strong>Nam</strong></span> <span class='ocrx_word' id='word_1_859' title='bbox 2212 5033 2488 5087; x_wconf 72' lang='lat' dir='ltr'><strong>daemones</strong></span> <span class='ocrx_word' id='word_1_860' title='bbox 2524 5023 2590 5079; x_wconf 91' lang='lat' dir='ltr'><strong>ad</strong></span> <span class='ocrx_word' id='word_1_861' title='bbox 2620 5022 2757 5078; x_wconf 88' lang='lat' dir='ltr'><strong>idola</strong></span> <span class='ocrx_word' id='word_1_862' title='bbox 2809 5020 3100 5084; x_wconf 87' lang='lat' dir='ltr'><strong>adducunt,</strong></span> <span class='ocrx_word' id='word_1_863' title='bbox 3134 5035 3164 5073; x_wconf 90' lang='lat' dir='ltr'><strong>a</strong></span> <span class='ocrx_word' id='word_1_864' title='bbox 3197 5019 3308 5073; x_wconf 87' lang='lat' dir='ltr'><strong>Deo</strong></span> <span class='ocrx_word' id='word_1_865' title='bbox 3346 5025 3633 5081; x_wconf 87' lang='lat' dir='ltr'><strong>avertunt,</strong></span> 
     </span>
    </p>
   </div>
   <div class='ocr_carea' id='block_1_108' title="bbox 2029 5111 3637 5193">
    <p class='ocr_par' dir='ltr' id='par_1_108' title="bbox 2029 5111 3637 5193">
     <span class='ocr_line' id='line_1_108' title="bbox 2029 5111 3637 5193; baseline -0.012 -12"><span class='ocrx_word' id='word_1_866' title='bbox 2029 5126 2361 5193; x_wconf 88' lang='lat' dir='ltr'><strong>suadentque</strong></span> <span class='ocrx_word' id='word_1_867' title='bbox 2398 5134 2467 5174; x_wconf 92' lang='lat' dir='ltr'><strong>ne</strong></span> <span class='ocrx_word' id='word_1_868' title='bbox 2497 5118 2688 5172; x_wconf 65' lang='lat' dir='ltr'><strong>futurae</strong></span> <span class='ocrx_word' id='word_1_869' title='bbox 2720 5113 2840 5167; x_wconf 71' lang='lat' dir='ltr'><strong>vita:</strong></span> <span class='ocrx_word' id='word_1_870' title='bbox 2867 5113 3139 5167; x_wconf 87' lang='lat' dir='ltr'><strong>credatur.</strong></span> <span class='ocrx_word' id='word_1_871' title='bbox 3177 5111 3396 5166; x_wconf 63' lang='lat' dir='ltr'><strong>Daemon</strong></span> <span class='ocrx_word' id='word_1_872' title='bbox 3449 5118 3637 5163; x_wconf 87' lang='lat' dir='ltr'><strong>contu-</strong></span> 
     </span>
    </p>
   </div>
   <div class='ocr_carea' id='block_1_109' title="bbox 2031 5202 3638 5273">
    <p class='ocr_par' dir='ltr' id='par_1_109' title="bbox 2031 5202 3638 5273">
     <span class='ocr_line' id='line_1_109' title="bbox 2031 5202 3638 5273; baseline -0.012 -1"><span class='ocrx_word' id='word_1_873' title='bbox 2031 5217 2185 5272; x_wconf 89' lang='lat' dir='ltr'><strong>melia</strong></span> <span class='ocrx_word' id='word_1_874' title='bbox 2214 5214 2311 5268; x_wconf 69' lang='lat' dir='ltr'><strong>atl&#39;e</strong></span> <span class='ocrx_word' id='word_1_875' title='bbox 2336 5251 2363 5266; x_wconf 80' lang='lat'><strong>..</strong></span> <span class='ocrx_word' id='word_1_876' title='bbox 2396 5238 2436 5264; x_wconf 65' lang='grc' dir='ltr'><strong>,δ</strong></span> <span class='ocrx_word' id='word_1_877' title='bbox 2467 5223 2572 5263; x_wconf 92' lang='lat' dir='ltr'><strong>non</strong></span> <span class='ocrx_word' id='word_1_878' title='bbox 2618 5204 2938 5261; x_wconf 81' lang='lat' dir='ltr'><strong>beneﬁcium</strong></span> <span class='ocrx_word' id='word_1_879' title='bbox 2991 5211 3229 5273; x_wconf 66' lang='lat' dir='ltr'><strong>prmstat,</strong></span> <span class='ocrx_word' id='word_1_880' title='bbox 3269 5202 3378 5256; x_wconf 91' lang='lat' dir='ltr'><strong>imo</strong></span> <span class='ocrx_word' id='word_1_881' title='bbox 3418 5216 3486 5255; x_wconf 91' lang='lat' dir='ltr'><strong>ne</strong></span> <span class='ocrx_word' id='word_1_882' title='bbox 3515 5202 3638 5268; x_wconf 84' lang='lat' dir='ltr'><strong>qui-</strong></span> 
     </span>
    </p>
   </div>
   <div class='ocr_carea' id='block_1_110' title="bbox 2029 5294 3636 5370">
    <p class='ocr_par' dir='ltr' id='par_1_110' title="bbox 2029 5294 3636 5370">
     <span class='ocr_line' id='line_1_110' title="bbox 2029 5294 3636 5370; baseline -0.015 -1"><span class='ocrx_word' id='word_1_883' title='bbox 2029 5314 2151 5369; x_wconf 89' lang='lat' dir='ltr'><strong>dem</strong></span> <span class='ocrx_word' id='word_1_884' title='bbox 2180 5308 2401 5362; x_wconf 52' lang='lat' dir='ltr'><strong>atl&#39;e&#39;tus</strong></span> <span class='ocrx_word' id='word_1_885' title='bbox 2432 5301 2624 5370; x_wconf 86' lang='lat' dir='ltr'><strong>injuria</strong></span> <span class='ocrx_word' id='word_1_886' title='bbox 2651 5307 2806 5354; x_wconf 89' lang='lat' dir='ltr'><strong>nocet</strong></span> <span class='ocrx_word' id='word_1_887' title='bbox 2829 5297 2894 5352; x_wconf 90' lang='lat' dir='ltr'><strong>iis</strong></span> <span class='ocrx_word' id='word_1_888' title='bbox 2917 5297 3003 5366; x_wconf 91' lang='lat' dir='ltr'><strong>qui</strong></span> <span class='ocrx_word' id='word_1_889' title='bbox 3049 5297 3222 5363; x_wconf 89' lang='lat' dir='ltr'><strong>ipsum</strong></span> <span class='ocrx_word' id='word_1_890' title='bbox 3254 5295 3434 5348; x_wconf 91' lang='lat' dir='ltr'><strong>colunt</strong></span> <span class='ocrx_word' id='word_1_891' title='bbox 3462 5303 3514 5347; x_wconf 86' lang='lat' dir='ltr'><strong>et</strong></span> <span class='ocrx_word' id='word_1_892' title='bbox 3540 5294 3636 5346; x_wconf 38' lang='lat' dir='ltr'><strong>ho,</strong></span> 
     </span>
    </p>
   </div>
   <div class='ocr_carea' id='block_1_111' title="bbox 2034 5387 3638 5461">
    <p class='ocr_par' dir='ltr' id='par_1_111' title="bbox 2034 5387 3638 5461">
     <span class='ocr_line' id='line_1_111' title="bbox 2034 5387 3638 5461; baseline -0.014 -2"><span class='ocrx_word' id='word_1_893' title='bbox 2034 5401 2241 5459; x_wconf 87' lang='lat' dir='ltr'><strong>norant.</strong></span> <span class='ocrx_word' id='word_1_894' title='bbox 2280 5399 2373 5452; x_wconf 89' lang='lat' dir='ltr'><strong>Ille</strong></span> <span class='ocrx_word' id='word_1_895' title='bbox 2402 5404 2609 5456; x_wconf 85' lang='lat' dir='ltr'><strong>contra,</strong></span> <span class='ocrx_word' id='word_1_896' title='bbox 2644 5400 2762 5461; x_wconf 85' lang='lat' dir='ltr'><strong>post</strong></span> <span class='ocrx_word' id='word_1_897' title='bbox 2794 5400 2870 5444; x_wconf 92' lang='lat' dir='ltr'><strong>tot</strong></span> <span class='ocrx_word' id='word_1_898' title='bbox 2899 5389 3122 5458; x_wconf 75' lang='lat' dir='ltr'><strong>injurias</strong></span> <span class='ocrx_word' id='word_1_899' title='bbox 3149 5398 3202 5442; x_wconf 92' lang='lat' dir='ltr'><strong>et</strong></span> <span class='ocrx_word' id='word_1_900' title='bbox 3243 5387 3598 5440; x_wconf 79' lang='lat' dir='ltr'><strong>contumelias</strong></span> <span class='ocrx_word' id='word_1_901' title='bbox 3627 5431 3638 5448; x_wconf 86' lang='lat'><strong>,</strong></span> 
     </span>
    </p>
   </div>
   <div class='ocr_carea' id='block_1_112' title="bbox 2034 5479 3644 5554">
    <p class='ocr_par' dir='ltr' id='par_1_112' title="bbox 2034 5479 3644 5554">
     <span class='ocr_line' id='line_1_112' title="bbox 2034 5479 3644 5554; baseline -0.015 0"><span class='ocrx_word' id='word_1_902' title='bbox 2034 5501 2099 5554; x_wconf 80' lang='lat'><strong>&#39;55</strong></span> <span class='ocrx_word' id='word_1_903' title='bbox 2154 5493 2405 5550; x_wconf 86' lang='lat' dir='ltr'><strong>Circuibat</strong></span> <span class='ocrx_word' id='word_1_904' title='bbox 2452 5489 2598 5543; x_wconf 87' lang='lat' dir='ltr'><strong>urbes</strong></span> <span class='ocrx_word' id='word_1_905' title='bbox 2629 5501 2801 5538; x_wconf 87' lang='lat' dir='ltr'><strong>onmes</strong></span> <span class='ocrx_word' id='word_1_906' title='bbox 2828 5493 2872 5536; x_wconf 89' lang='lat' dir='ltr'><strong>et</strong></span> <span class='ocrx_word' id='word_1_907' title='bbox 2899 5483 3052 5548; x_wconf 75' lang='lat' dir='ltr'><strong>vicos,</strong></span> <span class='ocrx_word' id='word_1_908' title='bbox 3085 5481 3272 5533; x_wconf 83' lang='lat' dir='ltr'><strong>docens</strong></span> <span class='ocrx_word' id='word_1_909' title='bbox 3293 5479 3344 5531; x_wconf 87' lang='lat' dir='ltr'><strong>in</strong></span> <span class='ocrx_word' id='word_1_910' title='bbox 3366 5479 3644 5549; x_wconf 79' lang='lat' dir='ltr'><strong>synagogis</strong></span> 
     </span>
    </p>
   </div>
   <div class='ocr_carea' id='block_1_113' title="bbox 2036 5574 3637 5655">
    <p class='ocr_par' dir='ltr' id='par_1_113' title="bbox 2036 5574 3637 5655">
     <span class='ocr_line' id='line_1_113' title="bbox 2036 5574 3637 5655; baseline -0.014 -11"><span class='ocrx_word' id='word_1_911' title='bbox 2036 5607 2228 5648; x_wconf 57' lang='lat' dir='ltr'><strong>(erunt.</strong></span> <span class='ocrx_word' id='word_1_912' title='bbox 2264 5599 2307 5640; x_wconf 89' lang='lat' dir='ltr'><strong>et</strong></span> <span class='ocrx_word' id='word_1_913' title='bbox 2337 5584 2621 5655; x_wconf 80' lang='lat' dir='ltr'><strong>prtedicans</strong></span> <span class='ocrx_word' id='word_1_914' title='bbox 2647 5577 2959 5648; x_wconf 77' lang='lat' dir='ltr'><strong>evangelium</strong></span> <span class='ocrx_word' id='word_1_915' title='bbox 3002 5574 3164 5644; x_wconf 84' lang='lat' dir='ltr'><strong>regni,</strong></span> <span class='ocrx_word' id='word_1_916' title='bbox 3197 5587 3381 5626; x_wconf 83' lang='lat' dir='ltr'><strong>curans</strong></span> <span class='ocrx_word' id='word_1_917' title='bbox 3437 5585 3637 5621; x_wconf 84' lang='lat' dir='ltr'><strong>omnem</strong></span> 
     </span>
    </p>
   </div>
   <div class='ocr_carea' id='block_1_114' title="bbox 2034 5664 3633 5743">
    <p class='ocr_par' dir='ltr' id='par_1_114' title="bbox 2034 5664 3633 5743">
     <span class='ocr_line' id='line_1_114' title="bbox 2034 5664 3633 5743; baseline -0.016 -5"><span class='ocrx_word' id='word_1_918' title='bbox 2034 5686 2257 5738; x_wconf 81' lang='lat' dir='ltr'><strong>morbum</strong></span> <span class='ocrx_word' id='word_1_919' title='bbox 2279 5694 2321 5733; x_wconf 77' lang='lat' dir='ltr'><strong>et</strong></span> <span class='ocrx_word' id='word_1_920' title='bbox 2351 5695 2547 5732; x_wconf 86' lang='lat' dir='ltr'><strong>onmem</strong></span> <span class='ocrx_word' id='word_1_921' title='bbox 2579 5676 2924 5743; x_wconf 80' lang='lat' dir='ltr'><strong>inﬁrmitatem</strong></span> <span class='ocrx_word' id='word_1_922' title='bbox 2954 5670 2993 5721; x_wconf 87' lang='grc'><strong>¹.</strong></span> <span class='ocrx_word' id='word_1_923' title='bbox 3029 5667 3138 5722; x_wconf 87' lang='lat' dir='ltr'><strong>Nec</strong></span> <span class='ocrx_word' id='word_1_924' title='bbox 3174 5666 3336 5720; x_wconf 87' lang='lat' dir='ltr'><strong>modo</strong></span> <span class='ocrx_word' id='word_1_925' title='bbox 3377 5664 3496 5718; x_wconf 87' lang='lat' dir='ltr'><strong>illos</strong></span> <span class='ocrx_word' id='word_1_926' title='bbox 3529 5677 3633 5714; x_wconf 87' lang='lat' dir='ltr'><strong>non</strong></span> 
     </span>
    </p>
   </div>
   <div class='ocr_carea' id='block_1_115' title="bbox 2101 5822 3603 5894">
    <p class='ocr_par' dir='ltr' id='par_1_115' title="bbox 2101 5822 3603 5894">
     <span class='ocr_line' id='line_1_115' title="bbox 2101 5822 3603 5894; baseline -0.017 -4"><span class='ocrx_word' id='word_1_927' title='bbox 2101 5844 2113 5874; x_wconf 76' lang='grc'>⁸</span> <span class='ocrx_word' id='word_1_928' title='bbox 2153 5847 2258 5889; x_wconf 81' lang='lat' dir='ltr'><strong>t‘ost</strong></span> <span class='ocrx_word' id='word_1_929' title='bbox 2280 5837 2499 5890; x_wconf 80' lang='lat' dir='ltr'><strong>verbum,</strong></span> <span class='ocrx_word' id='word_1_930' title='bbox 2523 5829 2874 5894; x_wconf 80' lang='lat' dir='ltr'><strong>inﬁrmitatcm,</strong></span> <span class='ocrx_word' id='word_1_931' title='bbox 2897 5824 3091 5890; x_wconf 79' lang='lat' dir='ltr'><strong>quidam</strong></span> <span class='ocrx_word' id='word_1_932' title='bbox 3116 5822 3316 5883; x_wconf 85' lang='lat' dir='ltr'><strong>addunt,</strong></span> <span class='ocrx_word' id='word_1_933' title='bbox 3338 5825 3383 5877; x_wconf 85' lang='lat' dir='ltr'><strong>in</strong></span> <span class='ocrx_word' id='word_1_934' title='bbox 3410 5824 3603 5890; x_wconf 69' lang='lat' dir='ltr'><strong>populo.</strong></span> 
     </span>
    </p>
   </div>
  </div>
