4094 6470
544 386 647 442 379

541 499 799 572 puniebat
823 499 1079 567 ingratos,
1108 497 1200 550 sed
1231 509 1296 550 ne
1333 494 1641 564 increpabat
1677 489 1891 561 quidem
1926 507 1939 542 :
1970 487 2128 542 simul

543 590 998 648 mansuetudinem
1029 595 1180 644 suam
1211 584 1516 651 ostendens,
1543 593 1595 639 et
1634 582 1772 638 bane
1802 579 2123 636 caiuruniam

542 683 825 740 eonl‘utans
867 683 1236 752 :‘insuperqne
1283 695 1376 750 per
1421 679 1695 748 sequentia
1740 677 1891 746 signa
1941 674 2126 728 volens

546 773 695 844 plura
726 772 967 842 prcbere
1015 780 1349 843 argumenta,
1377 783 1442 822 ac
1469 766 1663 822 deinde
1685 766 1858 821 verbis
1879 777 2122 834 arguere.

540 865 817 920 Clrcuihat
839 863 1020 933 itaque
1037 869 1091 917 et
1121 876 1217 932 per
1233 859 1500 921 civitates,
1532 868 1585 912 et
1613 872 1707 926 per
1733 855 1898 919 vicos,
1926 867 2127 925 perque

542 968 842 1025 synagogas
893 969 1076 1008 eorum
1107 951 1350 1008 :doeeos
1395 963 1514 1014 nos,
1561 949 1637 1003 sic
1693 945 1971 1001 maledicta
2020 959 2123 998 non

547 1045 844 1100 maledictis
865 1083 880 1108 ,
908 1046 1001 1099 sed
1045 1042 1317 1098 beneflciis
1351 1041 1640 1110 majoribus
1663 1037 1954 1094 refellenda
1983 1051 2123 1090 esse.

543 1137 678 1194 Nam
707 1138 751 1192 si
783 1147 886 1190 non
945 1147 1160 1204 propter
1208 1135 1472 1196 homines,
1521 1140 1740 1201 propter
1785 1129 1948 1183 Deum
1980 1137 2125 1182 certe

543 1227 817 1284 conservis
844 1226 1098 1282 beneﬁcia
1131 1234 1370 1296 praestas,
1412 1221 1664 1293 quidquid
1711 1221 1782 1276 illi
1829 1231 2003 1288 agant,
2061 1232 2126 1272 ne

545 1331 724 1373 cesses
755 1318 891 1373 bene
930 1317 1122 1380 facere,
1153 1325 1210 1370 ut
1244 1317 1416 1382 major
1453 1314 1521 1366 sit
1563 1324 1806 1366 merces:
1841 1311 1908 1364 ita
1957 1319 2012 1363 nt
2039 1309 2126 1379 qni

543 1419 666 1480 post
692 1410 1012 1464 calnnmiam
1040 1411 1236 1462 illatam
1265 1408 1400 1461 bene
1429 1406 1605 1460 facere
1638 1405 1852 1467 desinit,
1883 1403 2128 1457 ostendat

543 1518 607 1559 se
629 1518 736 1557 non
773 1510 992 1572 proptn
1010 1501 1200 1566 Deum,
1234 1500 1327 1555 sed
1363 1509 1579 1568 propter
1602 1498 1876 1552 hominum
1916 1496 2123 1550 tandem

545 1593 688 1649 banc
711 1603 964 1649 exercere
1002 1593 1266 1646 virtutem.
1303 1590 1426 1644 ldeo
1445 1589 1713 1653 Christus,
1749 1597 1806 1641 ut
1848 1602 1943 1642 nos
1962 1588 2123 1641 doce-

548 1695 648 1745 ret,
667 1698 804 1738 seex
828 1683 938 1736 sola
958 1682 1278 1751 benignitate
1299 1681 1346 1734 id
1365 1694 1540 1750 agerc,
1566 1694 1669 1732 non
1697 1679 1868 1733 solum
1899 1692 2005 1732 non
2033 1692 2127 1732 ex-

547 1773 823 1844 spectabat
852 1786 1022 1841 aegros
1043 1771 1106 1823 ad
1151 1785 1207 1824 se
1233 1769 1434 1834 venire,
1467 1769 1558 1824 sed
1585 1768 1650 1823 ad
1679 1770 1796 1824 illos
1838 1767 2128 1823 contende-

547 1864 658 1926 bat,
692 1863 797 1915 duo
821 1862 1044 1916 maxima
1082 1860 1210 1929 ipsis
1259 1859 1394 1913 bona
1434 1857 1749 1922 conferens,
1790 1859 2126 1927 evangelium

546 1957 693 2024 regni
719 1994 734 2018 ,
774 1965 825 2008 et
874 1954 1179 2006 morborum
1223 1952 1465 2006 omnium
1507 1952 1857 2006 curationem.
1918 1949 2124 2004 Nullam

548 2048 729 2100 urbem
776 2043 1132 2113 despiciebat,
1181 2044 1382 2098 nullum
1431 2047 1614 2097 vieum‘
1646 2043 2121 2114 prastercumbat,

545 2135 638 2189 sed
662 2151 872 2190 onmem
903 2134 1082 2189 adibat
1106 2135 1301 2188 locum.
1336 2132 1439 2188 Sed
1468 2147 1642 2201 neque
1677 2133 1759 2185 hic
1788 2133 2010 2203 gradum
2055 2134 2130 2185 si-

547 2229 658 2292 stit,
692 2242 875 2281 verum
911 2227 1067 2282 aliam
1106 2242 1317 2296 quoque
1349 2226 1735 2294 providentiam
1765 2224 1999 2280 exhibet.
2033 2223 2123 2278 56.

545 2322 672 2374 Cum
714 2320 896 2372 videret
943 2320 1073 2372 enim
1123 2320 1326 2384 turbas,
1382 2320 1642 2371 miseratus
1689 2325 1760 2370 est
1809 2316 1961 2382 illos,
2006 2315 2125 2385 quia

545 2411 706 2466 vexati
736 2419 894 2468 erant,
919 2419 964 2462 et
989 2409 1170 2478 objecti
1189 2412 1328 2480 quasi
1347 2425 1575 2464 ossam
1600 2409 1832 2460 habentes
1853 2417 2123 2476 pastorem.

543 2504 633 2560 37.
659 2502 804 2558 Tunc
826 2503 951 2555 dixit
979 2501 1242 2570 discipulis
1274 2518 1292 2555 :
1341 2500 1527 2557 Hesus
1550 2499 1752 2568 quidem
1788 2502 1968 2563 multa,
2001 2515 2124 2567 ope-

545 2597 671 2649 rarii
696 2606 862 2648 autem
890 2595 1058 2664 pauci.
1084 2595 1173 2649 38.
1207 2593 1402 2664 Rogato
1442 2610 1562 2663 ergo
1609 2593 1885 2646 Dominum
1931 2594 2123 2657 messis,

547 2699 603 2739 ut
627 2687 794 2740 mittat
813 2687 1073 2754 operarios
1099 2688 1151 2740 in
1174 2702 1379 2740 messem
1400 2703 1560 2740 suam.
1584 2685 1714 2742 Vide
1739 2699 1948 2740 rursum
1967 2701 2128 2754 quam

544 2779 611 2830 sit
640 2776 708 2830 ab
751 2776 894 2830 inani
943 2776 1110 2845 gloria
1138 2775 1365 2830 alienus.
1406 2774 1483 2829 Ne
1530 2776 1672 2829 enim
1717 2787 1907 2828 omnes
1957 2775 2022 2829 ad
2069 2790 2128 2829 se

545 2869 894 2935 pertraheret,
931 2866 1221 2935 discipulos
1249 2865 1460 2920 emittit.
1511 2864 1690 2934 Neque
1731 2865 1830 2919 hac
1859 2864 2030 2919 solum
2059 2863 2128 2918 de

545 2971 727 3019 causa.
773 2955 865 3010 sed
919 2955 1038 3011 illos
1083 2955 1388 3019 instituens,
1418 2963 1476 3008 ut
1522 2956 1573 3010 in
1619 2954 1920 3016 Palaestina,
1947 2969 2044 3008 ceu
2073 2955 2126 3007 in

543 3047 771 3116 quadam
815 3047 1060 3116 palmstra
1104 3060 1223 3101 sese
1257 3055 1590 3109 exercentes,
1619 3047 1700 3100 sic
1726 3045 1793 3100 ad
1832 3045 2126 3100 certamina

547 3153 642 3206 per
661 3135 848 3192 orbem
884 3137 1220 3207 suscipienda
1251 3152 1308 3192 se
1337 3146 1719 3208 prmpararent.
1762 3136 1966 3192 Idcirco
2009 3153 2126 3191 ma—

541 3229 660 3297 jora
702 3228 1052 3282 certaminum
1104 3228 1358 3282 exercitia
1403 3228 1572 3296 ponit,
1619 3235 1675 3282 et
1716 3237 1911 3296 quanta
1960 3228 2129 3282 virtus

547 3320 782 3387 ipsorum
805 3317 942 3374 ferre
972 3326 1198 3387 poterat,
1223 3328 1280 3372 ut
1305 3317 1514 3373 facilius
1535 3319 1810 3386 sequentia
1834 3319 2125 3374 certamina

545 3409 755 3464 adirent
797 3429 811 3464 :
853 3411 996 3474 ipsos
1041 3409 1188 3479 quasi
1237 3419 1449 3464 teneras
1499 3411 1732 3466 aviculae
1777 3411 1841 3465 ad
1891 3411 2129 3466 volatum

545 3514 823 3555 exercens.
858 3499 1178 3569 lnterimque
1207 3498 1324 3555 illos
1355 3499 1592 3556 medicos
1611 3515 1897 3570 corporum
1929 3504 2130 3556 conati-

548 3589 667 3654 tuit,
700 3604 980 3643 reservans
1010 3591 1137 3657 ipsis
1166 3590 1218 3644 in
1242 3600 1512 3659 posterum
1542 3593 1803 3648 medelam
1831 3594 2127 3648 animarum

545 3695 664 3750 qua:
702 3680 963 3748 prmcipua
991 3691 1092 3733 est.
1132 3681 1209 3734 Ac
1236 3681 1504 3750 perpende
1547 3682 1815 3751 quomodo
1856 3698 1966 3736 rem
1994 3683 2131 3739 banc

546 3780 601 3826 et
645 3771 848 3826 facilem
882 3781 936 3825 et
967 3772 1323 3825 necessariam
1366 3771 1630 3826 ostendat.
1659 3773 1796 3840 Quid
1826 3773 1970 3827 enim
2017 3774 2133 3827 ait?

551 3863 729 3918 Messis
756 3863 954 3934 quidem
985 3865 1168 3929 multa,
1199 3864 1422 3931 aperarii
1451 3874 1614 3917 autem
1643 3865 1812 3932 pauci.
1841 3865 1964 3919 Non
1985 3866 2132 3920 enim

549 3953 702 4008 mitto
723 3967 836 4017 vos,
859 3953 1044 4022 inquit,
1069 3954 1136 4007 ad
1158 3964 1474 4016 sementem,
1501 3954 1597 4008 sed
1616 3953 1681 4007 ad
1704 3969 1954 4009 messem.
1977 3955 2128 4023 Quod

548 4045 710 4101 etiam
738 4045 788 4097 in
832 4043 1122 4112 Evangelio
1166 4044 1386 4098 Joannis
1414 4045 1547 4100 dixit
1577 4063 1589 4096 :
1624 4046 1724 4098 Alii
1753 4047 2128 4114 laboraverunt,

549 4144 594 4186 st
627 4149 713 4188 vos
740 4134 789 4186 in
819 4134 1038 4188 laborem
1065 4150 1234 4188 eorum
1265 4134 1506 4188 introisti:
1547 4133 1724 4202 (Joan.
1759 4137 1812 4189 4.
1846 4137 1960 4206 58).
2009 4139 2133 4193 llaec

548 4239 712 4302 porro
738 4223 966 4285 dicebat,
995 4235 1048 4277 et
1073 4239 1260 4278 eorum
1307 4225 1674 4280 sublimiorem
1707 4238 1922 4280 sensum
1955 4231 2130 4297 repri-

552 4329 727 4380 mens,
753 4324 806 4369 et
833 4314 900 4368 ad
943 4314 1186 4368 llduciam
1240 4317 1552 4369 sumendam
1607 4316 1898 4381 instruens,
1945 4329 2129 4374 osten-

553 4405 788 4473 deosque
813 4405 1068 4471 majorem
1091 4405 1200 4474 jam
1228 4405 1564 4473 praecessisse
1588 4403 1844 4458 laborem.
1871 4406 2006 4460 Vide
2035 4423 2131 4460 au—

552 4507 660 4550 tem
688 4504 742 4550 et
769 4495 856 4554 hic
886 4496 1034 4548 illum
1066 4511 1096 4548 a
1123 4494 1491 4548 misericordia
1534 4495 1792 4562 incipere,
1835 4510 1940 4549 non
1967 4512 1998 4550 a
2037 4511 2134 4566 spe

555 4584 836 4641 mercedis.
891 4583 1128 4637 Miscrtus
1175 4595 1247 4637 cst
1287 4584 1450 4648 enim,
1481 4585 1616 4652 quod
1657 4593 1820 4636 essent
1863 4586 2046 4650 vexati,
2089 4597 2134 4640 st

551 4677 758 4746 proiecti
787 4677 931 4745 quasi
961 4691 1072 4728 oves
1108 4692 1207 4728 non
1237 4675 1468 4728 habentes
1508 4685 1779 4746 pastorem.
1823 4675 1950 4731 Haec
1979 4680 2131 4748 prin-

551 4769 729 4838 cipum
779 4766 1082 4823 Judaeorum
1135 4766 1406 4820 accusatio
1455 4776 1557 4830 est,
1588 4768 1676 4834 qui
1721 4776 1962 4835 pastores
2010 4785 2131 4824 cum

553 4868 754 4923 essent,
778 4874 896 4914 sese
939 4859 1093 4928 lupos
1115 4857 1462 4914 exhibebant.
1493 4858 1604 4912 Non
1635 4860 1794 4916 modo
1837 4863 1977 4917 enim
2017 4865 2133 4933 ple-

552 4951 672 5020 bem
713 4964 818 5006 non
845 4950 1223 5014 emendabant,
1255 4950 1350 5006 sed
1385 4964 1452 5002 ne
1491 4949 1808 5018 proﬁcerent
1860 4955 1910 5008 in
1941 4957 2132 5012 melius

551 5042 927 5113 impediebant.
964 5044 1072 5097 illis
1119 5043 1297 5112 itaque
1339 5042 1656 5098 mirantibus
1697 5060 1760 5100 ac
1808 5046 2128 5113 dicentibus,

556 5134 846 5203 Numquam
873 5135 1037 5188 simile
1069 5135 1227 5188 visum
1250 5143 1322 5186 est
1351 5134 1402 5186 in
1445 5131 1648 5197 Israel;
1692 5135 1762 5190 illi
1788 5147 1972 5192 contra
2010 5159 2021 5192 :
2065 5140 2130 5196 In

553 5226 776 5295 principe
819 5225 1183 5279 daemoniorum
1230 5227 1365 5295 ejicit
1406 5225 1678 5283 dtemonia.
1727 5228 1830 5284 Sed
1869 5245 2128 5298 quosnam

551 5319 635 5372 hic
661 5318 935 5389 operarios
961 5317 1124 5372 dicit?
1169 5318 1455 5371 Duodecim
1487 5317 1798 5386 discipulos.
1841 5319 1976 5375 Num
2009 5340 2126 5377 cum

550 5408 764 5472 dixerit,
808 5408 1044 5477 Operarii
1095 5410 1265 5477 pauci,
1293 5409 1427 5462 alios
1472 5409 1704 5478 adjecit?
1755 5409 2002 5468 Minime:
2036 5417 2127 5469 sed

551 5501 670 5554 illos
697 5499 894 5555 emisit.
918 5497 1026 5555 Cur
1049 5515 1177 5570 ergo
1203 5499 1349 5562 dicit,
1385 5498 1578 5570 Rogate
1620 5498 1898 5556 Dominum
1935 5509 2126 5570 messis,

550 5602 599 5642 nt
631 5592 793 5642 mittat
841 5591 1099 5659 operarios
1141 5592 1193 5643 in
1236 5608 1444 5644 messem
1473 5607 1636 5654 suam,
1669 5601 1723 5644 et
1751 5593 1953 5647 nullum
2003 5597 2130 5662 ipsis
2205 5598 2207 5600 ’

546 5682 777 5747 adjicit?
807 5681 938 5748 Quia
977 5698 1100 5735 cum
1145 5681 1425 5735 duodecim
1475 5693 1673 5744 essent,
1705 5683 1899 5737 multos
1949 5693 2127 5752 postea

552 5775 747 5845 elfecit,
775 5792 878 5829 non
911 5786 1066 5830 aucto
1097 5792 1343 5841 numero,
1376 5778 1466 5830 sed
1504 5778 1752 5832 virtutem
1778 5779 2012 5848 largitus.

1279 379 1336 435 S.
1377 376 1655 435 JOANNIS
1689 371 2162 432 CHItYSOSTOMl
2203 373 2520 428 ARClllEP.
2561 369 3092 431 CONSTANTINOP.

3713 376 3818 430 380

2308 486 2362 540 ὖ.
2409 487 2609 542 Deinde
2653 487 2942 543 ostendens
2981 496 3240 557 quantum
3286 498 3430 545 esset
3473 485 3696 551 donum.
3722 491 3818 556 ait,

2239 576 2431 647 llogsts
2465 593 2584 649 ergo
2617 577 2889 633 Dominum
2931 581 3125 646 messis,
3158 580 3440 636 obscurius
3481 582 3721 636 declarat
3763 598 3823 638 se

2233 667 2599 721 auctoritatem
2629 666 2847 722 habere.
2878 666 3008 722 Cum
3039 669 3170 723 dicit
3213 671 3378 735 enim,
3408 669 3604 741 Rogata
3636 668 3823 726 Domi-

2235 774 2354 810 mnn
2385 759 2579 820 messis,
2605 760 2748 830 ipsos
2771 759 2898 812 nihil
2931 769 3235 828 precantes,
3262 763 3342 818 vel
3367 766 3616 832 rogantes
3643 766 3823 819 statim

2233 850 2464 914 ordinat,
2493 851 2714 906 Joannis
2743 854 2903 906 verba
2954 853 3083 923 ipsis
3127 868 3586 919 commemorans,
3620 871 3824 921 aream,

2233 943 2608 1006 ventilabrom,
2641 944 2868 1013 paleam,
2895 943 3239 1000 frumentum.
3273 945 3428 1002 Unde
3458 957 3622 1016 patet,
3653 948 3827 1017 ipsum

2231 1046 2354 1087 esse
2383 1033 2694 1103 agricolam,
2725 1034 2917 1088 messis
2945 1035 3252 1098 Dominum,
3285 1052 3494 1092 necnon
3541 1039 3820 1108 propheta-

2233 1134 2372 1178 rum.
2403 1124 2532 1179 Nam
2557 1125 2600 1179 si
2632 1124 2696 1178 ad
2733 1125 3041 1180 metendum
3068 1127 3232 1188 misit,
3259 1128 3432 1197 palam
3463 1140 3541 1182 est
3573 1145 3697 1183 eum
3725 1146 3830 1183 non

2233 1217 2406 1271 aliena
2437 1227 2660 1282 metere,
2689 1216 2786 1271 sed
2818 1233 3030 1286 eaquae
3077 1233 3171 1287 per
3202 1219 3494 1289 prophetas
3519 1222 3828 1276 seminavit.

2233 1308 2414 1378 Neque
2444 1310 2566 1364 hinc
2593 1310 2766 1364 solum
2799 1309 3044 1365 liduciam
3084 1311 3188 1364 illis
3215 1311 3380 1373 dt'dil,
3409 1312 3548 1381 quod
3589 1315 3833 1370 ministe-

2235 1401 2372 1454 rium
2415 1415 2602 1457 eorum
2649 1415 2882 1456 messem
2917 1412 3155 1465 vocaret,
3187 1402 3281 1456 sed
3313 1403 3455 1470 quod
3499 1405 3602 1458 illis
3633 1405 3700 1458 ad
3732 1406 3832 1458 hu-

2229 1490 2463 1558 jusmodi
2514 1492 2873 1548 ministerium
2907 1501 3223 1561 potestatem
3267 1495 3536 1550 indiderit.
3570 1494 3728 1565 (Cap.
3761 1498 3832 1567 Χ)

2236 1583 2284 1633 l.
2330 1580 2396 1634 Et
2434 1585 2740 1645 convocatis,
2773 1585 2869 1647 ait,
2904 1583 3172 1636 duodecim
3220 1586 3485 1654 discipulis
3533 1589 3662 1644 suis.
3694 1587 3834 1642 dedit

2232 1674 2302 1726 cis
2326 1682 2616 1740 potestatem
2642 1674 2910 1743 spirituum
2941 1675 3338 1739 immnndorum,
3374 1688 3426 1728 nt
3458 1679 3700 1748 ejicercnt
3726 1695 3830 1745 eos,

2232 1775 2277 1818 et
2307 1775 2542 1817 curarent
2571 1781 2768 1818 omnem
2813 1764 3108 1835 languorem
3135 1777 3182 1819 ct
3221 1783 3419 1821 omnem
3461 1768 3830 1835 inﬁmitatem.

2234 1855 2393 1923 Atqui
2427 1855 2659 1908 nondum
2710 1854 2940 1921 Spiritus
2992 1867 3107 1909 erat
3137 1855 3294 1910 dotus
3331 1875 3343 1909 :
3399 1856 3648 1912 Nondum
3676 1863 3830 1924 enim,

2234 1945 2424 2014 inquit,
2460 1946 2684 2014 Spiritus
2729 1959 2835 1999 erat
2874 1947 3046 2011 datus,
3093 1949 3213 2017 quia
3259 1947 3409 2004 Jcsus
3453 1953 3682 2005 nondum
3727 1963 3834 2006 erat

2230 2037 2542 2107 gloriﬁcatus
2591 2037 2769 2109 (Joan.
2818 2040 2871 2093 7.
2902 2040 3016 2110 59).
3047 2041 3328 2108 Quomodo
3374 2059 3504 2115 ergo
3543 2046 3834 2113 ejiciebant

2233 2127 2485 2195 spiritus?
2519 2130 2590 2183 Ex
2622 2132 2738 2199 ejus
2768 2143 3037 2202 praecepto
3058 2144 3217 2203 atque
3242 2145 3522 2205 potestate.
3552 2138 3834 2208 Perpende

2231 2229 2410 2274 autem
2444 2222 2571 2276 mihi
2604 2225 2936 2293 apostolatus
2976 2231 3451 2295 importunitatem.
3487 2228 3601 2284 Non
3633 2233 3778 2286 enim
3803 2249 3832 2286 a

2234 2313 2496 2381 principio
2524 2315 2670 2368 misit
2700 2315 2840 2381 illos,
2865 2316 2955 2370 sed
2985 2333 3106 2372 cum
3139 2320 3245 2387 jam
3275 2321 3445 2388 ipsum
3476 2322 3671 2377 idoneo
3700 2337 3831 2378 tem-

2232 2414 2361 2473 pore
2391 2407 2602 2473 sequuti
2632 2417 2832 2470 essent,
2865 2425 2929 2462 ac
2978 2410 3233 2464 vidissent
3281 2423 3547 2467 mortuum
3599 2416 3829 2469 suscita-

2233 2500 2366 2560 tum,
2390 2512 2536 2552 mare
2568 2499 2923 2568 increpatum,
2953 2501 3130 2569 pulsos
3157 2501 3452 2566 dannonas,
3478 2505 3828 2576 paralyticum

2231 2594 2497 2650 sanatum,
2535 2598 2751 2656 peccata
2797 2591 3020 2644 remissa
3044 2633 3058 2656 ,
3091 2592 3362 2661 leprosum
3404 2594 3741 2662 mundatum,
3769 2613 3829 2652 ac

2231 2679 2546 2734 sulilcientia
2592 2683 2871 2749 potestatis
2913 2680 3052 2738 illius
3101 2693 3414 2753 argumenta
3461 2695 3515 2741 et
3545 2702 3642 2756 per
3670 2691 3828 2744 verba

2235 2777 2288 2824 et
2315 2785 2408 2838 per
2437 2783 2600 2840 opera
2638 2773 3008 2840 accepissent:
3045 2781 3168 2828 tunc
3216 2775 3336 2828 illos
3383 2777 3578 2841 mittit;
3626 2794 3731 2832 non
3763 2777 3827 2832 ad

2235 2873 2320 2913 res
2365 2861 2717 2928 periculosas,
2751 2862 2984 2916 nondum
3027 2866 3169 2918 enim
3202 2864 3253 2918 in
3288 2865 3568 2921 l’ala‘stina
3617 2870 3827 2938 pericu-

2231 2950 2338 3003 lum
2369 2963 2516 3014 erat;
2551 2954 2641 3006 sed
2679 2963 2866 3006 contra
2906 2949 3201 3009 calumnias
3249 2965 3448 3011 tantum
3484 2960 3828 3029 pugnandum

2231 3051 2364 3096 erat.
2395 3046 2638 3097 Attamen
2672 3044 2905 3113 pericula
2939 3045 3043 3099 illis
3067 3046 3327 3116 prtudicit,
3359 3061 3588 3121 anteqne
3619 3062 3827 3124 tempus

2231 3133 2354 3186 illos
2382 3148 2667 3204 praeparat,
2695 3149 2748 3190 et
2780 3135 3042 3206 frequenti
3088 3140 3432 3208 pranlictione
3461 3142 3582 3196 illos
3609 3146 3676 3199 ad
3707 3161 3827 3200 cer~

2235 3224 2430 3277 tamioa
2461 3225 2711 3278 instituit.
2745 3227 2945 3282 Deinde
2988 3229 3107 3297 quia
3139 3229 3274 3284 duos
3321 3234 3594 3302 apostolos
3619 3236 3827 3291 dixerat

2234 3313 2410 3378 nobis,
2445 3314 2660 3369 Petrum
2689 3325 2742 3370 et
2789 3318 3073 3386 Joannem,
3100 3331 3155 3375 et
3200 3333 3320 3391 post
3350 3323 3470 3379 illos
3517 3325 3825 3383 Blattlneum

2233 3413 2477 3458 vocatum
2523 3405 2848 3473 ostenderat,
2886 3417 2939 3462 et
2967 3409 3034 3464 de
3082 3411 3308 3465 aliorum
3341 3416 3703 3482 apostolorum
3735 3435 3826 3473 vo-

2232 3496 2444 3552 catione
2480 3513 2541 3552 ac
2578 3499 2792 3552 nomine
2834 3501 2966 3554 nihil
2997 3501 3244 3558 dixerat:
3281 3504 3366 3558 hic
3402 3511 3710 3563 necessario
3739 3525 3822 3565 eo-

2233 3603 2349 3641 rum
2381 3590 2699 3657 catalogum,
2732 3606 3012 3645 numerum
3060 3596 3385 3666 nominaque
3431 3601 3608 3666 ponit,
3637 3602 3714 3655 sic
3751 3602 3824 3656 di-

2235 3695 2406 3734 cens:
2450 3681 2502 3733 2.
2542 3680 2818 3735 Duodecim
2855 3692 3024 3737 autem
3071 3692 3415 3755 apostolorum
3463 3694 3667 3746 nomina
3714 3704 3828 3748 sunt

2237 3774 2380 3824 huic:
2416 3774 2628 3841 primus,
2663 3773 2866 3839 Simon,
2898 3777 2985 3844 qui
3026 3777 3212 3832 dicitur
3262 3779 3468 3835 Petrus.
3512 3781 3644 3838 Nam
3695 3785 3828 3840 alitts

2236 3861 2420 3915 Simon
2442 3871 2577 3926 erat,
2609 3864 2696 3933 qui
2723 3863 3019 3920 Caoanieus
3041 3870 3350 3926 vocabatur.
3395 3875 3456 3927 Et
3480 3873 3646 3929 ludas
3691 3876 3828 3932 lsca-

2235 3953 2430 4016 rietes,
2459 3964 2514 4008 et
2537 3955 2702 4008 .ludas
2730 3955 2934 4011 Jacobi.
2969 3959 3033 4013 Et
3067 3960 3298 4016 Jacobus
3324 3965 3556 4034 Alpbrci,
3589 3981 3641 4023 et
3667 3971 3825 4026 Jaco-

2238 4046 2336 4100 bus
2363 4045 2626 4101 Zebedzei.
2657 4046 2866 4104 Marcus
2897 4066 3023 4104 vero
3054 4055 3347 4108 secundum
3389 4057 3708 4128 dignitatem
3736 4078 3826 4133 po-

2235 4136 2336 4190 suit
2380 4136 2498 4190 illos
2528 4155 2540 4191 :
2575 4139 2772 4192 etenim
2821 4149 2941 4209 post
2977 4141 3114 4196 duos
3164 4146 3480 4214 coryphzeos
3503 4190 3518 4212 ,
3555 4153 3824 4208 Andream

2236 4239 2474 4284 numerat
2504 4229 2692 4300 (Marc.
2726 4232 2778 4287 5.
2817 4233 2924 4302 l8).
2951 4232 3047 4286 llic
3071 4248 3197 4288 vero
3229 4250 3332 4288 non
3360 4239 3456 4303 sic,
3488 4242 3580 4295 sed
3608 4245 3714 4298 alio
3741 4261 3824 4300 or-

2235 4316 2382 4380 dine,
2416 4320 2520 4371 imo
2547 4329 2599 4372 et
2625 4321 2888 4374 Thomam
2920 4336 2979 4376 se
3010 4323 3178 4377 multo
3219 4325 3523 4385 inferiorem
3555 4334 3654 4388 sibi
3679 4347 3826 4390 ante-

2239 4410 2403 4474 ponit.
2434 4409 2542 4464 Sed
2571 4426 2756 4466 eorum
2801 4416 3100 4487 catalogum
3147 4435 3175 4471 a
3221 4423 3480 4490 principio
3531 4427 3820 4486 videamus.

2243 4498 2442 4553 Primus
2473 4501 2650 4555 Simon
2679 4539 2692 4568 ,
2740 4508 2824 4575 qui
2864 4507 3048 4561 dicitur
3079 4509 3282 4574 Petrus,
3308 4524 3360 4566 ct
3399 4515 3627 4573 Andreas
3670 4523 3824 4590 frater

2238 4595 2362 4660 ejus.
2386 4592 2566 4663 Neque
2591 4610 2751 4664 parva
2786 4599 2897 4652 laus
2924 4599 3038 4655 haec
3061 4611 3140 4656 est
3166 4621 3178 4656 :
3222 4603 3370 4658 illum
3392 4621 3423 4660 a
3447 4607 3659 4672 virtute,
3687 4613 3824 4668 hunc

2238 4699 2268 4736 a
2296 4684 2572 4746 nobilitate
2603 4704 2810 4743 morum
2854 4692 3107 4749 laudavit.
3140 4697 3194 4751 ὅ.
3228 4694 3425 4754 Deinde
3461 4700 3684 4760 Iacobus
3726 4705 3823 4762 ls-

2237 4774 2416 4838 bcdtei,
2444 4787 2488 4827 et
2515 4776 2736 4833 Joannes
2763 4785 2922 4850 frater
2941 4784 3072 4849 ejus.
3099 4786 3286 4843 Videu'
3310 4793 3578 4859 quomodo
3608 4813 3711 4850 non
3744 4813 3824 4852 se-

2237 4865 2470 4920 cundum
2497 4867 2802 4938 dignitatem
2835 4875 3039 4943 ponat?
3066 4875 3190 4932 Mihi
3219 4895 3450 4952 namque
3477 4883 3823 4952 videtur,uon

2237 4958 2356 5012 aliis
2392 4959 2574 5026 modo,
2602 4963 2694 5018 sed
2728 4973 2784 5019 et
2811 4965 2976 5023 l'ratre
3002 4985 3212 5042 quoque
3256 4989 3357 5028 suo
3399 4974 3662 5034 Joannem
3707 4995 3825 5036 esse

2237 5050 2519 5117 majorem.
2563 5053 2761 5109 Deinde
2785 5072 2910 5111 cum
2947 5058 3187 5128 dixisset,
3223 5061 3500 5133 Philippus
3526 5077 3573 5122 et
3601 5068 3821 5124 Bari/io-

2239 5140 2468 5206 lomams,
2502 5144 2772 5213 subiunxit
2801 5166 2812 5200 :
2850 5147 3068 5205 Thomas
3120 5162 3166 5206 et
3197 5152 3470 5211 Mattheus
3502 5158 3818 5226 publicanus.

2243 5231 2433 5286 Verum
2482 5248 2582 5286 non
2616 5238 2692 5292 sic
2718 5239 2910 5304 Lucas,
2941 5242 3033 5297 sed
3074 5243 3288 5298 inverso
3328 5247 3538 5314 ordine,
3572 5251 3820 5321 ponitque

2239 5323 2384 5379 illum
2419 5334 2543 5380 ante
2575 5327 2834 5386 Thomam
2876 5332 3029 5401 (Luc.
3077 5335 3130 5390 6.
3180 5337 3288 5406 ll).
3341 5337 3541 5394 Deinde
3584 5345 3818 5410 sequitur

2235 5414 2461 5470 Jacobus
2488 5418 2714 5487 Alphtei.
2739 5421 2864 5476 Erat
2894 5425 3058 5489 enim,
3084 5426 3299 5504 ut’dixi,
3329 5429 3465 5483 alius
3488 5431 3730 5487 lein-dmi
3759 5437 3819 5487 li-

2237 5507 2357 5560 lius.
2390 5507 2579 5564 Postea
2611 5526 2727 5565 cum
2758 5513 2978 5570 dixisset
3009 5505 3312 5581 Lobbueum,
3332 5522 3420 5590 qui
3448 5532 3502 5576 et
3523 5523 3821 5581 Thaddmus

2239 5601 2546 5665 vocabatur,
2578 5613 2631 5655 et
2680 5603 2949 5660 Simonem
2994 5609 3248 5673 Zeloten,
3288 5626 3447 5681 quem
3494 5612 3817 5671 Cananmum

2237 5699 2407 5752 vocat,
2439 5691 2500 5744 ad
2536 5693 2857 5760 proditorem
2890 5699 3036 5753 venit
3069 5717 3082 5752 :
3132 5715 3304 5770 neque
3333 5713 3392 5756 ut
3439 5704 3691 5761 inimicus
3737 5707 3816 5763 vel

2240 5781 2424 5846 hostis,
2459 5785 2550 5837 scd
2585 5795 2639 5838 ut
2685 5787 2960 5845 historiam
3011 5791 3256 5850 scribens
3295 5795 3376 5850 sic
3419 5798 3645 5853 vocavit.
3702 5797 3814 5856 Non
