4094 6466
298 428 394 484 ὖὸι

303 545 467 613 dixit,
514 541 889 599 Exsecrandus
934 539 1017 597 vel
1061 539 1496 604 scelestissimus,
1527 535 1622 591 sed
1663 551 1733 591 cx
1764 533 1896 588 urbe

310 644 485 710 ipsum
509 634 932 708 cognominavit,
965 635 1019 690 ὁ.
1047 631 1218 689 ludas
1253 629 1543 687 Iseariotes.
1577 626 1710 684 Erat
1753 626 1898 681 enim

307 732 445 784 alius
466 729 636 784 ludas
656 727 937 792 Lebbaaus,
955 726 1044 798 qui
1065 721 1549 795 cognominabatur
1573 717 1898 779 'l‘ltaddarus,

304 834 467 891 quem
505 818 690 874 Jacobi
722 833 843 874 esse
873 816 1039 872 lilium
1068 816 1144 870 ait
1179 814 1349 870 Lucas
1375 813 1582 876 dicens,
1608 809 1776 864 ludas
1802 806 1901 861 Jac

302 910 415 964 tabi
442 908 598 980 (Luc.
629 910 684 965 6.
717 908 832 979 16).
865 909 947 964 Μ)
993 906 1097 963 hoc
1143 907 1303 978 igitur
1350 904 1497 958 illum
1541 901 1896 972 distinguens,

301 1004 416 1058 ait:
447 1001 618 1058 Iudas
639 999 929 1064 Iscariotes,
961 1000 1050 1070 qui
1083 999 1293 1053 tradidit
1323 1014 1454 1051 eum.
1505 994 1688 1066 Neque
1737 991 1901 1064 pudet

301 1093 479 1165 ipsum
520 1092 723 1157 dicere,
753 1091 852 1160 Qui
883 1091 1115 1160 prodidit
1153 1090 1346 1160 ipsum.
1389 1087 1463 1142 Ita
1494 1099 1784 1155 numquam
1811 1097 1897 1148 ea,

300 1201 422 1254 qua:
465 1183 835 1254 vituperabilia
865 1181 1181 1237 videbantur
1223 1195 1368 1242 esse,
1412 1176 1895 1248 praetermiserunt.

302 1275 522 1330 Primus
566 1276 806 1330 omnium
835 1282 915 1328 est
948 1271 1268 1344 coryplmus
1299 1271 1583 1326 illiteratus
1611 1276 1666 1323 et
1710 1267 1897 1322 idiota.

302 1364 409 1422 Sed
440 1365 718 1422 videamus
742 1379 850 1436 quo
876 1373 932 1419 et
963 1363 1029 1418 ad
1056 1377 1318 1433 quosnam
1351 1363 1524 1416 mittat
1562 1360 1682 1414 illos
1719 1358 1899 1414 Jesus.

303 1458 358 1515 5.
396 1457 505 1513 Hos
535 1458 821 1522 duodecim,
851 1456 1043 1525 inquit,
1076 1454 1210 1508 misit
1249 1452 1421 1507 Iesus.
1454 1451 1726 1520 Quosnatu
1763 1465 1898 1519 qua-

303 1550 490 1606 leave?
538 1549 855 1612 Piscatores,
905 1546 1265 1618 publicanos:
1307 1560 1429 1599 nam
1476 1553 1705 1614 quatuor
1746 1551 1902 1597 erant

303 1642 629 1712 piscatores,
659 1650 715 1696 et
759 1640 869 1695 duo
912 1639 1205 1710 publicani,
1236 1638 1521 1692 Mattheus
1543 1645 1600 1693 et
1627 1636 1899 1700 Jacobns;

303 1748 551 1804 unusque
583 1732 842 1802 proditor.
876 1733 943 1786 Et
971 1731 1099 1801 quid
1135 1731 1240 1785 illis
1280 1730 1397 1784 ait?
1426 1729 1619 1786 Statim
1663 1730 1904 1800 prtecipit

303 1822 389 1879 ltis
418 1823 599 1879 verbis
632 1841 645 1878 :
678 1821 745 1877 In
774 1823 905 1876 uiam
947 1822 1173 1893 gentium
1207 1839 1271 1876 ne
1295 1821 1538 1887 abici-itis,
1567 1822 1693 1876 etin
1719 1822 1900 1874 civita-

304 1924 404 1969 tem
432 1913 878 1969 Samaritanorum
919 1930 982 1967 ne
1012 1913 1318 1968 iutraveritis
1349 1929 1368 1967 :
1409 1913 1461 1968 6.
1504 1913 1595 1968 sed
1643 1914 1810 1982 potius
1838 1913 1906 1967 ite

303 2005 374 2059 ad
412 2021 528 2059 ores
569 2020 685 2075 qua
727 2006 986 2075 perierunt
1012 2006 1193 2059 domus
1238 2002 1425 2059 Isracl.
1456 2003 1534 2058 Ne
1565 2004 1782 2073 putetis,
1818 2004 1903 2057 in-

303 2096 441 2166 quit,
481 2094 602 2166 quia
655 2095 786 2149 milti
833 2094 1229 2162 conviciantur,
1270 2103 1327 2149 et
1370 2093 1761 2149 dtemoniacum
1811 2109 1905 2148 vo—

305 2193 452 2250 cant,
482 2199 569 2240 me
597 2183 718 2238 idco
744 2183 870 2238 illos
894 2184 1020 2239 odio
1052 2184 1252 2241 habere
1279 2193 1336 2240 et
1368 2183 1605 2240 aversari
1638 2186 1738 2257 (a).
1772 2184 1904 2239 Nam

305 2278 515 2349 priores
541 2277 660 2332 illos
687 2276 979 2334 emendare
1000 2276 1205 2344 studui,
1224 2287 1280 2333 et
1299 2293 1394 2332 vos
1419 2279 1490 2332 ab
1514 2278 1635 2333 aliis
1656 2279 1906 2334 omnibus

304 2370 524 2424 abactos
554 2369 622 2423 ad
667 2369 788 2424 illos
827 2370 980 2424 mitto
1021 2371 1274 2426 doctores
1311 2385 1375 2425 ac
1418 2370 1678 2426 medicos.
1721 2369 1906 2440 Neque

306 2460 468 2515 modo
495 2469 617 2514 veto
644 2476 712 2516 ne
732 2460 851 2514 aliis
871 2469 998 2516 ante
1024 2460 1147 2515 illos
1176 2460 1519 2530 praedicetur,
1540 2460 1636 2516 sed
1668 2475 1738 2515 ne
1765 2461 1903 2514 viam

307 2553 523 2622 quidem
571 2539 839 2621 attingere
883 2567 1002 2621 qua:
1046 2552 1154 2606 alio
1191 2552 1376 2618 ducat,
1404 2567 1504 2608 nec
1547 2552 1600 2606 in
1632 2553 1904 2606 civitatem

313 2644 492 2698 illam'
524 2644 724 2698 intrare
754 2643 1027 2713 permitto.

376 2737 432 2790 4.
462 2735 778 2791 Samaritani
830 2735 973 2791 enim
1015 2734 1324 2791 Judteorum
1374 2745 1530 2790 erant
1566 2735 1859 2790 adversarii
1893 2754 1904 2788 :

305 2837 542 2883 attamen
572 2829 776 2882 facilior
813 2836 932 2883 erat
975 2828 1044 2882 ibi
1078 2827 1420 2897 prtedicatio;
1468 2826 1640 2882 multo
1666 2827 1809 2880 enim
1841 2828 1905 2881 ad

309 2918 470 2974 tidem
497 2918 894 2988 suscipiendam
926 2919 1220 2986 paratiores
1249 2925 1404 2973 crant
1433 2934 1446 2971 :
1479 2917 1531 2972 hi
1561 2931 1692 2973 vero
1720 2917 1904 2972 durio-

307 3027 436 3077 res;
464 3023 831 3067 verumtamen
858 3010 924 3066 ad
953 3009 1253 3065 difﬁciliora
1284 3011 1444 3065 mittit
1470 3011 1588 3064 illos
1607 3051 1621 3074 ,
1651 3010 1729 3065 sic
1758 3025 1908 3065 suam

306 3119 434 3173 erga
463 3103 580 3158 illos
613 3102 1000 3172 providentiam
1027 3101 1319 3156 ostendens
1343 3141 1360 3167 ,
1389 3115 1453 3154 ac
1475 3100 1785 3155 Judteorum
1817 3116 1910 3154 ora

307 3191 563 3249 claudens
584 3234 600 3258 ,
627 3202 792 3263 atque
813 3191 880 3246 ad
913 3191 1278 3262 apostolorum
1302 3191 1743 3262 praedicationem
1771 3192 1910 3246 viam

308 3302 507 3358 parans
529 3328 545 3349 ,
574 3302 644 3343 ne
667 3301 852 3341 rursus
882 3297 1236 3351 accusarent,
1269 3286 1414 3356 quod
1458 3286 1524 3340 ad
1551 3285 1805 3357 Assyrios
1833 3287 1912 3340 in-

307 3383 653 3437 circumcisos
683 3381 911 3451 ingressi
941 3389 1160 3446 essent,
1190 3388 1242 3435 et
1265 3381 1464 3449 justam
1487 3379 1799 3434 viderentur
1822 3379 1914 3432 ha-

309 3473 439 3528 bere
475 3485 692 3526 causam
743 3472 888 3539 ipsos
922 3470 1157 3539 fugiendi
1204 3479 1260 3526 et
1288 3471 1591 3525 aversandi.
1627 3470 1776 3540 ipsos
1815 3487 1912 3525 au-

310 3573 418 3618 tetu
444 3575 580 3643 oves
595 3559 830 3631 perditas
859 3559 1013 3615 vocat
1031 3602 1046 3625 ,
1071 3575 1178 3615 non
1205 3576 1326 3632 qua:
1356 3561 1532 3631 fugam
1555 3563 1911 3630 susceperint,

310 3654 550 3725 undique
578 3655 684 3710 illis
715 3655 883 3709 venia:
920 3653 1140 3708 modum
1184 3654 1533 3724 excogitans,
1571 3654 1916 3724 ipsorumque

310 3747 522 3801 animos
552 3745 868 3816 pertraltens
888 3785 904 3812 ,
934 3760 997 3800 ac
1032 3745 1218 3800 dicens
1244 3763 1256 3799 :
1283 3745 1334 3799 7.
1369 3744 1564 3800 Euntes
1604 3748 1911 3816 pt'wdicate,

311 3839 549 3911 quoniam
577 3838 1002 3909 appropinquavit
1051 3853 1262 3909 regnum
1293 3839 1554 3892 caelorum.
1596 3837 1783 3893 Vidcn’
1811 3839 1913 3892 tui-

313 3932 518 3986 nisterii
571 3929 1027 4001 magnitudinem?
1058 3929 1232 3984 viden'
1278 3930 1643 3999 apostolorum
1681 3931 1913 4000 dignita-

313 4022 466 4078 tem?
495 4020 638 4075 Nihil
672 4021 871 4075 sensile
895 4021 1153 4088 jubentur
1174 4019 1385 4086 dicere;
1414 4035 1514 4076 nec
1539 4023 1677 4076 sicut
1704 4022 1915 4093 Moyses

312 4127 367 4171 et
395 4114 667 4185 prapheta:
691 4115 931 4185 priores;
958 4114 1052 4169 sed
1106 4128 1244 4168 nova
1288 4114 1534 4184 qumdam
1563 4123 1617 4169 ct
1664 4114 1914 4185 inexspe-

314 4216 472 4261 ctata.
501 4205 682 4276 Neque
705 4205 848 4259 enim
873 4204 994 4258 talia
1027 4203 1125 4273 ipsi
1150 4203 1540 4278 praedicabant,
1570 4203 1664 4259 sed
1693 4215 1911 4267 tet-ram,

315 4306 372 4352 et
401 4307 609 4351 terrena
639 4297 776 4350 bona
811 4313 826 4349 :
861 4296 912 4349 hi
943 4292 1122 4350 autem
1145 4311 1368 4366 regnum
1401 4297 1656 4351 caelorum
1677 4339 1692 4364 ,
1721 4307 1772 4351 et
1797 4313 1918 4367 qua:

318 4389 388 4443 ibi
411 4397 535 4442 sunt
563 4389 763 4442 omnia.
802 4387 987 4458 Neque
1031 4386 1155 4442 inde
1184 4388 1361 4443 solum
1395 4387 1446 4442 bi
1496 4387 1729 4459 majores
1754 4397 1913 4453 sunt,

317 4476 414 4534 sed
441 4480 599 4534 etiam
631 4494 697 4534 ex
741 4478 1064 4534 obedientia.
1097 4477 1281 4548 Neque
1320 4479 1462 4534 enim
1503 4491 1790 4548 recusant,
1820 4497 1914 4535 ne-

318 4585 423 4641 que
451 4580 769 4625 cunctantur
809 4571 952 4625 sicut
980 4579 1191 4626 veteres
1216 4570 1289 4626 illi
1315 4573 1335 4602 ¹
1365 4589 1379 4626 :
1409 4571 1502 4627 sed
1532 4572 1741 4628 etiamsi
1773 4573 1917 4643 peri-

318 4663 436 4716 cula
463 4704 479 4728 ,
520 4663 658 4718 bella
689 4671 745 4718 et
772 4662 1127 4718 intolerabilia
1161 4663 1297 4717 mala
1325 4663 1575 4730 audiant,
1602 4679 1723 4719 cum
1755 4665 1915 4720 obse-

235 4771 245 4778 ’
320 4757 534 4826 quentia
566 4757 729 4812 multa
776 4758 1032 4826 imperata
1075 4757 1409 4826 suscipiunt,
1435 4767 1618 4827 utpote
1647 4760 1735 4828 qui
1767 4761 1912 4829 regni

321 4848 427 4900 sint
456 4862 752 4916 prtecOnes.
787 4847 854 4902 Et
883 4848 1009 4916 quid
1044 4849 1275 4913 mirum,
1310 4850 1549 4918 inquies,
1582 4852 1625 4904 si
1658 4850 1788 4904 nihil
1819 4850 1916 4903 du-

322 4957 440 4995 rum
473 4949 528 4994 et
553 4955 800 5008 asperum
826 4940 1161 5010 prmdicatnri
1186 4983 1198 5005 ,
1225 4940 1402 4996 subito
1425 4943 1753 5012 paruerunt?
1776 4941 1913 5009 Quid

324 5030 497 5086 dicis?
529 5030 659 5084 nihil
691 5031 882 5084 durum
918 5031 1209 5101 praedicare
1239 5031 1374 5100 jussi
1424 5034 1582 5086 sunt?
1611 5047 1715 5087 non
1766 5034 1915 5087 audis

323 5135 571 5176 carceres
595 5162 609 5181 .
639 5120 985 5176 abductiuncs
1007 5121 1072 5176 ad
1105 5133 1333 5175 mortem
1355 5164 1369 5187 ,
1400 5122 1536 5178 bella
1557 5124 1734 5180 civilia
1758 5163 1773 5185 ,
1801 5123 1919 5177 ιιιιί-

323 5226 604 5267 vcrsorum
627 5211 829 5274 odium,
852 5227 971 5281 qua:
1001 5214 1177 5266 omnia
1193 5212 1322 5283 ipsis
1341 5213 1499 5284 paulo
1523 5222 1644 5284 post
1662 5222 1918 5269 eventura

326 5320 447 5361 esse
477 5303 726 5358 dicebat?
773 5303 894 5357 Illos
920 5319 1150 5373 namque
1183 5305 1343 5359 mittit
1380 5319 1686 5374 praecones,
1718 5318 1773 5361 ut
1800 5308 1918 5365 aliis

328 5411 606 5452 umnmera
657 5397 792 5451 bona
843 5396 1168 5460 concilient;
1214 5397 1332 5451 illos
1381 5415 1510 5453 vero
1562 5401 1916 5457 iutomrahilia

329 5478 465 5535 mala
502 5491 755 5547 passuros
784 5495 904 5537 esse
929 5483 1055 5537 dicit
1086 5491 1140 5537 et
1170 5487 1510 5550 prmnuntiat.
1547 5488 1746 5544 Deinde
1773 5499 1827 5540 ut
1858 5487 1916 5540 il—

386 5573 403 5603 ί
442 5570 544 5623 Alii.
572 5570 622 5620 in
641 5567 878 5622 ciritalem
900 5569 1328 5620 Samaritanorum.

388 5633 410 5663 ’
445 5631 627 5690 Morel.,
645 5631 769 5682 sicut
788 5631 970 5682 cateri.
1207 5666 1209 5668 -

385 5697 458 5751 (α)
493 5694 630 5802 Aliud
656 5693 816 5742 Morel.
846 5693 995 5742 verba
1021 5700 1189 5761 textus
1211 5694 1356 5762 praei
1382 5708 1491 5756 qnte
1523 5698 1822 5759 respondent
1843 5700 1919 5749 his

385 5758 523 5802 cibus
561 5756 724 5802 atinis.
750 5755 863 5802 auia
894 5754 1016 5802 miht
1039 5762 1466 5802 conrtrtantur.....
1509 5757 1620 5802 odio
1661 5758 1837 5802 habere
1868 5768 1916 5802 ρι

319 5758 523 5806 vocibus
547 5754 724 5815 latinis.
750 5755 863 5815 quia
894 5754 1016 5804 miht
1039 5754 1466 5803 cout'iriantur..'...
1509 5754 1621 5806 odio
1661 5758 1837 5808 habere
1868 5768 1916 5810 et

321 5817 557 5881 mercari,
582 5814 718 5880 lapsu
741 5816 973 5881 graphico
995 5815 1299 5881 exciderant.
1325 5817 1415 5864 Sed
1440 5820 1488 5866 in
1527 5819 1636 5868 aliis
1661 5833 1821 5881 cxeml
1846 5821 1915 5870 Ia-

323 5883 460 5930 ribns
483 5877 820 5938 mentunct
841 5877 901 5926 ad
922 5879 1106 5927 seriem
1127 5879 1456 5938 requiruntur.

1261 418 1328 477 IN
1365 417 1777 477 ιιΑττιιᾸίωι
1820 413 2052 472 ιιοιιῐιι.
2094 413 2311 474 XXXII.
2351 419 2425 476 al.
2464 419 2706 480 XXXIII.

2009 525 2090 580 los
2106 524 2210 582 llde
2229 527 2421 598 dignos
2437 530 2646 597 reddat,
2666 531 2742 588 ait
2765 551 2780 588 :
2804 532 2858 589 8.
2892 532 3137 605 lit/imas
3157 549 3350 608 curate,
3380 543 3607 613 leprosos

2007 617 2245 672 mandate
2262 620 2277 650 ¹
2288 660 2303 684 ,
2323 619 2579 676 daemonia
2593 623 2758 694 ejicite
2774 641 2792 679 :
2808 628 2968 697 gratis
2983 630 3270 699 accepistis,
3289 634 3448 703 gratis
3465 634 3600 690 datr.

2004 707 2137 762 Vide
2161 711 2433 780 quomodo
2463 728 2673 769 morutn
2704 730 2887 771 curam
2919 717 3117 775 habeat
3136 760 3152 786 ,
3194 723 3420 791 perinde
3440 733 3605 795 atque

2003 799 2276 870 signorum
2303 844 2318 867 ,
2349 804 2642 861 ostendens
2668 806 2817 878 signa
2844 808 2964 866 sine
3007 812 3248 868 moribus
3276 814 3408 869 nihil
3459 831 3604 873 esse.

2002 889 2134 946 Nam
2188 908 2256 948 ne
2309 894 2474 949 altum
2550 899 2806 967 sapiant,
2861 902 3007 970 ipsos
3054 904 3304 971 reprimit
3368 905 3602 963 dicens:

2003 980 2174 1039 Gratis
2201 986 2468 1054 accepistis
2489 1028 2504 1053 ,
2532 990 2692 1059 gratis
2718 989 2868 1056 date;
2896 1000 2950 1046 et
2978 1001 3034 1048 ut
3059 994 3128 1048 ab
3148 1009 3334 1051 amore
3363 999 3606 1067 pecunia:

1999 1073 2325 1143 abstineant,
2357 1079 2620 1148 providet.
2648 1080 2854 1139 Deinde
2881 1099 2948 1138 ne
2978 1093 3296 1155 putarentur
3317 1087 3434 1145 inec
3456 1099 3602 1148 tanta

1998 1180 2162 1238 opera
2187 1169 2257 1222 ab
2283 1170 2390 1225 illis
2419 1171 2684 1242 proficisci
2706 1216 2721 1239 ,
2753 1190 2889 1232 neve
2921 1177 2989 1233 de
3029 1177 3197 1249 signis
3224 1183 3602 1254 superbirent,

1998 1260 2070 1313 ait
2098 1275 2113 1311 :
2143 1258 2314 1316 Gratis
2351 1265 2635 1333 accepistis.
2663 1265 2805 1324 Nihil
2832 1267 3097 1339 largimini
3129 1271 3196 1328 iis
3221 1275 3314 1343 qui
3338 1289 3436 1330 vos
3460 1278 3606 1335 reci-

2000 1353 2152 1423 piunt
2181 1371 2196 1408 :
2227 1370 2402 1426 neque
2455 1357 2598 1412 enim
2653 1358 2708 1414 in
2740 1361 3047 1417 mercedem
3076 1363 3159 1419 vel
3209 1379 3308 1434 pro
3329 1365 3605 1428 laboribus

1999 1445 2086 1499 illa
2117 1446 2402 1516 accepistis
2431 1466 2445 1503 :
2474 1465 2591 1504 mea
2618 1452 2817 1522 quippe
2845 1461 2930 1508 est
2955 1454 3147 1526 gratia.
3182 1455 3385 1513 Eodem
3425 1460 3604 1531 itaque

2000 1540 2162 1594 modo
2206 1541 2314 1596 illis
2354 1542 2482 1598 date
2506 1561 2519 1596 :
2547 1559 2724 1614 neque
2749 1546 2894 1601 enim
2948 1547 3272 1620 condignum
3324 1552 3455 1619 ipsis
3483 1569 3605 1622 pre-

2001 1633 2130 1687 tium
2164 1635 2402 1706 reperire
2430 1646 2534 1692 est.
2579 1637 2786 1694 Deinde
2833 1641 3099 1696 malorum
3152 1644 3387 1700 radicem
3417 1647 3600 1701 statim

1998 1727 2268 1796 cvellens,
2305 1729 2380 1784 ait
2409 1750 2423 1785 :
2452 1729 2505 1786 9.
2539 1729 2715 1786 Nolite
2744 1733 3003 1804 possidere
3045 1752 3228 1790 astrum
3249 1779 3265 1802 ,
3319 1755 3478 1807 neque
3515 1757 3604 1794 ar-

1997 1827 2204 1888 gentum
2235 1861 2250 1886 ,
2295 1836 2456 1890 neque
2494 1824 2758 1891 pecuniam
2809 1826 2862 1878 in
2910 1843 3054 1881 zoms
3095 1829 3308 1893 uestris,
3354 1830 3442 1886 lo.
3500 1848 3604 1887 non

2000 1927 2171 1978 peram
2200 1912 2268 1964 ad
2301 1913 2456 1980 viain,
2486 1929 2645 1985 neque
2664 1915 2795 1970 duas
2821 1918 3037 1982 tunicas,
3061 1936 3220 1988 neque
3239 1921 3601 1987 calceamenta,

1998 2017 2160 2070 neque
2184 2003 2398 2074 uirgam.
2421 2003 2536 2059 Non
2562 2005 2718 2072 dixit,
2745 2006 2860 2062 Non
2885 2009 3162 2077 accipiatis
3188 2010 3489 2077 vobiscum;
3507 2013 3603 2069 sed

1998 2095 2209 2150 etiamsi
2236 2095 2454 2152 aliunde
2480 2098 2654 2168 possis
2680 2099 2946 2169 accipere,
2967 2099 3088 2171 fuge
3108 2101 3306 2154 malum
3330 2103 3594 2160 morbum.

2000 2183 2112 2240 lloc
2135 2185 2278 2241 enim
2307 2198 2581 2258 pra'cepto
2607 2189 2774 2244 multa
2818 2191 3098 2246 commoda
3139 2191 3416 2248 obtinebat
3442 2208 3458 2246 :
3488 2195 3602 2266 pri-

2000 2291 2109 2339 mo,
2143 2286 2202 2330 ut
2225 2278 2368 2332 nulla
2399 2278 2470 2334 sit
2494 2280 2563 2336 de
2587 2280 2866 2350 discipulis
2895 2282 3162 2351 suspicio;
3190 2284 3432 2339 secundo
3452 2327 3469 2350 ,
3498 2285 3604 2343 illis

2004 2379 2193 2424 curam
2214 2378 2430 2420 omnem
2455 2365 2666 2430 adimit,
2687 2365 2760 2421 ita
2778 2374 2838 2421 ut
2863 2367 3035 2422 otium
3050 2370 3283 2426 omnein
3296 2374 3600 2442 praedican-

2005 2455 2074 2506 do
2113 2455 2282 2508 verbo
2325 2463 2684 2519 consumant;
2722 2455 2902 2518 tertio,
2927 2469 3082 2509 suam
3119 2457 3240 2512 illos
3268 2469 3594 2539 potestatem

1999 2548 2176 2603 docet.
2209 2550 2322 2604 lloc
2347 2552 2510 2606 etiam
2542 2563 2730 2621 postea
2762 2552 2892 2607 dicit
2935 2554 3040 2608 illis
3070 2571 3083 2605 :
3119 2554 3252 2608 Num
3281 2555 3407 2624 quid
3435 2555 3605 2612 dt-t‘uit

2002 2641 2178 2705 vobis,
2206 2643 2422 2712 quando
2448 2659 2546 2699 vos
2579 2645 2699 2700 misi
2751 2645 2928 2700 nudos
2968 2657 3020 2700 et
3068 2647 3186 2703 sine
3225 2649 3467 2704 calceis?
3493 2649 3603 2706 Ne-

1999 2748 2104 2801 que
2133 2735 2312 2788 statim
2368 2735 2536 2802 dicit,
2595 2735 2773 2791 Nolite
2838 2738 3136 2807 possidere;
3179 2741 3271 2794 sed
3322 2751 3603 2812 postquam

1999 2827 2176 2881 dixit:
2220 2826 2476 2896 Leprosos
2504 2831 2778 2896 mandate,
2807 2833 3060 2887 dtemom'a
3108 2835 3306 2906 cjicite,
3361 2846 3487 2892 tunc
3531 2836 3605 2891 ita

2004 2917 2240 2987 loquitur
2262 2960 2277 2982 ,
2324 2918 2502 2974 Nolite
2537 2921 2837 2990 possidere;
2867 2933 3029 2994 atque
3061 2925 3244 2995 adjicit
3268 2967 3282 2989 ,
3313 2925 3487 2981 Gratis
3515 2944 3604 2983 ac-

2002 3010 2206 3079 cepistis
2231 3052 2247 3076 ,
2276 3012 2435 3081 gratis
2461 3012 2616 3078 date;
2648 3013 2885 3083 ipsisque
2915 3016 3140 3086 etquod
3180 3028 3604 3073 consentaneum

2001 3103 2307 3175 decensque
2330 3115 2538 3173 erat,ct
2571 3106 2712 3176 quod
2746 3107 2998 3176 possibile
3043 3110 3218 3180 reipsa
3253 3111 3456 3166 tribuit.
3499 3110 3606 3168 Sed

2001 3194 2196 3250 dixerit
2229 3197 2367 3253 forte
2395 3198 2693 3268 quispiam,
2728 3209 2923 3255 caetera
2953 3202 3170 3272 quidem
3222 3205 3415 3260 rationi
3466 3221 3599 3261 con-

2001 3296 2257 3342 sentanea
2302 3303 2464 3353 esse,
2493 3288 2586 3344 sed
2640 3305 2746 3345 non
2791 3307 2975 3360 peram
3021 3292 3186 3348 invia
3238 3294 3469 3361 habere,
3498 3312 3606 3352 non

2001 3378 2133 3432 duas
2161 3379 2388 3443 tunicas,
2421 3395 2526 3434 non
2555 3381 2780 3450 virgam,
2813 3397 2916 3437 non
2943 3384 3305 3439 calceamenta
3335 3402 3434 3442 cur
3466 3405 3609 3458 prae.

2001 3470 2186 3540 cepit?
2226 3469 2294 3526 Ut
2324 3471 2445 3526 illos
2474 3471 2542 3526 ad
2576 3485 2884 3528 accuratam
2934 3476 3057 3531 vitae
3097 3479 3359 3535 rationem
3385 3482 3609 3538 omnino

2002 3573 2286 3619 exerceret
2314 3580 2326 3617 :
2361 3564 2625 3635 siquidem
2653 3567 2900 3635 superius
2927 3583 2995 3622 nc
3019 3567 3088 3624 de
3114 3573 3357 3646 sequenti
3386 3573 3605 3643 quidem

2002 3652 2091 3709 die
2115 3670 2304 3709 curare
2331 3655 2597 3726 permisit.
2621 3654 2752 3710 Nam
2775 3657 2892 3712 orbi
2913 3659 3162 3714 doctores
3185 3661 3446 3716 missurus
3468 3673 3605 3725 erat,

2005 3747 2235 3818 ideoque
2260 3764 2324 3803 ex
2355 3749 2663 3803 hominibus
2691 3751 2911 3819 angelos
2931 3792 2949 3819 ,
2983 3761 3040 3807 ttt
3069 3754 3139 3808 ita
3171 3754 3346 3809 dicam
3371 3797 3386 3821 ,
3419 3755 3604 3823 efﬁcit,

2004 3838 2072 3892 ab
2088 3840 2233 3893 omni
2252 3841 2373 3894 vita:
2389 3854 2517 3894 cura
2537 3841 2770 3903 solvens,
2794 3851 2849 3896 ut
2874 3859 3032 3896 unam
3054 3845 3125 3897 illi
3144 3844 3442 3901 doctrinam
3465 3863 3611 3902 curae

2005 3939 2161 3985 rcut:
2193 3931 2301 3984 imo
2328 3939 2381 3984 et
2429 3930 2528 3984 hac
2573 3930 2693 3984 illos
2732 3945 2861 3985 cura
2913 3933 3141 3998 liberat,
3181 3936 3366 3991 dicens
3393 3956 3407 3991 :
3434 3936 3612 3995 Nolite

2006 4021 2225 4090 cogitare
2248 4022 2499 4088 quomodo
2529 4031 2617 4074 aut
2661 4022 2784 4092 quid
2822 4020 3103 4091 loquamini
3134 4024 3349 4092 (Matth.
3372 4027 3460 4083 16.
3493 4030 3607 4100 l9).

2008 4110 2082 4164 lta
2111 4121 2167 4166 ut
2196 4111 2338 4180 quod
2370 4111 2581 4166 videtur
2607 4111 2802 4167 durum
2829 4128 3229 4185 onerasnmque
3257 4132 3398 4182 esse,
3424 4118 3472 4172 id
3502 4119 3611 4175 illis

2008 4203 2163 4259 facile
2203 4203 2622 4273 expeditumque
2667 4204 2757 4259 sit.
2804 4204 2945 4259 Nihil
2977 4207 3119 4260 enim
3169 4207 3610 4276 tranquillitatem

2007 4296 2172 4352 animi
2218 4297 2385 4366 magis
2427 4297 2605 4366 parit,
2639 4311 2801 4366 quam
2846 4311 2878 4350 a
2923 4311 3049 4352 cura
3098 4296 3349 4366 liberari;
3381 4303 3616 4359 maxime

2006 4407 2128 4445 cum
2152 4389 2251 4445 hac
2272 4390 2505 4455 liberati,
2529 4398 2749 4458 possent
2770 4389 2918 4444 nullo
2938 4404 3073 4460 opus
3097 4389 3316 4458 habere,
3342 4391 3454 4448 Deo
3477 4408 3613 4462 przeo

2009 4492 2162 4537 sente
2185 4523 2201 4547 ,
2233 4480 2322 4550 qui
2355 4483 2594 4534 omnium
2623 4481 2739 4535 vice
2775 4480 2907 4550 ipsis
2932 4496 3054 4536 esse
3095 4483 3284 4551 possit.
3317 4482 3519 4538 Deinde
3546 4500 3615 4540 ne

1981 4643 1984 4645 Α
2009 4573 2222 4635 dicant,
2259 4571 2411 4627 Unde
2441 4585 2570 4643 ergo
2601 4573 2913 4627 necessario
2944 4571 3067 4627 cibo
3096 4572 3376 4628 fruemur?
3405 4591 3511 4630 non
3533 4575 3619 4630 di-

2007 4665 2081 4719 cit
2110 4665 2216 4719 tltts
2247 4681 2261 4717 :
2287 4665 2524 4719 Audistis
2551 4665 2673 4729 quia
2694 4663 2805 4719 dixi
2835 4665 2987 4719 vobis
3019 4665 3164 4734 prius
3194 4681 3209 4720 :
3245 4665 3498 4736 Respicite
3524 4686 3616 4724 so-

2011 4760 2173 4814 latilia
2198 4751 2312 4822 ctuti
2335 4756 2548 4825 (Matth.
2579 4758 2630 4812 6.
2657 4757 2750 4828 26)
2804 4749 3042 4814 nondum
3064 4760 3206 4814 enim
3236 4770 3483 4830 poterant
3514 4763 3620 4817 tale

2013 4862 2337 4923 pra-captum
2368 4850 2626 4919 operibus
2653 4850 2947 4918 exhibere,
2994 4853 3087 4906 sed
3121 4852 3223 4908 hoc
3255 4854 3410 4924 longe
3439 4855 3618 4912 minus

2016 4946 2220 5000 induxit
2266 4962 2280 4999 :
2330 4943 2529 5016 Dignus
2567 4954 2640 4998 est
2689 4947 2956 5016 operarius
3002 4945 3115 4999 cibo
3156 4963 3251 5001 suo
3287 4965 3305 5003 :
3335 4947 3619 5004 declarans

2016 5039 2160 5109 ipsos
2189 5053 2218 5091 a
2250 5037 2527 5108 discipulis
2553 5053 2674 5093 esse
2722 5039 2946 5094 alendus
2967 5081 2981 5104 ,
3015 5050 3072 5094 ut
3118 5055 3185 5095 ne
3216 5041 3312 5109 ipsi
3354 5041 3618 5097 adversus

2015 5127 2306 5200 discipulos
2347 5130 2512 5184 altum
2541 5139 2830 5198 saperent,
2871 5132 3024 5203 quasi
3069 5132 3248 5186 omnia
3279 5131 3580 5200 przcbentcs
3602 5176 3616 5198 ,

2018 5222 2254 5293 nihilque
2292 5222 2623 5292 accipientes
2651 5222 2719 5276 ab
2749 5223 2886 5289 illis;
2918 5238 3092 5294 neque
3142 5222 3391 5293 discipuli
3435 5223 3613 5279 disce-

2016 5316 2202 5370 derent
2227 5315 2296 5371 ab
2327 5317 2429 5370 illis
2457 5315 2719 5384 despecti.

2086 5412 2141 5464 5.
2175 5407 2376 5463 Deinde
2402 5450 2417 5472 ,
2448 5425 2515 5462 ne
2543 5411 2792 5463 dicerent
2823 5427 2836 5462 :
2870 5409 3010 5478 Ergo
3042 5423 3141 5462 nos
3174 5423 3270 5478 pro
3299 5409 3437 5460 \ictu
3469 5423 3610 5461 men-

2019 5504 2196 5559 dicare
2221 5501 2422 5570 jubes?
2451 5502 2648 5568 illaque
2696 5516 2784 5555 res
2827 5501 2955 5570 ipsis
2987 5499 3174 5569 pudori
3224 5509 3408 5554 esset:
3457 5514 3605 5552 mon-

2021 5605 2148 5651 strat
2188 5593 2236 5647 id
2261 5610 2289 5647 a
2323 5592 2599 5661 discipulis
2629 5591 2838 5658 deberi,
2871 5593 2998 5646 dum
3030 5593 3186 5658 illos,
3220 5590 3528 5662 operarios,
3560 5601 3615 5646 et

2082 5706 2096 5736 ¹
2136 5698 2374 5769 Nonnulli
2402 5705 2508 5769 post
2540 5700 2646 5751 hzec
2677 5700 2846 5758 verba,
2884 5698 3093 5762 leprosos
3119 5696 3362 5754 mundule,
3404 5697 3605 5757 habent,

2022 5773 2225 5816 mortuos
2246 5767 2487 5811 suscitata.

2077 5835 2097 5864 ’
2124 5834 2180 5880 1η
2208 5842 2443 5879 Διοιιμοο
2467 5830 2605 5876 (τηις)
2644 5825 2808 5873 Montf.
2861 5831 2912 5871 et
2939 5825 3141 5878 tiauIne,
3168 5821 3408 5881 singulari
3440 5821 3595 5882 lapsu.

2019 5893 2155 5941 Eutr.
