4094 6482
545 435 652 494 ω
1270 435 1327 482 δ.
1366 435 1642 479 suam
1667 435 2114 478 ιωωιδυῠιυιι

542 547 686 621 qttod
727 546 885 618 datae
902 584 920 611 ,
944 538 1244 599 mercedem
1273 578 1289 603 ,
1315 544 1489 591 vocat.
1531 531 1610 591 lle
1643 531 1875 602 putetis,
1904 524 2114 596 inquit,

543 640 852 709 omnem
881 635 974 690 illa
997 643 1105 690 tota
1134 632 1185 686 in
1207 628 1383 685 verbis
1402 625 1648 682 consistit
1671 664 1687 689 ,
1707 627 1929 692 parvum
1958 631 1990 673 a
2020 630 2118 671 τοι-
2145 627 2149 632 '

545 727 950 791 bishenellcium
980 718 1402 794 pra'heri;;mtslti
1425 731 1655 787 namque
1673 711 1868 770 laberis
1895 725 1982 765 res
2007 718 2110 763 est;

547 797 796 890 quodque
825 819 954 874 dant
986 816 1136 885 iiqui
1170 813 1447 875 docentur,
1474 825 1580 863 non
1608 806 1772 877 gratis
1802 803 2115 872 largiuntur,

545 912 638 966 sed
673 911 722 964 id
747 906 1150 966 nierocdialmo
1176 902 1496 964 habendum;
1524 898 1716 968 Dignus
1743 905 1814 949 est
1839 893 1970 947 enim
1999 906 2121 958 ope-

553 997 966 1062 rariussumsde
989 1011 1099 1050 ua.
1137 994 1251 1049 lloc
1290 1003 1466 1046 autem
1500 989 1658 1055 dicit,
1690 993 1796 1040 non
1825 981 1963 1052 quod
1990 979 2145 1034 tanti-

549 1091 721 1146 sulum
749 1086 1044 1156 apostolici
1105 1077 1589 1145 labureshsbendi
1620 1076 1736 1135 ‘siut
1753 1107 1776 1140 ,ι
1821 1074 1994 1133 absit;
2025 1069 2119 1130 Sed

546 1180 686 1251 quod
717 1179 818 1232 illis
834 1179 1138 1240 constituat,
1163 1189 1230 1230 ne
1256 1174 1375 1243 plus
1399 1170 1596 1240 aliquid
1623 1175 1880 1238 qnmrant,
1905 1173 1959 1219 ct
1989 1180 2122 1233 prmo

553 1256 802 1341 bentibus
826 1268 1161 1330 suade-Lee
1189 1279 1294 1322 non
1315 1277 1380 1321 es
1415 1262 1732 1320 liberalitate
1758 1257 1886 1312 illud
1918 1270 2116 1323 suppeo

546 1361 859 1428 δίαινε...κά
888 1375 962 1416 οι
980 1359 1180 1414 debito.
1209 1359 1294 1412 11.
1324 1354 1388 1412 In
1409 1346 2124 1424 qudmcumqueciuitatenwcl

546 1457 710 1516 virum
726 1451 1058 1515 Quaeritis,
1081 1453 1392 1524 interrogate
1410 1447 1524 1517 quis
1552 1445 1736 1515 dignus
1763 1443 1816 1503 in
1831 1442 1927 1495 illa
1955 1440 2042 1501 sit,
2074 1447 2120 1492 et

544 1533 871 1599 illic'ntauete
897 1543 1055 1597 donec
1099 1542 1344 1600 oderitis.
1359 1535 1740 1607 Neque-enim,
1769 1533 1939 1602 inquit
1957 1573 1971 1597 ,
2000 1529 2120 1600 qui]

544 1632 686 1693 dixi.
716 1630 914 1701 Dignus
937 1641 1021 1697 est.
1039 1628 1299 1701 operarius
1384 1627 1494 1685 cibo
1547 1640 1642 1679 suo
1696 1625 1713 1657 ι
1736 1665 1751 1689 ,
1779 1621 2014 1677 omnium
2034 1619 2120 1686 ja»

549 1737 681 1778 nuas
702 1724 849 1778 vobis
878 1723 1091 1793 aperui;
1117 1719 1212 1775 sed
1240 1718 1327 1774 hic
1353 1732 1564 1787 quoque
1581 1715 1804 1770 multam
1829 1711 2126 1770 accuratio-

549 1829 677 1870 nem
701 1822 915 1883 expeto.
953 1811 1086 1865 illud
1131 1811 1274 1864 enim
1319 1809 1469 1862 vobis
1508 1807 1649 1861 laudi
1682 1803 1974 1872 honorique
1997 1803 2120 1865 erit,

551 1902 709 1958 etiam
743 1904 794 1955 in
823 1903 995 1957 victus
1023 1899 1346 1956 ratiunc.Si.
1377 1899 1518 1952 enim
1554 1894 1858 1965 dignus-ille
1886 1893 1976 1955 sit,
2007 1908 2121 1945 om-

548 1995 673 2060 nino
700 1994 872 2048 cibum
913 1991 1268 2061 suppeditabit
1294 2007 1308 2053 ;
1343 1989 1677 2056 maximeque
1709 1987 1753 2039 si
1785 1984 1992 2040 nonnisi
2022 1997 2122 2037 ne-

545 2084 770 2138 cessaria
805 2084 1014 2152 petatis.
1065 2082 1179 2136 Non
1231 2081 1390 2135 modo
1435 2087 1612 2135 autem
1650 2078 1839 2146 dignos
1883 2089 2122 2146 quaerere

548 2175 1248 2244 pracipikscdseltatetiam
1274 2190 1340 2228 ne
1367 2172 1435 2226 de
1454 2172 1614 2226 domo
1638 2171 1692 2224 in
1711 2170 1933 2224 domum
1960 2178 2120 2222 trans~

549 2273 695 2339 astu,
727 2279 802 2319 ne
820 2279 878 2318 se
901 2264 1251 2334 excipientem
1280 2262 1567 2326 olIendant,
1599 2275 1733 2316 neve
1749 2259 2041 2330 ipsileves
2070 2268 2122 2312 et

545 2354 714 2417 ventri
742 2353 910 2408 dediti
937 2355 1251 2410 habeantur.
1282 2353 1335 2407 ld
1359 2353 1497 2406 enim
1520 2352 1807 2407 declaravit
1827 2351 1908 2405 his
1924 2347 2120 2412 verbis,

545 2444 629 2501 Illi
655 2457 849 2502 utusete
875 2447 1032 2500 donec
1061 2446 1297 2500 esieritis.
1325 2445 1474 2512 Quod
1508 2443 1666 2498 etiam
1705 2459 1770 2497 ex
1798 2444 1918 2496 aliis
1956 2456 2121 2496 evan-

545 2538 977 2610 gelESIis(Harc.
1005 2540 1057 2594 6.
1092 2539 1214 2591 Luc.
1265 2537 1365 2605 10)
1397 2537 1530 2591 disci
1579 2544 1770 2604 potest.
1804 2535 1989 2588 \‘ideu’
2017 2549 2122 2601 quo

548 2639 702 2700 pacto
725 2631 844 2684 illos
872 2630 1271 2695 honoratiores,
1301 2636 1354 2682 et
1378 2642 1472 2683 eos
1492 2627 1581 2697 qui
1611 2627 1840 2695 hospitio
1864 2627 2124 2694 rccipiunt

546 2723 910 2792 diligentiores
936 2722 1125 2787 faciat,
1160 2720 1450 2775 ostendens
1478 2720 1595 2772 illos
1622 2719 1855 2772 maxime
1897 2718 2120 2781 lucrari,

544 2826 600 2871 et
628 2815 693 2868 ad
713 2815 964 2885 gloriam,
1001 2823 1056 2868 et
1091 2814 1156 2868 ad
1186 2810 1498 2867 utilitatem?
1547 2810 1746 2864 Deinde
1771 2810 1837 2864 de
1881 2809 1979 2862 hac
2009 2809 2119 2876 ipsa

546 2919 605 2961 re
647 2904 724 2959 sic
766 2903 1104 2973 prosequitur
1138 2921 1151 2954 :
1193 2901 1276 2954 12,
1309 2903 1569 2954 latrantes
1615 2910 1781 2953 autem
1806 2901 1858 2952 in
1883 2903 2120 2964 domum,

544 2996 756 3049 salutate
795 2993 957 3046 illam.
994 2994 1076 3048 13.
1112 2991 1176 3045 Et
1215 2994 1259 3046 si
1295 2993 1495 3060 quidem
1533 2992 1688 3063 fuerit
1714 2989 1894 3045 domus
1934 2991 2118 3058 digna,

545 3088 707 3140 vettiat
731 3101 834 3152 pas:
859 3094 1020 3138 vestra
1047 3099 1201 3152 super
1228 3084 1370 3136 illam
1398 3099 1416 3136 :
1443 3082 1486 3135 si
1525 3093 1692 3135 autem
1735 3097 1839 3134 non
1862 3081 2014 3147 fuerit
2042 3081 2122 3133 di-

544 3192 644 3244 gna
668 3216 682 3237 ,
712 3190 815 3240 pax
845 3184 1002 3226 vestra
1029 3174 1098 3226 ad
1121 3189 1208 3226 vos
1225 3182 1520 3227 revertatur.
1553 3172 1734 3227 Viden‘
1759 3187 1916 3242 quam
1943 3174 2120 3226 minu-

545 3265 691 3319 tatim
748 3265 860 3318 hinc
909 3263 1224 3334 praecipiat?
1293 3263 1358 3316 Et
1406 3263 1528 3332 jure
1580 3264 1813 3333 quidem.
1881 3262 2121 3319 Athletas

545 3357 737 3426 quippe
765 3355 1036 3424 religionis
1073 3364 1122 3410 et
1161 3369 1433 3422 praecones
1459 3354 1604 3408 orbis
1654 3354 1899 3419 instruxit,
1928 3362 1982 3408 et
2024 3353 2123 3408 hac

546 3447 751 3502 ratione
782 3445 902 3500 illos
931 3455 983 3499 et
1013 3444 1396 3499 moderatiores
1426 3443 1600 3499 reddit
1638 3455 1691 3500 et
1735 3444 2081 3512 optabiliores
2100 3485 2115 3509 ,

547 3536 830 3607 adjicitque
864 3556 877 3591 :
913 3537 999 3590 16.
1036 3534 1103 3591 Et
1127 3537 1427 3606 quicumque
1454 3551 1554 3589 non
1584 3537 1853 3604 susceperit
1881 3551 1993 3598 vos,
2028 3552 2119 3588 ne-

546 3645 641 3698 que
683 3629 896 3683 audierit
938 3643 1187 3681 sermones
1233 3637 1418 3681 uestros
1443 3669 1458 3693 ,
1499 3639 1731 3681 exeuntes
1780 3644 1841 3680 ea:
1871 3627 2020 3679 domo
2046 3627 2121 3679 vel

547 3719 742 3773 civitate
781 3719 1151 3783 illa,.e.rcutite
1190 3718 1442 3787 pulverem
1485 3718 1668 3787 pedum
1696 3726 1990 3770 vestrorum.
2035 3717 2120 3771 15.

549 3811 708 3864 Amen
734 3808 844 3861 dico
873 3807 1005 3863 vobis
1027 3849 1044 3871 ,
1072 3807 1379 3862 tolerabilius
1410 3809 1501 3859 erit
1527 3816 1676 3868 terra
1705 3805 2043 3862 Sodomorum
2079 3816 2123 3860 et

545 3899 842 3956 Gomorrlue
894 3900 943 3951 in
987 3900 1064 3951 dic
1086 3898 1268 3966 judicii
1292 3939 1305 3959 ,
1346 3899 1733 3968 qnam_cisitati
1773 3898 1866 3950 illi.
1901 3897 1976 3952 Ne
2001 3898 2121 3966 quia

548 3990 780 4052 docetis,
814 3991 981 4059 inquit
1000 4031 1014 4051 ,
1039 3963 1157 4043 ideo
1181 3963 1754 4059 exspectetiszsalntcm
1783 3991 1848 4044 ab
1876 3992 1994 4045 aliis
2019 3993 2122 4046 dici

505 4083 731 4140 -\'ohis.
774 4081 869 4135 sed
915 4079 1068 4150 primi
1119 4079 1257 4134 hunc
1313 4079 1572 4136 honorem
1611 4079 1878 4134 exhibete.
1929 4081 2125 4137 Deinde

549 4175 836 4231 ostendens
865 4189 979 4228 eam
1012 4189 1115 4228 nou
1140 4189 1258 4228 esse
1282 4174 1577 4242 simplicem
1604 4173 1996 4237 salutationem,
2028 4175 2122 4229 sed

553 4267 975 4322 benedirtinuam
1001 4306 1016 4326 ,
1047 4265 1158 4329 ait,
1208 4264 1261 4317 Si
1308 4264 1463 4333 digna
1497 4262 1655 4317 fuerit
1698 4265 1920 4329 domus,
1949 4266 2127 4319 veniet

553 4373 713 4423 super
739 4357 880 4409 illam
913 4371 1030 4409 :sm
1061 4354 1443 4410 centumclioso
1491 4353 1557 4408 sit
1585 4395 1602 4419 ,
1633 4354 1798 4422 prima
1829 4369 1986 4423 pmna
2027 4358 2128 4409 erit

553 4447 691 4518 quod
737 4462 865 4515 pace
909 4462 1010 4500 non
1062 4443 1622 4506 frustum-adeunda,
1649 4444 1791 4513 quod
1839 4443 2126 4499 Sodomitis

556 4540 697 4610 paria
730 4539 970 4607 patiatur.
1006 4537 1070 4590 Et
1094 4538 1216 4605 quid
1249 4536 1314 4589 ad
1343 4550 1459 4595 nos,
1483 4536 1740 4604 inquient.
1767 4536 1975 4591 illorum
2003 4551 2132 4605 sup-

557 4628 748 4700 plicia?
778 4629 971 4683 Domos
993 4627 1267 4696 dignorum
1296 4626 1575 4683 habebitis.
1607 4626 1894 4690 QUld‘VCl‘O
1921 4628 2126 4696 signiﬁ-

555 4730 639 4774 cat
667 4718 791 4773 illud
812 4760 826 4784 ,
864 4713 1092 4772 Excutite
1116 4719 1366 4788 pulverem
1396 4717 1578 4786 pedum
1605 4718 1920 4771 vestrorum?
1957 4718 2045 4772 Vel
2073 4729 2130 4773 ut

559 4810 907 4866 testiliccntur
941 4823 1000 4863 se
1029 4808 1154 4862 nihil
1186 4809 1251 4862 ab
1283 4809 1410 4876 ipsis
1453 4807 1751 4878 recepisse;
1786 4810 1866 4862 vel
1895 4808 1945 4861 in
1979 4809 2132 4863 testi-

559 4904 793 4958 monium
843 4901 981 4968 l0ngi
1034 4902 1264 4969 suscepti
1311 4899 1516 4956 itineris
1554 4900 1606 4953 in
1647 4900 1854 4954 illorum
1882 4900 2127 4967 gratiam.

558 4994 638 5050 Tu
682 5007 808 5048 vero
857 4993 984 5045 mihi
1011 4992 1287 5046 considera
1329 4991 1499 5060 ipsum
1543 5007 1650 5046 nou
1678 4999 1847 5046 totum
1883 4993 1992 5066 jam
2025 4993 2130 5049 illis

559 5085 707 5137 dare.
739 5082 924 5151 Neque
965 5082 1105 5136 enim
1151 5081 1326 5135 adhuc
1381 5083 1482 5136 illis
1526 5083 1910 5150 prrescientiam
1958 5084 2128 5149 indit,

558 5192 658 5245 qua
704 5188 861 5228 nosse
912 5174 1111 5242 possint
1150 5174 1238 5240 qui
1269 5172 1443 5241 digni,
1473 5173 1558 5241 qui
1605 5173 1803 5242 indigni
1850 5175 1987 5238 sint;
2036 5174 2128 5229 sed

561 5266 838 5332 explorare
865 5272 917 5318 et
943 5264 1365 5330 experitur-ntulit
1394 5278 1604 5316 sumere
1630 5263 1798 5332 jubet.
1828 5265 1932 5318 Cur
1974 5280 2129 5334 porro

561 5357 647 5408 ille
677 5356 812 5423 apud
859 5353 1190 5421 publicanum
1240 5353 1523 5407 manebat?
1551 5353 1681 5421 Quia
1719 5353 1807 5406 ille
1851 5362 2126 5407 cx’muta-

563 5448 706 5501 tioue
735 5446 924 5514 dignus
962 5453 1222 5498 evaserat.
1261 5445 1301 5498 Τ
1307 5459 1337 5497 u
1378 5458 1504 5498 vero
1552 5445 1817 5512 perpende
1862 5446 2129 5514 quomodo

564 5537 809 5591 omnibus
855 5535 1062 5589 nudatis
1107 5537 1282 5588 omnia
1329 5536 1611 5606 largiatur,
1643 5537 1766 5590 dum
1799 5537 2036 5606 praecipit
2076 5547 2131 5590 ut

567 5626 616 5680 in
647 5624 1024 5696 discipulorum
1051 5625 1294 5682 domibus
1324 5638 1570 5683 maneant
1593 5670 1606 5695 ,
1636 5637 1689 5686 et
1719 5628 1847 5684 nihil
1877 5629 2134 5686 habentes

683 5805 798 5854 Edd.
827 5841 840 5866 ,
917 5800 1135 5850 mercede
1155 5812 1257 5849 sua.

1270 424 1327 482 S.
1366 416 1642 479 103m
1667 407 2147 478 CHRYSOSTOMI
2188 406 2502 464 ARCIIIEP.
2543 403 3081 463 CONSTANTINOP.

3713 405 3812 466 ω

2227 521 2612 593 ingrediantur.
2644 521 2916 580 Ποσειδῶ
2945 530 3102 594 parto
3121 527 3264 582 omni
3292 541 3425 583 cura
3445 527 3610 584 liberi
3640 541 3806 597 erant,

2226 613 2438 685 illisque
2483 615 2813 683 suadebant,
2864 621 2922 670 se
2962 617 3030 673 ad
3079 619 3316 689 ipsorum
3345 631 3554 678 tantum
3587 626 3806 682 salutem

2225 703 2316 758 illo
2339 705 2567 771 venisse,
2593 713 2704 760 tum
2734 708 2858 776 quia
2885 708 3016 763 nihil
3043 710 3365 776 attulerant,
3392 722 3500 766 tum
3530 718 3653 784 quia
3684 721 3810 774 nihil

2228 798 2346 864 plus
2370 809 2526 867 quam
2559 800 3129 868 necessariapeterent
3151 844 3166 866 ,
3199 811 3312 857 tum
3337 807 3498 862 etiam
3534 809 3678 877 quod
3707 823 3811 864 non

2225 891 2364 956 apud
2407 905 2596 944 omnes
2643 892 3102 950 indiscriminatim
3153 896 3581 965 ingrederentur.
3630 897 3812 971 Neque

2226 982 2368 1036 enim
2399 999 2464 1037 ex
2494 985 2659 1054 signis
2687 995 2889 1041 tantum
2914 987 3125 1044 volebat
3168 989 3289 1045 illos
3317 991 3629 1061 splendidos
3657 1009 3807 1058 esse,

2227 1071 2318 1126 sed
2350 1088 2414 1128 ex
2442 1074 2632 1128 virtute
2659 1077 2855 1145 magis,
2887 1094 3045 1147 quam
3074 1095 3137 1134 ex
3178 1081 3365 1148 signis.
3383 1082 3530 1138 Nihil
3567 1085 3712 1140 enim
3741 1085 3810 1140 ita

2229 1163 2614 1233 pliilosOphiam
2637 1168 2908 1234 exprimit,
2931 1179 2988 1223 ut
3016 1172 3060 1224 si
3091 1170 3220 1226 nihil
3240 1175 3565 1244 superfluum
3591 1175 3808 1240 habeas,

2228 1263 2281 1308 et
2310 1256 2353 1308 si
2393 1256 2564 1326 quoad
2612 1256 2736 1311 licet
2763 1259 2905 1312 nulla
2943 1276 3004 1316 re
3033 1261 3291 1332 indigeas.
3338 1264 3464 1320 Illud
3494 1281 3624 1321 vero
3653 1281 3814 1320 nore-

2230 1355 2348 1400 rant
2374 1354 2428 1400 et
2458 1347 2554 1416 ipsi
2587 1348 3035 1418 pseudOapostnli.
3073 1353 3196 1406 Ideo
3224 1355 3415 1409 Paulus
3445 1356 3656 1411 dicebat
3692 1373 3705 1409 :
3744 1354 3812 1412 Ut

2229 1438 2277 1488 in
2302 1455 2400 1504 quo
2435 1437 2740 1507 gloriantur,
2778 1440 3100 1495 inveniantur
3127 1456 3177 1496 ut
3206 1462 3295 1498 nos
3328 1445 3401 1515 (9..
3429 1445 3546 1501 Cor.
3576 1448 3667 1501 Η.
3699 1447 3808 1517 12).

2227 1527 2376 1596 Quod
2405 1530 2449 1585 si
2476 1545 2595 1583 cum
2625 1531 2675 1584 in
2705 1534 2978 1600 peregrina
3003 1537 3222 1603 regione
3249 1553 3463 1603 sunms,
3486 1550 3542 1595 et
3565 1541 3633 1594 ad
3666 1542 3812 1610 igno-

2229 1627 2310 1673 tos
2350 1619 2772 1688 proﬁciscimur,
2823 1624 2956 1678 nihil
3005 1626 3118 1694 plus
3163 1629 3507 1696 qua-rendam
3537 1640 3624 1685 est
3654 1647 3810 1699 quam

2227 1712 2567 1781 quolidianus
2613 1714 2762 1769 cibus
2787 1757 2803 1784 .,
2848 1716 3018 1771 multo
3061 1719 3228 1790 magis
3277 1720 3352 1776 sic
3382 1724 3648 1792 agendum
3690 1739 3808 1779 cum

2227 1802 2369 1856 domi
2413 1819 2710 1860 manemus.

2298 1895 2350 1950 6.
2393 1895 2512 1950 Pas:
2535 1898 2632 1951 Dei
2657 1916 2754 1952 non
2777 1902 2873 1956 nisi
2899 1901 3044 1956 bona
3067 1905 3314 1958 voluntati
3340 1905 3528 1972 datur;
3555 1907 3652 1962 illa
3670 1911 3811 1979 [rau-

2226 1987 2358 2052 duri,
2401 1999 2647 2056 quantum
2677 1991 2888 2046 malum.
2921 1992 3215 2049 Reverentia
3250 1997 3304 2050 in
3327 1999 3536 2053 ecclesia
3563 2015 3811 2055 commat-

2228 2077 2415 2142 rlatur;
2462 2080 2759 2135 describitur
2787 2085 3006 2139 ecclesiae
3033 2087 3293 2142 sanctitas.
3327 2117 3400 2129 —
3428 2088 3556 2146 Hac
3581 2106 3687 2146 non
3716 2107 3811 2147 au-

2228 2167 2433 2223 diamus
2467 2181 2689 2237 tantum,
2721 2174 2812 2228 sed
2843 2175 3002 2229 etiam
3034 2176 3322 2233 imitemur.
3363 2177 3478 2234 Non
3507 2180 3653 2234 enim
3683 2181 3812 2236 solis

2227 2263 2481 2329 apostolis
2519 2263 2656 2317 dicta
2685 2273 2827 2330 sunt,
2868 2265 2962 2320 sed
3005 2270 3203 2322 sanctis
3231 2269 3482 2323 omnibus
3520 2281 3706 2340 postea
3735 2270 3814 2326 lu-

2229 2353 2376 2405 turis.
2417 2352 2596 2408 Simus
2622 2370 2750 2424 ergo
2777 2371 2874 2411 nos
2899 2357 2989 2411 illa
3018 2360 3361 2415 successione
3388 2359 3555 2431 digni.
3583 2361 3718 2416 Nam
3748 2379 3811 2418 ex

2227 2442 2625 2510 suscipientium
2671 2446 2938 2501 voluntate
2983 2463 3083 2517 pax
3117 2450 3214 2503 ista
3245 2452 3407 2506 modo
3434 2452 3596 2516 venit,
3655 2452 3813 2508 modo

2228 2535 2419 2587 avolat.
2449 2535 2632 2605 Neque
2659 2539 2801 2591 enim
2829 2554 2892 2594 ex
2924 2539 3223 2596 docentium
3249 2542 3440 2599 llducia
3471 2554 3524 2599 et
3557 2554 3811 2613 potestate

2232 2634 2455 2690 tantum,
2487 2628 2580 2680 sed
2609 2629 2764 2682 etiam
2792 2645 2855 2684 ex
2888 2634 3260 2701 accipientium
3292 2636 3549 2705 dignitate
3577 2637 3703 2691 illud
3731 2638 3805 2692 cf-

2229 2713 2418 2768 lieitur.
2448 2716 2631 2786 Neque
2661 2728 2906 2787 putemus
2935 2722 3056 2776 inde
3083 2737 3266 2792 parum
3295 2725 3473 2780 damni
3503 2743 3807 2798 emergere,

2227 2813 2267 2864 si
2297 2813 2596 2881 hnjusmodi
2633 2831 2763 2885 pace
2789 2832 2892 2869 non
2925 2817 3176 2873 fruamur.
3212 2819 3356 2875 Hanc
3382 2824 3522 2876 enim
3557 2823 3808 2894 propheta

2226 2901 2350 2954 olim
2386 2906 2770 2970 prteuuntiabat
2793 2906 2974 2962 dicens
3005 2925 3018 2961 :
3055 2908 3218 2981 Quam
3252 2915 3463 2980 speciosi
3505 2925 3622 2967 sunt
3663 2916 3810 2982 pedes

2226 2995 2673 3063 euangelizandum
2717 3014 2890 3066 pacem
2922 2999 3155 3070 (Nonum
3188 3004 3239 3056 1.
3269 3004 3376 3074 15).
3415 3004 3614 3060 Deinde
3647 3005 3808 3076 ipsius

2227 3086 2534 3154 dignitatem
2617 3090 2971 3150 interpretans
3041 3093 3256 3162 adjicit,
3341 3095 3808 3167 Evangelia/ratium

2179 3219 2199 3231 η
2228 3178 2355 3230 bona
2413 3179 2603 3246 (Rom.
2643 3181 2729 3236 10.
2766 3183 2888 3253 15).
2936 3182 3083 3240 Hanc
3119 3201 3361 3255 magnam
3406 3201 3526 3242 esse
3567 3189 3809 3245 Christus

2226 3268 2582 3336 pronuntiavit
2636 3269 2819 3324 dicens
2856 3290 2871 3327 :
2913 3272 3101 3326 Pacem
3142 3276 3368 3345 relinquo
3416 3275 3584 3341 vobis,
3635 3294 3806 3348 pacem

2225 3373 2388 3410 meam
2412 3359 2478 3411 do
2508 3359 2644 3413 vobis
2669 3360 2844 3432 (Joan.
2876 3363 2962 3418 14.
2995 3362 3109 3432 27).
3138 3363 3387 3435 Nihilque
3410 3381 3517 3420 non
3548 3367 3806 3438 agendum

2225 3456 2308 3501 est
2349 3458 2406 3502 ut
2450 3448 2536 3503 illa
2579 3449 2838 3518 fruamur,
2869 3459 2924 3508 et
2951 3452 3096 3509 domi
3131 3464 3186 3510 et
3215 3457 3268 3510 in
3297 3456 3545 3512 ecclesia.
3585 3457 3721 3513 Nam
3757 3468 3808 3515 et

2227 3538 2280 3592 in
2329 3539 2551 3594 ecclesia
2603 3542 2694 3611 qui
2739 3544 3008 3611 praesidet,
3056 3560 3242 3613 pacem
3274 3546 3384 3601 dat.
3411 3546 3526 3602 Hoc
3557 3549 3698 3604 illius
3728 3558 3810 3605 est

2229 3640 2384 3701 typus
2414 3632 2489 3704 (a)
2520 3643 2574 3687 et
2599 3642 2820 3701 tessera,
2844 3644 3003 3706 atque
3031 3641 3243 3706 oportet
3268 3653 3462 3710 magno
3486 3655 3607 3695 cum
3635 3642 3812 3696 studio

2233 3735 2412 3804 ipsum
2453 3738 2729 3804 suscipere
2751 3775 2766 3800 ,
2796 3751 3124 3805 propensum
3153 3738 3391 3790 animum
3427 3736 3608 3805 potius
3645 3751 3810 3806 quam

2234 3845 2473 3886 mensam
2489 3831 2814 3900 praebentes.
2833 3829 2967 3884 Nam
2996 3831 3040 3884 si
3067 3845 3093 3882 a
3112 3845 3298 3886 mensa
3321 3846 3425 3884 non
3454 3845 3575 3885 sese
3589 3829 3814 3900 partici-

2232 3931 2349 3986 pem
2370 3917 2502 3970 oll‘er
2512 3932 2566 3970 re
2583 3931 2874 3973 onerosum
2893 3926 3203 3985 est,quanto
3218 3917 3503 3972 onerosius
3525 3917 3804 3972 estdicen-

2236 4013 2339 4058 tem
2381 4005 2639 4073 repellere
2660 4006 2684 4058 τ
2705 4004 2929 4072 Propter
2957 4014 3007 4058 te
3021 4006 3170 4058 sedet
3192 4006 3488 4074 presbyter,
3516 4015 3738 4076 propter
3755 4016 3808 4060 te

2234 4104 2340 4148 stat
2360 4094 2618 4162 magister
2638 4099 2794 4156 ',non
2811 4075 2931 4149 sine
2947 4094 3608 4166 laborectdelatigatione.
3629 4095 3803 4162 Quam

2233 4183 2395 4252 igitur
2411 4184 2816 4236 excusationem
2839 4183 3084 4248 habebis,
3107 4185 3196 4251 qui
3216 4200 3283 4238 ne
3302 4187 3520 4255 quidem
3538 4186 3688 4240 illum
3706 4202 3809 4240 au—

2234 4271 2348 4321 dire
2368 4271 2628 4324 sustines?
2646 4271 2963 4328 Communis
2982 4283 3126 4327 certe
3141 4274 3337 4329 domus
3353 4277 3581 4330 ecclesia
3601 4288 3806 4339 εει.νο-

2236 4353 2422 4424 bisque
2453 4357 2883 4423 pmcedentibus
2923 4374 3020 4412 nos
3052 4359 3402 4428 ingredimur,
3441 4361 3658 4416 illorum
3697 4362 3808 4417 for-

2236 4457 2376 4496 mam
2393 4453 2445 4497 et
2460 4445 2766 4514 exemplum
2786 4457 3089 4502 servantes.
3112 4447 3345 4517 ideoque
3359 4451 3542 4505 statim
3569 4451 3804 4522 ingressi

2236 4545 2417 4597 pacem
2438 4533 2692 4586 omnibus
2709 4532 2869 4587 simul
2883 4533 3113 4587 dicimus
3129 4537 3422 4590 secundum
3442 4538 3610 4608 legem
3632 4538 3799 4593 illam.

2232 4621 2403 4676 Nemo
2427 4625 2588 4691 igitur
2605 4624 2878 4696 negligens
2895 4626 2980 4679 vel
2995 4627 3232 4682 oscitans
3245 4628 3334 4690 sit,
3352 4629 3481 4682 dum
3496 4631 3805 4686 sacerdotes

2236 4711 2468 4780 ingressi
2482 4713 2609 4766 illud
2625 4714 2842 4767 dicunt:
2864 4731 2971 4768 non
2990 4731 3211 4784 parvum
3241 4718 3806 4790 euimhccnegligen—

2240 4803 2379 4856 tibus
2402 4802 2646 4857 imminet
2662 4805 3011 4874 supplicium.
3030 4805 3241 4862 Mallem
3264 4809 3405 4864 enim
3428 4809 3689 4864 milliesin
3707 4810 3807 4865 do-

2237 4911 2383 4948 mum
2406 4896 2704 4964 rnjuspiam
2722 4907 2958 4952 vestrum
2979 4899 3262 4969 ingressus
3281 4899 3514 4969 despici,
3531 4915 3697 4970 quam
3719 4900 3806 4956 hic

2237 4985 2464 5052 loquens
2496 5002 2600 5040 non
2639 4987 2837 5041 audiri.
2877 4986 2990 5043 Hoc.
3014 4989 3150 5043 mihi
3171 4991 3459 5046 onerosius
3494 4991 3587 5046 illo
3621 5001 3801 5047 esset:

2233 5095 2655 5167 quandoquidem
2699 5093 2909 5164 dignior
2945 5094 3058 5148 hrcc
3101 5096 3289 5149 domus
3335 5105 3437 5149 est.
3486 5097 3695 5152 Etenim
3727 5098 3810 5152 hic

2234 5187 2464 5256 majores
2497 5194 2689 5240 nostrm
2717 5183 3081 5254 possessiones
3109 5185 3364 5254 deposita:
3393 5195 3544 5252 sunt,
3580 5187 3664 5242 hic
3690 5202 3810 5257 spes

2236 5288 2414 5334 nostra
2441 5278 2632 5331 omnis.
2660 5275 2795 5344 Quid
2825 5276 2964 5329 enim
2998 5275 3083 5329 hic
3121 5292 3224 5330 non
3268 5291 3538 5345 magnum,
3573 5295 3677 5332 non
3710 5291 3809 5332 tre-

2239 5371 2485 5424 mendum
2525 5371 2649 5422 est?
2693 5367 2967 5438 Siquidem
3000 5365 3114 5421 hmc
3141 5382 3321 5421 mensa
3347 5369 3501 5438 longe
3530 5367 3807 5425 honorabi-

2253 5563 2261 5572 '
2294 5553 2308 5580 ¹
2337 5546 2434 5597 Alii
2456 5545 2659 5604 habent,
2680 5543 2926 5593 diaconus.

2301 5617 2374 5678 (a)
2408 5615 2460 5663 Id
2482 5621 2558 5661 est
2581 5626 2591 5658 :
2620 5611 2815 5678 utquod
2837 5611 2936 5675 agit
2963 5626 3148 5678 prgses
3180 5608 3228 5678 in
3247 5613 3491 5678 ecclesia,
3516 5625 3627 5662 eum
3651 5622 3812 5674 pacem

2239 5647 2602 5744 ἀαὶῗίςῖζὶιξέεὶ
2622 5647 2815 5744 eum
2828 5647 3010 5744 ᾖξᾲἒᾶἲ
3021 5647 3812 5744 Πὲιῖὖδ’ί“ἱιῖἷᾶἶιξῗιῂεῖἒ“ἦᾷιῖζῖῂῗ

2240 5752 2357 5802 pus.
2384 5735 2469 5799 pro
2501 5737 2709 5796 imagine
2743 5736 2975 5802 accipitur,
3003 5738 3077 5782 rei
3117 5735 3321 5802 agenda
3355 5735 3415 5786 et
3439 5736 3696 5798 aliquando
3721 5735 3812 5796 jam

2243 5799 2378 5857 actm.
2404 5806 2498 5857 (llr.
2528 5803 2699 5855 Adnol.
2725 5801 2885 5859 l’icld,
2921 5801 2978 5849 ad
3012 5812 3121 5862 pag.
3148 5799 3255 5848 573.
