4094 6478
307 412 414 471 385

309 539 410 593 lior
435 545 490 593 et
517 534 732 590 suavior
755 539 858 595 est,
892 542 1051 601 quam
1083 536 1191 593 tua,
1233 533 1288 580 et
1332 525 1573 583 lucerna.
1613 537 1772 592 quam
1819 519 1902 573 lu-

309 642 476 684 cerna
507 637 619 683 tua.
667 625 723 682 Id
765 637 894 678 vero
923 620 1099 676 sciunt
1124 624 1388 689 quotquot
1416 629 1538 669 cum
1567 612 1672 667 fide
1703 619 1902 679 tempe-

307 721 445 775 stive
469 720 591 774 oleo
613 714 754 771 uncti
779 729 808 768 a
839 710 1043 767 morbis
1070 706 1280 764 liberati
1301 714 1427 761 sunt
1455 703 1552 775 (a).
1581 703 1718 757 Area
1745 701 1906 754 etiam

311 813 425 866 haec
454 810 611 879 longe
635 806 825 860 melior
853 813 936 858 est
954 818 1112 872 quam
1137 800 1250 864 illa,
1277 807 1333 853 et
1361 800 1529 867 magis
1559 792 1861 850 necessaria
1889 809 1902 845 :

307 917 428 972 quin
455 915 560 954 non
595 907 792 957 vestes.
837 894 931 949 sed
967 893 1368 964 eleemosynam
1401 888 1660 944 inclusam
1703 894 1904 949 servat,

306 991 516 1048 etiamsi
558 990 710 1060 pauci
751 988 857 1041 sint
906 986 1012 1049 hic,
1065 983 1157 1054 qui
1211 984 1572 1052 eleemosynze
1619 976 1907 1047 eroganda:

308 1085 556 1139 virtutem
581 1079 882 1148 possideant
914 1075 1006 1146 (ὁ).
1033 1075 1228 1130 Lectus
1259 1076 1386 1128 item
1413 1083 1503 1126 tuo
1531 1070 1901 1142 praestantior:

307 1191 430 1232 nam
461 1174 762 1229 divinarum
815 1171 972 1226 lectio
1019 1168 1414 1238 Scripturarum
1451 1165 1590 1220 lecto
1634 1163 1780 1218 omni
1821 1161 1908 1232 ju-

306 1266 535 1324 cundior
569 1273 668 1318 est.
723 1266 801 1318 Ae
836 1263 880 1318 si
908 1260 1195 1316 concordia
1223 1258 1363 1328 apud
1394 1272 1493 1312 nos
1520 1255 1749 1327 vigeret,
1796 1269 1904 1308 nou

305 1359 464 1413 aliam
494 1356 814 1410 haberemus
840 1351 1081 1407 domum.
1124 1349 1276 1418 Quod
1309 1356 1488 1403 autem
1529 1347 1584 1402 id
1613 1345 1756 1417 quod
1782 1345 1907 1400 dico

305 1462 592 1505 onerosum
623 1463 728 1500 non
759 1446 848 1509 sit,
878 1444 1234 1498 testificantur
1261 1441 1336 1497 illi
1370 1450 1450 1495 ter
1475 1440 1642 1504 mille,
1671 1449 1726 1494 et
1751 1440 1907 1508 quin-

305 1542 458 1611 quies
479 1539 625 1594 mille
645 1537 885 1590 homines
916 1536 1010 1605 (c),
1043 1535 1130 1604 qui
1163 1548 1322 1587 uitam
1352 1540 1406 1587 et
1430 1531 1652 1586 domum
1674 1541 1728 1585 et
1756 1545 1908 1584 men-

305 1648 441 1696 sam,
471 1640 526 1686 et
544 1631 776 1684 animam
801 1628 1032 1681 habuere
1058 1642 1070 1678 :
1105 1641 1226 1680 nam
1256 1627 1350 1687 ait,
1417 1621 1762 1678 Multitudinis
1797 1637 1907 1675 cre-

305 1725 533 1778 dentium
561 1731 667 1774 erat
712 1736 803 1774 cor
849 1735 1006 1772 unum
1056 1726 1104 1772 et
1154 1717 1328 1770 animo
1375 1731 1478 1769 una
1530 1714 1756 1782 (Λαιι.
1788 1711 1901 1784 32).

304 1817 440 1882 Quia
472 1828 601 1868 vero
640 1812 799 1881 longe
844 1810 914 1865 ab
959 1810 1171 1864 illorum
1222 1810 1419 1863 virtute
1462 1806 1744 1872 absumus,
1769 1808 1903 1862 etin

307 1909 486 1963 varias
512 1907 704 1961 domos
730 1903 968 1960 distracti
995 1917 1201 1965 sumus,
1231 1903 1420 1958 saltem
1447 1916 1571 1957 cum
1599 1901 1686 1956 hic
1707 1915 1906 1956 conve-

306 2000 505 2065 nimus,
548 1997 674 2053 illud
704 1995 944 2051 studiose
973 1993 1248 2049 faciamus.
1279 1992 1412 2048 Nam
1435 1992 1481 2048 si
1513 1993 1566 2047 in
1596 1992 1717 2046 aliis
1749 2006 1904 2047 meu-

304 2091 410 2146 dici
440 2099 494 2145 et
520 2104 782 2161 pauperes
806 2102 1026 2152 sumus,
1059 2088 1113 2142 in
1149 2088 1233 2142 his
1272 2096 1422 2144 certe
1449 2084 1664 2141 divites.
1707 2084 1907 2154 Quam-

302 2181 489 2236 obrem
537 2180 642 2233 huc
688 2179 880 2234 saltem
924 2193 1024 2233 nos
1065 2179 1326 2233 intrantes
1366 2191 1489 2232 cum
1531 2190 1718 2232 amore
1759 2175 1899 2231 exci-

303 2273 430 2341 pitc.
468 2271 534 2325 Et
569 2285 691 2324 cum
730 2269 928 2334 dicam,
974 2268 1080 2324 Pax
1122 2269 1293 2332 vobis,
1335 2268 1546 2334 dicatis,
1580 2267 1650 2322 Et
1691 2267 1902 2338 spiritui

302 2373 423 2418 tuo:
455 2378 558 2419 non
593 2378 722 2417 voce
754 2371 983 2427 tantum,
1014 2361 1106 2416 sed
1139 2362 1354 2428 animo;
1399 2376 1507 2416 non
1551 2375 1648 2416 ore
1672 2369 1900 2424 tantum,

301 2455 398 2511 sed
440 2463 495 2510 et
543 2463 744 2511 mente.
775 2453 829 2509 Si
858 2469 985 2508 vero
1007 2453 1095 2508 hic
1117 2454 1340 2518 dixeris,
1373 2453 1480 2508 Pax
1498 2454 1662 2509 etiam
1685 2451 1902 2522 spiritui

302 2559 432 2613 tuo;
462 2549 746 2605 foris'vero
779 2562 866 2603 me
894 2547 1196 2618 impugnes,
1228 2560 1514 2614 conspuas,
1558 2560 1647 2600 me
1675 2543 1902 2600 maledi-

299 2642 403 2697 clis
433 2641 838 2711 innumerisque
887 2641 1112 2709 impetas
1156 2638 1482 2709 opprobriis,
1529 2651 1775 2706 quamam
1814 2634 1900 2689 illa

302 2733 451 2803 pax?
489 2733 601 2803 Ego
635 2733 779 2786 enim
797 2771 816 2797 ,
845 2730 946 2786 etsi
976 2729 1279 2785 sexcenties
1306 2725 1615 2791 maledicas,
1645 2740 1779 2796 puro
1807 2724 1900 2779 tibi

298 2825 464 2882 corde
490 2839 674 2896 pacem
701 2823 847 2888 dico,
875 2823 1194 2891 sinceraque
1225 2829 1424 2886 mente,
1469 2833 1571 2874 nec
1603 2817 1730 2888 quid
1774 2815 1901 2870 mali

299 2919 370 2975 de
415 2927 468 2973 te
507 2931 722 2988 possum
768 2915 950 2970 dicere
983 2933 996 2968 :
1028 2925 1250 2984 paterna
1282 2912 1480 2983 quippe
1509 2925 1640 2980 gero
1670 2909 1897 2962 viscera.

300 3013 361 3069 Si
388 3021 438 3067 te
463 3011 783 3082 quandoque
818 3024 1060 3079 carpam,
1089 3022 1216 3061 cura
1249 3006 1322 3059 tui
1356 3016 1632 3074 permetus
1657 3001 1707 3056 id
1741 2999 1896 3055 facio.

299 3104 382 3160 Tu
417 3119 545 3157 vero
591 3106 891 3158 clanculum
933 3100 1171 3164 mordes,
1205 3109 1260 3153 et
1289 3113 1411 3153 eum
1442 3111 1529 3150 me
1556 3097 1607 3150 in
1630 3092 1899 3150 dominica

298 3196 464 3251 domo
508 3209 615 3248 non
665 3194 924 3262 excipias,
977 3207 1169 3246 vereor
1210 3205 1278 3244 ne
1323 3188 1453 3244 mihi
1487 3201 1777 3244 mmrorem
1805 3200 1903 3240 au-

298 3300 429 3357 geas
455 3303 468 3340 :
505 3301 609 3338 non
635 3287 758 3354 quia
777 3284 1101 3338 contumelia
1123 3280 1371 3345 effecisti,
1395 3296 1500 3334 non
1523 3278 1646 3350 quia
1669 3277 1898 3348 eiecisti,

297 3375 398 3431 sed
427 3376 548 3444 quia
583 3390 766 3443 pacem
792 3372 1051 3440 repulisti,
1100 3380 1156 3426 et
1195 3387 1362 3441 grave
1403 3371 1530 3425 illud
1571 3370 1664 3426 tibi
1692 3369 1901 3441 suppli-

297 3467 443 3522 cium
485 3466 768 3519 attraxisti.
821 3464 1042 3518 Etiamsi
1089 3466 1232 3518 enim
1279 3465 1552 3533 pulverem
1583 3478 1690 3517 non
1732 3477 1900 3517 cxcuv

302 3559 453 3623 tiam,
499 3556 708 3610 etiamsi
754 3569 858 3609 non
904 3562 1136 3615 avertar,
1183 3553 1531 3608 comminatio
1578 3563 1757 3608 tamen
1796 3555 1901 3606 im-

299 3659 446 3706 mota
476 3660 672 3701 manet.
723 3645 835 3715 Ego
864 3660 1093 3714 namque
1124 3659 1308 3713 pacem
1338 3644 1489 3698 vobis
1519 3659 1664 3714 saepe
1693 3652 1899 3712 repeto,

301 3756 477 3812 neque
504 3739 713 3795 dicendi
741 3741 904 3794 linem
930 3736 1157 3801 faciam;
1196 3736 1338 3807 quod
1367 3736 1412 3791 si
1445 3752 1530 3790 me
1557 3751 1678 3791 cum
1708 3744 1902 3790 mutu-

300 3835 475 3890 tneliis
526 3834 804 3902 excipiatis
833 3834 851 3864 ¹
876 3872 892 3895 ,
946 3847 1120 3900 neque
1161 3830 1237 3885 sic
1278 3832 1556 3898 pulverem
1584 3830 1850 3884 excutiam
1881 3847 1896 3884 :

299 3943 409 3980 non
435 3925 578 3996 quod
611 3925 838 3979 Domino
867 3939 971 3977 non
1002 3937 1238 3993 parcam,
1263 3922 1356 3977 sed
1385 3921 1509 3993 quia
1530 3935 1715 3976 amore
1737 3920 1902 3976 vestri

302 4105 383 4216 ml
422 4102 609 4165 Aliqui,
629 4098 757 4164 quod
779 4099 823 4150 si
844 4111 920 4149 me
937 4097 1233 4149 catutaneliis
1255 4094 1478 4162 «uicinis
1499 4105 1544 4149 et
1566 4110 1662 4149 non
1682 4098 1904 4161 excipia-

367 4247 440 4310 (a)
475 4246 828 4310 singulas-eest
848 4243 984 4310 quod
1003 4243 1080 4293 hic
1101 4243 1278 4310 dicitur
1300 4243 1365 4310 de
1389 4244 1451 4292 iis
1481 4244 1564 4306 qui
1589 4255 1654 4293 ex
1676 4242 1792 4295 oleo
1824 4244 1899 4295 lu-

300 4304 470 4358 eeru'm
492 4310 542 4355 in
561 4304 772 4356 ecclesia
799 4304 1015 4355 ardentis
1037 4308 1170 4355 uncti
1192 4304 1555 4355 convaluerant.

371 4393 440 4455 (b)
477 4399 668 4440 (χωρας
690 4397 860 4440 textus
879 4391 949 4439 sic
969 4389 1113 4439 effert
1136 4390 1264 4438 hunc
1280 4388 1457 4446 locum,
1478 4401 1520 4439 os
1543 4403 1610 4452 γὰρ
1632 4401 1788 4450 μαι,
1816 4402 1903 4441 ἄλλ’

303 4466 552 4515 mme
574 4464 645 4515 ιχιι
668 4464 1010 4515 “palamne.
1043 4465 1074 4501 ιι
1094 4464 1154 4501 uti
1177 4464 1290 4514 ὀλίγοι
1313 4464 1401 4515 sidit
1432 4461 1468 4500 οἱ
1498 4465 1706 4510 sumptum
1738 4465 1902 4505 ιντιωι

302 4513 418 4573 Qua:
463 4513 520 4563 ad
546 4513 757 4563 litteram
785 4517 855 4562 sic
885 4513 1171 4570 redduntur,
1199 4513 1292 4562 nan
1316 4513 1444 4562 enim
1475 4519 1642 4573 uestes,
1675 4515 1761 4563 sed
1782 4515 1903 4564 elec-

304 4572 551 4638 ntosynam
573 4574 712 4625 habet
729 4574 982 4638 inclusam,
995 4587 1286 4638 quamquam
1301 4573 1445 4635 pauci
1461 4572 1553 4623 sint
1565 4573 1644 4624 hic
1659 4575 1906 4638 υωςῇάεη-

306 4646 394 4689 tes.
411 4631 496 4688 De
515 4639 654 4700 cuius
674 4646 840 4686 autem
862 4649 897 4684 r-
925 4637 938 4683 i
971 4631 1282 4700 possessione
1302 4631 1504 4700 agatur
1526 4649 1622 4700 non
1657 4638 1722 4685 ita
1761 4636 1904 4687 facile

282 4708 380 4762 ,εει
405 4697 702 4762 decernere.
738 4706 836 4762 Non
869 4698 1096 4762 enitn‘de
1131 4697 1444 4762 possestuone
1475 4697 1766 4762 divitiarum,
1793 4713 1905 4762 cum

307 4762 560 4810 Antiochia
584 4760 770 4814 civitas,
809 4761 856 4806 in
878 4771 976 4821 qua
1008 4759 1113 4808 haec
1145 4759 1339 4822 homilia
1370 4759 1660 4822 habebatur.
1697 4761 1904 4822 opulen-

309 4823 494 4871 tissima
519 4829 648 4872 esset
678 4829 792 4870 tunc
810 4820 1059 4882 temporis.
1079 4827 1210 4869 Hunc
1229 4820 1384 4869 locum
1406 4822 1475 4869 sic
1491 4821 1700 4882 explicat
1726 4820 1774 4869 in
1793 4831 1904 4872 nota

308 4882 704 4932 ﬂontefalcmtitts
739 4920 749 4928 .
793 4899 816 4927 «
855 4881 1070 4931 Auctoris
1107 4889 1312 4931 mentem
1350 4883 1476 4931 hanc
1506 4881 1610 4932 ωε
1631 4882 1859 4933 existimo
1887 4897 1904 4932 :

311 4955 438 5008 Arcu
452 4943 539 4994 illa
561 4943 776 5008 ecclesiis
799 4943 1025 5008 pecmtias
1048 4942 1220 4993 obtinet
1243 4942 1676 5008 adeleemosunmtt
1700 4957 1907 5008 erogan-

310 5005 446 5063 dam,
472 5018 616 5068 quam
632 5003 871 5068 virtutem.
906 5004 1219 5068 elemosynae
1241 5003 1423 5055 scilicet
1445 5011 1723 5065 eroganda,
1745 5003 1810 5055 ei:
1832 5007 1908 5056 Itis

311 5065 627 5130 pauentibus
649 5067 790 5124 pauci
821 5065 1079 5129 possident.
1105 5065 1128 5110 ὀ
1168 5073 1280 5124 owe
1320 5067 1519 5129 quidem
1549 5069 1906 5130 interpretatio,

311 5129 355 5177 Si
379 5130 569 5183 rationi,
598 5142 692 5175 non
717 5131 1042 5187 grammatica:
1081 5135 1314 5178 consonat
1341 5142 1352 5177 :
1384 5140 1474 5176 vox
1511 5129 1677 5187 enim,
1709 5129 1908 5178 eleemw

313 5203 452 5254 syntt,
469 5188 626 5254 semel
651 5197 876 5254 usurpata
898 5189 954 5236 ad
982 5191 1235 5254 pecuniam
1257 5190 1625 5254 designandam,
1639 5203 1734 5238 non
1754 5189 1909 5240 debet

314 5248 616 5313 subintelligi
641 5248 1080 5313 adsignificandam
1105 5248 1436 5313 eleemosytia:
1459 5252 1707 5300 virtutem.
1741 5259 1909 5301 nostra

315 5321 481 5362 autem
498 5311 759 5373 sententia,
782 5324 922 5358 mens
945 5311 1259 5373 Auctorissic
1285 5311 1461 5360 melius
1485 5313 1908 5373 expliaturzArca

320 5373 398 5437 illa
417 5372 640 5437 ecclesiae
667 5374 894 5437 pecunias
916 5372 1102 5437 obtinet
1124 5372 1183 5420 ad
1209 5371 1572 5434 eleemosynatn
1615 5377 1909 5437 erogandam

318 5436 392 5494 (et
417 5433 539 5482 hanc
560 5447 719 5498 aram
744 5434 1224 5498 interpossessiones
1243 5442 1430 5482 nostras
1448 5433 1730 5496 recenseo),
1747 5449 1912 5498 quan»

318 5508 464 5555 quam
490 5497 626 5558 pauci
649 5496 745 5543 sint
762 5494 840 5542 hic
855 5494 1021 5558 (hujus
1037 5497 1181 5558 arcae)
1202 5507 1531 5556 possessores.
1544 5502 1641 5558 Hoc
1659 5494 1909 5558 (δειλαιιοὶ

318 5555 649 5619 eleemOSynis
664 5557 765 5619 suis
779 5568 936 5603 arcam
954 5555 1081 5619 illam
1098 5555 1310 5619 ditantes
1335 5570 1347 5604 :
1373 5557 1462 5605 soli
1479 5558 1610 5605 enim
1628 5555 1912 5616 hujus—arae

321 5615 632 5682 possessores
649 5617 740 5682 dici
763 5617 1069 5682 possunt_qui
1091 5619 1136 5664 in
1160 5615 1242 5682 illa
1267 5619 1606 5682 eleemosynas
1627 5615 1742 5667 suas
1765 5633 1912 5682 repo-

318 5676 438 5729 sitas
461 5677 659 5728 habent.
694 5676 940 5727 Calculum
963 5676 1122 5726 ferant
1153 5679 1411 5729 doctiores.

387 5765 457 5825 (ε)
484 5758 561 5828 illi
582 5755 777 5828 scilicet
810 5761 870 5828 ad
896 5758 1041 5828 tidem
1071 5765 1296 5815 conversi
1341 5763 1404 5814 de
1436 5763 1616 5828 quibus
1650 5764 1700 5814 in
1723 5764 1914 5814 Actibus

323 5821 666 5888 διιοεὶυὶωΐωῐι,
692 5829 742 5872 ιιι
767 5821 886 5873 infra
909 5823 1102 5875 indicat.

1309 407 1374 463 IN
1414 400 1825 461 MATTII/EUM
1867 398 2096 454 IIOlIlL.
2129 397 2344 454 XXXII.
2385 399 2456 453 al.
2501 397 2739 456 XXXIII.

3522 389 3626 445 586

2028 516 2400 572 vehementius
2425 517 2612 572 ardeo.
2638 516 2887 587 Alioquin
2909 524 3092 571 autem
3119 513 3250 569 nihil
3279 520 3499 584 propter
3527 529 3627 569 vos

2025 604 2178 660 ardui
2234 605 2370 674 feci,
2421 622 2528 661 non
2569 605 2782 678 longam
2830 605 3323 678 peregrinationem
3373 617 3623 667 suscepi,

2016 710 2190 765 neque
2233 710 2355 750 cum
2385 697 2476 752 illo
2502 696 2686 752 ltabitu
2715 697 2799 752 vel
2829 707 3148 768 paupertate
3177 695 3298 750 veni
3328 693 3347 764 (
3364 692 3488 748 ideo
3511 706 3628 746 uos-

2015 785 2160 856 ipsos
2189 787 2335 856 prius
2361 789 2716 858 accusemus)
2742 830 2758 854 ,
2810 803 2986 858 neque
3018 788 3135 843 sine
3159 785 3543 841 calceamentis
3573 793 3627 838 et

2013 874 2210 943 duplici
2238 877 2416 931 tunica
2446 878 2732 942 venimus;
2787 878 3016 947 ideoque
3055 877 3286 932 fortasse
3322 891 3416 930 vos
3447 885 3623 928 vestra

2015 966 2347 1036 neglexistis.
2404 970 2658 1024 Attamen
2694 968 2808 1024 haec
2838 969 2992 1024 vobis
3016 968 3082 1023 ad
3114 968 3483 1039 purgationem
3517 981 3623 1020 nou

2012 1055 2318 1122 sufllciunt;
2372 1058 2466 1113 sed
2514 1059 2721 1114 crimen
2770 1068 3014 1114 nostrum
3055 1059 3231 1129 majus
3271 1066 3389 1124 est,
3450 1070 3624 1126 nequc

2013 1156 2196 1202 tamen
2224 1148 2380 1203 venia
2409 1149 2562 1204 vobis
2590 1151 2937 1206 concedetur.

2084 1239 2138 1293 7.
2182 1239 2399 1294 Herulis
2447 1244 2732 1296 exhortatio
2763 1243 2834 1297 ad
2860 1244 3192 1298 reverentiam
3237 1247 3290 1300 in
3331 1249 3541 1304 ecclesia
3577 1260 3625 1305 et

2009 1331 2274 1386 caritatem
2298 1342 2547 1388 muttiant.
2599 1334 2704 1389 Cur
2723 1336 2870 1407 signa
2897 1336 3046 1391 edere
3069 1341 3337 1393 cessaverit
3367 1321 3527 1395 Deus.
3553 1372 3625 1385 ~—

2012 1423 2163 1479 Tuuc
2202 1423 2398 1480 domus
2445 1426 2692 1483 ecclesia:
2733 1437 2925 1494 erant;
2975 1443 3121 1484 nunc
3163 1432 3390 1486 ecclesia
3432 1433 3627 1492 domus

2011 1515 2148 1571 facta
2189 1524 2294 1572 est.
2345 1516 2488 1572 Nihil
2535 1527 2661 1574 tunc
2706 1519 2762 1574 in
2805 1520 2968 1576 domo
3011 1521 3272 1578 satculare
3306 1523 3622 1583 dicebatur:

2012 1622 2154 1661 nunc
2181 1607 2233 1661 in
2261 1608 2490 1664 ecclesia
2522 1609 2654 1664 nihil
2686 1610 2968 1681 spirituale
3012 1612 3229 1680 dicitur,
3273 1614 3370 1670 sed
3415 1624 3468 1671 et
3518 1615 3627 1672 huc

2010 1700 2170 1754 etiam
2215 1698 2317 1755 fori
2343 1701 2556 1772 negotia
2601 1701 2854 1758 inducitis
2899 1720 2914 1758 :
2962 1703 3181 1776 Deoque
3209 1705 3486 1776 loquente,
3515 1721 3623 1764 non

2009 1793 2173 1847 modo
2215 1793 2392 1862 ipsum
2436 1794 2657 1850 silentio
2706 1811 2814 1850 non
2860 1795 3080 1862 auditis,
3118 1797 3212 1852 sui
3253 1801 3520 1855 contraria
3566 1799 3623 1857 itt

2011 1882 2244 1938 medium
2276 1883 2504 1939 adducta
2533 1885 2747 1956 negotia
2773 1885 3054 1957 loquimini
3088 1902 3108 1942 :
3133 1899 3299 1958 atque
3326 1889 3527 1945 utinam
3559 1906 3625 1948 ea

2009 1990 2130 2044 quae
2172 1977 2238 2030 ad
2289 1991 2385 2032 vos
2429 1979 2704 2048 pertinent
2736 1990 2945 2035 tantum
2970 1997 2985 2046 ;
3015 1996 3174 2045 nunc
3199 1992 3381 2038 autem
3410 1998 3473 2038 ea
3506 1999 3626 2054 quas

2010 2067 2141 2122 nihil
2165 2068 2234 2123 ad
2263 2083 2361 2124 vos
2388 2081 2634 2140 spectant
2656 2082 2710 2128 et
2737 2072 2918 2130 dicitis
2936 2083 2991 2129 et
3015 2073 3234 2129 auditis.
3285 2075 3415 2132 Ideo
3439 2077 3622 2149 lugeo,

2009 2169 2064 2215 et
2104 2161 2317 2232 lugendi
2341 2163 2501 2219 linem
2533 2180 2640 2220 non
2669 2164 2881 2221 faciam.
2923 2165 3113 2237 Neque
3136 2167 3282 2222 enim
3313 2183 3531 2240 possum
3557 2186 3622 2225 ex

2011 2250 2112 2306 hac
2136 2250 2302 2307 domo
2333 2253 2626 2325 proficisci,
2663 2256 2758 2311 sed
2782 2257 2869 2311 hic
2899 2272 3120 2312 manere
3149 2272 3373 2314 necesse
3393 2273 3498 2324 est.
3522 2259 3625 2316 do-

2009 2355 2111 2398 nec
2144 2356 2213 2401 ex
2247 2345 2502 2414 praesenti
2529 2361 2788 2402 exeamus
2825 2348 2958 2403 vita.
3014 2347 3285 2418 Suscipite
3323 2364 3456 2422 ergo
3499 2365 3622 2417 nos.

2008 2433 2149 2489 sicut
2169 2433 2370 2490 Paulus
2396 2433 2472 2508 (2.
2503 2435 2622 2490 Cor.
2655 2437 2706 2490 7.
2734 2437 2795 2506 2)
2824 2439 3098 2509 praecepit.
3141 2437 3326 2507 Neque
3370 2440 3517 2496 enim
3550 2439 3624 2497 de

2007 2538 2195 2579 mensa
2240 2525 2561 2596 loquebatur
2609 2526 2724 2593 ille,
2775 2527 2870 2582 sed
2914 2527 2983 2584 de
3035 2528 3310 2584 voluntate
3332 2538 3386 2584 et
3417 2530 3622 2586 animo.

2009 2614 2122 2669 Hoc
2149 2624 2204 2671 et
2225 2630 2325 2670 nos
2352 2631 2384 2670 a
2414 2617 2567 2672 vobis
2598 2618 2955 2686 postulamus,
3003 2618 3310 2684 caritatem,
3362 2631 3421 2676 et
3473 2635 3624 2676 amo-

2009 2722 2120 2762 rem
2152 2707 2302 2762 illum
2343 2708 2623 2766 ardentem
2651 2719 2706 2766 et
2742 2711 3036 2768 sincerum.
3094 2711 3250 2780 Quod
3297 2715 3342 2768 si
3385 2715 3488 2771 hoc
3516 2731 3623 2771 non

2008 2797 2180 2863 fertis,
2223 2799 2416 2854 saltem
2457 2815 2554 2855 vos
2604 2811 2795 2856 mutuo
2836 2811 3034 2869 amate,
3082 2815 3406 2874 praesentem
3449 2805 3623 2875 depo-

2008 2898 2201 2944 nentes
2223 2890 2758 2961 ncgligentiam.lloc
2779 2894 2936 2948 nobis
2959 2893 3028 2948 ad
3048 2895 3476 2950 consolationem
3493 2896 3626 2951 satis

2005 2985 2108 3046 εει,
2133 2980 2177 3034 si
2201 2979 2478 3036 videamus
2499 2997 2593 3038 vos
2613 2993 2763 3039 recte
2782 2995 3006 3053 agentes
3029 2992 3083 3039 et
3107 2984 3363 3056 meliores
3378 2984 3619 3042 cll‘ectos.

2005 3068 2095 3125 Sic
2141 3071 2402 3141 majorem
2433 3087 2536 3142 ego
2571 3075 2850 3129 caritatem
2897 3073 3197 3140 exhibebo,
3238 3076 3282 3130 si
3334 3074 3626 3131 ferventius

2005 3162 2396 3223 amans.minus
2413 3178 2564 3218 amer
2579 3181 2609 3217 a
2634 3164 2861 3218 vobile
2869 3165 2974 3220 ulta
2989 3165 3134 3221 enim
3155 3180 3254 3220 nos
3267 3167 3611 3236 coniungunt

2009 3269 2109 3307 una
2139 3269 2324 3308 mensa
2351 3255 2602 3309 omnibus
2635 3258 2910 3326 proposita
2929 3296 2942 3319 ,
2977 3270 3118 3312 unus
3148 3257 3303 3311 nobis
3333 3269 3486 3327 pater
3515 3269 3616 3325 est,

2006 3346 2197 3400 eodem
2227 3354 2382 3416 partu
2412 3362 2605 3401 omnes
2635 3348 2956 3414 prodiimus,
3012 3347 3154 3402 idem
3185 3357 3342 3417 potus
3369 3350 3623 3404 omnibus

2006 3435 2163 3490 datus
2192 3445 2307 3501 est;
2348 3436 2457 3490 imo
2484 3451 2591 3490 non
2620 3437 2796 3491 solum
2830 3437 2972 3492 idem
3001 3448 3180 3508 potus,
3211 3437 3307 3498 sed
3337 3454 3401 3494 ex
3429 3439 3622 3494 eodem

2006 3529 2175 3583 calice
2204 3529 2520 3585 sumendus.
2545 3529 2709 3584 Pater
2739 3531 2884 3585 enim
2916 3537 3122 3595 noster,
3173 3545 3297 3587 cum
3335 3545 3436 3586 nos
3462 3532 3626 3588 vellet

2008 3621 2061 3673 in
2111 3631 2352 3674 mutuum
2384 3634 2624 3675 amorem
2676 3621 2952 3686 inducere,
2983 3621 3113 3678 illud
3139 3623 3475 3680 machinatus
3507 3632 3624 3688 est,

2009 3719 2069 3766 ut
2114 3727 2180 3764 ex
2215 3727 2320 3766 uno
2347 3712 2514 3768 calice
2543 3712 2854 3768 biberemus
2879 3731 2894 3777 ;
2934 3714 3078 3784 quod
3105 3715 3354 3770 maxim
3374 3723 3458 3769 est
3483 3715 3626 3770 cari-

2009 3803 2156 3856 tatis.
2205 3802 2309 3858 Sed
2336 3804 2620 3874 apostolis,
2671 3805 2904 3874 inqules,
2957 3805 3103 3876 digni
3147 3819 3254 3859 non
3302 3819 3509 3860 smnus.
3564 3804 3620 3860 ld

2006 3907 2109 3962 ego
2137 3894 2325 3958 fateor,
2377 3908 2478 3948 nec
2525 3909 2779 3963 umquam
2819 3895 3151 3964 negaverim.
3199 3895 3318 3950 Non
3342 3897 3486 3952 enim
3513 3897 3620 3951 illis

2009 3984 2172 4039 modo
2201 4026 2216 4050 ,
2248 3983 2342 4039 sed
2391 3998 2460 4040 ne
2509 3983 2714 4038 umbra:
2751 3983 2971 4055 quidem
3015 3983 3229 4040 illorum
3268 3988 3621 4056 comparandi

2009 4092 2217 4132 sumus.
2265 4080 2512 4130 Attamen
2542 4090 2635 4130 vos
2662 4077 2898 4130 oftleium
2933 4088 3170 4132 vestrum
3208 4080 3447 4148 implete.
3503 4079 3616 4135 Non

2008 4171 2151 4223 enim
2175 4168 2305 4222 illud
2339 4169 2492 4222 vobis
2523 4184 2778 4240 umquam
2813 4170 3001 4240 pudori
3032 4170 3158 4235 erit,
3208 4171 3302 4227 sed
3349 4188 3444 4226 vos
3489 4186 3606 4226 ma-

2009 4263 2152 4317 xime
2191 4261 2418 4331 juvabit.
2462 4261 2594 4316 Cum
2629 4262 2773 4315 enim
2821 4262 2986 4316 etiam
3011 4276 3141 4333 erga
3180 4261 3430 4334 indignos
3458 4263 3619 4318 talem

2008 4352 2331 4408 exhilicbitis
2367 4368 2631 4414 amorem.
2682 4354 2843 4408 talem
2889 4351 3322 4423 obsequentiam,
3351 4364 3476 4410 tunc
3501 4371 3617 4410 ma-

2006 4447 2180 4517 jorem
2213 4447 2485 4518 recipietis
2517 4445 2850 4501 mercedem.
2881 4445 2999 4501 Non
3035 4455 3216 4501 nostra
3249 4447 3448 4517 quippe
3488 4448 3620 4502 diei-

2011 4555 2168 4605 mus;
2206 4540 2329 4610 quia
2373 4541 2551 4594 nullus
2576 4547 2661 4595 est
2691 4539 2845 4596 nobis
2877 4539 3068 4594 doctor
3095 4539 3148 4595 in
3175 4549 3350 4606 terra;
3379 4540 3473 4595 sed
3498 4555 3614 4610 qua

2010 4632 2336 4702 accepimus,
2377 4630 2592 4698 damus,
2643 4640 2699 4686 et
2747 4648 2847 4704 pro
2873 4635 2997 4686 dato
3029 4631 3158 4686 nihil
3184 4647 3214 4688 a
3256 4633 3408 4688 vobis
3439 4636 3621 4704 requi-

2013 4726 2199 4789 rimus,
2252 4723 2352 4778 nisi
2404 4731 2463 4779 ut
2503 4721 2846 4779 redamemur
2896 4732 3126 4778 tantum.
3171 4723 3326 4792 Quod
3366 4724 3410 4778 si
3456 4726 3617 4780 etiam

2011 4832 2197 4871 amore
2237 4814 2437 4886 indigni
2487 4829 2675 4870 sumus
2703 4856 2716 4876 ,
2761 4813 2846 4868 vel
2895 4813 3019 4870 hinc
3064 4815 3171 4869 cito
3200 4817 3404 4870 erimus
3448 4815 3617 4883 digni,

2011 4907 2150 4977 quod
2202 4920 2299 4960 vos
2341 4921 2467 4960 vere
2514 4921 2778 4960 amemus.
2824 4904 3274 4978 Quandoquidem
3303 4909 3612 4963 mandrae.

2016 5000 2169 5053 nobis
2212 5007 2314 5060 est.
2361 5012 2467 5051 non
2497 4996 2674 5052 solum
2695 5011 2790 5050 eos
2816 4996 2906 5066 qui
2943 5010 3042 5050 nos
3067 5007 3248 5051 amant
3275 5012 3478 5060 amare,
3522 4997 3618 5052 sed

2015 5091 2177 5144 etiam
2220 5089 2466 5143 inimicos
2517 5087 2762 5157 diligere.
2815 5087 2947 5154 Quis
2975 5087 3045 5141 ita
3096 5088 3366 5154 immanis,
3401 5089 3521 5158 quis
3548 5089 3620 5143 ita

2020 5180 2182 5243 ferus,
2215 5179 2308 5249 qui
2337 5176 2424 5232 tali
2452 5188 2671 5246 accepta
2704 5177 2820 5246 lege
2845 5218 2860 5243 ,
2888 5180 3049 5231 etiam
3083 5182 3163 5231 sui
3191 5190 3438 5232 amantes
3473 5194 3627 5234 aver-

2017 5278 2168 5325 setur
2216 5278 2270 5324 et
2297 5269 2420 5324 odio
2463 5267 2678 5335 haheat,
2712 5268 2924 5323 etiamsi
2953 5269 3098 5324 mille
3123 5271 3190 5322 sit
3219 5270 3360 5324 vitiis
3387 5270 3575 5341 plenus
3606 5277 3626 5332 ἶ

2019 5361 2213 5415 Mensa:
2237 5359 2530 5428 splritualis
2556 5366 2838 5413 consortes
2859 5356 3059 5412 fuimus
3094 5377 3107 5411 :
3135 5359 3430 5430 spiritualis
3453 5361 3614 5415 etiam

2017 5450 2254 5506 caritatis
2276 5458 2559 5504 consortes
2590 5451 2779 5504 simus.
2808 5448 2939 5504 Nam
2972 5451 3016 5504 si
3049 5450 3304 5515 latrones,
3339 5451 3428 5520 qui
3461 5453 3621 5506 simul

2021 5549 2329 5604 vescuntur,
2361 5540 2530 5596 moris
2557 5541 2637 5594 sui
2672 5549 2858 5595 mutuo
2888 5539 3303 5606 obliviscuntur,
3333 5556 3491 5613 quam
3527 5555 3623 5599 no;

2021 5633 2420 5693 excusationem
2471 5630 2808 5696 habebimus,
2841 5633 2928 5702 qui
2962 5632 3216 5686 dominici
3248 5634 3493 5703 corporis
3535 5651 3628 5689 su-

2021 5737 2139 5777 mus
2164 5731 2466 5788 consortes,
2513 5735 2613 5776 nec
2638 5721 2852 5777 illorum
2881 5726 3345 5778 mansuetudinem
3379 5737 3625 5780 mutuam

2024 5815 2329 5870 imitamur?
2369 5813 2532 5886 Atqui
2557 5813 2740 5870 multis
2765 5828 2872 5870 non
2901 5830 3104 5872 mensa
3127 5824 3354 5884 tantum,
3383 5817 3485 5880 sed
3513 5815 3638 5872 civi-
