4080 6466
304 403 413 464 δῖθ

303 524 556 576 Attamen
591 517 660 572 de
702 530 760 571 se
797 515 927 569 nihil
973 514 1148 569 adhuc
1184 515 1353 578 dicit,
1384 528 1576 584 nempe
1606 513 1750 585 quod
1785 514 1900 570 vin-

302 610 529 669 eiendus
553 617 724 677 esset,
754 606 1104 678 ﬁagellandus
1129 648 1143 670 ,
1176 605 1540 671 occidendus,
1585 622 1653 662 ne
1694 605 1772 663 sic
1807 622 1901 662 eo-

300 720 424 760 rum
451 702 787 774 perturbaret
810 701 1040 765 animos,
1068 698 1162 755 sed
1190 699 1403 755 interim
1427 714 1546 770 qua:
1576 699 1708 769 ipsis
1733 714 1901 757 even-

304 805 420 851 tura
456 797 565 850 sint
603 790 945 864 praenuntiat.
979 791 1180 847 Deinde
1208 799 1268 846 ut
1296 790 1528 854 discant,
1558 805 1750 844 novata
1781 805 1905 845 esse

302 886 441 941 hanc
465 885 695 941 bellandi
721 884 914 956 legem,
940 892 995 939 et
1020 881 1317 937 inauditum
1346 881 1479 936 aciei
1509 880 1749 937 modum.
1776 895 1902 936 cum

301 978 477 1034 nudos
504 977 711 1042 mittat,
741 992 845 1032 una
874 976 1091 1031 indutas
1118 976 1295 1030 tunica
1322 1017 1335 1037 .
1373 974 1493 1029 sine
1522 974 1719 1029 calceis
1738 1012 1755 1040 ,
1787 973 1907 1029 sine

302 1074 469 1142 virga,
515 1072 632 1127 sine
672 1070 886 1141 cingulo
916 1069 998 1124 vel
1030 1082 1186 1137 pera,
1224 1082 1355 1138 quos
1388 1068 1457 1121 ali
1482 1067 1634 1137 jubet
1660 1066 1729 1121 ab
1760 1067 1905 1121 exci-

300 1162 603 1235 pientibus,
633 1176 738 1216 non
762 1160 850 1217 hic
872 1161 1033 1215 linem
1061 1156 1281 1214 dicendi
1311 1158 1434 1211 facit
1455 1197 1470 1223 ,
1504 1158 1596 1213 sed
1628 1172 1779 1211 suam
1812 1172 1903 1211 os.

300 1256 532 1311 tendens
567 1254 890 1311 ineﬁ'abilem
932 1253 1227 1322 potentiam
1275 1252 1404 1306 dicit
1447 1270 1458 1304 :
1504 1250 1593 1306 Sic
1642 1250 1904 1306 abeuntes

296 1349 478 1404 ovium
516 1346 980 1404 mansuetudinem
1029 1345 1299 1409 exhibete,
1331 1345 1542 1401 etiamsi
1579 1355 1766 1400 contra
1816 1345 1904 1400 lu-

299 1458 396 1512 pos
428 1441 586 1508 ituri;
616 1455 715 1498 nec
731 1440 891 1496 modo
912 1447 1100 1496 contra
1130 1439 1306 1510 lupos,
1339 1438 1433 1495 sed
1460 1438 1622 1494 etiam
1650 1438 1716 1493 In
1739 1438 1903 1495 medio

296 1535 555 1604 luporum.
586 1533 771 1605 Neque
810 1541 1014 1587 tantum
1050 1532 1229 1588 ovium
1263 1530 1727 1587 mansuetudinem
1751 1532 1905 1603 jubet

297 1625 532 1694 habere,
564 1627 659 1683 sed
690 1626 853 1682 etiam
882 1625 1281 1695 simplicitatem
1317 1625 1603 1682 columbae.
1641 1624 1732 1682 Sic
1766 1641 1904 1697 pra-

294 1718 481 1773 sertim
523 1732 695 1772 meam
738 1716 1017 1772 ostendam
1039 1716 1435 1782 fortitudinem,
1458 1732 1578 1773 cum
1601 1732 1731 1773 oves
1748 1717 1903 1789 lupos

293 1809 539 1873 vicerint,
575 1808 786 1864 etiamsi
815 1809 869 1863 in
896 1808 1071 1864 medio
1102 1808 1350 1879 luporum
1376 1810 1503 1876 sint,
1527 1817 1581 1865 et
1606 1810 1902 1866 innumeris

294 1899 569 1953 morsibus
609 1898 934 1965 lacerentur,
969 1914 1070 1955 nec
1117 1899 1278 1955 modo
1320 1914 1427 1956 non
1467 1899 1769 1966 deleantur,
1802 1899 1901 1955 sed

294 1992 457 2047 etiam
490 1990 646 2061 lupos
688 2000 1035 2057 convertant;
1068 1992 1213 2063 quod
1246 1992 1405 2062 longe
1445 1992 1745 2048 mirabilius
1791 2004 1896 2059 est,

294 2090 350 2137 ct
382 2082 555 2151 majus
584 2096 742 2152 quam
782 2082 828 2137 si
859 2082 1195 2149 occiderent,
1224 2082 1269 2137 si
1298 2098 1494 2153 nempe
1533 2082 1747 2139 illorum
1777 2100 1900 2138 mu-

293 2182 411 2229 tent
440 2173 768 2228 voluntatem
794 2214 810 2239 ,
841 2174 1187 2244 animumque
1230 2173 1619 2229 transforment
1647 2192 1660 2229 :
1692 2184 1747 2230 et
1784 2174 1901 2229 b:rc

292 2280 416 2319 cum
440 2265 515 2319 illi
542 2264 824 2322 duodecim
854 2274 1038 2322 essent
1065 2274 1270 2321 tantum
1296 2308 1311 2331 ,
1341 2275 1396 2321 et
1420 2275 1562 2322 totus
1586 2267 1731 2321 orbis
1760 2267 1900 2337 lupis

291 2367 438 2413 esset
465 2358 674 2428 plenus.

368 2448 498 2504 Oves
540 2450 728 2505 Christi
760 2451 998 2515 vincunt,
1046 2452 1157 2521 lupi
1187 2452 1475 2506 vincuntur.
1503 2479 1573 2490 -—
1601 2450 1898 2506 Erubesca-

292 2554 414 2595 mus
444 2541 625 2610 igitur,
653 2542 741 2611 qui
775 2552 961 2598 contra
992 2540 1250 2598 facientes
1270 2585 1284 2609 ,
1318 2544 1468 2613 quasi
1502 2542 1609 2612 lupi
1645 2543 1895 2597 inimicos

292 2624 613 2679 invadimus.
670 2625 935 2692 Quamdiu
990 2627 1131 2681 enim
1163 2641 1295 2681 oves
1334 2641 1560 2692 sumus,
1607 2626 1897 2691 vincimus,

290 2726 451 2788 atque
492 2717 592 2773 etsi
617 2718 911 2773 innumeris
934 2719 1249 2774 circumdati
1297 2719 1434 2789 lupis
1460 2734 1817 2788 superamus;
1851 2720 1896 2774 si

291 2823 422 2864 vero
446 2808 557 2878 lupi
579 2807 896 2875 elﬁciamur,
921 2811 1184 2865 vincimur
1211 2829 1223 2864 :
1256 2810 1484 2880 pastoris
1513 2810 1713 2881 quippe
1742 2810 1893 2865 auxi-

290 2898 365 2953 lio
392 2899 755 2954 destituimur.
776 2898 888 2955 Non
914 2900 1058 2955 enim
1091 2900 1179 2955 ille
1204 2899 1379 2970 lupos,
1407 2899 1502 2954 sed
1533 2914 1661 2955 oves
1683 2899 1893 2971 pascit;

291 2998 419 3045 tunc
457 2997 633 3045 autem
682 3000 734 3047 te
783 2992 1039 3061 relinquit
1064 3006 1129 3046 ac
1166 2990 1436 3047 discedit:
1466 2992 1591 3062 quia
1626 3008 1732 3047 non
1763 2994 1897 3051 sinis

290 3080 441 3136 illum
467 3081 716 3138 virtutem
743 3097 893 3138 suam
920 3082 1224 3139 ostendere.
1249 3082 1304 3138 Si
1332 3083 1475 3139 enim
1503 3094 1724 3140 vexatus
1740 3100 1895 3140 man-

288 3173 630 3229 suetudinem
659 3176 939 3240 exhibeas,
962 3176 1060 3247 ipsi
1087 3186 1253 3231 totum
1280 3176 1589 3232 attribuitur
1610 3187 1892 3248 trop-rum;

290 3264 376 3320 sin
404 3266 598 3321 exieris
641 3267 1099 3337 pugnaverisque,
1154 3268 1434 3324 victoriam
1486 3266 1763 3322 obscuras.
1816 3268 1895 3325 Tu

288 3369 421 3410 vero
463 3356 592 3409 mihi
636 3356 917 3411 considera
962 3359 1177 3427 quinam
1226 3358 1334 3412 sint
1378 3357 1435 3422 ii,
1477 3359 1567 3428 qui
1613 3357 1729 3413 hmc
1755 3356 1891 3415 dura

289 3447 665 3517 laboriosaque
688 3448 1191 3519 pneceptaaudiuut
1216 3467 1227 3502 :
1254 3448 1588 3505 formidolosi
1619 3448 1889 3513 homines,

290 3539 511 3604 idiota}:
562 3540 797 3595 illiterati
819 3584 833 3607 ,
865 3549 922 3597 et
959 3541 1159 3596 indocti
1192 3557 1208 3607 ;
1256 3554 1476 3612 prorsus
1506 3540 1723 3596 obscuri
1750 3558 1763 3606 ;
1794 3542 1884 3611 qui

293 3642 611 3688 exterorum
658 3633 805 3703 leges
843 3632 1197 3703 ignorabant,
1230 3632 1319 3702 qui
1348 3646 1452 3686 non
1494 3632 1548 3687 in
1590 3631 1765 3687 lorum
1799 3631 1894 3687 de-

290 3723 653 3788 scenderant;
686 3724 1003 3793 piscatores,
1035 3723 1324 3792 publicani,
1364 3723 1415 3777 in
1446 3722 1696 3777 omnibus
1726 3721 1893 3777 imbe-

290 3813 466 3869 cilles.
494 3814 647 3881 Quod
685 3816 728 3869 si
777 3816 891 3869 haec
934 3816 1018 3869 vel
1062 3828 1257 3885 magno
1290 3812 1544 3883 praeditos
1586 3814 1801 3883 ingenio
1838 3822 1894 3869 et

290 3905 473 3959 animo
495 3906 639 3959 viros
660 3904 874 3960 turbare
895 3913 1139 3975 possunt,
1164 3902 1436 3973 quomodo
1458 3918 1564 3958 non
1590 3904 1891 3973 potuissent

292 3997 570 4067 imperitos
599 3996 863 4064 homines,
880 3997 970 4067 qui
1000 3996 1131 4051 nihil
1153 3996 1401 4067 generosi
1431 4010 1683 4065 umquam
1712 3996 1893 4051 animo

290 4096 667 4159 conceperant,
692 4089 928 4158 dejicere
957 4098 1117 4159 atque
1146 4085 1485 4157 percellere?
1511 4086 1579 4140 At
1607 4102 1711 4139 non
1737 4085 1891 4153 deje-

291 4196 439 4238 eere.
466 4181 631 4249 idque
651 4181 772 4251 jure
804 4180 1031 4248 merito,
1057 4180 1201 4236 dicet
1231 4180 1369 4235 forte
1397 4178 1661 4249 quispiam
1693 4197 1706 4231 :
1741 4178 1895 4233 dedit

293 4274 434 4329 enim
463 4272 566 4327 illis
592 4282 909 4342 potestatem
941 4271 1218 4327 dzemonas
1239 4268 1485 4339 ejiciendi
1504 4311 1519 4336 ,
1552 4284 1615 4323 ac
1644 4269 1893 4338 leprOSos

292 4365 605 4421 muudandi.
642 4365 755 4436 Ego
782 4375 961 4421 autem
1005 4363 1232 4419 dixerim
1255 4404 1269 4427 ,
1310 4361 1413 4416 hoc
1450 4362 1624 4431 ipsum
1654 4361 1893 4415 maxime

291 4457 414 4511 illos
440 4455 656 4511 turbare
688 4455 948 4523 potuisse,
972 4452 1115 4525 quod
1144 4452 1245 4508 etsi
1269 4461 1513 4507 mortuos
1541 4451 1889 4517 suscitarent,

292 4548 411 4602 haec
459 4556 639 4602 tamen
686 4545 1041 4601 intolerabilia
1086 4543 1297 4614 passuri
1346 4550 1543 4606 erant;
1585 4541 1889 4605 tribunalia,

289 4638 642 4693 abductiones
662 4636 729 4693 ad
758 4651 968 4703 necem,
992 4634 1190 4691 bellum
1218 4634 1477 4689 adversus
1496 4647 1710 4697 omnes,
1742 4648 1890 4687 com-

291 4746 455 4786 mune
486 4731 649 4786 totius
676 4730 825 4786 orbis
862 4727 1045 4784 odium
1067 4769 1081 4792 ,
1106 4737 1161 4783 et
1192 4727 1306 4781 h:ec
1342 4725 1469 4781 dum
1502 4724 1757 4780 miracula
1800 4740 1892 4794 pa-

294 4832 519 4877 trarent.
551 4821 681 4889 Quae
724 4820 1023 4876 consolatio
1074 4820 1212 4874 inter
1265 4826 1344 4873 tot
1394 4826 1648 4888 tantaque
1706 4816 1891 4871 mala?

294 4913 554 4968 llittentis
586 4913 841 4982 potentia.
872 4912 1078 4967 Idcirco
1108 4910 1223 4965 haec
1248 4909 1510 4980 praemisit
1539 4909 1658 4964 aliis
1678 4907 1887 4970 dicens,

296 5004 432 5061 Ecce
451 5021 542 5075 ego
572 5005 713 5059 mitto
740 5021 847 5061 vos.
882 5003 995 5061 Hoc
1024 5002 1175 5058 vobis
1204 5002 1270 5057 ad
1300 5000 1729 5059 consolationem
1758 5000 1891 5055 satis

296 5106 381 5154 est
404 5140 418 5162 ,
455 5095 760 5167 sullicitqne
784 5097 851 5151 ad
881 5095 1129 5151 ﬁduciam
1154 5094 1470 5151 sumendam
1516 5094 1893 5162 neminemque

295 5189 730 5244 adversariorum
759 5186 1153 5242 formidandum
1172 5188 1210 5240 ί.

370 5280 426 5335 2.
447 5280 617 5347 Quare
627 5277 855 5333 Christus
870 5280 1114 5348 apostolis
1126 5278 1291 5333 ovium
1304 5278 1649 5346 inﬁrmitatem
1669 5278 1889 5347 reliquit.

299 5371 587 5427 Prudentia
612 5370 856 5437 serpentis
876 5385 1007 5437 qua.
1028 5398 1101 5410 -—
1120 5369 1283 5425 Vides
1310 5368 1721 5423 auctoritatem?
1746 5367 1896 5423 vides

301 5460 639 5534 potentiam?
686 5460 835 5515 vides
874 5459 1123 5514 virtutem
1176 5457 1691 5529 inexpugnabilem?
1741 5457 1897 5526 Quod

299 5563 479 5607 autem
526 5550 683 5616 dicit,
720 5549 1025 5619 hujusmodi
1070 5559 1193 5606 est:
1225 5549 1301 5604 Ne
1340 5550 1665 5613 turbemini,
1698 5549 1892 5619 inquit,

300 5642 445 5714 quod
465 5657 586 5697 cum
606 5657 698 5697 vos
720 5643 857 5698 inter
881 5645 1032 5712 lupos
1056 5643 1285 5703 mittam,
1308 5652 1507 5695 utoves
1536 5654 1587 5695 et
1610 5650 1667 5694 ut
1687 5640 1897 5695 colum-

302 5737 399 5795 bas
422 5736 796 5805 essejubeam.
825 5736 1165 5792 Contrarium
1200 5745 1452 5805 pnestare
1478 5743 1740 5803 poteram,
1770 5748 1897 5789 vos-

368 5894 388 5929 ⁶
417 5892 618 5954 quidam
636 5892 836 5953 habent,
850 5890 1065 5956 nihilque
1087 5893 1397 5944 adversorum
1416 5889 1801 5956 formidandum.

1188 397 1255 456 IN
1293 397 1702 456 MATTHASUM
1743 398 1973 456 liOlllL.
2017 398 2260 459 XXXIII,
2299 401 2371 456 al.
2414 400 2657 458 XXXIV.

3514 400 3617 455 5W

2018 530 2122 585 que
2160 517 2370 572 mittere
2408 516 2540 571 nihil
2586 530 2842 586 passuros
2880 517 3003 572 mali
3032 559 3045 578 .
3078 533 3175 573 nec
3217 528 3273 573 ut
3310 532 3442 575 oves
3481 520 3621 592 lupis

2014 608 2279 678 subjicere
2302 651 2317 675 ,
2346 610 2442 665 st-d
2478 610 2720 664 leonibus
2750 609 3206 666 lormidabiliores
3232 610 3497 679 reddere;
3524 615 3619 671 sed

2015 700 2085 755 ita
2116 702 2228 755 lit-ri
2272 716 2367 771 par
2395 712 2478 756 est
2509 720 2522 756 :
2558 701 2659 757 hoc
2686 710 2741 757 et
2772 718 2868 759 vos
2903 702 3301 773 splendidiores
3328 704 3530 769 efﬁcit,
3562 720 3618 764 et

2014 792 2307 859 potentiam
2354 807 2528 847 meam
2569 792 2846 863 prazdicat.
2894 792 3006 848 Hoc
3046 804 3101 849 et
3144 794 3311 848 Paulo
3357 794 3619 857 dicebat:

2013 884 2208 955 Sufficit
2240 885 2328 938 tibi
2352 886 2519 953 gratia
2541 901 2695 951 mea;
2720 903 2840 939 nam
2874 886 3034 941 uirtus
3074 904 3187 941 mea
3232 888 3283 942 in
3324 889 3624 957 inﬁrmitate

2012 977 2274 1047 perﬁcitur
2292 977 2368 1047 (‘2.
2398 975 2520 1034 Cor.
2553 977 2639 1034 12.
2662 978 2741 1050 9).
2770 978 2882 1051 Ego
2908 980 3091 1049 itaque
3117 980 3195 1035 sic
3222 997 3319 1036 vos
3339 983 3618 1039 constitui.

2011 1066 2145 1123 Cum
2175 1069 2317 1124 enim
2348 1068 2499 1137 dicit,
2535 1068 2646 1141 Ego
2678 1069 2823 1124 mitto
2850 1086 2937 1125 vos
2963 1071 3095 1125 sicut
3120 1087 3255 1137 ores,
3292 1071 3396 1128 hoc
3420 1074 3614 1129 subin-

2010 1158 2153 1213 dicat
2184 1176 2199 1214 :
2241 1157 2319 1214 Ne
2368 1160 2547 1231 itaque
2576 1160 2758 1215 animo
2784 1160 3046 1216 deliciatis
3074 1179 3087 1216 :
3118 1163 3241 1216 novi
3276 1161 3419 1218 enim
3444 1204 3464 1231 ,
3494 1166 3620 1221 novi

2012 1254 2216 1323 utique,
2252 1267 2349 1307 vos
2372 1252 2452 1308 sic
2485 1253 2734 1308 omnibus
2764 1253 3206 1324 inexpugnabiles
3226 1255 3357 1311 fore.
3393 1245 3619 1324 Deinde,

2011 1350 2068 1396 ut
2097 1340 2368 1413 quidpiam
2399 1343 2499 1415 ipsi
2523 1358 2588 1398 ex
2619 1359 2680 1400 se
2706 1342 3030 1414 proferrent,
3062 1360 3165 1400 nec
3190 1348 3369 1421 omnia
3391 1364 3461 1403 ex
3490 1364 3618 1418 gm-

2012 1436 2082 1488 tia
2113 1435 2377 1505 proﬁcisci
2409 1435 2722 1491 viderentur
2742 1478 2757 1503 ,
2792 1452 2966 1508 neque
3010 1439 3127 1492 sine
3155 1452 3317 1494 causa
3365 1442 3618 1497 coronari

2009 1536 2344 1598 putarentur,
2376 1528 2451 1583 ait
2475 1550 2487 1585 :
2512 1527 2691 1583 Estote
2718 1545 2839 1601 ergo
2866 1531 3139 1600 prudentes
3163 1531 3296 1585 sicut
3323 1543 3579 1601 serpentes
3599 1576 3617 1603 ,

2009 1628 2055 1672 et
2094 1619 2351 1691 simplices
2378 1620 2511 1674 sicut
2542 1620 2809 1676 columine.
2841 1623 2908 1677 Et
2940 1622 3068 1693 quid
3106 1623 3388 1693 prudentia
3431 1636 3618 1680 nostra

2009 1712 2211 1780 possit,
2246 1710 2490 1781 inquiunt
2518 1753 2534 1777 ,
2564 1712 2616 1766 in
2649 1723 2723 1769 tot
2765 1713 3057 1783 periculis?
3081 1716 3353 1786 quomodo
3380 1718 3617 1787 pruden-

2009 1803 2135 1858 tiam
2162 1802 2362 1860 habere
2386 1806 2705 1874 poterimus,
2732 1814 2811 1861 tot
2839 1807 3031 1877 agitati
3055 1807 3307 1864 ﬂuctibus
3329 1810 3353 1862 ?
3379 1810 3623 1880 Quanta-

2007 1909 2239 1967 cumque
2277 1896 2558 1966 prudentia
2602 1899 2671 1953 sit
2716 1898 2939 1970 prtedita
2961 1899 3114 1967 ovis,
3145 1915 3268 1955 eum
3297 1901 3438 1957 inter
3462 1903 3620 1974 lupos

2007 1988 2096 2056 sit,
2124 1998 2180 2045 et
2210 1998 2413 2044 tantum
2445 1990 2694 2060 luporum
2731 2006 3045 2055 numerum,
3074 1992 3201 2062 quid
3233 1994 3426 2062 poterit
3454 1996 3617 2064 perﬁ-

2007 2083 2168 2137 cere?
2208 2091 2641 2154 quantacumque
2684 2084 2755 2137 sit
2795 2082 3061 2137 columba:
3100 2084 3458 2155 simplicitas,
3487 2087 3616 2156 quid

2008 2172 2080 2226 illi
2104 2172 2347 2243 juvabit,
2385 2184 2462 2229 tot
2498 2176 2821 2230 instantibus
2862 2175 3250 2245 accipitribus?
3278 2175 3333 2231 ln
3364 2176 3447 2231 his
3471 2188 3619 2233 certe

2008 2264 2466 2321 irrationabilibus
2495 2267 2650 2333 nihil,
2682 2267 2733 2321 in
2758 2267 2908 2322 vobis
2936 2276 3116 2323 autem
3145 2268 3613 2339 multumjnvabit.

2004 2354 2109 2411 Sed
2135 2356 2412 2412 videamus
2441 2374 2601 2427 quam
2630 2359 2713 2413 hic
2736 2359 3073 2429 prudentiam
3093 2359 3289 2430 exigat.
3313 2360 3609 2431 Serpentis.

2005 2447 2194 2518 inquit.
2223 2448 2687 2516 Quemadmodum
2720 2449 2810 2504 ille
2837 2450 3017 2504 omnia
3049 2450 3230 2513 tradit.
3259 2452 3469 2507 etiamsi
3491 2467 3618 2507 cor-

2007 2554 2106 2609 pus
2150 2539 2309 2595 incidi
2355 2549 2638 2609 oporteat,
2691 2556 2798 2595 non
2842 2540 3133 2597 admodum
3163 2543 3614 2613 repugnat,dum

2003 2639 2165 2703 caput
2190 2640 2442 2686 servetur
2474 2650 2487 2685 :
2517 2632 2600 2688 sic
2620 2642 2673 2687 et
2705 2641 2783 2698 tu,
2817 2632 3007 2703 inquit,
3038 2643 3261 2703 excepta
3286 2634 3409 2697 ﬁde,
3435 2636 3614 2691 (minis

2007 2726 2157 2781 trade
2180 2767 2194 2789 .
2244 2726 2533 2796 pecunias,
2578 2740 2773 2794 corpus
2795 2766 2810 2789 ,
2838 2725 2945 2779 imo
2970 2725 3138 2795 ipsam
3164 2726 3421 2780 animam.
3457 2726 3616 2783 Fides

2003 2818 2147 2874 enim
2192 2826 2353 2886 caput
2402 2826 2484 2871 est
2528 2826 2583 2872 et
2628 2816 2777 2870 radix
2809 2834 2820 2867 :
2852 2817 3050 2886 illaque
3094 2828 3343 2885 servata,
3394 2820 3606 2873 etiamsi

2003 2907 2183 2963 omnia
2227 2907 2475 2962 amiseris
2500 2949 2515 2973 ,
2561 2907 2740 2961 omnia
2773 2916 2959 2977 postea
2992 2907 3352 2982 abundantius
3381 2926 3611 2982 recupe-

2003 3000 2169 3054 rabis.
2220 2998 2344 3054 Ideo
2376 3014 2481 3053 non
2511 2998 2809 3069 simplicem
2861 3009 3064 3053 tantum
3092 3042 3106 3067 ,
3142 2979 3244 3057 nec
3289 2979 3610 3073 prudentem

2003 3090 2180 3146 solum
2209 3104 2329 3145 esse
2358 3090 2652 3159 praecepit,
2698 3089 2794 3145 sed
2828 3090 2941 3147 hzec
2973 3092 3130 3147 ambo
3160 3094 3374 3149 miscuit
3400 3111 3414 3160 ;
3450 3097 3519 3151 ita
3555 3107 3615 3153 ut

2002 3182 2120 3238 haec
2169 3182 2340 3236 virtus
2408 3196 2536 3236 vere
2605 3181 2768 3247 sint;
2834 3183 3283 3255 prudentiamque
3346 3191 3610 3257 serpentis

2000 3276 2311 3347 assumpsit,
2345 3284 2402 3329 ut
2433 3289 2501 3329 ne
2529 3274 2705 3330 letalia
2737 3280 2962 3331 vulnera
2988 3276 3262 3348 accipias;
3294 3278 3613 3349 simplicita-

2001 3376 2109 3424 tem
2139 3382 2272 3423 vero
2296 3366 2581 3433 columbae,
2616 3375 2673 3421 ut
2705 3381 2772 3421 ne
2800 3366 3058 3423 ladentes
3081 3378 3132 3424 te
3155 3368 3450 3436 ulciscaris,
3476 3387 3612 3427 neve

2001 3458 2317 3515 insidiantes
2340 3472 2437 3528 per
2466 3457 2754 3513 vindictam
2783 3472 3036 3513 amoveas
3068 3479 3080 3514 :
3108 3459 3244 3515 nihil
3274 3462 3417 3515 enim
3448 3465 3610 3532 prod-

1999 3561 2083 3608 est
2107 3550 2408 3621 prudentia,
2434 3550 2536 3605 nisi
2558 3550 2661 3605 hoc
2682 3550 2840 3605 adsit.
2866 3550 3004 3618 Quid
3032 3565 3159 3621 ergo
3185 3552 3355 3622 magis
3381 3553 3608 3607 ardmnu

2001 3642 2084 3697 his
2133 3642 2456 3712 praeceptis?
2508 3640 2623 3696 Non
2677 3642 2822 3697 enim
2876 3642 3009 3697 satis
3051 3652 3169 3696 erat
3214 3644 3352 3697 mala
3382 3645 3611 3699 subire?

1998 3739 2154 3809 Non,
2183 3739 2356 3809 inquit
2378 3739 2505 3803 ille;
2546 3738 2643 3794 sed
2673 3739 2833 3794 etiam
2866 3754 2933 3793 ne
2962 3738 3254 3808 indigneris
3298 3746 3441 3793 veto.
3494 3738 3609 3795 llae

1999 3834 2145 3888 enim
2176 3830 2243 3887 ad
2273 3832 2576 3886 columbam
2608 3832 2861 3900 pertinet.
2910 3832 2988 3886 Ac
3033 3831 3080 3885 si
3110 3832 3231 3900 quis
3258 3831 3523 3886 calamum
3552 3833 3607 3887 in

2000 3930 2176 3997 ignem
2215 3925 2438 3981 mittens
2462 3964 2479 3991 ,
2521 3923 2735 3995 juberet
2781 3939 2885 3979 non
2916 3924 2995 3977 uri
3024 3924 3092 3978 ab
3121 3924 3263 3994 igne,
3299 3922 3393 3979 sed
3425 3924 3601 3994 ignem

1999 4016 2359 4086 exstinguere.
2392 4012 2590 4069 Verum
2620 4028 2685 4066 ne
2717 4013 2994 4069 turbemur
3024 4031 3035 4066 :
3068 4013 3183 4067 haec
3209 4024 3258 4067 et
3292 4025 3606 4081 evenerunt,

1999 4120 2053 4164 et
2076 4110 2236 4164 linem
2262 4117 2608 4176 acceperunt,
2641 4106 2876 4176 ipsisque
2897 4106 3149 4176 operibus
3175 4106 3417 4161 exhibita
3441 4117 3567 4163 sunt
3596 4129 3609 4164 :

2003 4199 2296 4271 prudentes
2324 4200 2466 4254 enim
2491 4197 2710 4253 fuerunt
2738 4199 2879 4253 sicut
2908 4209 3191 4268 serpentes
3216 4240 3230 4262 ,
3264 4210 3317 4253 et
3338 4200 3615 4270 simplices

2001 4298 2140 4352 sicut
2166 4296 2428 4351 columba:
2460 4314 2472 4349 :
2506 4310 2611 4349 non
2640 4294 2782 4365 quod
2812 4311 2877 4349 ex
2904 4295 3005 4348 alia
3034 4303 3223 4349 natura
3256 4306 3440 4351 essent
3461 4338 3476 4360 ,
3508 4300 3606 4354 sed

2001 4407 2067 4445 ex
2114 4391 2301 4445 eadem
2356 4405 2460 4459 qua
2504 4404 2603 4450 nos
2649 4399 2821 4445 erant.
2864 4389 2942 4444 Ne
2992 4390 3112 4460 quis
3155 4405 3284 4461 ergo
3315 4401 3464 4460 putet
3494 4391 3613 4451 han:

2001 4492 2265 4552 pra-cepta
2296 4481 2505 4551 impleri
2534 4494 2637 4533 non
2668 4493 2843 4548 posse.
2876 4479 2992 4533 Prae
3019 4481 3269 4533 omnibus
3298 4482 3444 4535 enim
3488 4483 3611 4537 aliis

2001 4576 2117 4646 ipse
2144 4573 2291 4628 novit
2319 4588 2498 4627 rerum
2532 4581 2775 4625 naturam
2810 4588 2823 4625 :
2866 4571 3011 4625 novit
3039 4571 3295 4626 ferociam
3334 4588 3441 4627 non
3472 4573 3615 4629 iero-

1999 4668 2103 4730 cia,
2156 4664 2249 4720 sed
2300 4662 2669 4717 moderatione
2724 4662 3000 4733 restingui.
3056 4662 3207 4729 Quod
3255 4664 3298 4717 si
3343 4664 3520 4735 reipsa
3561 4674 3616 4720 et

2000 4778 2165 4833 opere
2212 4760 2264 4816 id
2292 4760 2475 4815 videre
2504 4760 2656 4823 velis,
2689 4760 2806 4830 lege
2849 4761 3044 4815 librmn
3077 4763 3307 4827 Actuum
3338 4764 3616 4835 apostolo-

2000 4870 2155 4921 rum,
2208 4854 2521 4923 videbisque
2571 4853 2784 4923 quoties
2833 4852 3035 4909 Judwis
3085 4853 3503 4928 insurgentibus,
3563 4869 3614 4909 tt

2001 4946 2189 5001 dentes
2234 4946 2553 5001 acuentibus
2577 4986 2592 5011 ,
2636 4943 2688 4999 hi
2729 4944 3031 4999 columbam
3056 4945 3371 5012 imitmites,
3406 4958 3461 5001 et
3490 4962 3612 5002 cum

2002 5038 2373 5094 moderatione
2415 5037 2596 5093 debita
2640 5036 2945 5106 loquentes,
2980 5037 3193 5091 illorum
3228 5039 3462 5093 furorem
3513 5056 3608 5095 ex-

2002 5132 2308 5196 stinxerint,
2358 5132 2493 5187 iram
2538 5132 2837 5201 plaearint,
2892 5132 3147 5200 impetum
3182 5130 3441 5187 sedarint.
3476 5133 3608 5187 Nam

2002 5242 2124 5281 cum
2150 5224 2393 5280 dicerent
2420 5242 2430 5276 :
2464 5223 2651 5278 Nonne
2681 5224 3013 5294 prwcepimus
3039 5226 3175 5277 vobis
3202 5242 3263 5279 ne
3286 5227 3615 5295 loqueremini

2003 5322 2055 5373 in
2103 5318 2305 5371 nomine
2342 5318 2438 5371 ista
2470 5317 2607 5387 (Act.
2657 5315 2713 5371 5.
2742 5314 2891 5385 28)?
2917 5315 3018 5370 etsi
3049 5316 3303 5370 miracula
3332 5316 3612 5371 innumera

2006 5422 2220 5484 patrare
2248 5416 2486 5480 possent,
2523 5406 2655 5461 nihil
2681 5420 2932 5477 asperum
2960 5406 3043 5461 vel
3069 5404 3321 5461 dixerunt
3348 5406 3431 5460 vel
3463 5404 3611 5461 lece-

2004 5512 2151 5569 runt,
2180 5500 2273 5557 sed
2300 5515 2420 5555 cum
2449 5498 2593 5554 omni
2626 5512 2748 5553 sese
2775 5496 3189 5552 mansuetudine
3214 5506 3513 5568 purgarunt
3535 5497 3612 5551 di-

2006 5604 2191 5650 centes
2229 5611 2243 5647 :
2276 5593 2335 5647 Si
2371 5592 2569 5660 justum
2594 5599 2664 5643 est
2702 5606 2788 5643 vos
2818 5588 2997 5642 audire
3027 5598 3196 5659 potius
3230 5606 3380 5658 quam
3414 5588 3577 5643 Deum
3599 5629 3615 5650 ,

1997 5688 2225 5759 judicutc
2256 5682 2416 5753 (Ibid.
2438 5683 2487 5738 4.
2516 5682 2626 5749 l9).
2655 5680 2846 5734 Vidisti
2871 5680 3273 5749 simplicitatem
3298 5679 3562 5733 columbae
3581 5674 3612 5731 ’ἲ

2011 5777 2141 5832 Vide
2173 5774 2505 5845 prudentiam
2548 5773 2837 5843 serpentis.
2884 5771 3005 5825 Non
3030 5773 3159 5825 enim
3188 5788 3457 5842 possumus
3477 5810 3493 5835 ,
3530 5772 3611 5823 in-

2012 5870 2217 5942 quiunt,
2238 5883 2347 5939 quis
2370 5866 2580 5921 vidimus
2598 5876 2641 5920 et
2660 5868 2942 5921 audivimus
2962 5883 3060 5921 non
3082 5865 3218 5935 loqui
3240 5863 3402 5935 (Ibid.
3428 5878 3474 5917 ιο.
3494 5862 3614 5935 20).
