  <div class='ocr_page' id='page_1' title='image "/cluster/home/n/w/nwhite01/storage/ocr_20150623/57/uva.x004697226/325.png"; bbox 0 0 4080 6510; ppageno 0'>
   <div class='ocr_carea' id='block_1_1' title="bbox 516 451 617 503">
    <p class='ocr_par' dir='ltr' id='par_1_1' title="bbox 516 451 617 503">
     <span class='ocr_line' id='line_1_1' title="bbox 516 451 617 503; baseline 0.01 -1"><span class='ocrx_word' id='word_1_1' title='bbox 516 451 617 503; x_wconf 70' lang='grc' dir='ltr'><strong>ὅθι</strong></span> 
     </span>
    </p>
   </div>
   <div class='ocr_carea' id='block_1_2' title="bbox 529 534 2096 612">
    <p class='ocr_par' dir='ltr' id='par_1_2' title="bbox 529 534 2096 612">
     <span class='ocr_line' id='line_1_2' title="bbox 529 534 2096 612; baseline -0.006 -17"><span class='ocrx_word' id='word_1_2' title='bbox 529 541 710 598; x_wconf 76' lang='lat' dir='ltr'><strong>\‘iden‘</strong></span> <span class='ocrx_word' id='word_1_3' title='bbox 735 538 1001 612; x_wconf 86' lang='lat' dir='ltr'><strong>quomodo</strong></span> <span class='ocrx_word' id='word_1_4' title='bbox 1032 554 1129 595; x_wconf 91' lang='lat' dir='ltr'><strong>nos</strong></span> <span class='ocrx_word' id='word_1_5' title='bbox 1162 539 1392 608; x_wconf 82' lang='lat' dir='ltr'><strong>undique</strong></span> <span class='ocrx_word' id='word_1_6' title='bbox 1419 546 1666 593; x_wconf 85' lang='lat' dir='ltr'><strong>accurate</strong></span> <span class='ocrx_word' id='word_1_7' title='bbox 1701 534 1908 589; x_wconf 83' lang='lat' dir='ltr'><strong>munire</strong></span> <span class='ocrx_word' id='word_1_8' title='bbox 1935 547 2096 602; x_wconf 92' lang='lat' dir='ltr'><strong>opor-</strong></span> 
     </span>
    </p>
   </div>
   <div class='ocr_carea' id='block_1_3' title="bbox 523 622 2094 701">
    <p class='ocr_par' dir='ltr' id='par_1_3' title="bbox 523 622 2094 701">
     <span class='ocr_line' id='line_1_3' title="bbox 523 622 2094 701; baseline -0.008 -11"><span class='ocrx_word' id='word_1_9' title='bbox 523 645 652 699; x_wconf 85' lang='lat' dir='ltr'><strong>teat,</strong></span> <span class='ocrx_word' id='word_1_10' title='bbox 684 643 734 687; x_wconf 92' lang='lat' dir='ltr'><strong>ut</strong></span> <span class='ocrx_word' id='word_1_11' title='bbox 765 649 832 688; x_wconf 90' lang='lat' dir='ltr'><strong>ne</strong></span> <span class='ocrx_word' id='word_1_12' title='bbox 859 632 943 687; x_wconf 86' lang='lat' dir='ltr'><strong>vel</strong></span> <span class='ocrx_word' id='word_1_13' title='bbox 974 632 1223 701; x_wconf 87' lang='lat' dir='ltr'><strong>periculis</strong></span> <span class='ocrx_word' id='word_1_14' title='bbox 1242 631 1555 701; x_wconf 88' lang='lat' dir='ltr'><strong>dejiciamur</strong></span> <span class='ocrx_word' id='word_1_15' title='bbox 1578 670 1592 692; x_wconf 90' lang='lat'><strong>,</strong></span> <span class='ocrx_word' id='word_1_16' title='bbox 1623 627 1703 682; x_wconf 97' lang='lat' dir='ltr'><strong>vel</strong></span> <span class='ocrx_word' id='word_1_17' title='bbox 1735 626 1810 681; x_wconf 88' lang='lat' dir='ltr'><strong>ira</strong></span> <span class='ocrx_word' id='word_1_18' title='bbox 1842 622 2094 679; x_wconf 86' lang='lat' dir='ltr'><strong>incenda-</strong></span> 
     </span>
    </p>
   </div>
   <div class='ocr_carea' id='block_1_4' title="bbox 521 715 2100 780">
    <p class='ocr_par' dir='ltr' id='par_1_4' title="bbox 521 715 2100 780">
     <span class='ocr_line' id='line_1_4' title="bbox 521 715 2100 780; baseline -0.008 0"><span class='ocrx_word' id='word_1_19' title='bbox 521 726 677 780; x_wconf 79' lang='lat' dir='ltr'><strong>mor?</strong></span> <span class='ocrx_word' id='word_1_20' title='bbox 697 723 896 779; x_wconf 91' lang='lat' dir='ltr'><strong>Idcirco</strong></span> <span class='ocrx_word' id='word_1_21' title='bbox 916 723 1157 778; x_wconf 87' lang='lat' dir='ltr'><strong>dicebat:</strong></span> <span class='ocrx_word' id='word_1_22' title='bbox 1179 723 1263 776; x_wconf 81' lang='lat' dir='ltr'><strong>l7.</strong></span> <span class='ocrx_word' id='word_1_23' title='bbox 1284 721 1459 776; x_wconf 78' lang='lat' dir='ltr'><strong>Cavete</strong></span> <span class='ocrx_word' id='word_1_24' title='bbox 1481 719 1543 772; x_wconf 87' lang='lat' dir='ltr'><strong>ab</strong></span> <span class='ocrx_word' id='word_1_25' title='bbox 1565 718 1846 773; x_wconf 80' lang='lat' dir='ltr'><strong>hominibus</strong></span> <span class='ocrx_word' id='word_1_26' title='bbox 1864 733 1882 769; x_wconf 90' lang='lat'><strong><em>:</em></strong></span> <span class='ocrx_word' id='word_1_27' title='bbox 1904 715 2100 769; x_wconf 84' lang='lat' dir='ltr'><strong>tradent</strong></span> 
     </span>
    </p>
   </div>
   <div class='ocr_carea' id='block_1_5' title="bbox 521 805 2099 883">
    <p class='ocr_par' dir='ltr' id='par_1_5' title="bbox 521 805 2099 883">
     <span class='ocr_line' id='line_1_5' title="bbox 521 805 2099 883; baseline -0.006 -14"><span class='ocrx_word' id='word_1_28' title='bbox 521 818 654 868; x_wconf 85' lang='lat' dir='ltr'><strong>enim</strong></span> <span class='ocrx_word' id='word_1_29' title='bbox 681 832 768 869; x_wconf 80' lang='lat' dir='ltr'><strong>vos</strong></span> <span class='ocrx_word' id='word_1_30' title='bbox 794 817 847 869; x_wconf 89' lang='lat' dir='ltr'><strong>in</strong></span> <span class='ocrx_word' id='word_1_31' title='bbox 876 814 1102 869; x_wconf 75' lang='lat' dir='ltr'><strong>conciliis</strong></span> <span class='ocrx_word' id='word_1_32' title='bbox 1125 853 1138 877; x_wconf 91' lang='lat'><strong>,</strong></span> <span class='ocrx_word' id='word_1_33' title='bbox 1170 822 1216 867; x_wconf 87' lang='lat' dir='ltr'><strong>et</strong></span> <span class='ocrx_word' id='word_1_34' title='bbox 1245 813 1296 865; x_wconf 89' lang='lat' dir='ltr'><strong>in</strong></span> <span class='ocrx_word' id='word_1_35' title='bbox 1325 811 1595 883; x_wconf 79' lang='lat' dir='ltr'><strong>synagogis</strong></span> <span class='ocrx_word' id='word_1_36' title='bbox 1627 810 1731 864; x_wconf 80' lang='lat' dir='ltr'><strong>suis</strong></span> <span class='ocrx_word' id='word_1_37' title='bbox 1768 805 2099 877; x_wconf 73' lang='lat' dir='ltr'><strong>ﬂagellabant</strong></span> 
     </span>
    </p>
   </div>
   <div class='ocr_carea' id='block_1_6' title="bbox 519 901 2098 977">
    <p class='ocr_par' dir='ltr' id='par_1_6' title="bbox 519 901 2098 977">
     <span class='ocr_line' id='line_1_6' title="bbox 519 901 2098 977; baseline -0.007 -14"><span class='ocrx_word' id='word_1_38' title='bbox 519 925 607 964; x_wconf 70' lang='lat' dir='ltr'><strong>ttcs</strong></span> <span class='ocrx_word' id='word_1_39' title='bbox 639 923 659 964; x_wconf 90' lang='lat'><strong><em>:</em></strong></span> <span class='ocrx_word' id='word_1_40' title='bbox 690 910 778 964; x_wconf 80' lang='lat' dir='ltr'><strong>l8.</strong></span> <span class='ocrx_word' id='word_1_41' title='bbox 810 918 856 962; x_wconf 83' lang='lat' dir='ltr'><strong>et</strong></span> <span class='ocrx_word' id='word_1_42' title='bbox 884 907 953 962; x_wconf 83' lang='lat' dir='ltr'><strong>ad</strong></span> <span class='ocrx_word' id='word_1_43' title='bbox 981 905 1218 977; x_wconf 74' lang='lat' dir='ltr'><strong>prmides</strong></span> <span class='ocrx_word' id='word_1_44' title='bbox 1245 914 1291 958; x_wconf 85' lang='lat' dir='ltr'><strong>et</strong></span> <span class='ocrx_word' id='word_1_45' title='bbox 1329 921 1470 975; x_wconf 84' lang='lat' dir='ltr'><strong>reges</strong></span> <span class='ocrx_word' id='word_1_46' title='bbox 1497 901 1745 957; x_wconf 85' lang='lat' dir='ltr'><strong>ducemini</strong></span> <span class='ocrx_word' id='word_1_47' title='bbox 1781 902 1836 954; x_wconf 88' lang='lat' dir='ltr'><strong>in</strong></span> <span class='ocrx_word' id='word_1_48' title='bbox 1876 901 2098 954; x_wconf 87' lang='lat' dir='ltr'><strong>testimo-</strong></span> 
     </span>
    </p>
   </div>
   <div class='ocr_carea' id='block_1_7' title="bbox 521 989 2097 1067">
    <p class='ocr_par' dir='ltr' id='par_1_7' title="bbox 521 989 2097 1067">
     <span class='ocr_line' id='line_1_7' title="bbox 521 989 2097 1067; baseline -0.005 -15"><span class='ocrx_word' id='word_1_49' title='bbox 521 1003 664 1053; x_wconf 83' lang='lat' dir='ltr'><strong>nium</strong></span> <span class='ocrx_word' id='word_1_50' title='bbox 709 997 814 1052; x_wconf 88' lang='lat' dir='ltr'><strong>illis</strong></span> <span class='ocrx_word' id='word_1_51' title='bbox 861 1006 908 1051; x_wconf 93' lang='lat' dir='ltr'><strong>et</strong></span> <span class='ocrx_word' id='word_1_52' title='bbox 949 995 1194 1067; x_wconf 86' lang='lat' dir='ltr'><strong>gentibus.</strong></span> <span class='ocrx_word' id='word_1_53' title='bbox 1244 993 1447 1050; x_wconf 83' lang='lat' dir='ltr'><strong>Rursus</strong></span> <span class='ocrx_word' id='word_1_54' title='bbox 1497 994 1616 1048; x_wconf 89' lang='lat' dir='ltr'><strong>illos</strong></span> <span class='ocrx_word' id='word_1_55' title='bbox 1662 991 1729 1046; x_wconf 88' lang='lat' dir='ltr'><strong>ad</strong></span> <span class='ocrx_word' id='word_1_56' title='bbox 1774 989 2097 1062; x_wconf 87' lang='lat' dir='ltr'><strong>vigilandum</strong></span> 
     </span>
    </p>
   </div>
   <div class='ocr_carea' id='block_1_8' title="bbox 523 1081 2099 1162">
    <p class='ocr_par' dir='ltr' id='par_1_8' title="bbox 523 1081 2099 1162">
     <span class='ocr_line' id='line_1_8' title="bbox 523 1081 2099 1162; baseline -0.004 -19"><span class='ocrx_word' id='word_1_57' title='bbox 523 1096 804 1162; x_wconf 80' lang='lat' dir='ltr'><strong>praeparat,</strong></span> <span class='ocrx_word' id='word_1_58' title='bbox 829 1086 1020 1156; x_wconf 90' lang='lat' dir='ltr'><strong>ubique</strong></span> <span class='ocrx_word' id='word_1_59' title='bbox 1037 1084 1298 1148; x_wconf 88' lang='lat' dir='ltr'><strong>indicens,</strong></span> <span class='ocrx_word' id='word_1_60' title='bbox 1319 1094 1374 1140; x_wconf 89' lang='lat' dir='ltr'><strong>ut</strong></span> <span class='ocrx_word' id='word_1_61' title='bbox 1395 1083 1531 1138; x_wconf 87' lang='lat' dir='ltr'><strong>mala</strong></span> <span class='ocrx_word' id='word_1_62' title='bbox 1554 1083 1841 1155; x_wconf 87' lang='lat' dir='ltr'><strong>patiantur,</strong></span> <span class='ocrx_word' id='word_1_63' title='bbox 1862 1081 2099 1152; x_wconf 88' lang='lat' dir='ltr'><strong>aliosque</strong></span> 
     </span>
    </p>
   </div>
   <div class='ocr_carea' id='block_1_9' title="bbox 520 1173 2098 1245">
    <p class='ocr_par' dir='ltr' id='par_1_9' title="bbox 520 1173 2098 1245">
     <span class='ocr_line' id='line_1_9' title="bbox 520 1173 2098 1245; baseline -0.006 -9"><span class='ocrx_word' id='word_1_64' title='bbox 520 1181 660 1236; x_wconf 85' lang='lat' dir='ltr'><strong>mala</strong></span> <span class='ocrx_word' id='word_1_65' title='bbox 706 1179 902 1235; x_wconf 87' lang='lat' dir='ltr'><strong>inferre</strong></span> <span class='ocrx_word' id='word_1_66' title='bbox 952 1179 1157 1244; x_wconf 87' lang='lat' dir='ltr'><strong>sinens,</strong></span> <span class='ocrx_word' id='word_1_67' title='bbox 1204 1186 1262 1231; x_wconf 92' lang='lat' dir='ltr'><strong>ut</strong></span> <span class='ocrx_word' id='word_1_68' title='bbox 1287 1175 1480 1240; x_wconf 88' lang='lat' dir='ltr'><strong>discas,</strong></span> <span class='ocrx_word' id='word_1_69' title='bbox 1534 1174 1674 1230; x_wconf 84' lang='lat' dir='ltr'><strong>male</strong></span> <span class='ocrx_word' id='word_1_70' title='bbox 1720 1173 1971 1245; x_wconf 89' lang='lat' dir='ltr'><strong>patiendo</strong></span> <span class='ocrx_word' id='word_1_71' title='bbox 2017 1174 2098 1227; x_wconf 90' lang='lat' dir='ltr'><strong>vi-</strong></span> 
     </span>
    </p>
   </div>
   <div class='ocr_carea' id='block_1_10' title="bbox 519 1263 2098 1339">
    <p class='ocr_par' dir='ltr' id='par_1_10' title="bbox 519 1263 2098 1339">
     <span class='ocr_line' id='line_1_10' title="bbox 519 1263 2098 1339; baseline -0.004 -15"><span class='ocrx_word' id='word_1_72' title='bbox 519 1270 742 1325; x_wconf 84' lang='lat' dir='ltr'><strong>ctoriam</strong></span> <span class='ocrx_word' id='word_1_73' title='bbox 787 1269 1090 1339; x_wconf 81' lang='lat' dir='ltr'><strong>reportari,</strong></span> <span class='ocrx_word' id='word_1_74' title='bbox 1138 1267 1367 1337; x_wconf 83' lang='lat' dir='ltr'><strong>hincque</strong></span> <span class='ocrx_word' id='word_1_75' title='bbox 1397 1275 1597 1337; x_wconf 66' lang='lat' dir='ltr'><strong>troptea</strong></span> <span class='ocrx_word' id='word_1_76' title='bbox 1625 1265 1778 1336; x_wconf 90' lang='lat' dir='ltr'><strong>erigi.</strong></span> <span class='ocrx_word' id='word_1_77' title='bbox 1810 1263 1928 1320; x_wconf 84' lang='lat' dir='ltr'><strong>Non</strong></span> <span class='ocrx_word' id='word_1_78' title='bbox 1955 1264 2098 1320; x_wconf 91' lang='lat' dir='ltr'><strong>enim</strong></span> 
     </span>
    </p>
   </div>
   <div class='ocr_carea' id='block_1_11' title="bbox 521 1355 2088 1431">
    <p class='ocr_par' dir='ltr' id='par_1_11' title="bbox 521 1355 2088 1431">
     <span class='ocr_line' id='line_1_11' title="bbox 521 1355 2088 1431; baseline -0.002 -18"><span class='ocrx_word' id='word_1_79' title='bbox 521 1360 674 1425; x_wconf 87' lang='lat' dir='ltr'><strong>dixit,</strong></span> <span class='ocrx_word' id='word_1_80' title='bbox 704 1360 938 1431; x_wconf 88' lang='lat' dir='ltr'><strong>Pugnate</strong></span> <span class='ocrx_word' id='word_1_81' title='bbox 966 1374 1084 1426; x_wconf 86' lang='lat' dir='ltr'><strong>vos,</strong></span> <span class='ocrx_word' id='word_1_82' title='bbox 1114 1371 1168 1415; x_wconf 89' lang='lat' dir='ltr'><strong>et</strong></span> <span class='ocrx_word' id='word_1_83' title='bbox 1194 1359 1427 1414; x_wconf 86' lang='lat' dir='ltr'><strong>resistite</strong></span> <span class='ocrx_word' id='word_1_84' title='bbox 1457 1358 1521 1413; x_wconf 88' lang='lat' dir='ltr'><strong>iis</strong></span> <span class='ocrx_word' id='word_1_85' title='bbox 1541 1357 1629 1428; x_wconf 89' lang='lat' dir='ltr'><strong>qui</strong></span> <span class='ocrx_word' id='word_1_86' title='bbox 1659 1371 1753 1412; x_wconf 87' lang='lat' dir='ltr'><strong>vos</strong></span> <span class='ocrx_word' id='word_1_87' title='bbox 1781 1355 1979 1411; x_wconf 67' lang='lat' dir='ltr'><strong>laedere</strong></span> <span class='ocrx_word' id='word_1_88' title='bbox 2002 1370 2088 1410; x_wconf 87' lang='lat' dir='ltr'><strong>vo-</strong></span> 
     </span>
    </p>
   </div>
   <div class='ocr_carea' id='block_1_12' title="bbox 524 1449 1873 1520">
    <p class='ocr_par' dir='ltr' id='par_1_12' title="bbox 524 1449 1873 1520">
     <span class='ocr_line' id='line_1_12' title="bbox 524 1449 1873 1520; baseline 0 -19"><span class='ocrx_word' id='word_1_89' title='bbox 524 1454 676 1518; x_wconf 86' lang='lat' dir='ltr'><strong>lunt;</strong></span> <span class='ocrx_word' id='word_1_90' title='bbox 704 1451 797 1507; x_wconf 89' lang='lat' dir='ltr'><strong>scd</strong></span> <span class='ocrx_word' id='word_1_91' title='bbox 827 1451 927 1507; x_wconf 87' lang='lat' dir='ltr'><strong>hoc</strong></span> <span class='ocrx_word' id='word_1_92' title='bbox 952 1460 1177 1517; x_wconf 88' lang='lat' dir='ltr'><strong>tantum,</strong></span> <span class='ocrx_word' id='word_1_93' title='bbox 1209 1450 1458 1507; x_wconf 83' lang='lat' dir='ltr'><strong>Extrema</strong></span> <span class='ocrx_word' id='word_1_94' title='bbox 1491 1450 1696 1520; x_wconf 85' lang='lat' dir='ltr'><strong>passuri</strong></span> <span class='ocrx_word' id='word_1_95' title='bbox 1723 1449 1873 1503; x_wconf 89' lang='lat' dir='ltr'><strong>estis.</strong></span> 
     </span>
    </p>
   </div>
   <div class='ocr_carea' id='block_1_13' title="bbox 592 1538 2096 1613">
    <p class='ocr_par' dir='ltr' id='par_1_13' title="bbox 592 1538 2096 1613">
     <span class='ocr_line' id='line_1_13' title="bbox 592 1538 2096 1613; baseline -0.005 -14"><span class='ocrx_word' id='word_1_96' title='bbox 592 1545 645 1599; x_wconf 79' lang='grc'><strong>5.</strong></span> <span class='ocrx_word' id='word_1_97' title='bbox 686 1543 879 1612; x_wconf 62' lang='lat' dir='ltr'><strong>Papae!</strong></span> <span class='ocrx_word' id='word_1_98' title='bbox 908 1551 1100 1612; x_wconf 87' lang='lat' dir='ltr'><strong>quanta</strong></span> <span class='ocrx_word' id='word_1_99' title='bbox 1125 1542 1387 1613; x_wconf 79' lang='lat' dir='ltr'><strong>loquentis</strong></span> <span class='ocrx_word' id='word_1_100' title='bbox 1413 1541 1526 1596; x_wconf 90' lang='lat' dir='ltr'><strong>vis!</strong></span> <span class='ocrx_word' id='word_1_101' title='bbox 1555 1548 1746 1610; x_wconf 89' lang='lat' dir='ltr'><strong>quanta</strong></span> <span class='ocrx_word' id='word_1_102' title='bbox 1770 1538 2096 1593; x_wconf 89' lang='lat' dir='ltr'><strong>audientium</strong></span> 
     </span>
    </p>
   </div>
   <div class='ocr_carea' id='block_1_14' title="bbox 523 1632 2099 1708">
    <p class='ocr_par' dir='ltr' id='par_1_14' title="bbox 523 1632 2099 1708">
     <span class='ocr_line' id='line_1_14' title="bbox 523 1632 2099 1708; baseline -0.006 -16"><span class='ocrx_word' id='word_1_103' title='bbox 523 1637 891 1708; x_wconf 78' lang='lat' dir='ltr'><strong>philosophia!</strong></span> <span class='ocrx_word' id='word_1_104' title='bbox 925 1636 1080 1693; x_wconf 86' lang='lat' dir='ltr'><strong>Certe</strong></span> <span class='ocrx_word' id='word_1_105' title='bbox 1106 1635 1256 1690; x_wconf 81' lang='lat' dir='ltr'><strong>valde</strong></span> <span class='ocrx_word' id='word_1_106' title='bbox 1283 1633 1578 1689; x_wconf 90' lang='lat' dir='ltr'><strong>mirandum</strong></span> <span class='ocrx_word' id='word_1_107' title='bbox 1603 1641 1685 1688; x_wconf 90' lang='lat' dir='ltr'><strong>cst</strong></span> <span class='ocrx_word' id='word_1_108' title='bbox 1713 1632 1834 1687; x_wconf 90' lang='lat' dir='ltr'><strong>illos</strong></span> <span class='ocrx_word' id='word_1_109' title='bbox 1860 1632 1982 1686; x_wconf 89' lang='lat' dir='ltr'><strong>talia</strong></span> <span class='ocrx_word' id='word_1_110' title='bbox 2005 1647 2099 1684; x_wconf 88' lang='lat' dir='ltr'><strong>au-</strong></span> 
     </span>
    </p>
   </div>
   <div class='ocr_carea' id='block_1_15' title="bbox 523 1723 2098 1796">
    <p class='ocr_par' dir='ltr' id='par_1_15' title="bbox 523 1723 2098 1796">
     <span class='ocr_line' id='line_1_15' title="bbox 523 1723 2098 1796; baseline -0.004 -14"><span class='ocrx_word' id='word_1_111' title='bbox 523 1730 750 1790; x_wconf 86' lang='lat' dir='ltr'><strong>dientes,</strong></span> <span class='ocrx_word' id='word_1_112' title='bbox 780 1743 882 1782; x_wconf 91' lang='lat' dir='ltr'><strong>non</strong></span> <span class='ocrx_word' id='word_1_113' title='bbox 914 1727 1090 1782; x_wconf 85' lang='lat' dir='ltr'><strong>statim</strong></span> <span class='ocrx_word' id='word_1_114' title='bbox 1130 1724 1416 1796; x_wconf 76' lang='lat' dir='ltr'><strong>aufugisse,</strong></span> <span class='ocrx_word' id='word_1_115' title='bbox 1442 1725 1584 1778; x_wconf 90' lang='lat' dir='ltr'><strong>viros</strong></span> <span class='ocrx_word' id='word_1_116' title='bbox 1615 1723 1978 1788; x_wconf 87' lang='lat' dir='ltr'><strong>meticulosos,</strong></span> <span class='ocrx_word' id='word_1_117' title='bbox 2008 1723 2098 1792; x_wconf 90' lang='lat' dir='ltr'><strong>qui</strong></span> 
     </span>
    </p>
   </div>
   <div class='ocr_carea' id='block_1_16' title="bbox 524 1817 2102 1890">
    <p class='ocr_par' dir='ltr' id='par_1_16' title="bbox 524 1817 2102 1890">
     <span class='ocr_line' id='line_1_16' title="bbox 524 1817 2102 1890; baseline -0.005 -15"><span class='ocrx_word' id='word_1_118' title='bbox 524 1838 628 1875; x_wconf 92' lang='lat' dir='ltr'><strong>non</strong></span> <span class='ocrx_word' id='word_1_119' title='bbox 655 1821 790 1875; x_wconf 89' lang='lat' dir='ltr'><strong>ultra</strong></span> <span class='ocrx_word' id='word_1_120' title='bbox 820 1830 1087 1889; x_wconf 85' lang='lat' dir='ltr'><strong>stagnum,</strong></span> <span class='ocrx_word' id='word_1_121' title='bbox 1116 1819 1168 1874; x_wconf 92' lang='lat' dir='ltr'><strong>in</strong></span> <span class='ocrx_word' id='word_1_122' title='bbox 1196 1833 1303 1890; x_wconf 91' lang='lat' dir='ltr'><strong>quo</strong></span> <span class='ocrx_word' id='word_1_123' title='bbox 1339 1817 1530 1890; x_wconf 82' lang='lat' dir='ltr'><strong>piscari</strong></span> <span class='ocrx_word' id='word_1_124' title='bbox 1554 1817 1818 1882; x_wconf 82' lang='lat' dir='ltr'><strong>solebant,</strong></span> <span class='ocrx_word' id='word_1_125' title='bbox 1847 1822 2102 1886; x_wconf 85' lang='lat' dir='ltr'><strong>peragra-</strong></span> 
     </span>
    </p>
   </div>
   <div class='ocr_carea' id='block_1_17' title="bbox 522 1906 2100 1982">
    <p class='ocr_par' dir='ltr' id='par_1_17' title="bbox 522 1906 2100 1982">
     <span class='ocr_line' id='line_1_17' title="bbox 522 1906 2100 1982; baseline -0.005 -14"><span class='ocrx_word' id='word_1_126' title='bbox 522 1922 723 1968; x_wconf 90' lang='lat' dir='ltr'><strong>verant.</strong></span> <span class='ocrx_word' id='word_1_127' title='bbox 762 1911 1042 1982; x_wconf 83' lang='lat' dir='ltr'><strong>Quomodo</strong></span> <span class='ocrx_word' id='word_1_128' title='bbox 1069 1925 1173 1966; x_wconf 92' lang='lat' dir='ltr'><strong>nou</strong></span> <span class='ocrx_word' id='word_1_129' title='bbox 1212 1911 1530 1980; x_wconf 74' lang='lat' dir='ltr'><strong>cogitarunt,</strong></span> <span class='ocrx_word' id='word_1_130' title='bbox 1572 1923 1670 1962; x_wconf 91' lang='lat' dir='ltr'><strong>nec</strong></span> <span class='ocrx_word' id='word_1_131' title='bbox 1698 1909 1837 1962; x_wconf 90' lang='lat' dir='ltr'><strong>intra</strong></span> <span class='ocrx_word' id='word_1_132' title='bbox 1862 1921 1920 1961; x_wconf 92' lang='lat' dir='ltr'><strong>se</strong></span> <span class='ocrx_word' id='word_1_133' title='bbox 1949 1906 2100 1960; x_wconf 83' lang='lat' dir='ltr'><strong>dixe-</strong></span> 
     </span>
    </p>
   </div>
   <div class='ocr_carea' id='block_1_18' title="bbox 524 1999 2099 2072">
    <p class='ocr_par' dir='ltr' id='par_1_18' title="bbox 524 1999 2099 2072">
     <span class='ocr_line' id='line_1_18' title="bbox 524 1999 2099 2072; baseline -0.004 -15"><span class='ocrx_word' id='word_1_134' title='bbox 524 2013 646 2072; x_wconf 86' lang='lat' dir='ltr'><strong>runt</strong></span> <span class='ocrx_word' id='word_1_135' title='bbox 678 2021 690 2056; x_wconf 93' lang='lat'>:</span> <span class='ocrx_word' id='word_1_136' title='bbox 719 2003 834 2068; x_wconf 86' lang='lat' dir='ltr'><strong>Quo</strong></span> <span class='ocrx_word' id='word_1_137' title='bbox 865 2001 1077 2057; x_wconf 88' lang='lat' dir='ltr'><strong>tandem</strong></span> <span class='ocrx_word' id='word_1_138' title='bbox 1115 2000 1411 2071; x_wconf 83' lang='lat' dir='ltr'><strong>fugiemus?</strong></span> <span class='ocrx_word' id='word_1_139' title='bbox 1445 1999 1749 2054; x_wconf 86' lang='lat' dir='ltr'><strong>Tribunalia</strong></span> <span class='ocrx_word' id='word_1_140' title='bbox 1779 2006 1963 2054; x_wconf 92' lang='lat' dir='ltr'><strong>contra</strong></span> <span class='ocrx_word' id='word_1_141' title='bbox 2001 2012 2099 2052; x_wconf 89' lang='lat' dir='ltr'><strong>nos</strong></span> 
     </span>
    </p>
   </div>
   <div class='ocr_carea' id='block_1_19' title="bbox 523 2088 2098 2164">
    <p class='ocr_par' dir='ltr' id='par_1_19' title="bbox 523 2088 2098 2164">
     <span class='ocr_line' id='line_1_19' title="bbox 523 2088 2098 2164; baseline -0.005 -16"><span class='ocrx_word' id='word_1_142' title='bbox 523 2105 686 2159; x_wconf 78' lang='lat' dir='ltr'><strong>stant,</strong></span> <span class='ocrx_word' id='word_1_143' title='bbox 731 2107 905 2164; x_wconf 83' lang='lat' dir='ltr'><strong>reges,</strong></span> <span class='ocrx_word' id='word_1_144' title='bbox 938 2091 1214 2162; x_wconf 74' lang='lat' dir='ltr'><strong>praesides,</strong></span> <span class='ocrx_word' id='word_1_145' title='bbox 1246 2105 1528 2162; x_wconf 72' lang='lat' dir='ltr'><strong>synagoga:</strong></span> <span class='ocrx_word' id='word_1_146' title='bbox 1552 2089 1880 2154; x_wconf 67' lang='lat' dir='ltr'><strong>ludteorum,</strong></span> <span class='ocrx_word' id='word_1_147' title='bbox 1924 2088 2098 2157; x_wconf 85' lang='lat' dir='ltr'><strong>genti-</strong></span> 
     </span>
    </p>
   </div>
   <div class='ocr_carea' id='block_1_20' title="bbox 523 2180 2100 2255">
    <p class='ocr_par' dir='ltr' id='par_1_20' title="bbox 523 2180 2100 2255">
     <span class='ocr_line' id='line_1_20' title="bbox 523 2180 2100 2255; baseline -0.005 -15"><span class='ocrx_word' id='word_1_148' title='bbox 523 2189 652 2241; x_wconf 88' lang='lat' dir='ltr'><strong>lium</strong></span> <span class='ocrx_word' id='word_1_149' title='bbox 688 2181 860 2251; x_wconf 83' lang='lat' dir='ltr'><strong>turba,</strong></span> <span class='ocrx_word' id='word_1_150' title='bbox 894 2185 1157 2255; x_wconf 82' lang='lat' dir='ltr'><strong>principes</strong></span> <span class='ocrx_word' id='word_1_151' title='bbox 1183 2191 1236 2239; x_wconf 90' lang='lat' dir='ltr'><strong>et</strong></span> <span class='ocrx_word' id='word_1_152' title='bbox 1280 2182 1498 2238; x_wconf 85' lang='lat' dir='ltr'><strong>subditi.</strong></span> <span class='ocrx_word' id='word_1_153' title='bbox 1526 2181 1657 2236; x_wconf 84' lang='lat' dir='ltr'><strong>Nam</strong></span> <span class='ocrx_word' id='word_1_154' title='bbox 1708 2196 1812 2236; x_wconf 92' lang='lat' dir='ltr'><strong>non</strong></span> <span class='ocrx_word' id='word_1_155' title='bbox 1859 2180 2100 2235; x_wconf 62' lang='lat' dir='ltr'><strong>Palaesti-</strong></span> 
     </span>
    </p>
   </div>
   <div class='ocr_carea' id='block_1_21' title="bbox 519 2273 2103 2344">
    <p class='ocr_par' dir='ltr' id='par_1_21' title="bbox 519 2273 2103 2344">
     <span class='ocr_line' id='line_1_21' title="bbox 519 2273 2103 2344; baseline -0.004 -13"><span class='ocrx_word' id='word_1_156' title='bbox 519 2294 644 2332; x_wconf 83' lang='lat' dir='ltr'><strong>nam</strong></span> <span class='ocrx_word' id='word_1_157' title='bbox 691 2277 872 2343; x_wconf 86' lang='lat' dir='ltr'><strong>modo,</strong></span> <span class='ocrx_word' id='word_1_158' title='bbox 924 2290 1020 2331; x_wconf 89' lang='lat' dir='ltr'><strong>nec</strong></span> <span class='ocrx_word' id='word_1_159' title='bbox 1051 2274 1207 2339; x_wconf 89' lang='lat' dir='ltr'><strong>mala,</strong></span> <span class='ocrx_word' id='word_1_160' title='bbox 1249 2289 1368 2344; x_wconf 71' lang='lat' dir='ltr'><strong>qua:</strong></span> <span class='ocrx_word' id='word_1_161' title='bbox 1407 2274 1477 2329; x_wconf 91' lang='lat' dir='ltr'><strong>ibi</strong></span> <span class='ocrx_word' id='word_1_162' title='bbox 1511 2273 1714 2343; x_wconf 85' lang='lat' dir='ltr'><strong>passuri</strong></span> <span class='ocrx_word' id='word_1_163' title='bbox 1759 2281 1931 2338; x_wconf 88' lang='lat' dir='ltr'><strong>erant,</strong></span> <span class='ocrx_word' id='word_1_164' title='bbox 1963 2287 2103 2342; x_wconf 76' lang='lat' dir='ltr'><strong>pne-</strong></span> 
     </span>
    </p>
   </div>
   <div class='ocr_carea' id='block_1_22' title="bbox 524 2362 2100 2434">
    <p class='ocr_par' dir='ltr' id='par_1_22' title="bbox 524 2362 2100 2434">
     <span class='ocr_line' id='line_1_22' title="bbox 524 2362 2100 2434; baseline -0.004 -12"><span class='ocrx_word' id='word_1_165' title='bbox 524 2368 807 2432; x_wconf 82' lang='lat' dir='ltr'><strong>nuutiuvit,</strong></span> <span class='ocrx_word' id='word_1_166' title='bbox 850 2365 944 2421; x_wconf 88' lang='lat' dir='ltr'><strong>sed</strong></span> <span class='ocrx_word' id='word_1_167' title='bbox 973 2363 1106 2420; x_wconf 87' lang='lat' dir='ltr'><strong>bella</strong></span> <span class='ocrx_word' id='word_1_168' title='bbox 1140 2381 1233 2434; x_wconf 90' lang='lat' dir='ltr'><strong>per</strong></span> <span class='ocrx_word' id='word_1_169' title='bbox 1274 2365 1458 2419; x_wconf 89' lang='lat' dir='ltr'><strong>orbem</strong></span> <span class='ocrx_word' id='word_1_170' title='bbox 1500 2364 1670 2417; x_wconf 88' lang='lat' dir='ltr'><strong>futura</strong></span> <span class='ocrx_word' id='word_1_171' title='bbox 1699 2362 1944 2432; x_wconf 64' lang='lat' dir='ltr'><strong>praedixit</strong></span> <span class='ocrx_word' id='word_1_172' title='bbox 1974 2379 1987 2413; x_wconf 92' lang='lat'><strong>:</strong></span> <span class='ocrx_word' id='word_1_173' title='bbox 2021 2362 2100 2415; x_wconf 79' lang='lat' dir='ltr'><strong>Ad</strong></span> 
     </span>
    </p>
   </div>
   <div class='ocr_carea' id='block_1_23' title="bbox 520 2453 2100 2531">
    <p class='ocr_par' dir='ltr' id='par_1_23' title="bbox 520 2453 2100 2531">
     <span class='ocr_line' id='line_1_23' title="bbox 520 2453 2100 2531; baseline -0.004 -17"><span class='ocrx_word' id='word_1_174' title='bbox 520 2478 680 2531; x_wconf 82' lang='lat' dir='ltr'><strong>reges,</strong></span> <span class='ocrx_word' id='word_1_175' title='bbox 723 2459 910 2528; x_wconf 89' lang='lat' dir='ltr'><strong>inquit,</strong></span> <span class='ocrx_word' id='word_1_176' title='bbox 960 2467 1008 2512; x_wconf 90' lang='lat' dir='ltr'><strong>et</strong></span> <span class='ocrx_word' id='word_1_177' title='bbox 1037 2456 1276 2528; x_wconf 66' lang='lat' dir='ltr'><strong>prasides</strong></span> <span class='ocrx_word' id='word_1_178' title='bbox 1310 2456 1597 2523; x_wconf 81' lang='lat' dir='ltr'><strong>ducentini;</strong></span> <span class='ocrx_word' id='word_1_179' title='bbox 1641 2453 1933 2511; x_wconf 79' lang='lat' dir='ltr'><strong>ostendens</strong></span> <span class='ocrx_word' id='word_1_180' title='bbox 1979 2454 2100 2509; x_wconf 87' lang='lat' dir='ltr'><strong>illos</strong></span> 
     </span>
    </p>
   </div>
   <div class='ocr_carea' id='block_1_24' title="bbox 521 2548 2100 2623">
    <p class='ocr_par' dir='ltr' id='par_1_24' title="bbox 521 2548 2100 2623">
     <span class='ocr_line' id='line_1_24' title="bbox 521 2548 2100 2623; baseline -0.001 -16"><span class='ocrx_word' id='word_1_181' title='bbox 521 2555 589 2609; x_wconf 88' lang='lat' dir='ltr'><strong>ad</strong></span> <span class='ocrx_word' id='word_1_182' title='bbox 617 2559 803 2623; x_wconf 82' lang='lat' dir='ltr'><strong>gentes</strong></span> <span class='ocrx_word' id='word_1_183' title='bbox 841 2548 1034 2606; x_wconf 91' lang='lat' dir='ltr'><strong>deinde</strong></span> <span class='ocrx_word' id='word_1_184' title='bbox 1070 2564 1190 2605; x_wconf 88' lang='lat' dir='ltr'><strong>esse</strong></span> <span class='ocrx_word' id='word_1_185' title='bbox 1214 2549 1520 2604; x_wconf 87' lang='lat' dir='ltr'><strong>mittendos.</strong></span> <span class='ocrx_word' id='word_1_186' title='bbox 1549 2549 1745 2604; x_wconf 79' lang='lat' dir='ltr'><strong>Orbem</strong></span> <span class='ocrx_word' id='word_1_187' title='bbox 1775 2557 1959 2604; x_wconf 87' lang='lat' dir='ltr'><strong>contra</strong></span> <span class='ocrx_word' id='word_1_188' title='bbox 2000 2561 2100 2605; x_wconf 82' lang='lat' dir='ltr'><strong>nos</strong></span> 
     </span>
    </p>
   </div>
   <div class='ocr_carea' id='block_1_25' title="bbox 521 2638 2098 2708">
    <p class='ocr_par' dir='ltr' id='par_1_25' title="bbox 521 2638 2098 2708">
     <span class='ocr_line' id='line_1_25' title="bbox 521 2638 2098 2708; baseline -0.001 -10"><span class='ocrx_word' id='word_1_189' title='bbox 521 2643 762 2708; x_wconf 85' lang='lat' dir='ltr'><strong>armasti,</strong></span> <span class='ocrx_word' id='word_1_190' title='bbox 800 2641 946 2695; x_wconf 89' lang='lat' dir='ltr'><strong>orbis</strong></span> <span class='ocrx_word' id='word_1_191' title='bbox 973 2651 1129 2695; x_wconf 73' lang='lat' dir='ltr'><strong>terra:</strong></span> <span class='ocrx_word' id='word_1_192' title='bbox 1155 2638 1480 2694; x_wconf 87' lang='lat' dir='ltr'><strong>habitatores</strong></span> <span class='ocrx_word' id='word_1_193' title='bbox 1503 2654 1691 2694; x_wconf 88' lang='lat' dir='ltr'><strong>omnes</strong></span> <span class='ocrx_word' id='word_1_194' title='bbox 1716 2640 1881 2698; x_wconf 78' lang='lat' dir='ltr'><strong>annis</strong></span> <span class='ocrx_word' id='word_1_195' title='bbox 1911 2649 2098 2697; x_wconf 84' lang='lat' dir='ltr'><strong>contra</strong></span> 
     </span>
    </p>
   </div>
   <div class='ocr_carea' id='block_1_26' title="bbox 519 2729 2103 2802">
    <p class='ocr_par' dir='ltr' id='par_1_26' title="bbox 519 2729 2103 2802">
     <span class='ocr_line' id='line_1_26' title="bbox 519 2729 2103 2802; baseline -0.001 -16"><span class='ocrx_word' id='word_1_196' title='bbox 519 2749 621 2788; x_wconf 90' lang='lat' dir='ltr'><strong>nos</strong></span> <span class='ocrx_word' id='word_1_197' title='bbox 647 2731 939 2801; x_wconf 89' lang='lat' dir='ltr'><strong>munivisti,</strong></span> <span class='ocrx_word' id='word_1_198' title='bbox 969 2730 1208 2802; x_wconf 86' lang='lat' dir='ltr'><strong>populos,</strong></span> <span class='ocrx_word' id='word_1_199' title='bbox 1235 2740 1506 2801; x_wconf 86' lang='lat' dir='ltr'><strong>tyrannos,</strong></span> <span class='ocrx_word' id='word_1_200' title='bbox 1537 2744 1710 2800; x_wconf 87' lang='lat' dir='ltr'><strong>reges.</strong></span> <span class='ocrx_word' id='word_1_201' title='bbox 1743 2729 1894 2797; x_wconf 87' lang='lat' dir='ltr'><strong>Quod</strong></span> <span class='ocrx_word' id='word_1_202' title='bbox 1920 2732 2103 2796; x_wconf 55' lang='lat' dir='ltr'><strong>sequi.</strong></span> 
     </span>
    </p>
   </div>
   <div class='ocr_carea' id='block_1_27' title="bbox 519 2820 2100 2894">
    <p class='ocr_par' dir='ltr' id='par_1_27' title="bbox 519 2820 2100 2894">
     <span class='ocr_line' id='line_1_27' title="bbox 519 2820 2100 2894; baseline -0.002 -14"><span class='ocrx_word' id='word_1_203' title='bbox 519 2838 607 2880; x_wconf 90' lang='lat' dir='ltr'><strong>tur</strong></span> <span class='ocrx_word' id='word_1_204' title='bbox 631 2839 756 2880; x_wconf 78' lang='lat' dir='ltr'><strong>vero</strong></span> <span class='ocrx_word' id='word_1_205' title='bbox 784 2825 940 2894; x_wconf 79' lang='lat' dir='ltr'><strong>longe</strong></span> <span class='ocrx_word' id='word_1_206' title='bbox 964 2822 1271 2877; x_wconf 85' lang='lat' dir='ltr'><strong>horribilius</strong></span> <span class='ocrx_word' id='word_1_207' title='bbox 1309 2829 1410 2886; x_wconf 86' lang='lat' dir='ltr'><strong>est,</strong></span> <span class='ocrx_word' id='word_1_208' title='bbox 1441 2821 1653 2891; x_wconf 88' lang='lat' dir='ltr'><strong>quando</strong></span> <span class='ocrx_word' id='word_1_209' title='bbox 1692 2820 1917 2876; x_wconf 79' lang='lat' dir='ltr'><strong>fratrum</strong></span> <span class='ocrx_word' id='word_1_210' title='bbox 1962 2822 2100 2877; x_wconf 85' lang='lat' dir='ltr'><strong>lilio-</strong></span> 
     </span>
    </p>
   </div>
   <div class='ocr_carea' id='block_1_28' title="bbox 523 2911 2101 2986">
    <p class='ocr_par' dir='ltr' id='par_1_28' title="bbox 523 2911 2101 2986">
     <span class='ocr_line' id='line_1_28' title="bbox 523 2911 2101 2986; baseline -0.003 -13"><span class='ocrx_word' id='word_1_211' title='bbox 523 2932 746 2986; x_wconf 89' lang='lat' dir='ltr'><strong>rumque</strong></span> <span class='ocrx_word' id='word_1_212' title='bbox 776 2915 1146 2971; x_wconf 74' lang='lat' dir='ltr'><strong>interfectores</strong></span> <span class='ocrx_word' id='word_1_213' title='bbox 1186 2923 1240 2969; x_wconf 90' lang='lat' dir='ltr'><strong>et</strong></span> <span class='ocrx_word' id='word_1_214' title='bbox 1267 2911 1542 2981; x_wconf 70' lang='lat' dir='ltr'><strong>parricidas</strong></span> <span class='ocrx_word' id='word_1_215' title='bbox 1569 2922 1784 2982; x_wconf 83' lang='lat' dir='ltr'><strong>prepter</strong></span> <span class='ocrx_word' id='word_1_216' title='bbox 1807 2928 1904 2968; x_wconf 86' lang='lat' dir='ltr'><strong>nos</strong></span> <span class='ocrx_word' id='word_1_217' title='bbox 1936 2912 2101 2969; x_wconf 89' lang='lat' dir='ltr'><strong>futuri</strong></span> 
     </span>
    </p>
   </div>
   <div class='ocr_carea' id='block_1_29' title="bbox 519 3005 2102 3076">
    <p class='ocr_par' dir='ltr' id='par_1_29' title="bbox 519 3005 2102 3076">
     <span class='ocr_line' id='line_1_29' title="bbox 519 3005 2102 3076; baseline -0.001 -12"><span class='ocrx_word' id='word_1_218' title='bbox 519 3020 644 3064; x_wconf 85' lang='lat' dir='ltr'><strong>sunt</strong></span> <span class='ocrx_word' id='word_1_219' title='bbox 669 3009 934 3064; x_wconf 83' lang='lat' dir='ltr'><strong>homines.</strong></span> <span class='ocrx_word' id='word_1_220' title='bbox 986 3006 1118 3062; x_wconf 86' lang='lat' dir='ltr'><strong>Nam</strong></span> <span class='ocrx_word' id='word_1_221' title='bbox 1143 3006 1234 3060; x_wconf 72' lang='grc'><strong>21.</strong></span> <span class='ocrx_word' id='word_1_222' title='bbox 1263 3005 1450 3060; x_wconf 84' lang='lat' dir='ltr'><strong>Tradet</strong></span> <span class='ocrx_word' id='word_1_223' title='bbox 1479 3007 1636 3076; x_wconf 80' lang='lat' dir='ltr'><strong>frater</strong></span> <span class='ocrx_word' id='word_1_224' title='bbox 1659 3009 1868 3076; x_wconf 80' lang='lat' dir='ltr'><strong>fratrem</strong></span> <span class='ocrx_word' id='word_1_225' title='bbox 1892 3007 1945 3061; x_wconf 91' lang='lat' dir='ltr'><strong>in</strong></span> <span class='ocrx_word' id='word_1_226' title='bbox 1965 3023 2102 3062; x_wconf 83' lang='lat' dir='ltr'><strong>mor-</strong></span> 
     </span>
    </p>
   </div>
   <div class='ocr_carea' id='block_1_30' title="bbox 521 3095 2102 3169">
    <p class='ocr_par' dir='ltr' id='par_1_30' title="bbox 521 3095 2102 3169">
     <span class='ocr_line' id='line_1_30' title="bbox 521 3095 2102 3169; baseline 0.001 -17"><span class='ocrx_word' id='word_1_227' title='bbox 521 3111 639 3165; x_wconf 85' lang='lat' dir='ltr'><strong>tem,</strong></span> <span class='ocrx_word' id='word_1_228' title='bbox 669 3107 811 3169; x_wconf 82' lang='lat' dir='ltr'><strong>pater</strong></span> <span class='ocrx_word' id='word_1_229' title='bbox 832 3097 1015 3166; x_wconf 75' lang='lat' dir='ltr'><strong>ﬁlium,</strong></span> <span class='ocrx_word' id='word_1_230' title='bbox 1039 3106 1084 3150; x_wconf 89' lang='lat' dir='ltr'><strong>et</strong></span> <span class='ocrx_word' id='word_1_231' title='bbox 1108 3098 1367 3166; x_wconf 85' lang='lat' dir='ltr'><strong>insurgent</strong></span> <span class='ocrx_word' id='word_1_232' title='bbox 1390 3095 1488 3163; x_wconf 82' lang='lat' dir='ltr'><strong>ﬁlii</strong></span> <span class='ocrx_word' id='word_1_233' title='bbox 1513 3095 1566 3148; x_wconf 88' lang='lat' dir='ltr'><strong>in</strong></span> <span class='ocrx_word' id='word_1_234' title='bbox 1592 3106 1844 3165; x_wconf 84' lang='lat' dir='ltr'><strong>parentes,</strong></span> <span class='ocrx_word' id='word_1_235' title='bbox 1874 3106 1921 3151; x_wconf 89' lang='lat' dir='ltr'><strong>et</strong></span> <span class='ocrx_word' id='word_1_236' title='bbox 1943 3107 2102 3156; x_wconf 78' lang='lat' dir='ltr'><strong>morte</strong></span> 
     </span>
    </p>
   </div>
   <div class='ocr_carea' id='block_1_31' title="bbox 517 3185 2099 3258">
    <p class='ocr_par' dir='ltr' id='par_1_31' title="bbox 517 3185 2099 3258">
     <span class='ocr_line' id='line_1_31' title="bbox 517 3185 2099 3258; baseline 0.001 -15"><span class='ocrx_word' id='word_1_237' title='bbox 517 3205 602 3243; x_wconf 85' lang='lat' dir='ltr'><strong>eos</strong></span> <span class='ocrx_word' id='word_1_238' title='bbox 629 3188 860 3258; x_wconf 62' lang='lat' dir='ltr'><strong>atﬁcient.</strong></span> <span class='ocrx_word' id='word_1_239' title='bbox 886 3185 1183 3254; x_wconf 84' lang='lat' dir='ltr'><strong>Quomodo,</strong></span> <span class='ocrx_word' id='word_1_240' title='bbox 1215 3185 1440 3256; x_wconf 89' lang='lat' dir='ltr'><strong>inquies,</strong></span> <span class='ocrx_word' id='word_1_241' title='bbox 1482 3185 1673 3256; x_wconf 90' lang='lat' dir='ltr'><strong>reliqui</strong></span> <span class='ocrx_word' id='word_1_242' title='bbox 1702 3187 1944 3255; x_wconf 78' lang='lat' dir='ltr'><strong>credent,</strong></span> <span class='ocrx_word' id='word_1_243' title='bbox 1975 3203 2099 3244; x_wconf 87' lang='lat' dir='ltr'><strong>cum</strong></span> 
     </span>
    </p>
   </div>
   <div class='ocr_carea' id='block_1_32' title="bbox 519 3277 2100 3348">
    <p class='ocr_par' dir='ltr' id='par_1_32' title="bbox 519 3277 2100 3348">
     <span class='ocr_line' id='line_1_32' title="bbox 519 3277 2100 3348; baseline 0.002 -15"><span class='ocrx_word' id='word_1_244' title='bbox 519 3280 751 3335; x_wconf 83' lang='lat' dir='ltr'><strong>viderint</strong></span> <span class='ocrx_word' id='word_1_245' title='bbox 779 3278 916 3334; x_wconf 81' lang='lat' dir='ltr'><strong>ﬁlios</strong></span> <span class='ocrx_word' id='word_1_246' title='bbox 946 3286 1158 3348; x_wconf 85' lang='lat' dir='ltr'><strong>propter</strong></span> <span class='ocrx_word' id='word_1_247' title='bbox 1186 3292 1288 3335; x_wconf 86' lang='lat' dir='ltr'><strong>nos</strong></span> <span class='ocrx_word' id='word_1_248' title='bbox 1305 3293 1335 3332; x_wconf 90' lang='lat' dir='ltr'><strong>a</strong></span> <span class='ocrx_word' id='word_1_249' title='bbox 1363 3277 1602 3347; x_wconf 89' lang='lat' dir='ltr'><strong>patribus</strong></span> <span class='ocrx_word' id='word_1_250' title='bbox 1627 3279 1854 3347; x_wconf 89' lang='lat' dir='ltr'><strong>occisos,</strong></span> <span class='ocrx_word' id='word_1_251' title='bbox 1883 3278 2100 3337; x_wconf 89' lang='lat' dir='ltr'><strong>fratres-</strong></span> 
     </span>
    </p>
   </div>
   <div class='ocr_carea' id='block_1_33' title="bbox 517 3369 2099 3440">
    <p class='ocr_par' dir='ltr' id='par_1_33' title="bbox 517 3369 2099 3440">
     <span class='ocr_line' id='line_1_33' title="bbox 517 3369 2099 3440; baseline 0.003 -17"><span class='ocrx_word' id='word_1_252' title='bbox 517 3386 623 3440; x_wconf 87' lang='lat' dir='ltr'><strong>que</strong></span> <span class='ocrx_word' id='word_1_253' title='bbox 649 3385 678 3424; x_wconf 87' lang='lat' dir='ltr'><strong>a</strong></span> <span class='ocrx_word' id='word_1_254' title='bbox 704 3369 972 3434; x_wconf 86' lang='lat' dir='ltr'><strong>fratribus,</strong></span> <span class='ocrx_word' id='word_1_255' title='bbox 1003 3369 1310 3440; x_wconf 86' lang='lat' dir='ltr'><strong>sceleraqoe</strong></span> <span class='ocrx_word' id='word_1_256' title='bbox 1334 3370 1510 3424; x_wconf 85' lang='lat' dir='ltr'><strong>omnia</strong></span> <span class='ocrx_word' id='word_1_257' title='bbox 1542 3371 1781 3440; x_wconf 82' lang='lat' dir='ltr'><strong>patrata?</strong></span> <span class='ocrx_word' id='word_1_258' title='bbox 1809 3373 2000 3426; x_wconf 84' lang='lat' dir='ltr'><strong>Annon</strong></span> <span class='ocrx_word' id='word_1_259' title='bbox 2039 3379 2099 3428; x_wconf 91' lang='lat' dir='ltr'><strong>ut</strong></span> 
     </span>
    </p>
   </div>
   <div class='ocr_carea' id='block_1_34' title="bbox 519 3460 2098 3532">
    <p class='ocr_par' dir='ltr' id='par_1_34' title="bbox 519 3460 2098 3532">
     <span class='ocr_line' id='line_1_34' title="bbox 519 3460 2098 3532; baseline 0.002 -16"><span class='ocrx_word' id='word_1_260' title='bbox 519 3462 873 3532; x_wconf 86' lang='lat' dir='ltr'><strong>nequissimos</strong></span> <span class='ocrx_word' id='word_1_261' title='bbox 898 3460 1189 3528; x_wconf 73' lang='lat' dir='ltr'><strong>dtemonas,</strong></span> <span class='ocrx_word' id='word_1_262' title='bbox 1215 3476 1391 3517; x_wconf 89' lang='lat' dir='ltr'><strong>annon</strong></span> <span class='ocrx_word' id='word_1_263' title='bbox 1415 3469 1473 3514; x_wconf 89' lang='lat' dir='ltr'><strong>ut</strong></span> <span class='ocrx_word' id='word_1_264' title='bbox 1498 3461 1854 3517; x_wconf 84' lang='lat' dir='ltr'><strong>exsecrandos</strong></span> <span class='ocrx_word' id='word_1_265' title='bbox 1879 3471 1935 3518; x_wconf 91' lang='lat' dir='ltr'><strong>et</strong></span> <span class='ocrx_word' id='word_1_266' title='bbox 1953 3463 2098 3520; x_wconf 84' lang='lat' dir='ltr'><strong>orbis</strong></span> 
     </span>
    </p>
   </div>
   <div class='ocr_carea' id='block_1_35' title="bbox 517 3550 2096 3623">
    <p class='ocr_par' dir='ltr' id='par_1_35' title="bbox 517 3550 2096 3623">
     <span class='ocr_line' id='line_1_35' title="bbox 517 3550 2096 3623; baseline 0.002 -17"><span class='ocrx_word' id='word_1_267' title='bbox 517 3561 878 3622; x_wconf 82' lang='lat' dir='ltr'><strong>corruptores,</strong></span> <span class='ocrx_word' id='word_1_268' title='bbox 902 3565 1000 3606; x_wconf 93' lang='lat' dir='ltr'><strong>nos</strong></span> <span class='ocrx_word' id='word_1_269' title='bbox 1022 3551 1254 3622; x_wconf 89' lang='lat' dir='ltr'><strong>undique</strong></span> <span class='ocrx_word' id='word_1_270' title='bbox 1280 3550 1568 3621; x_wconf 84' lang='lat' dir='ltr'><strong>expellent,</strong></span> <span class='ocrx_word' id='word_1_271' title='bbox 1597 3561 1941 3623; x_wconf 90' lang='lat' dir='ltr'><strong>cognatorum</strong></span> <span class='ocrx_word' id='word_1_272' title='bbox 1969 3568 2096 3609; x_wconf 83' lang='lat' dir='ltr'><strong>san-</strong></span> 
     </span>
    </p>
   </div>
   <div class='ocr_carea' id='block_1_36' title="bbox 515 3641 2097 3715">
    <p class='ocr_par' dir='ltr' id='par_1_36' title="bbox 515 3641 2097 3715">
     <span class='ocr_line' id='line_1_36' title="bbox 515 3641 2097 3715; baseline 0.002 -18"><span class='ocrx_word' id='word_1_273' title='bbox 515 3645 673 3715; x_wconf 85' lang='lat' dir='ltr'><strong>guine</strong></span> <span class='ocrx_word' id='word_1_274' title='bbox 696 3651 752 3699; x_wconf 89' lang='lat' dir='ltr'><strong>et</strong></span> <span class='ocrx_word' id='word_1_275' title='bbox 773 3641 1032 3712; x_wconf 89' lang='lat' dir='ltr'><strong>ejusmodi</strong></span> <span class='ocrx_word' id='word_1_276' title='bbox 1054 3641 1292 3698; x_wconf 63' lang='lat' dir='ltr'><strong>caadibus</strong></span> <span class='ocrx_word' id='word_1_277' title='bbox 1323 3651 1516 3698; x_wconf 75' lang='lat' dir='ltr'><strong>terram</strong></span> <span class='ocrx_word' id='word_1_278' title='bbox 1543 3644 1798 3713; x_wconf 87' lang='lat' dir='ltr'><strong>repletam</strong></span> <span class='ocrx_word' id='word_1_279' title='bbox 1825 3644 2097 3700; x_wconf 72' lang='lat' dir='ltr'><strong>videntes?</strong></span> 
     </span>
    </p>
   </div>
   <div class='ocr_carea' id='block_1_37' title="bbox 515 3733 2080 3802">
    <p class='ocr_par' dir='ltr' id='par_1_37' title="bbox 515 3733 2080 3802">
     <span class='ocr_line' id='line_1_37' title="bbox 515 3733 2080 3802; baseline -0.001 -15"><span class='ocrx_word' id='word_1_280' title='bbox 515 3735 774 3802; x_wconf 80' lang='lat' dir='ltr'><strong>Equidem</strong></span> <span class='ocrx_word' id='word_1_281' title='bbox 811 3733 1074 3801; x_wconf 86' lang='lat' dir='ltr'><strong>(nonne?)</strong></span> <span class='ocrx_word' id='word_1_282' title='bbox 1109 3748 1305 3802; x_wconf 83' lang='lat' dir='ltr'><strong>pacem</strong></span> <span class='ocrx_word' id='word_1_283' title='bbox 1336 3733 1390 3787; x_wconf 91' lang='lat' dir='ltr'><strong>in</strong></span> <span class='ocrx_word' id='word_1_284' title='bbox 1417 3733 1608 3788; x_wconf 88' lang='lat' dir='ltr'><strong>domos</strong></span> <span class='ocrx_word' id='word_1_285' title='bbox 1656 3734 2080 3797; x_wconf 89' lang='lat' dir='ltr'><strong>introducemus,</strong></span> 
     </span>
    </p>
   </div>
   <div class='ocr_carea' id='block_1_38' title="bbox 515 3821 2084 3894">
    <p class='ocr_par' dir='ltr' id='par_1_38' title="bbox 515 3821 2084 3894">
     <span class='ocr_line' id='line_1_38' title="bbox 515 3821 2084 3894; baseline 0.001 -18"><span class='ocrx_word' id='word_1_286' title='bbox 515 3833 593 3877; x_wconf 94' lang='lat' dir='ltr'><strong>tot</strong></span> <span class='ocrx_word' id='word_1_287' title='bbox 623 3823 742 3877; x_wconf 82' lang='lat' dir='ltr'><strong>illas</strong></span> <span class='ocrx_word' id='word_1_288' title='bbox 769 3823 1006 3879; x_wconf 75' lang='lat' dir='ltr'><strong>caedibus</strong></span> <span class='ocrx_word' id='word_1_289' title='bbox 1039 3823 1342 3894; x_wconf 86' lang='lat' dir='ltr'><strong>implentes.</strong></span> <span class='ocrx_word' id='word_1_290' title='bbox 1373 3821 1508 3877; x_wconf 84' lang='lat' dir='ltr'><strong>Nam</strong></span> <span class='ocrx_word' id='word_1_291' title='bbox 1533 3824 1577 3877; x_wconf 89' lang='lat' dir='ltr'><strong>si</strong></span> <span class='ocrx_word' id='word_1_292' title='bbox 1608 3838 1803 3894; x_wconf 85' lang='lat' dir='ltr'><strong>magno</strong></span> <span class='ocrx_word' id='word_1_293' title='bbox 1838 3837 2084 3879; x_wconf 88' lang='lat' dir='ltr'><strong>essemus</strong></span> 
     </span>
    </p>
   </div>
   <div class='ocr_carea' id='block_1_39' title="bbox 505 3896 2086 3988">
    <p class='ocr_par' dir='ltr' id='par_1_39' title="bbox 505 3896 2086 3988">
     <span class='ocr_line' id='line_1_39' title="bbox 505 3896 2086 3988; baseline 0.001 -21"><span class='ocrx_word' id='word_1_294' title='bbox 505 3928 765 3979; x_wconf 82' lang='lat' dir='ltr'><strong>numero,</strong></span> <span class='ocrx_word' id='word_1_295' title='bbox 815 3929 916 3970; x_wconf 80' lang='lat' dir='ltr'><strong>uec</strong></span> <span class='ocrx_word' id='word_1_296' title='bbox 970 3896 1255 3969; x_wconf 83' lang='lat' dir='ltr'><strong>duodecim</strong></span> <span class='ocrx_word' id='word_1_297' title='bbox 1298 3923 1531 3988; x_wconf 74' lang='lat' dir='ltr'><strong>tantum,</strong></span> <span class='ocrx_word' id='word_1_298' title='bbox 1571 3915 1620 3971; x_wconf 90' lang='lat' dir='ltr'><strong>si</strong></span> <span class='ocrx_word' id='word_1_299' title='bbox 1661 3929 1769 3969; x_wconf 90' lang='lat' dir='ltr'><strong>non</strong></span> <span class='ocrx_word' id='word_1_300' title='bbox 1821 3914 2000 3969; x_wconf 68' lang='lat' dir='ltr'><strong>idiota</strong></span> <span class='ocrx_word' id='word_1_301' title='bbox 2031 3921 2086 3968; x_wconf 89' lang='lat' dir='ltr'><strong>et</strong></span> 
     </span>
    </p>
   </div>
   <div class='ocr_carea' id='block_1_40' title="bbox 515 3995 2080 4074">
    <p class='ocr_par' dir='ltr' id='par_1_40' title="bbox 515 3995 2080 4074">
     <span class='ocr_line' id='line_1_40' title="bbox 515 3995 2080 4074; baseline 0 -16"><span class='ocrx_word' id='word_1_302' title='bbox 515 4001 756 4060; x_wconf 86' lang='lat' dir='ltr'><strong>illiterati</strong></span> <span class='ocrx_word' id='word_1_303' title='bbox 788 4044 805 4069; x_wconf 87' lang='lat'><strong>,</strong></span> <span class='ocrx_word' id='word_1_304' title='bbox 861 4003 957 4060; x_wconf 88' lang='lat' dir='ltr'><strong>sed</strong></span> <span class='ocrx_word' id='word_1_305' title='bbox 997 4005 1269 4074; x_wconf 84' lang='lat' dir='ltr'><strong>sapientes</strong></span> <span class='ocrx_word' id='word_1_306' title='bbox 1315 3995 1563 4067; x_wconf 74' lang='lat' dir='ltr'><strong>rhetores</strong></span> <span class='ocrx_word' id='word_1_307' title='bbox 1590 4045 1605 4071; x_wconf 91' lang='lat'><strong>,</strong></span> <span class='ocrx_word' id='word_1_308' title='bbox 1652 4012 1935 4070; x_wconf 81' lang='lat' dir='ltr'><strong>oratores;</strong></span> <span class='ocrx_word' id='word_1_309' title='bbox 1970 4004 2080 4058; x_wconf 88' lang='lat' dir='ltr'><strong>imo</strong></span> 
     </span>
    </p>
   </div>
   <div class='ocr_carea' id='block_1_41' title="bbox 511 4096 2089 4167">
    <p class='ocr_par' dir='ltr' id='par_1_41' title="bbox 511 4096 2089 4167">
     <span class='ocr_line' id='line_1_41' title="bbox 511 4096 2089 4167; baseline -0.001 -16"><span class='ocrx_word' id='word_1_310' title='bbox 511 4099 683 4151; x_wconf 69' lang='lat' dir='ltr'><strong>e’tiam-</strong></span> <span class='ocrx_word' id='word_1_311' title='bbox 725 4110 880 4167; x_wconf 82' lang='lat' dir='ltr'><strong>reges</strong></span> <span class='ocrx_word' id='word_1_312' title='bbox 921 4097 1192 4152; x_wconf 85' lang='lat' dir='ltr'><strong>exercitus</strong></span> <span class='ocrx_word' id='word_1_313' title='bbox 1241 4096 1497 4152; x_wconf 84' lang='lat' dir='ltr'><strong>habentes</strong></span> <span class='ocrx_word' id='word_1_314' title='bbox 1529 4108 1584 4152; x_wconf 91' lang='lat' dir='ltr'><strong>et</strong></span> <span class='ocrx_word' id='word_1_315' title='bbox 1603 4097 1855 4167; x_wconf 80' lang='lat' dir='ltr'><strong>pecuniis</strong></span> <span class='ocrx_word' id='word_1_316' title='bbox 1883 4097 2089 4151; x_wconf 86' lang='lat' dir='ltr'><strong>instru-</strong></span> 
     </span>
    </p>
   </div>
   <div class='ocr_carea' id='block_1_42' title="bbox 513 4185 2091 4258">
    <p class='ocr_par' dir='ltr' id='par_1_42' title="bbox 513 4185 2091 4258">
     <span class='ocr_line' id='line_1_42' title="bbox 513 4185 2091 4258; baseline 0.001 -16"><span class='ocrx_word' id='word_1_317' title='bbox 513 4186 607 4250; x_wconf 90' lang='lat' dir='ltr'><strong>cti,</strong></span> <span class='ocrx_word' id='word_1_318' title='bbox 647 4187 916 4258; x_wconf 90' lang='lat' dir='ltr'><strong>quomodo</strong></span> <span class='ocrx_word' id='word_1_319' title='bbox 955 4185 1221 4258; x_wconf 87' lang='lat' dir='ltr'><strong>quidpiam</strong></span> <span class='ocrx_word' id='word_1_320' title='bbox 1261 4186 1579 4255; x_wconf 86' lang='lat' dir='ltr'><strong>persuadere</strong></span> <span class='ocrx_word' id='word_1_321' title='bbox 1611 4187 1922 4256; x_wconf 88' lang='lat' dir='ltr'><strong>poterimus,</strong></span> <span class='ocrx_word' id='word_1_322' title='bbox 1963 4187 2091 4244; x_wconf 89' lang='lat' dir='ltr'><strong>dum</strong></span> 
     </span>
    </p>
   </div>
   <div class='ocr_carea' id='block_1_43' title="bbox 519 4276 2091 4346">
    <p class='ocr_par' dir='ltr' id='par_1_43' title="bbox 519 4276 2091 4346">
     <span class='ocr_line' id='line_1_43' title="bbox 519 4276 2091 4346; baseline 0.003 -16"><span class='ocrx_word' id='word_1_323' title='bbox 519 4276 655 4331; x_wconf 87' lang='lat' dir='ltr'><strong>bella</strong></span> <span class='ocrx_word' id='word_1_324' title='bbox 684 4277 857 4333; x_wconf 88' lang='lat' dir='ltr'><strong>civilia</strong></span> <span class='ocrx_word' id='word_1_325' title='bbox 883 4286 933 4332; x_wconf 91' lang='lat' dir='ltr'><strong>et</strong></span> <span class='ocrx_word' id='word_1_326' title='bbox 977 4277 1219 4334; x_wconf 79' lang='lat' dir='ltr'><strong>civilibus</strong></span> <span class='ocrx_word' id='word_1_327' title='bbox 1253 4277 1493 4346; x_wconf 77' lang='lat' dir='ltr'><strong>graviora</strong></span> <span class='ocrx_word' id='word_1_328' title='bbox 1522 4279 1930 4332; x_wconf 84' lang='lat' dir='ltr'><strong>succendintus?</strong></span> <span class='ocrx_word' id='word_1_329' title='bbox 1959 4278 2091 4334; x_wconf 85' lang='lat' dir='ltr'><strong>Nam</strong></span> 
     </span>
    </p>
   </div>
   <div class='ocr_carea' id='block_1_44' title="bbox 519 4360 2091 4437">
    <p class='ocr_par' dir='ltr' id='par_1_44' title="bbox 519 4360 2091 4437">
     <span class='ocr_line' id='line_1_44' title="bbox 519 4360 2091 4437; baseline 0.009 -25"><span class='ocrx_word' id='word_1_330' title='bbox 519 4360 620 4413; x_wconf 85' lang='lat' dir='ltr'><strong>etsi</strong></span> <span class='ocrx_word' id='word_1_331' title='bbox 642 4362 867 4415; x_wconf 89' lang='lat' dir='ltr'><strong>salutem</strong></span> <span class='ocrx_word' id='word_1_332' title='bbox 888 4373 1127 4417; x_wconf 90' lang='lat' dir='ltr'><strong>nostram</strong></span> <span class='ocrx_word' id='word_1_333' title='bbox 1157 4379 1350 4434; x_wconf 87' lang='lat' dir='ltr'><strong>parum</strong></span> <span class='ocrx_word' id='word_1_334' title='bbox 1377 4380 1652 4430; x_wconf 89' lang='lat' dir='ltr'><strong>curemus,</strong></span> <span class='ocrx_word' id='word_1_335' title='bbox 1680 4369 1802 4437; x_wconf 88' lang='lat' dir='ltr'><strong>quis</strong></span> <span class='ocrx_word' id='word_1_336' title='bbox 1836 4369 1991 4424; x_wconf 90' lang='lat' dir='ltr'><strong>nobis</strong></span> <span class='ocrx_word' id='word_1_337' title='bbox 2023 4386 2091 4426; x_wconf 83' lang='lat' dir='ltr'><strong>ex</strong></span> 
     </span>
    </p>
   </div>
   <div class='ocr_carea' id='block_1_45' title="bbox 519 4448 2091 4531">
    <p class='ocr_par' dir='ltr' id='par_1_45' title="bbox 519 4448 2091 4531">
     <span class='ocr_line' id='line_1_45' title="bbox 519 4448 2091 4531; baseline 0.01 -30"><span class='ocrx_word' id='word_1_338' title='bbox 519 4448 637 4502; x_wconf 86' lang='lat' dir='ltr'><strong>aliis</strong></span> <span class='ocrx_word' id='word_1_339' title='bbox 666 4459 902 4505; x_wconf 90' lang='lat' dir='ltr'><strong>mentem</strong></span> <span class='ocrx_word' id='word_1_340' title='bbox 931 4452 1244 4508; x_wconf 88' lang='lat' dir='ltr'><strong>adhibebit?</strong></span> <span class='ocrx_word' id='word_1_341' title='bbox 1272 4453 1379 4509; x_wconf 90' lang='lat' dir='ltr'><strong>Sed</strong></span> <span class='ocrx_word' id='word_1_342' title='bbox 1399 4455 1536 4513; x_wconf 85' lang='lat' dir='ltr'><strong>nihil</strong></span> <span class='ocrx_word' id='word_1_343' title='bbox 1563 4456 1755 4512; x_wconf 90' lang='lat' dir='ltr'><strong>horum</strong></span> <span class='ocrx_word' id='word_1_344' title='bbox 1779 4459 1865 4514; x_wconf 88' lang='lat' dir='ltr'><strong>vel</strong></span> <span class='ocrx_word' id='word_1_345' title='bbox 1893 4461 2091 4531; x_wconf 84' lang='lat' dir='ltr'><strong>cogita-</strong></span> 
     </span>
    </p>
   </div>
   <div class='ocr_carea' id='block_1_46' title="bbox 517 4542 2089 4624">
    <p class='ocr_par' dir='ltr' id='par_1_46' title="bbox 517 4542 2089 4624">
     <span class='ocr_line' id='line_1_46' title="bbox 517 4542 2089 4624; baseline 0.009 -30"><span class='ocrx_word' id='word_1_346' title='bbox 517 4550 649 4595; x_wconf 87' lang='lat' dir='ltr'><strong>runt</strong></span> <span class='ocrx_word' id='word_1_347' title='bbox 670 4543 754 4596; x_wconf 87' lang='lat' dir='ltr'><strong>vel</strong></span> <span class='ocrx_word' id='word_1_348' title='bbox 774 4542 1044 4610; x_wconf 89' lang='lat' dir='ltr'><strong>dixerunt,</strong></span> <span class='ocrx_word' id='word_1_349' title='bbox 1075 4560 1177 4600; x_wconf 88' lang='lat' dir='ltr'><strong>nec</strong></span> <span class='ocrx_word' id='word_1_350' title='bbox 1199 4556 1590 4616; x_wconf 68' lang='lat' dir='ltr'><strong>praeceptorum</strong></span> <span class='ocrx_word' id='word_1_351' title='bbox 1614 4549 1877 4604; x_wconf 87' lang='lat' dir='ltr'><strong>rationem</strong></span> <span class='ocrx_word' id='word_1_352' title='bbox 1898 4567 2089 4624; x_wconf 77' lang='lat' dir='ltr'><strong>exege—</strong></span> 
     </span>
    </p>
   </div>
   <div class='ocr_carea' id='block_1_47' title="bbox 518 4633 2087 4711">
    <p class='ocr_par' dir='ltr' id='par_1_47' title="bbox 518 4633 2087 4711">
     <span class='ocr_line' id='line_1_47' title="bbox 518 4633 2087 4711; baseline 0.008 -26"><span class='ocrx_word' id='word_1_353' title='bbox 518 4641 678 4696; x_wconf 88' lang='lat' dir='ltr'><strong>runt;</strong></span> <span class='ocrx_word' id='word_1_354' title='bbox 711 4633 806 4687; x_wconf 92' lang='lat' dir='ltr'><strong>sed</strong></span> <span class='ocrx_word' id='word_1_355' title='bbox 826 4644 1109 4690; x_wconf 88' lang='lat' dir='ltr'><strong>cesserunt</strong></span> <span class='ocrx_word' id='word_1_356' title='bbox 1136 4645 1190 4690; x_wconf 92' lang='lat' dir='ltr'><strong>et</strong></span> <span class='ocrx_word' id='word_1_357' title='bbox 1215 4636 1661 4707; x_wconf 87' lang='lat' dir='ltr'><strong>obtemperarunt</strong></span> <span class='ocrx_word' id='word_1_358' title='bbox 1686 4658 1699 4694; x_wconf 89' lang='lat'><strong>:</strong></span> <span class='ocrx_word' id='word_1_359' title='bbox 1731 4639 1783 4694; x_wconf 91' lang='lat' dir='ltr'><strong>id</strong></span> <span class='ocrx_word' id='word_1_360' title='bbox 1806 4643 1951 4711; x_wconf 88' lang='lat' dir='ltr'><strong>quod</strong></span> <span class='ocrx_word' id='word_1_361' title='bbox 1978 4658 2087 4698; x_wconf 91' lang='lat' dir='ltr'><strong>non</strong></span> 
     </span>
    </p>
   </div>
   <div class='ocr_carea' id='block_1_48' title="bbox 517 4723 2087 4791">
    <p class='ocr_par' dir='ltr' id='par_1_48' title="bbox 517 4723 2087 4791">
     <span class='ocr_line' id='line_1_48' title="bbox 517 4723 2087 4791; baseline 0.01 -17"><span class='ocrx_word' id='word_1_362' title='bbox 517 4735 583 4775; x_wconf 86' lang='lat' dir='ltr'><strong>ex</strong></span> <span class='ocrx_word' id='word_1_363' title='bbox 611 4723 849 4791; x_wconf 90' lang='lat' dir='ltr'><strong>ipsorum</strong></span> <span class='ocrx_word' id='word_1_364' title='bbox 893 4726 1093 4782; x_wconf 86' lang='lat' dir='ltr'><strong>virtute</strong></span> <span class='ocrx_word' id='word_1_365' title='bbox 1125 4735 1359 4790; x_wconf 83' lang='lat' dir='ltr'><strong>tantum,</strong></span> <span class='ocrx_word' id='word_1_366' title='bbox 1405 4728 1500 4782; x_wconf 89' lang='lat' dir='ltr'><strong>sed</strong></span> <span class='ocrx_word' id='word_1_367' title='bbox 1534 4728 1696 4784; x_wconf 89' lang='lat' dir='ltr'><strong>etiam</strong></span> <span class='ocrx_word' id='word_1_368' title='bbox 1741 4745 1808 4786; x_wconf 84' lang='lat' dir='ltr'><strong>ex</strong></span> <span class='ocrx_word' id='word_1_369' title='bbox 1845 4726 2087 4790; x_wconf 89' lang='lat' dir='ltr'><strong>Doctoris</strong></span> 
     </span>
    </p>
   </div>
   <div class='ocr_carea' id='block_1_49' title="bbox 516 4813 2089 4889">
    <p class='ocr_par' dir='ltr' id='par_1_49' title="bbox 516 4813 2089 4889">
     <span class='ocr_line' id='line_1_49' title="bbox 516 4813 2089 4889; baseline 0.01 -25"><span class='ocrx_word' id='word_1_370' title='bbox 516 4813 778 4881; x_wconf 87' lang='lat' dir='ltr'><strong>sapientia</strong></span> <span class='ocrx_word' id='word_1_371' title='bbox 801 4814 1258 4883; x_wconf 81' lang='lat' dir='ltr'><strong>proficiscebatur.</strong></span> <span class='ocrx_word' id='word_1_372' title='bbox 1277 4816 1421 4873; x_wconf 76' lang='lat' dir='ltr'><strong>Vide.</strong></span> <span class='ocrx_word' id='word_1_373' title='bbox 1437 4818 1582 4872; x_wconf 90' lang='lat' dir='ltr'><strong>enim</strong></span> <span class='ocrx_word' id='word_1_374' title='bbox 1600 4821 1870 4889; x_wconf 89' lang='lat' dir='ltr'><strong>quomodo</strong></span> <span class='ocrx_word' id='word_1_375' title='bbox 1898 4839 2089 4880; x_wconf 74' lang='lat' dir='ltr'><strong>terum-</strong></span> 
     </span>
    </p>
   </div>
   <div class='ocr_carea' id='block_1_50' title="bbox 516 4903 2086 4980">
    <p class='ocr_par' dir='ltr' id='par_1_50' title="bbox 516 4903 2086 4980">
     <span class='ocr_line' id='line_1_50' title="bbox 516 4903 2086 4980; baseline 0.011 -24"><span class='ocrx_word' id='word_1_376' title='bbox 516 4903 602 4958; x_wconf 89' lang='lat' dir='ltr'><strong>nis</strong></span> <span class='ocrx_word' id='word_1_377' title='bbox 641 4905 863 4974; x_wconf 82' lang='lat' dir='ltr'><strong>singulis</strong></span> <span class='ocrx_word' id='word_1_378' title='bbox 903 4909 1324 4965; x_wconf 86' lang='lat' dir='ltr'><strong>consolationem</strong></span> <span class='ocrx_word' id='word_1_379' title='bbox 1359 4910 1602 4980; x_wconf 85' lang='lat' dir='ltr'><strong>adjunxit</strong></span> <span class='ocrx_word' id='word_1_380' title='bbox 1632 4928 1645 4964; x_wconf 90' lang='lat'>:</span> <span class='ocrx_word' id='word_1_381' title='bbox 1677 4912 1745 4967; x_wconf 90' lang='lat' dir='ltr'><strong>de</strong></span> <span class='ocrx_word' id='word_1_382' title='bbox 1777 4930 1886 4970; x_wconf 87' lang='lat' dir='ltr'><strong>non</strong></span> <span class='ocrx_word' id='word_1_383' title='bbox 1913 4919 2086 4973; x_wconf 89' lang='lat' dir='ltr'><strong>susci-</strong></span> 
     </span>
    </p>
   </div>
   <div class='ocr_carea' id='block_1_51' title="bbox 516 4995 2084 5065">
    <p class='ocr_par' dir='ltr' id='par_1_51' title="bbox 516 4995 2084 5065">
     <span class='ocr_line' id='line_1_51' title="bbox 516 4995 2084 5065; baseline 0.011 -18"><span class='ocrx_word' id='word_1_384' title='bbox 516 4995 788 5063; x_wconf 88' lang='lat' dir='ltr'><strong>pientibus</strong></span> <span class='ocrx_word' id='word_1_385' title='bbox 817 4997 933 5052; x_wconf 90' lang='lat' dir='ltr'><strong>illos</strong></span> <span class='ocrx_word' id='word_1_386' title='bbox 965 4999 1117 5065; x_wconf 84' lang='lat' dir='ltr'><strong>dixit,</strong></span> <span class='ocrx_word' id='word_1_387' title='bbox 1159 5001 1495 5056; x_wconf 74' lang='lat' dir='ltr'><strong>Tolerabilius</strong></span> <span class='ocrx_word' id='word_1_388' title='bbox 1524 5003 1622 5056; x_wconf 85' lang='lat' dir='ltr'><strong>erit</strong></span> <span class='ocrx_word' id='word_1_389' title='bbox 1659 5011 1811 5059; x_wconf 79' lang='lat' dir='ltr'><strong>terra:</strong></span> <span class='ocrx_word' id='word_1_390' title='bbox 1832 5005 2084 5064; x_wconf 86' lang='lat' dir='ltr'><strong>Sodomo-</strong></span> 
     </span>
    </p>
   </div>
   <div class='ocr_carea' id='block_1_52' title="bbox 515 5087 2084 5163">
    <p class='ocr_par' dir='ltr' id='par_1_52' title="bbox 515 5087 2084 5163">
     <span class='ocr_line' id='line_1_52' title="bbox 515 5087 2084 5163; baseline 0.011 -25"><span class='ocrx_word' id='word_1_391' title='bbox 515 5102 633 5139; x_wconf 86' lang='lat' dir='ltr'><strong>rum</strong></span> <span class='ocrx_word' id='word_1_392' title='bbox 671 5098 719 5141; x_wconf 89' lang='lat' dir='ltr'><strong>et</strong></span> <span class='ocrx_word' id='word_1_393' title='bbox 756 5087 1054 5145; x_wconf 70' lang='lat' dir='ltr'><strong>Gomorrhae</strong></span> <span class='ocrx_word' id='word_1_394' title='bbox 1085 5091 1138 5145; x_wconf 90' lang='lat' dir='ltr'><strong>in</strong></span> <span class='ocrx_word' id='word_1_395' title='bbox 1176 5093 1260 5146; x_wconf 88' lang='lat' dir='ltr'><strong>die</strong></span> <span class='ocrx_word' id='word_1_396' title='bbox 1294 5093 1503 5161; x_wconf 85' lang='lat' dir='ltr'><strong>judicii,</strong></span> <span class='ocrx_word' id='word_1_397' title='bbox 1547 5110 1708 5163; x_wconf 88' lang='lat' dir='ltr'><strong>quam</strong></span> <span class='ocrx_word' id='word_1_398' title='bbox 1756 5098 1955 5153; x_wconf 81' lang='lat' dir='ltr'><strong>civitati</strong></span> <span class='ocrx_word' id='word_1_399' title='bbox 2004 5103 2084 5156; x_wconf 85' lang='lat' dir='ltr'><strong>illi</strong></span> 
     </span>
    </p>
   </div>
   <div class='ocr_carea' id='block_1_53' title="bbox 517 5176 2087 5259">
    <p class='ocr_par' dir='ltr' id='par_1_53' title="bbox 517 5176 2087 5259">
     <span class='ocr_line' id='line_1_53' title="bbox 517 5176 2087 5259; baseline 0.011 -31"><span class='ocrx_word' id='word_1_400' title='bbox 517 5176 724 5245; x_wconf 77' lang='lat' dir='ltr'><strong>(Matth.</strong></span> <span class='ocrx_word' id='word_1_401' title='bbox 759 5178 954 5249; x_wconf 69' lang='lat'><strong>{0.15)</strong></span> <span class='ocrx_word' id='word_1_402' title='bbox 979 5198 992 5245; x_wconf 93' lang='grc'><strong>;</strong></span> <span class='ocrx_word' id='word_1_403' title='bbox 1019 5191 1071 5236; x_wconf 87' lang='lat' dir='ltr'><strong>et</strong></span> <span class='ocrx_word' id='word_1_404' title='bbox 1095 5180 1184 5236; x_wconf 87' lang='lat' dir='ltr'><strong>hic</strong></span> <span class='ocrx_word' id='word_1_405' title='bbox 1209 5197 1421 5235; x_wconf 80' lang='lat' dir='ltr'><strong>rursum</strong></span> <span class='ocrx_word' id='word_1_406' title='bbox 1448 5197 1571 5237; x_wconf 90' lang='lat' dir='ltr'><strong>cum</strong></span> <span class='ocrx_word' id='word_1_407' title='bbox 1590 5183 1746 5248; x_wconf 79' lang='lat' dir='ltr'><strong>dixit,</strong></span> <span class='ocrx_word' id='word_1_408' title='bbox 1774 5186 1841 5240; x_wconf 81' lang='lat' dir='ltr'><strong>Et</strong></span> <span class='ocrx_word' id='word_1_409' title='bbox 1861 5190 1931 5242; x_wconf 77' lang='lat' dir='ltr'><strong>ad</strong></span> <span class='ocrx_word' id='word_1_410' title='bbox 1950 5207 2087 5259; x_wconf 54' lang='lat' dir='ltr'><strong>pra&#39;d</strong></span> 
     </span>
    </p>
   </div>
   <div class='ocr_carea' id='block_1_54' title="bbox 511 5269 2083 5344">
    <p class='ocr_par' dir='ltr' id='par_1_54' title="bbox 511 5269 2083 5344">
     <span class='ocr_line' id='line_1_54' title="bbox 511 5269 2083 5344; baseline 0.01 -24"><span class='ocrx_word' id='word_1_411' title='bbox 511 5269 646 5322; x_wconf 84' lang='lat' dir='ltr'><strong>sides</strong></span> <span class='ocrx_word' id='word_1_412' title='bbox 669 5278 716 5323; x_wconf 89' lang='lat' dir='ltr'><strong>et</strong></span> <span class='ocrx_word' id='word_1_413' title='bbox 735 5287 877 5341; x_wconf 82' lang='lat' dir='ltr'><strong>reges</strong></span> <span class='ocrx_word' id='word_1_414' title='bbox 891 5273 1170 5333; x_wconf 82' lang='lat' dir='ltr'><strong>ducemini,</strong></span> <span class='ocrx_word' id='word_1_415' title='bbox 1192 5273 1413 5337; x_wconf 84' lang='lat' dir='ltr'><strong>addidit,</strong></span> <span class='ocrx_word' id='word_1_416' title='bbox 1433 5273 1655 5344; x_wconf 84' lang='lat' dir='ltr'><strong>Propter</strong></span> <span class='ocrx_word' id='word_1_417' title='bbox 1672 5293 1753 5331; x_wconf 87' lang='lat' dir='ltr'><strong>me</strong></span> <span class='ocrx_word' id='word_1_418' title='bbox 1779 5278 1835 5332; x_wconf 87' lang='lat' dir='ltr'><strong>in</strong></span> <span class='ocrx_word' id='word_1_419' title='bbox 1851 5283 2083 5336; x_wconf 86' lang='lat' dir='ltr'><strong>testimo-</strong></span> 
     </span>
    </p>
   </div>
   <div class='ocr_carea' id='block_1_55' title="bbox 513 5360 2082 5438">
    <p class='ocr_par' dir='ltr' id='par_1_55' title="bbox 513 5360 2082 5438">
     <span class='ocr_line' id='line_1_55' title="bbox 513 5360 2082 5438; baseline 0.011 -27"><span class='ocrx_word' id='word_1_420' title='bbox 513 5361 657 5413; x_wconf 84' lang='lat' dir='ltr'><strong>nium</strong></span> <span class='ocrx_word' id='word_1_421' title='bbox 679 5360 783 5416; x_wconf 88' lang='lat' dir='ltr'><strong>illis</strong></span> <span class='ocrx_word' id='word_1_422' title='bbox 803 5371 851 5416; x_wconf 87' lang='lat' dir='ltr'><strong>et</strong></span> <span class='ocrx_word' id='word_1_423' title='bbox 866 5363 1116 5434; x_wconf 79' lang='lat' dir='ltr'><strong>gentibus.</strong></span> <span class='ocrx_word' id='word_1_424' title='bbox 1133 5363 1258 5419; x_wconf 68' lang='lat' dir='ltr'><strong>Haec</strong></span> <span class='ocrx_word' id='word_1_425' title='bbox 1279 5375 1457 5420; x_wconf 91' lang='lat' dir='ltr'><strong>autem</strong></span> <span class='ocrx_word' id='word_1_426' title='bbox 1479 5382 1585 5422; x_wconf 92' lang='lat' dir='ltr'><strong>non</strong></span> <span class='ocrx_word' id='word_1_427' title='bbox 1604 5384 1764 5438; x_wconf 89' lang='lat' dir='ltr'><strong>parva</strong></span> <span class='ocrx_word' id='word_1_428' title='bbox 1786 5373 2082 5429; x_wconf 75' lang='lat' dir='ltr'><strong>consolatio</strong></span> 
     </span>
    </p>
   </div>
   <div class='ocr_carea' id='block_1_56' title="bbox 511 5455 2080 5530">
    <p class='ocr_par' dir='ltr' id='par_1_56' title="bbox 511 5455 2080 5530">
     <span class='ocr_line' id='line_1_56' title="bbox 511 5455 2080 5530; baseline 0.01 -22"><span class='ocrx_word' id='word_1_429' title='bbox 511 5465 614 5517; x_wconf 78' lang='lat' dir='ltr'><strong>est,</strong></span> <span class='ocrx_word' id='word_1_430' title='bbox 662 5455 764 5510; x_wconf 90' lang='lat' dir='ltr'><strong>hoc</strong></span> <span class='ocrx_word' id='word_1_431' title='bbox 805 5466 1022 5526; x_wconf 89' lang='lat' dir='ltr'><strong>propter</strong></span> <span class='ocrx_word' id='word_1_432' title='bbox 1065 5458 1338 5514; x_wconf 88' lang='lat' dir='ltr'><strong>Christum</strong></span> <span class='ocrx_word' id='word_1_433' title='bbox 1383 5463 1510 5530; x_wconf 87' lang='lat' dir='ltr'><strong>pati,</strong></span> <span class='ocrx_word' id='word_1_434' title='bbox 1544 5473 1600 5518; x_wconf 91' lang='lat' dir='ltr'><strong>et</strong></span> <span class='ocrx_word' id='word_1_435' title='bbox 1639 5465 1707 5520; x_wconf 89' lang='lat' dir='ltr'><strong>ad</strong></span> <span class='ocrx_word' id='word_1_436' title='bbox 1742 5465 1861 5519; x_wconf 90' lang='lat' dir='ltr'><strong>illos</strong></span> <span class='ocrx_word' id='word_1_437' title='bbox 1896 5469 2080 5522; x_wconf 89' lang='lat' dir='ltr'><strong>redar-</strong></span> 
     </span>
    </p>
   </div>
   <div class='ocr_carea' id='block_1_57' title="bbox 511 5548 2076 5623">
    <p class='ocr_par' dir='ltr' id='par_1_57' title="bbox 511 5548 2076 5623">
     <span class='ocr_line' id='line_1_57' title="bbox 511 5548 2076 5623; baseline 0.009 -22"><span class='ocrx_word' id='word_1_438' title='bbox 511 5548 754 5618; x_wconf 69' lang='lat' dir='ltr'><strong>guendos</strong></span> <span class='ocrx_word' id='word_1_439' title='bbox 783 5549 1029 5605; x_wconf 90' lang='lat' dir='ltr'><strong>conduci.</strong></span> <span class='ocrx_word' id='word_1_440' title='bbox 1071 5549 1214 5606; x_wconf 91' lang='lat' dir='ltr'><strong>Deus</strong></span> <span class='ocrx_word' id='word_1_441' title='bbox 1245 5553 1409 5617; x_wconf 86' lang='lat' dir='ltr'><strong>enim.</strong></span> <span class='ocrx_word' id='word_1_442' title='bbox 1454 5556 1555 5610; x_wconf 90' lang='lat' dir='ltr'><strong>etsi</strong></span> <span class='ocrx_word' id='word_1_443' title='bbox 1604 5557 1784 5612; x_wconf 91' lang='lat' dir='ltr'><strong>nullus</strong></span> <span class='ocrx_word' id='word_1_444' title='bbox 1816 5560 2076 5623; x_wconf 86' lang='lat' dir='ltr'><strong>attendat,</strong></span> 
     </span>
    </p>
   </div>
   <div class='ocr_carea' id='block_1_58' title="bbox 513 5641 2079 5716">
    <p class='ocr_par' dir='ltr' id='par_1_58' title="bbox 513 5641 2079 5716">
     <span class='ocr_line' id='line_1_58' title="bbox 513 5641 2079 5716; baseline 0.01 -23"><span class='ocrx_word' id='word_1_445' title='bbox 513 5641 711 5709; x_wconf 90' lang='lat' dir='ltr'><strong>ubique</strong></span> <span class='ocrx_word' id='word_1_446' title='bbox 731 5655 791 5694; x_wconf 89' lang='lat' dir='ltr'><strong>ea</strong></span> <span class='ocrx_word' id='word_1_447' title='bbox 813 5658 930 5711; x_wconf 68' lang='lat' dir='ltr'><strong>quae</strong></span> <span class='ocrx_word' id='word_1_448' title='bbox 947 5657 1040 5697; x_wconf 88' lang='lat' dir='ltr'><strong>sua</strong></span> <span class='ocrx_word' id='word_1_449' title='bbox 1059 5651 1184 5698; x_wconf 91' lang='lat' dir='ltr'><strong>sunt</strong></span> <span class='ocrx_word' id='word_1_450' title='bbox 1206 5655 1480 5716; x_wconf 83' lang='lat' dir='ltr'><strong>cperatnr.</strong></span> <span class='ocrx_word' id='word_1_451' title='bbox 1504 5647 1594 5703; x_wconf 92' lang='lat' dir='ltr'><strong>Sic</strong></span> <span class='ocrx_word' id='word_1_452' title='bbox 1611 5660 1790 5705; x_wconf 87' lang='lat' dir='ltr'><strong>autem</strong></span> <span class='ocrx_word' id='word_1_453' title='bbox 1813 5651 1931 5707; x_wconf 91' lang='lat' dir='ltr'><strong>illos</strong></span> <span class='ocrx_word' id='word_1_454' title='bbox 1949 5668 2079 5708; x_wconf 92' lang='lat' dir='ltr'><strong>con-</strong></span> 
     </span>
    </p>
   </div>
   <div class='ocr_carea' id='block_1_59' title="bbox 510 5730 2077 5807">
    <p class='ocr_par' dir='ltr' id='par_1_59' title="bbox 510 5730 2077 5807">
     <span class='ocr_line' id='line_1_59' title="bbox 510 5730 2077 5807; baseline 0.013 -25"><span class='ocrx_word' id='word_1_455' title='bbox 510 5730 802 5794; x_wconf 82' lang='lat' dir='ltr'><strong>solabatur,</strong></span> <span class='ocrx_word' id='word_1_456' title='bbox 851 5748 958 5786; x_wconf 90' lang='lat' dir='ltr'><strong>non</strong></span> <span class='ocrx_word' id='word_1_457' title='bbox 997 5735 1140 5802; x_wconf 90' lang='lat' dir='ltr'><strong>quod</strong></span> <span class='ocrx_word' id='word_1_458' title='bbox 1183 5736 1284 5805; x_wconf 89' lang='lat' dir='ltr'><strong>ipsi</strong></span> <span class='ocrx_word' id='word_1_459' title='bbox 1331 5737 1396 5792; x_wconf 93' lang='lat' dir='ltr'><strong>de</strong></span> <span class='ocrx_word' id='word_1_460' title='bbox 1432 5739 1633 5795; x_wconf 89' lang='lat' dir='ltr'><strong>ultione</strong></span> <span class='ocrx_word' id='word_1_461' title='bbox 1661 5753 1932 5807; x_wconf 89' lang='lat' dir='ltr'><strong>curarent,</strong></span> <span class='ocrx_word' id='word_1_462' title='bbox 1984 5747 2077 5802; x_wconf 87' lang='lat' dir='ltr'><strong>sed</strong></span> 
     </span>
    </p>
   </div>
   <div class='ocr_carea' id='block_1_60' title="bbox 1258 434 3070 502">
    <p class='ocr_par' dir='ltr' id='par_1_60' title="bbox 1258 434 3070 502">
     <span class='ocr_line' id='line_1_60' title="bbox 1258 434 3070 502; baseline -0.006 0"><span class='ocrx_word' id='word_1_463' title='bbox 1258 449 1312 502; x_wconf 86' lang='lat' dir='ltr'><strong>S.</strong></span> <span class='ocrx_word' id='word_1_464' title='bbox 1354 442 1632 502; x_wconf 72' lang='lat' dir='ltr'><strong>JOANNIS</strong></span> <span class='ocrx_word' id='word_1_465' title='bbox 1668 438 2140 499; x_wconf 71' lang='lat' dir='ltr'><strong>CIIRYSOSTOMI</strong></span> <span class='ocrx_word' id='word_1_466' title='bbox 2182 436 2496 494; x_wconf 79' lang='lat' dir='ltr'><strong>AllCHlEP.</strong></span> <span class='ocrx_word' id='word_1_467' title='bbox 2540 434 3070 493; x_wconf 69' lang='lat' dir='ltr'><strong>CONSTAN&#39;IINOP.</strong></span> 
     </span>
    </p>
   </div>
   <div class='ocr_carea' id='block_1_61' title="bbox 2210 528 3785 600">
    <p class='ocr_par' dir='ltr' id='par_1_61' title="bbox 2210 528 3785 600">
     <span class='ocr_line' id='line_1_61' title="bbox 2210 528 3785 600; baseline 0.002 -17"><span class='ocrx_word' id='word_1_468' title='bbox 2210 545 2349 594; x_wconf 79' lang='lat' dir='ltr'><strong>esse,</strong></span> <span class='ocrx_word' id='word_1_469' title='bbox 2379 530 2466 600; x_wconf 89' lang='lat' dir='ltr'><strong>qui</strong></span> <span class='ocrx_word' id='word_1_470' title='bbox 2501 530 2613 584; x_wconf 68' lang='lat' dir='ltr'><strong>hanc</strong></span> <span class='ocrx_word' id='word_1_471' title='bbox 2637 539 2690 584; x_wconf 87' lang='lat' dir='ltr'><strong>et</strong></span> <span class='ocrx_word' id='word_1_472' title='bbox 2711 528 3029 598; x_wconf 61' lang='lat' dir='ltr'><strong>pra&#39;dixerat</strong></span> <span class='ocrx_word' id='word_1_473' title='bbox 3058 540 3108 584; x_wconf 86' lang='lat' dir='ltr'><strong>et</strong></span> <span class='ocrx_word' id='word_1_474' title='bbox 3135 530 3473 599; x_wconf 85' lang='lat' dir='ltr'><strong>prarviderat,</strong></span> <span class='ocrx_word' id='word_1_475' title='bbox 3503 541 3554 586; x_wconf 89' lang='lat' dir='ltr'><strong>et</strong></span> <span class='ocrx_word' id='word_1_476' title='bbox 3583 545 3646 589; x_wconf 77' lang='lat' dir='ltr'><strong>se</strong></span> <span class='ocrx_word' id='word_1_477' title='bbox 3683 546 3785 586; x_wconf 83' lang='lat' dir='ltr'><strong>non</strong></span> 
     </span>
    </p>
   </div>
   <div class='ocr_carea' id='block_1_62' title="bbox 2210 621 3780 691">
    <p class='ocr_par' dir='ltr' id='par_1_62' title="bbox 2210 621 3780 691">
     <span class='ocr_line' id='line_1_62' title="bbox 2210 621 3780 691; baseline 0.001 -17"><span class='ocrx_word' id='word_1_478' title='bbox 2210 630 2264 674; x_wconf 88' lang='lat' dir='ltr'><strong>ut</strong></span> <span class='ocrx_word' id='word_1_479' title='bbox 2294 621 2462 676; x_wconf 89' lang='lat' dir='ltr'><strong>malos</strong></span> <span class='ocrx_word' id='word_1_480' title='bbox 2495 631 2548 676; x_wconf 89' lang='lat' dir='ltr'><strong>et</strong></span> <span class='ocrx_word' id='word_1_481' title='bbox 2581 629 2921 690; x_wconf 91' lang='lat' dir='ltr'><strong>corruptores</strong></span> <span class='ocrx_word' id='word_1_482' title='bbox 2951 621 3063 676; x_wconf 62' lang='lat' dir='ltr'><strong>haec</strong></span> <span class='ocrx_word' id='word_1_483' title='bbox 3092 635 3210 675; x_wconf 88' lang='lat' dir='ltr'><strong>esse</strong></span> <span class='ocrx_word' id='word_1_484' title='bbox 3237 636 3508 691; x_wconf 88' lang='lat' dir='ltr'><strong>passuros.</strong></span> <span class='ocrx_word' id='word_1_485' title='bbox 3557 625 3638 677; x_wconf 81' lang='lat' dir='ltr'><strong>Ad</strong></span> <span class='ocrx_word' id='word_1_486' title='bbox 3675 622 3780 676; x_wconf 65' lang='lat' dir='ltr'><strong>hac</strong></span> 
     </span>
    </p>
   </div>
   <div class='ocr_carea' id='block_1_63' title="bbox 2208 710 3780 781">
    <p class='ocr_par' dir='ltr' id='par_1_63' title="bbox 2208 710 3780 781">
     <span class='ocr_line' id='line_1_63' title="bbox 2208 710 3780 781; baseline 0.005 -21"><span class='ocrx_word' id='word_1_487' title='bbox 2208 727 2333 766; x_wconf 74' lang='lat' dir='ltr'><strong>vero</strong></span> <span class='ocrx_word' id='word_1_488' title='bbox 2372 725 2476 765; x_wconf 91' lang='lat' dir='ltr'><strong>non</strong></span> <span class='ocrx_word' id='word_1_489' title='bbox 2519 725 2732 779; x_wconf 89' lang='lat' dir='ltr'><strong>parvam</strong></span> <span class='ocrx_word' id='word_1_490' title='bbox 2774 710 2932 779; x_wconf 86' lang='lat' dir='ltr'><strong>aliam</strong></span> <span class='ocrx_word' id='word_1_491' title='bbox 2967 710 3387 766; x_wconf 89' lang='lat' dir='ltr'><strong>consolationem</strong></span> <span class='ocrx_word' id='word_1_492' title='bbox 3418 712 3623 781; x_wconf 89' lang='lat' dir='ltr'><strong>adjicit,</strong></span> <span class='ocrx_word' id='word_1_493' title='bbox 3663 713 3780 768; x_wconf 90' lang='lat' dir='ltr'><strong>dum</strong></span> 
     </span>
    </p>
   </div>
   <div class='ocr_carea' id='block_1_64' title="bbox 2206 800 3785 874">
    <p class='ocr_par' dir='ltr' id='par_1_64' title="bbox 2206 800 3785 874">
     <span class='ocr_line' id='line_1_64' title="bbox 2206 800 3785 874; baseline 0.001 -19"><span class='ocrx_word' id='word_1_494' title='bbox 2206 803 2277 856; x_wconf 91' lang='lat' dir='ltr'><strong>ait</strong></span> <span class='ocrx_word' id='word_1_495' title='bbox 2306 819 2318 854; x_wconf 91' lang='lat'><strong>:</strong></span> <span class='ocrx_word' id='word_1_496' title='bbox 2355 800 2440 856; x_wconf 80' lang='lat' dir='ltr'><strong>l9.</strong></span> <span class='ocrx_word' id='word_1_497' title='bbox 2468 801 2594 856; x_wconf 85' lang='lat' dir='ltr'><strong>Cum</strong></span> <span class='ocrx_word' id='word_1_498' title='bbox 2632 811 2795 856; x_wconf 84' lang='lat' dir='ltr'><strong>autem</strong></span> <span class='ocrx_word' id='word_1_499' title='bbox 2839 802 3036 855; x_wconf 84' lang='lat' dir='ltr'><strong>tradent</strong></span> <span class='ocrx_word' id='word_1_500' title='bbox 3080 817 3187 866; x_wconf 83' lang='lat' dir='ltr'><strong>vos,</strong></span> <span class='ocrx_word' id='word_1_501' title='bbox 3220 803 3376 857; x_wconf 84' lang='lat' dir='ltr'><strong>nolite</strong></span> <span class='ocrx_word' id='word_1_502' title='bbox 3412 804 3632 874; x_wconf 80' lang='lat' dir='ltr'><strong>cogitare</strong></span> <span class='ocrx_word' id='word_1_503' title='bbox 3665 820 3785 874; x_wconf 81' lang='lat' dir='ltr'><strong>quo-</strong></span> 
     </span>
    </p>
   </div>
   <div class='ocr_carea' id='block_1_65' title="bbox 2207 892 3786 962">
    <p class='ocr_par' dir='ltr' id='par_1_65' title="bbox 2207 892 3786 962">
     <span class='ocr_line' id='line_1_65' title="bbox 2207 892 3786 962; baseline 0.001 -16"><span class='ocrx_word' id='word_1_504' title='bbox 2207 893 2355 947; x_wconf 86' lang='lat' dir='ltr'><strong>modo</strong></span> <span class='ocrx_word' id='word_1_505' title='bbox 2392 903 2482 945; x_wconf 88' lang='lat' dir='ltr'><strong>aut</strong></span> <span class='ocrx_word' id='word_1_506' title='bbox 2523 892 2642 962; x_wconf 83' lang='lat' dir='ltr'><strong>quid</strong></span> <span class='ocrx_word' id='word_1_507' title='bbox 2682 893 2956 960; x_wconf 82' lang='lat' dir='ltr'><strong>loquamini</strong></span> <span class='ocrx_word' id='word_1_508' title='bbox 2986 911 3004 947; x_wconf 89' lang='lat'><strong><em>:</em></strong></span> <span class='ocrx_word' id='word_1_509' title='bbox 3028 893 3230 947; x_wconf 79' lang='lat' dir='ltr'><strong>dabitur</strong></span> <span class='ocrx_word' id='word_1_510' title='bbox 3267 895 3401 948; x_wconf 85' lang='lat' dir='ltr'><strong>enim</strong></span> <span class='ocrx_word' id='word_1_511' title='bbox 3439 895 3576 948; x_wconf 76' lang='lat' dir='ltr'><strong>vobis</strong></span> <span class='ocrx_word' id='word_1_512' title='bbox 3619 895 3672 948; x_wconf 85' lang='lat' dir='ltr'><strong>in</strong></span> <span class='ocrx_word' id='word_1_513' title='bbox 3700 894 3786 947; x_wconf 78' lang='lat' dir='ltr'><strong>illa</strong></span> 
     </span>
    </p>
   </div>
   <div class='ocr_carea' id='block_1_66' title="bbox 2208 982 3786 1056">
    <p class='ocr_par' dir='ltr' id='par_1_66' title="bbox 2208 982 3786 1056">
     <span class='ocr_line' id='line_1_66' title="bbox 2208 982 3786 1056; baseline 0.001 -21"><span class='ocrx_word' id='word_1_514' title='bbox 2208 986 2332 1037; x_wconf 85' lang='lat' dir='ltr'><strong>hora</strong></span> <span class='ocrx_word' id='word_1_515' title='bbox 2359 983 2479 1053; x_wconf 79' lang='lat' dir='ltr'><strong>quid</strong></span> <span class='ocrx_word' id='word_1_516' title='bbox 2499 983 2793 1051; x_wconf 85' lang='lat' dir='ltr'><strong>loquamini.</strong></span> <span class='ocrx_word' id='word_1_517' title='bbox 2829 982 2920 1038; x_wconf 57' lang='grc' dir='ltr'><strong>ρο.</strong></span> <span class='ocrx_word' id='word_1_518' title='bbox 2953 982 3074 1037; x_wconf 84' lang='lat' dir='ltr'><strong>Non</strong></span> <span class='ocrx_word' id='word_1_519' title='bbox 3098 985 3230 1037; x_wconf 87' lang='lat' dir='ltr'><strong>enim</strong></span> <span class='ocrx_word' id='word_1_520' title='bbox 3268 1001 3356 1038; x_wconf 80' lang='lat' dir='ltr'><strong>vos</strong></span> <span class='ocrx_word' id='word_1_521' title='bbox 3383 987 3498 1039; x_wconf 84' lang='lat' dir='ltr'><strong>estis</strong></span> <span class='ocrx_word' id='word_1_522' title='bbox 3517 986 3606 1056; x_wconf 80' lang='lat' dir='ltr'><strong>qui</strong></span> <span class='ocrx_word' id='word_1_523' title='bbox 3632 985 3786 1053; x_wconf 76' lang='lat' dir='ltr'><strong>loqui-</strong></span> 
     </span>
    </p>
   </div>
   <div class='ocr_carea' id='block_1_67' title="bbox 2206 1073 3788 1144">
    <p class='ocr_par' dir='ltr' id='par_1_67' title="bbox 2206 1073 3788 1144">
     <span class='ocr_line' id='line_1_67' title="bbox 2206 1073 3788 1144; baseline 0.002 -17"><span class='ocrx_word' id='word_1_524' title='bbox 2206 1077 2350 1140; x_wconf 85' lang='lat' dir='ltr'><strong>mini,</strong></span> <span class='ocrx_word' id='word_1_525' title='bbox 2375 1075 2463 1128; x_wconf 86' lang='lat' dir='ltr'><strong>sed</strong></span> <span class='ocrx_word' id='word_1_526' title='bbox 2488 1073 2710 1143; x_wconf 86' lang='lat' dir='ltr'><strong>Spiritus</strong></span> <span class='ocrx_word' id='word_1_527' title='bbox 2729 1073 2909 1129; x_wconf 85' lang='lat' dir='ltr'><strong>Patris</strong></span> <span class='ocrx_word' id='word_1_528' title='bbox 2938 1076 3086 1129; x_wconf 80' lang='lat' dir='ltr'><strong>vestri</strong></span> <span class='ocrx_word' id='word_1_529' title='bbox 3105 1076 3192 1144; x_wconf 79' lang='lat' dir='ltr'><strong>qui</strong></span> <span class='ocrx_word' id='word_1_530' title='bbox 3211 1074 3434 1144; x_wconf 79' lang='lat' dir='ltr'><strong>loquitur</strong></span> <span class='ocrx_word' id='word_1_531' title='bbox 3453 1077 3504 1128; x_wconf 93' lang='lat' dir='ltr'><strong>in</strong></span> <span class='ocrx_word' id='word_1_532' title='bbox 3532 1076 3688 1130; x_wconf 72' lang='lat' dir='ltr'><strong>vobis.</strong></span> <span class='ocrx_word' id='word_1_533' title='bbox 3715 1074 3788 1130; x_wconf 83' lang='lat' dir='ltr'><strong>Ne</strong></span> 
     </span>
    </p>
   </div>
   <div class='ocr_carea' id='block_1_68' title="bbox 2206 1165 3788 1236">
    <p class='ocr_par' dir='ltr' id='par_1_68' title="bbox 2206 1165 3788 1236">
     <span class='ocr_line' id='line_1_68' title="bbox 2206 1165 3788 1236; baseline 0.001 -16"><span class='ocrx_word' id='word_1_534' title='bbox 2206 1167 2445 1220; x_wconf 89' lang='lat' dir='ltr'><strong>dicerent</strong></span> <span class='ocrx_word' id='word_1_535' title='bbox 2496 1166 2658 1230; x_wconf 91' lang='lat' dir='ltr'><strong>enim,</strong></span> <span class='ocrx_word' id='word_1_536' title='bbox 2717 1165 2995 1232; x_wconf 76' lang='lat' dir='ltr'><strong>Quomodo</strong></span> <span class='ocrx_word' id='word_1_537' title='bbox 3032 1166 3356 1235; x_wconf 87' lang='lat' dir='ltr'><strong>persuadere</strong></span> <span class='ocrx_word' id='word_1_538' title='bbox 3399 1167 3694 1236; x_wconf 84' lang='lat' dir='ltr'><strong>poterimus</strong></span> <span class='ocrx_word' id='word_1_539' title='bbox 3737 1167 3788 1221; x_wconf 89' lang='lat' dir='ltr'><strong>in</strong></span> 
     </span>
    </p>
   </div>
   <div class='ocr_carea' id='block_1_69' title="bbox 2210 1257 3791 1329">
    <p class='ocr_par' dir='ltr' id='par_1_69' title="bbox 2210 1257 3791 1329">
     <span class='ocr_line' id='line_1_69' title="bbox 2210 1257 3791 1329; baseline 0.001 -19"><span class='ocrx_word' id='word_1_540' title='bbox 2210 1258 2368 1311; x_wconf 79' lang='lat' dir='ltr'><strong>tantis</strong></span> <span class='ocrx_word' id='word_1_541' title='bbox 2407 1257 2601 1312; x_wconf 88' lang='lat' dir='ltr'><strong>rebus?</strong></span> <span class='ocrx_word' id='word_1_542' title='bbox 2622 1257 2777 1327; x_wconf 88' lang='lat' dir='ltr'><strong>jubet</strong></span> <span class='ocrx_word' id='word_1_543' title='bbox 2822 1259 3092 1314; x_wconf 82' lang='lat' dir='ltr'><strong>conlidere</strong></span> <span class='ocrx_word' id='word_1_544' title='bbox 3139 1259 3205 1314; x_wconf 93' lang='lat' dir='ltr'><strong>de</strong></span> <span class='ocrx_word' id='word_1_545' title='bbox 3249 1259 3581 1329; x_wconf 81' lang='lat' dir='ltr'><strong>suggerenda</strong></span> <span class='ocrx_word' id='word_1_546' title='bbox 3608 1258 3791 1314; x_wconf 78' lang='lat' dir='ltr'><strong>delen-</strong></span> 
     </span>
    </p>
   </div>
   <div class='ocr_carea' id='block_1_70' title="bbox 2205 1349 3787 1423">
    <p class='ocr_par' dir='ltr' id='par_1_70' title="bbox 2205 1349 3787 1423">
     <span class='ocr_line' id='line_1_70' title="bbox 2205 1349 3787 1423; baseline 0.001 -20"><span class='ocrx_word' id='word_1_547' title='bbox 2205 1350 2376 1404; x_wconf 86' lang='lat' dir='ltr'><strong>sione.</strong></span> <span class='ocrx_word' id='word_1_548' title='bbox 2412 1349 2546 1405; x_wconf 80' lang='lat' dir='ltr'><strong>Alibi</strong></span> <span class='ocrx_word' id='word_1_549' title='bbox 2576 1365 2786 1420; x_wconf 91' lang='lat' dir='ltr'><strong>quoque</strong></span> <span class='ocrx_word' id='word_1_550' title='bbox 2811 1351 2882 1405; x_wconf 90' lang='lat' dir='ltr'><strong>ait</strong></span> <span class='ocrx_word' id='word_1_551' title='bbox 2911 1369 2925 1405; x_wconf 90' lang='lat'>:</span> <span class='ocrx_word' id='word_1_552' title='bbox 2959 1351 3071 1423; x_wconf 83' lang='lat' dir='ltr'><strong>Ego</strong></span> <span class='ocrx_word' id='word_1_553' title='bbox 3101 1353 3232 1406; x_wconf 87' lang='lat' dir='ltr'><strong>dabo</strong></span> <span class='ocrx_word' id='word_1_554' title='bbox 3261 1353 3396 1406; x_wconf 76' lang='lat' dir='ltr'><strong>vobis</strong></span> <span class='ocrx_word' id='word_1_555' title='bbox 3425 1369 3482 1406; x_wconf 93' lang='lat' dir='ltr'><strong>os</strong></span> <span class='ocrx_word' id='word_1_556' title='bbox 3507 1363 3554 1405; x_wconf 88' lang='lat' dir='ltr'><strong>et</strong></span> <span class='ocrx_word' id='word_1_557' title='bbox 3582 1352 3787 1421; x_wconf 80' lang='lat' dir='ltr'><strong>sapien-</strong></span> 
     </span>
    </p>
   </div>
   <div class='ocr_carea' id='block_1_71' title="bbox 2207 1440 3790 1514">
    <p class='ocr_par' dir='ltr' id='par_1_71' title="bbox 2207 1440 3790 1514">
     <span class='ocr_line' id='line_1_71' title="bbox 2207 1440 3790 1514; baseline 0.001 -19"><span class='ocrx_word' id='word_1_558' title='bbox 2207 1443 2327 1496; x_wconf 87' lang='lat' dir='ltr'><strong>tiam</strong></span> <span class='ocrx_word' id='word_1_559' title='bbox 2356 1440 2506 1513; x_wconf 86' lang='lat' dir='ltr'><strong>(Luc.</strong></span> <span class='ocrx_word' id='word_1_560' title='bbox 2548 1443 2639 1496; x_wconf 70' lang='lat'><strong>2|.</strong></span> <span class='ocrx_word' id='word_1_561' title='bbox 2676 1444 2803 1513; x_wconf 68' lang='lat'><strong>15);</strong></span> <span class='ocrx_word' id='word_1_562' title='bbox 2854 1443 2939 1498; x_wconf 89' lang='lat' dir='ltr'><strong>hic</strong></span> <span class='ocrx_word' id='word_1_563' title='bbox 2967 1458 3115 1508; x_wconf 83' lang='lat' dir='ltr'><strong>vero,</strong></span> <span class='ocrx_word' id='word_1_564' title='bbox 3161 1442 3388 1514; x_wconf 78' lang='lat' dir='ltr'><strong>Spiritus</strong></span> <span class='ocrx_word' id='word_1_565' title='bbox 3421 1441 3599 1497; x_wconf 85' lang='lat' dir='ltr'><strong>Patris</strong></span> <span class='ocrx_word' id='word_1_566' title='bbox 3647 1445 3790 1496; x_wconf 76' lang='lat' dir='ltr'><strong>vestri</strong></span> 
     </span>
    </p>
   </div>
   <div class='ocr_carea' id='block_1_72' title="bbox 2204 1533 3787 1608">
    <p class='ocr_par' dir='ltr' id='par_1_72' title="bbox 2204 1533 3787 1608">
     <span class='ocr_line' id='line_1_72' title="bbox 2204 1533 3787 1608; baseline 0 -19"><span class='ocrx_word' id='word_1_567' title='bbox 2204 1535 2394 1604; x_wconf 75' lang='lat' dir='ltr'><strong>estqui</strong></span> <span class='ocrx_word' id='word_1_568' title='bbox 2422 1533 2642 1604; x_wconf 75' lang='lat' dir='ltr'><strong>loquitur</strong></span> <span class='ocrx_word' id='word_1_569' title='bbox 2671 1536 2724 1589; x_wconf 88' lang='lat' dir='ltr'><strong>in</strong></span> <span class='ocrx_word' id='word_1_570' title='bbox 2751 1535 2906 1599; x_wconf 71' lang='lat' dir='ltr'><strong>vobis,</strong></span> <span class='ocrx_word' id='word_1_571' title='bbox 2952 1536 3018 1591; x_wconf 88' lang='lat' dir='ltr'><strong>ad</strong></span> <span class='ocrx_word' id='word_1_572' title='bbox 3065 1537 3444 1608; x_wconf 87' lang='lat' dir='ltr'><strong>prophetarum</strong></span> <span class='ocrx_word' id='word_1_573' title='bbox 3477 1537 3787 1607; x_wconf 83' lang='lat' dir='ltr'><strong>dignitatem</strong></span> 
     </span>
    </p>
   </div>
   <div class='ocr_carea' id='block_1_73' title="bbox 2205 1627 3790 1699">
    <p class='ocr_par' dir='ltr' id='par_1_73' title="bbox 2205 1627 3790 1699">
     <span class='ocr_line' id='line_1_73' title="bbox 2205 1627 3790 1699; baseline 0.004 -20"><span class='ocrx_word' id='word_1_574' title='bbox 2205 1627 2349 1696; x_wconf 89' lang='lat' dir='ltr'><strong>ipsos</strong></span> <span class='ocrx_word' id='word_1_575' title='bbox 2398 1627 2689 1684; x_wconf 87' lang='lat' dir='ltr'><strong>adducens.</strong></span> <span class='ocrx_word' id='word_1_576' title='bbox 2744 1629 3100 1699; x_wconf 89' lang='lat' dir='ltr'><strong>Quapropter,</strong></span> <span class='ocrx_word' id='word_1_577' title='bbox 3149 1645 3270 1685; x_wconf 90' lang='lat' dir='ltr'><strong>cum</strong></span> <span class='ocrx_word' id='word_1_578' title='bbox 3316 1630 3493 1685; x_wconf 85' lang='lat' dir='ltr'><strong>datam</strong></span> <span class='ocrx_word' id='word_1_579' title='bbox 3540 1631 3790 1686; x_wconf 88' lang='lat' dir='ltr'><strong>virtute</strong></span> 
     </span>
    </p>
   </div>
   <div class='ocr_carea' id='block_1_74' title="bbox 2205 1719 3787 1791">
    <p class='ocr_par' dir='ltr' id='par_1_74' title="bbox 2205 1719 3787 1791">
     <span class='ocr_line' id='line_1_74' title="bbox 2205 1719 3787 1791; baseline 0.004 -20"><span class='ocrx_word' id='word_1_580' title='bbox 2205 1719 2442 1787; x_wconf 77' lang='lat' dir='ltr'><strong>exponit,</strong></span> <span class='ocrx_word' id='word_1_581' title='bbox 2475 1728 2600 1774; x_wconf 90' lang='lat' dir='ltr'><strong>tunc</strong></span> <span class='ocrx_word' id='word_1_582' title='bbox 2627 1730 2680 1774; x_wconf 90' lang='lat' dir='ltr'><strong>et</strong></span> <span class='ocrx_word' id='word_1_583' title='bbox 2707 1720 2844 1774; x_wconf 90' lang='lat' dir='ltr'><strong>mala</strong></span> <span class='ocrx_word' id='word_1_584' title='bbox 2880 1720 3140 1791; x_wconf 89' lang='lat' dir='ltr'><strong>adjungit.</strong></span> <span class='ocrx_word' id='word_1_585' title='bbox 3172 1720 3349 1777; x_wconf 64' lang='lat' dir='ltr'><strong>cmdes</strong></span> <span class='ocrx_word' id='word_1_586' title='bbox 3372 1733 3427 1776; x_wconf 91' lang='lat' dir='ltr'><strong>et</strong></span> <span class='ocrx_word' id='word_1_587' title='bbox 3454 1723 3740 1778; x_wconf 85' lang='lat' dir='ltr'><strong>homicidia</strong></span> <span class='ocrx_word' id='word_1_588' title='bbox 3773 1742 3787 1778; x_wconf 90' lang='lat'><strong>:</strong></span> 
     </span>
    </p>
   </div>
   <div class='ocr_carea' id='block_1_75' title="bbox 2203 1807 3792 1883">
    <p class='ocr_par' dir='ltr' id='par_1_75' title="bbox 2203 1807 3792 1883">
     <span class='ocr_line' id='line_1_75' title="bbox 2203 1807 3792 1883; baseline 0.004 -22"><span class='ocrx_word' id='word_1_589' title='bbox 2203 1809 2292 1862; x_wconf 75' lang='lat'><strong>&#39;21.</strong></span> <span class='ocrx_word' id='word_1_590' title='bbox 2326 1807 2512 1862; x_wconf 80' lang='lat' dir='ltr'><strong>Tradet</strong></span> <span class='ocrx_word' id='word_1_591' title='bbox 2537 1810 2670 1863; x_wconf 87' lang='lat' dir='ltr'><strong>enim</strong></span> <span class='ocrx_word' id='word_1_592' title='bbox 2699 1810 2858 1878; x_wconf 78' lang='lat' dir='ltr'><strong>frater</strong></span> <span class='ocrx_word' id='word_1_593' title='bbox 2886 1813 3095 1882; x_wconf 77' lang='lat' dir='ltr'><strong>fratrem</strong></span> <span class='ocrx_word' id='word_1_594' title='bbox 3130 1812 3184 1864; x_wconf 87' lang='lat' dir='ltr'><strong>in</strong></span> <span class='ocrx_word' id='word_1_595' title='bbox 3217 1822 3448 1878; x_wconf 82' lang='lat' dir='ltr'><strong>mortem,</strong></span> <span class='ocrx_word' id='word_1_596' title='bbox 3483 1825 3530 1866; x_wconf 87' lang='lat' dir='ltr'><strong>et</strong></span> <span class='ocrx_word' id='word_1_597' title='bbox 3561 1825 3705 1883; x_wconf 81' lang='lat' dir='ltr'><strong>pater</strong></span> <span class='ocrx_word' id='word_1_598' title='bbox 3731 1814 3792 1882; x_wconf 69' lang='lat' dir='ltr'><strong>ﬁ-</strong></span> 
     </span>
    </p>
   </div>
   <div class='ocr_carea' id='block_1_76' title="bbox 2204 1903 3786 1976">
    <p class='ocr_par' dir='ltr' id='par_1_76' title="bbox 2204 1903 3786 1976">
     <span class='ocr_line' id='line_1_76' title="bbox 2204 1903 3786 1976; baseline 0.008 -26"><span class='ocrx_word' id='word_1_599' title='bbox 2204 1904 2348 1966; x_wconf 76' lang='lat' dir='ltr'><strong>lium,</strong></span> <span class='ocrx_word' id='word_1_600' title='bbox 2368 1911 2414 1954; x_wconf 89' lang='lat' dir='ltr'><strong>et</strong></span> <span class='ocrx_word' id='word_1_601' title='bbox 2439 1903 2696 1973; x_wconf 83' lang='lat' dir='ltr'><strong>insurgent</strong></span> <span class='ocrx_word' id='word_1_602' title='bbox 2721 1904 2814 1971; x_wconf 84' lang='lat' dir='ltr'><strong>[ilit&#39;</strong></span> <span class='ocrx_word' id='word_1_603' title='bbox 2839 1904 2893 1956; x_wconf 84' lang='lat' dir='ltr'><strong>in</strong></span> <span class='ocrx_word' id='word_1_604' title='bbox 2918 1915 3168 1974; x_wconf 84' lang='lat' dir='ltr'><strong>parentes,</strong></span> <span class='ocrx_word' id='word_1_605' title='bbox 3196 1916 3242 1958; x_wconf 87' lang='lat' dir='ltr'><strong>et</strong></span> <span class='ocrx_word' id='word_1_606' title='bbox 3263 1916 3422 1960; x_wconf 86' lang='lat' dir='ltr'><strong>morte</strong></span> <span class='ocrx_word' id='word_1_607' title='bbox 3443 1907 3661 1976; x_wconf 64' lang='lat' dir='ltr'><strong>ofﬁcient</strong></span> <span class='ocrx_word' id='word_1_608' title='bbox 3686 1922 3786 1962; x_wconf 86' lang='lat' dir='ltr'><strong>eos.</strong></span> 
     </span>
    </p>
   </div>
   <div class='ocr_carea' id='block_1_77' title="bbox 2204 1991 3789 2070">
    <p class='ocr_par' dir='ltr' id='par_1_77' title="bbox 2204 1991 3789 2070">
     <span class='ocr_line' id='line_1_77' title="bbox 2204 1991 3789 2070; baseline 0.006 -26"><span class='ocrx_word' id='word_1_609' title='bbox 2204 1991 2386 2062; x_wconf 82' lang='lat' dir='ltr'><strong>Neque</strong></span> <span class='ocrx_word' id='word_1_610' title='bbox 2413 1993 2498 2048; x_wconf 90' lang='lat' dir='ltr'><strong>hic</strong></span> <span class='ocrx_word' id='word_1_611' title='bbox 2527 1996 2694 2062; x_wconf 90' lang='lat' dir='ltr'><strong>stetit,</strong></span> <span class='ocrx_word' id='word_1_612' title='bbox 2725 1995 2818 2050; x_wconf 84' lang='lat' dir='ltr'><strong>sed</strong></span> <span class='ocrx_word' id='word_1_613' title='bbox 2845 1995 3001 2067; x_wconf 85' lang='lat' dir='ltr'><strong>longe</strong></span> <span class='ocrx_word' id='word_1_614' title='bbox 3043 1995 3382 2053; x_wconf 87' lang='lat' dir='ltr'><strong>horribiliora</strong></span> <span class='ocrx_word' id='word_1_615' title='bbox 3410 1999 3630 2068; x_wconf 86' lang='lat' dir='ltr'><strong>adjecit,</strong></span> <span class='ocrx_word' id='word_1_616' title='bbox 3671 2015 3789 2070; x_wconf 72' lang='lat' dir='ltr'><strong>qua:</strong></span> 
     </span>
    </p>
   </div>
   <div class='ocr_carea' id='block_1_78' title="bbox 2208 2085 3789 2156">
    <p class='ocr_par' dir='ltr' id='par_1_78' title="bbox 2208 2085 3789 2156">
     <span class='ocr_line' id='line_1_78' title="bbox 2208 2085 3789 2156; baseline 0.006 -20"><span class='ocrx_word' id='word_1_617' title='bbox 2208 2085 2412 2152; x_wconf 85' lang='lat' dir='ltr'><strong>possint</strong></span> <span class='ocrx_word' id='word_1_618' title='bbox 2431 2086 2516 2140; x_wconf 88' lang='lat' dir='ltr'><strong>vel</strong></span> <span class='ocrx_word' id='word_1_619' title='bbox 2535 2095 2739 2156; x_wconf 83' lang='lat' dir='ltr'><strong>petram</strong></span> <span class='ocrx_word' id='word_1_620' title='bbox 2759 2103 3117 2145; x_wconf 85' lang='lat' dir='ltr'><strong>commovere.</strong></span> <span class='ocrx_word' id='word_1_621' title='bbox 3135 2089 3226 2143; x_wconf 75' lang='lat'><strong>22.</strong></span> <span class='ocrx_word' id='word_1_622' title='bbox 3250 2089 3312 2144; x_wconf 87' lang='lat' dir='ltr'><strong>Et</strong></span> <span class='ocrx_word' id='word_1_623' title='bbox 3333 2091 3471 2145; x_wconf 82' lang='lat' dir='ltr'><strong>eritis</strong></span> <span class='ocrx_word' id='word_1_624' title='bbox 3489 2092 3608 2146; x_wconf 77' lang='lat' dir='ltr'><strong>odio</strong></span> <span class='ocrx_word' id='word_1_625' title='bbox 3629 2094 3789 2147; x_wconf 82' lang='lat' dir='ltr'><strong>omni-</strong></span> 
     </span>
    </p>
   </div>
   <div class='ocr_carea' id='block_1_79' title="bbox 2204 2176 3789 2254">
    <p class='ocr_par' dir='ltr' id='par_1_79' title="bbox 2204 2176 3789 2254">
     <span class='ocr_line' id='line_1_79' title="bbox 2204 2176 3789 2254; baseline 0.007 -25"><span class='ocrx_word' id='word_1_626' title='bbox 2204 2176 2314 2231; x_wconf 84' lang='lat' dir='ltr'><strong>bus.</strong></span> <span class='ocrx_word' id='word_1_627' title='bbox 2360 2177 2455 2232; x_wconf 91' lang='lat' dir='ltr'><strong>llic</strong></span> <span class='ocrx_word' id='word_1_628' title='bbox 2482 2179 2643 2233; x_wconf 91' lang='lat' dir='ltr'><strong>etiam</strong></span> <span class='ocrx_word' id='word_1_629' title='bbox 2668 2180 2966 2237; x_wconf 86' lang='lat' dir='ltr'><strong>consolatio</strong></span> <span class='ocrx_word' id='word_1_630' title='bbox 2991 2182 3296 2254; x_wconf 88' lang='lat' dir='ltr'><strong>adjuugitur</strong></span> <span class='ocrx_word' id='word_1_631' title='bbox 3320 2199 3334 2247; x_wconf 92' lang='lat'><strong>;</strong></span> <span class='ocrx_word' id='word_1_632' title='bbox 3366 2181 3589 2254; x_wconf 82' lang='lat' dir='ltr'><strong>Propter</strong></span> <span class='ocrx_word' id='word_1_633' title='bbox 3612 2202 3789 2240; x_wconf 77' lang='lat' dir='ltr'><strong>nomen</strong></span> 
     </span>
    </p>
   </div>
   <div class='ocr_carea' id='block_1_80' title="bbox 2207 2273 3789 2342">
    <p class='ocr_par' dir='ltr' id='par_1_80' title="bbox 2207 2273 3789 2342">
     <span class='ocr_line' id='line_1_80' title="bbox 2207 2273 3789 2342; baseline 0.006 -20"><span class='ocrx_word' id='word_1_634' title='bbox 2207 2287 2392 2336; x_wconf 81' lang='lat' dir='ltr'><strong>meum,</strong></span> <span class='ocrx_word' id='word_1_635' title='bbox 2422 2273 2612 2342; x_wconf 84' lang='lat' dir='ltr'><strong>inquit,</strong></span> <span class='ocrx_word' id='word_1_636' title='bbox 2645 2273 2758 2328; x_wconf 63' lang='lat' dir='ltr'><strong>hac</strong></span> <span class='ocrx_word' id='word_1_637' title='bbox 2780 2273 3087 2342; x_wconf 83' lang='lat' dir='ltr'><strong>patiemini;</strong></span> <span class='ocrx_word' id='word_1_638' title='bbox 3116 2285 3169 2330; x_wconf 87' lang='lat' dir='ltr'><strong>et</strong></span> <span class='ocrx_word' id='word_1_639' title='bbox 3190 2291 3376 2330; x_wconf 86' lang='lat' dir='ltr'><strong>rursus</strong></span> <span class='ocrx_word' id='word_1_640' title='bbox 3400 2275 3501 2331; x_wconf 79' lang='lat' dir='ltr'><strong>alia</strong></span> <span class='ocrx_word' id='word_1_641' title='bbox 3533 2293 3547 2329; x_wconf 87' lang='lat'><strong>:</strong></span> <span class='ocrx_word' id='word_1_642' title='bbox 3576 2275 3679 2341; x_wconf 83' lang='lat' dir='ltr'><strong>Qui</strong></span> <span class='ocrx_word' id='word_1_643' title='bbox 3698 2294 3789 2330; x_wconf 80' lang='lat' dir='ltr'><strong>att-</strong></span> 
     </span>
    </p>
   </div>
   <div class='ocr_carea' id='block_1_81' title="bbox 2205 2348 3786 2437">
    <p class='ocr_par' dir='ltr' id='par_1_81' title="bbox 2205 2348 3786 2437">
     <span class='ocr_line' id='line_1_81' title="bbox 2205 2348 3786 2437; baseline 0.007 -22"><span class='ocrx_word' id='word_1_644' title='bbox 2205 2373 2301 2416; x_wconf 82' lang='lat' dir='ltr'><strong>tem</strong></span> <span class='ocrx_word' id='word_1_645' title='bbox 2329 2365 2713 2431; x_wconf 82' lang='lat' dir='ltr'><strong>perseveraverit</strong></span> <span class='ocrx_word' id='word_1_646' title='bbox 2738 2382 2895 2437; x_wconf 84' lang='lat' dir='ltr'><strong>usque</strong></span> <span class='ocrx_word' id='word_1_647' title='bbox 2927 2368 2978 2422; x_wconf 88' lang='lat' dir='ltr'><strong>in</strong></span> <span class='ocrx_word' id='word_1_648' title='bbox 3006 2369 3178 2436; x_wconf 76' lang='lat' dir='ltr'><strong>ﬁnem,</strong></span> <span class='ocrx_word' id='word_1_649' title='bbox 3213 2369 3294 2423; x_wconf 83' lang='lat' dir='ltr'><strong>hic</strong></span> <span class='ocrx_word' id='word_1_650' title='bbox 3318 2371 3489 2424; x_wconf 79' lang='lat' dir='ltr'><strong>salvus</strong></span> <span class='ocrx_word' id='word_1_651' title='bbox 3666 2370 3786 2425; x_wconf 73' lang='lat' dir='ltr'><strong>Ihcc</strong></span> 
     </span>
    </p>
   </div>
   <div class='ocr_carea' id='block_1_82' title="bbox 2204 2454 3787 2530">
    <p class='ocr_par' dir='ltr' id='par_1_82' title="bbox 2204 2454 3787 2530">
     <span class='ocr_line' id='line_1_82' title="bbox 2204 2454 3787 2530; baseline 0.005 -23"><span class='ocrx_word' id='word_1_652' title='bbox 2204 2454 2364 2508; x_wconf 89' lang='lat' dir='ltr'><strong>etiam</strong></span> <span class='ocrx_word' id='word_1_653' title='bbox 2407 2455 2515 2510; x_wconf 87' lang='lat' dir='ltr'><strong>alio</strong></span> <span class='ocrx_word' id='word_1_654' title='bbox 2554 2455 2716 2513; x_wconf 91' lang='lat' dir='ltr'><strong>modo</strong></span> <span class='ocrx_word' id='word_1_655' title='bbox 2752 2473 2935 2512; x_wconf 88' lang='lat' dir='ltr'><strong>eorum</strong></span> <span class='ocrx_word' id='word_1_656' title='bbox 2983 2460 3190 2514; x_wconf 89' lang='lat' dir='ltr'><strong>animos</strong></span> <span class='ocrx_word' id='word_1_657' title='bbox 3228 2460 3437 2529; x_wconf 80' lang='lat' dir='ltr'><strong>erigere</strong></span> <span class='ocrx_word' id='word_1_658' title='bbox 3475 2471 3712 2530; x_wconf 86' lang='lat' dir='ltr'><strong>possent,</strong></span> <span class='ocrx_word' id='word_1_659' title='bbox 3743 2463 3787 2516; x_wconf 84' lang='lat' dir='ltr'><strong>si</strong></span> 
     </span>
    </p>
   </div>
   <div class='ocr_carea' id='block_1_83' title="bbox 2208 2546 3786 2623">
    <p class='ocr_par' dir='ltr' id='par_1_83' title="bbox 2208 2546 3786 2623">
     <span class='ocr_line' id='line_1_83' title="bbox 2208 2546 3786 2623; baseline 0.004 -23"><span class='ocrx_word' id='word_1_660' title='bbox 2208 2555 2351 2601; x_wconf 86' lang='lat' dir='ltr'><strong>tanta</strong></span> <span class='ocrx_word' id='word_1_661' title='bbox 2391 2546 2560 2602; x_wconf 87' lang='lat' dir='ltr'><strong>futura</strong></span> <span class='ocrx_word' id='word_1_662' title='bbox 2619 2558 2737 2604; x_wconf 89' lang='lat' dir='ltr'><strong>erat</strong></span> <span class='ocrx_word' id='word_1_663' title='bbox 2782 2549 3174 2623; x_wconf 65' lang='lat' dir='ltr'><strong>praedicationis</strong></span> <span class='ocrx_word' id='word_1_664' title='bbox 3217 2559 3474 2620; x_wconf 87' lang='lat' dir='ltr'><strong>potestas,</strong></span> <span class='ocrx_word' id='word_1_665' title='bbox 3515 2561 3568 2606; x_wconf 90' lang='lat' dir='ltr'><strong>ut</strong></span> <span class='ocrx_word' id='word_1_666' title='bbox 3601 2565 3786 2607; x_wconf 73' lang='lat' dir='ltr'><strong>natura</strong></span> 
     </span>
    </p>
   </div>
   <div class='ocr_carea' id='block_1_84' title="bbox 2207 2637 3788 2712">
    <p class='ocr_par' dir='ltr' id='par_1_84' title="bbox 2207 2637 3788 2712">
     <span class='ocr_line' id='line_1_84' title="bbox 2207 2637 3788 2712; baseline 0.005 -21"><span class='ocrx_word' id='word_1_667' title='bbox 2207 2637 2640 2707; x_wconf 81' lang='lat' dir='ltr'><strong>inhonoraretur,</strong></span> <span class='ocrx_word' id='word_1_668' title='bbox 2688 2640 2938 2711; x_wconf 85' lang='lat' dir='ltr'><strong>cognatio</strong></span> <span class='ocrx_word' id='word_1_669' title='bbox 2982 2650 3037 2696; x_wconf 91' lang='lat' dir='ltr'><strong>et</strong></span> <span class='ocrx_word' id='word_1_670' title='bbox 3076 2639 3311 2696; x_wconf 79' lang='lat' dir='ltr'><strong>affinitas</strong></span> <span class='ocrx_word' id='word_1_671' title='bbox 3351 2643 3694 2712; x_wconf 85' lang='lat' dir='ltr'><strong>abjiceretur,</strong></span> <span class='ocrx_word' id='word_1_672' title='bbox 3735 2653 3788 2699; x_wconf 77' lang='lat' dir='ltr'><strong>et</strong></span> 
     </span>
    </p>
   </div>
   <div class='ocr_carea' id='block_1_85' title="bbox 2203 2731 3788 2806">
    <p class='ocr_par' dir='ltr' id='par_1_85' title="bbox 2203 2731 3788 2806">
     <span class='ocr_line' id='line_1_85' title="bbox 2203 2731 3788 2806; baseline 0.004 -22"><span class='ocrx_word' id='word_1_673' title='bbox 2203 2731 2424 2785; x_wconf 87' lang='lat' dir='ltr'><strong>verbum</strong></span> <span class='ocrx_word' id='word_1_674' title='bbox 2471 2732 2563 2787; x_wconf 90' lang='lat' dir='ltr'><strong>Dei</strong></span> <span class='ocrx_word' id='word_1_675' title='bbox 2607 2732 2857 2788; x_wconf 90' lang='lat' dir='ltr'><strong>omnibus</strong></span> <span class='ocrx_word' id='word_1_676' title='bbox 2904 2743 3344 2803; x_wconf 90' lang='lat' dir='ltr'><strong>anteponeretur,</strong></span> <span class='ocrx_word' id='word_1_677' title='bbox 3389 2735 3533 2806; x_wconf 90' lang='lat' dir='ltr'><strong>quod</strong></span> <span class='ocrx_word' id='word_1_678' title='bbox 3577 2735 3788 2792; x_wconf 83' lang='lat' dir='ltr'><strong>fortiter</strong></span> 
     </span>
    </p>
   </div>
   <div class='ocr_carea' id='block_1_86' title="bbox 2202 2822 3787 2898">
    <p class='ocr_par' dir='ltr' id='par_1_86' title="bbox 2202 2822 3787 2898">
     <span class='ocr_line' id='line_1_86' title="bbox 2202 2822 3787 2898; baseline 0.006 -23"><span class='ocrx_word' id='word_1_679' title='bbox 2202 2823 2380 2876; x_wconf 89' lang='lat' dir='ltr'><strong>omnia</strong></span> <span class='ocrx_word' id='word_1_680' title='bbox 2409 2822 2739 2893; x_wconf 79' lang='lat' dir='ltr'><strong>dispelleret.</strong></span> <span class='ocrx_word' id='word_1_681' title='bbox 2767 2822 2898 2878; x_wconf 86' lang='lat' dir='ltr'><strong>Nam</strong></span> <span class='ocrx_word' id='word_1_682' title='bbox 2925 2825 2969 2879; x_wconf 92' lang='lat' dir='ltr'><strong>si</strong></span> <span class='ocrx_word' id='word_1_683' title='bbox 2991 2834 3195 2880; x_wconf 69' lang='lat' dir='ltr'><strong>natura:</strong></span> <span class='ocrx_word' id='word_1_684' title='bbox 3222 2826 3303 2881; x_wconf 89' lang='lat' dir='ltr'><strong>vis</strong></span> <span class='ocrx_word' id='word_1_685' title='bbox 3327 2841 3434 2882; x_wconf 92' lang='lat' dir='ltr'><strong>non</strong></span> <span class='ocrx_word' id='word_1_686' title='bbox 3463 2835 3641 2898; x_wconf 86' lang='lat' dir='ltr'><strong>potest</strong></span> <span class='ocrx_word' id='word_1_687' title='bbox 3664 2825 3787 2885; x_wconf 76' lang='lat' dir='ltr'><strong>huic</strong></span> 
     </span>
    </p>
   </div>
   <div class='ocr_carea' id='block_1_87' title="bbox 2203 2914 3783 2984">
    <p class='ocr_par' dir='ltr' id='par_1_87' title="bbox 2203 2914 3783 2984">
     <span class='ocr_line' id='line_1_87' title="bbox 2203 2914 3783 2984; baseline 0.005 -17"><span class='ocrx_word' id='word_1_688' title='bbox 2203 2915 2439 2968; x_wconf 88' lang='lat' dir='ltr'><strong>sermoni</strong></span> <span class='ocrx_word' id='word_1_689' title='bbox 2469 2914 2743 2981; x_wconf 88' lang='lat' dir='ltr'><strong>resistere,</strong></span> <span class='ocrx_word' id='word_1_690' title='bbox 2775 2915 2870 2971; x_wconf 90' lang='lat' dir='ltr'><strong>sed</strong></span> <span class='ocrx_word' id='word_1_691' title='bbox 2898 2914 2986 2971; x_wconf 89' lang='lat' dir='ltr'><strong>illa</strong></span> <span class='ocrx_word' id='word_1_692' title='bbox 3012 2916 3320 2974; x_wconf 88' lang='lat' dir='ltr'><strong>dissolvitur</strong></span> <span class='ocrx_word' id='word_1_693' title='bbox 3344 2927 3398 2974; x_wconf 91' lang='lat' dir='ltr'><strong>ct</strong></span> <span class='ocrx_word' id='word_1_694' title='bbox 3419 2920 3783 2984; x_wconf 86' lang='lat' dir='ltr'><strong>conculcatur.</strong></span> 
     </span>
    </p>
   </div>
   <div class='ocr_carea' id='block_1_88' title="bbox 2204 3003 3784 3082">
    <p class='ocr_par' dir='ltr' id='par_1_88' title="bbox 2204 3003 3784 3082">
     <span class='ocr_line' id='line_1_88' title="bbox 2204 3003 3784 3082; baseline 0.006 -25"><span class='ocrx_word' id='word_1_695' title='bbox 2204 3004 2331 3074; x_wconf 91' lang='lat' dir='ltr'><strong>quid</strong></span> <span class='ocrx_word' id='word_1_696' title='bbox 2369 3003 2512 3060; x_wconf 88' lang='lat' dir='ltr'><strong>aliud</strong></span> <span class='ocrx_word' id='word_1_697' title='bbox 2552 3020 2646 3060; x_wconf 88' lang='lat' dir='ltr'><strong>vos</strong></span> <span class='ocrx_word' id='word_1_698' title='bbox 2692 3020 2948 3076; x_wconf 86' lang='lat' dir='ltr'><strong>superare</strong></span> <span class='ocrx_word' id='word_1_699' title='bbox 2987 3009 3220 3076; x_wconf 83' lang='lat' dir='ltr'><strong>poterit?</strong></span> <span class='ocrx_word' id='word_1_700' title='bbox 3263 3008 3378 3064; x_wconf 78' lang='lat' dir='ltr'><strong>Non</strong></span> <span class='ocrx_word' id='word_1_701' title='bbox 3424 3017 3625 3076; x_wconf 82' lang='lat' dir='ltr'><strong>tamen,</strong></span> <span class='ocrx_word' id='word_1_702' title='bbox 3663 3013 3784 3082; x_wconf 84' lang='lat' dir='ltr'><strong>quia</strong></span> 
     </span>
    </p>
   </div>
   <div class='ocr_carea' id='block_1_89' title="bbox 2205 3094 3785 3167">
    <p class='ocr_par' dir='ltr' id='par_1_89' title="bbox 2205 3094 3785 3167">
     <span class='ocr_line' id='line_1_89' title="bbox 2205 3094 3785 3167; baseline 0.006 -19"><span class='ocrx_word' id='word_1_703' title='bbox 2205 3094 2320 3150; x_wconf 64' lang='lat' dir='ltr'><strong>haec</strong></span> <span class='ocrx_word' id='word_1_704' title='bbox 2350 3095 2419 3150; x_wconf 89' lang='lat' dir='ltr'><strong>ita</strong></span> <span class='ocrx_word' id='word_1_705' title='bbox 2460 3111 2519 3152; x_wconf 90' lang='lat' dir='ltr'><strong>se</strong></span> <span class='ocrx_word' id='word_1_706' title='bbox 2562 3096 2852 3167; x_wconf 88' lang='lat' dir='ltr'><strong>habebunt,</strong></span> <span class='ocrx_word' id='word_1_707' title='bbox 2896 3111 2993 3154; x_wconf 88' lang='lat' dir='ltr'><strong>vos</strong></span> <span class='ocrx_word' id='word_1_708' title='bbox 3022 3099 3074 3152; x_wconf 91' lang='lat' dir='ltr'><strong>in</strong></span> <span class='ocrx_word' id='word_1_709' title='bbox 3116 3101 3404 3156; x_wconf 82' lang='lat' dir='ltr'><strong>securitate</strong></span> <span class='ocrx_word' id='word_1_710' title='bbox 3440 3101 3650 3166; x_wconf 72' lang='lat' dir='ltr'><strong>vivatis,</strong></span> <span class='ocrx_word' id='word_1_711' title='bbox 3692 3103 3785 3157; x_wconf 88' lang='lat' dir='ltr'><strong>scd</strong></span> 
     </span>
    </p>
   </div>
   <div class='ocr_carea' id='block_1_90' title="bbox 2205 3188 3785 3264">
    <p class='ocr_par' dir='ltr' id='par_1_90' title="bbox 2205 3188 3785 3264">
     <span class='ocr_line' id='line_1_90' title="bbox 2205 3188 3785 3264; baseline 0.006 -24"><span class='ocrx_word' id='word_1_712' title='bbox 2205 3200 2519 3243; x_wconf 89' lang='lat' dir='ltr'><strong>communes</strong></span> <span class='ocrx_word' id='word_1_713' title='bbox 2551 3188 2814 3246; x_wconf 87' lang='lat' dir='ltr'><strong>habebitis</strong></span> <span class='ocrx_word' id='word_1_714' title='bbox 2858 3188 3100 3246; x_wconf 84' lang='lat' dir='ltr'><strong>inimicos</strong></span> <span class='ocrx_word' id='word_1_715' title='bbox 3142 3200 3198 3247; x_wconf 91' lang='lat' dir='ltr'><strong>ct</strong></span> <span class='ocrx_word' id='word_1_716' title='bbox 3231 3191 3414 3248; x_wconf 83' lang='lat' dir='ltr'><strong>hostes</strong></span> <span class='ocrx_word' id='word_1_717' title='bbox 3437 3207 3533 3249; x_wconf 84' lang='lat' dir='ltr'><strong>eos</strong></span> <span class='ocrx_word' id='word_1_718' title='bbox 3559 3194 3649 3264; x_wconf 90' lang='lat' dir='ltr'><strong>qui</strong></span> <span class='ocrx_word' id='word_1_719' title='bbox 3683 3204 3785 3250; x_wconf 81' lang='lat' dir='ltr'><strong>ter-</strong></span> 
     </span>
    </p>
   </div>
   <div class='ocr_carea' id='block_1_91' title="bbox 2203 3278 2884 3336">
    <p class='ocr_par' dir='ltr' id='par_1_91' title="bbox 2203 3278 2884 3336">
     <span class='ocr_line' id='line_1_91' title="bbox 2203 3278 2884 3336; baseline 0.009 -6"><span class='ocrx_word' id='word_1_720' title='bbox 2203 3291 2382 3331; x_wconf 83' lang='lat' dir='ltr'><strong>rarum</strong></span> <span class='ocrx_word' id='word_1_721' title='bbox 2409 3278 2593 3336; x_wconf 86' lang='lat' dir='ltr'><strong>orbem</strong></span> <span class='ocrx_word' id='word_1_722' title='bbox 2626 3279 2884 3336; x_wconf 77' lang='lat' dir='ltr'><strong>habitant.</strong></span> 
     </span>
    </p>
   </div>
   <div class='ocr_carea' id='block_1_92' title="bbox 2266 3362 3780 3447">
    <p class='ocr_par' dir='ltr' id='par_1_92' title="bbox 2266 3362 3780 3447">
     <span class='ocr_line' id='line_1_92' title="bbox 2266 3362 3780 3447; baseline 0.017 -34"><span class='ocrx_word' id='word_1_723' title='bbox 2266 3363 2320 3416; x_wconf 74' lang='grc'><strong>4.</strong></span> <span class='ocrx_word' id='word_1_724' title='bbox 2359 3362 2665 3433; x_wconf 81' lang='lat' dir='ltr'><strong>Philosophi</strong></span> <span class='ocrx_word' id='word_1_725' title='bbox 2697 3378 2884 3423; x_wconf 85' lang='lat' dir='ltr'><strong>veteres</strong></span> <span class='ocrx_word' id='word_1_726' title='bbox 2940 3374 3118 3441; x_wconf 77' lang='lat' dir='ltr'><strong>quales</strong></span> <span class='ocrx_word' id='word_1_727' title='bbox 3172 3377 3382 3447; x_wconf 78' lang='lat' dir='ltr'><strong>fuerint.</strong></span> <span class='ocrx_word' id='word_1_728' title='bbox 3409 3408 3482 3419; x_wconf 87' lang='lat'><strong>——</strong></span> <span class='ocrx_word' id='word_1_729' title='bbox 3503 3378 3606 3436; x_wconf 89' lang='lat' dir='ltr'><strong>Ubi</strong></span> <span class='ocrx_word' id='word_1_730' title='bbox 3639 3399 3780 3441; x_wconf 83' lang='lat' dir='ltr'><strong>nunc</strong></span> 
     </span>
    </p>
   </div>
   <div class='ocr_carea' id='block_1_93' title="bbox 2197 3457 3782 3533">
    <p class='ocr_par' dir='ltr' id='par_1_93' title="bbox 2197 3457 3782 3533">
     <span class='ocr_line' id='line_1_93' title="bbox 2197 3457 3782 3533; baseline 0.012 -21"><span class='ocrx_word' id='word_1_731' title='bbox 2197 3457 2385 3513; x_wconf 88' lang='lat' dir='ltr'><strong>Plato?</strong></span> <span class='ocrx_word' id='word_1_732' title='bbox 2416 3460 2503 3514; x_wconf 92' lang='lat' dir='ltr'><strong>ubi</strong></span> <span class='ocrx_word' id='word_1_733' title='bbox 2533 3460 2905 3533; x_wconf 74' lang='lat' dir='ltr'><strong>Pythagoras?</strong></span> <span class='ocrx_word' id='word_1_734' title='bbox 2935 3467 3023 3522; x_wconf 91' lang='lat' dir='ltr'><strong>ubi</strong></span> <span class='ocrx_word' id='word_1_735' title='bbox 3056 3468 3368 3525; x_wconf 86' lang='lat' dir='ltr'><strong>Stoicorum</strong></span> <span class='ocrx_word' id='word_1_736' title='bbox 3402 3474 3553 3528; x_wconf 87' lang='lat' dir='ltr'><strong>turba</strong></span> <span class='ocrx_word' id='word_1_737' title='bbox 3582 3475 3606 3528; x_wconf 72' lang='grc'><em>2</em></span> <span class='ocrx_word' id='word_1_738' title='bbox 3634 3475 3782 3532; x_wconf 85' lang='lat' dir='ltr'><strong>Plato</strong></span> 
     </span>
    </p>
   </div>
   <div class='ocr_carea' id='block_1_94' title="bbox 2195 3552 3784 3630">
    <p class='ocr_par' dir='ltr' id='par_1_94' title="bbox 2195 3552 3784 3630">
     <span class='ocr_line' id='line_1_94' title="bbox 2195 3552 3784 3630; baseline 0.011 -25"><span class='ocrx_word' id='word_1_739' title='bbox 2195 3561 2360 3611; x_wconf 89' lang='lat' dir='ltr'><strong>certe.</strong></span> <span class='ocrx_word' id='word_1_740' title='bbox 2395 3552 2517 3606; x_wconf 84' lang='lat' dir='ltr'><strong>licet</strong></span> <span class='ocrx_word' id='word_1_741' title='bbox 2546 3568 2795 3623; x_wconf 85' lang='lat' dir='ltr'><strong>magnum</strong></span> <span class='ocrx_word' id='word_1_742' title='bbox 2823 3570 3189 3627; x_wconf 81' lang='lat' dir='ltr'><strong>consequutus</strong></span> <span class='ocrx_word' id='word_1_743' title='bbox 3243 3561 3524 3630; x_wconf 89' lang='lat' dir='ltr'><strong>honorem,</strong></span> <span class='ocrx_word' id='word_1_744' title='bbox 3554 3581 3622 3620; x_wconf 91' lang='lat' dir='ltr'><strong>eo</strong></span> <span class='ocrx_word' id='word_1_745' title='bbox 3663 3568 3784 3623; x_wconf 80' lang='lat' dir='ltr'><strong>red-</strong></span> 
     </span>
    </p>
   </div>
   <div class='ocr_carea' id='block_1_95' title="bbox 2201 3639 3784 3726">
    <p class='ocr_par' dir='ltr' id='par_1_95' title="bbox 2201 3639 3784 3726">
     <span class='ocr_line' id='line_1_95' title="bbox 2201 3639 3784 3726; baseline 0.012 -34"><span class='ocrx_word' id='word_1_746' title='bbox 2201 3650 2354 3694; x_wconf 90' lang='lat' dir='ltr'><strong>actos</strong></span> <span class='ocrx_word' id='word_1_747' title='bbox 2380 3639 2474 3694; x_wconf 90' lang='lat' dir='ltr'><strong>fuit</strong></span> <span class='ocrx_word' id='word_1_748' title='bbox 2496 3643 2722 3696; x_wconf 90' lang='lat' dir='ltr'><strong>utetiam</strong></span> <span class='ocrx_word' id='word_1_749' title='bbox 2745 3645 3070 3702; x_wconf 89' lang='lat' dir='ltr'><strong>venderetur</strong></span> <span class='ocrx_word' id='word_1_750' title='bbox 3099 3651 3197 3718; x_wconf 80' lang='grc' dir='ltr'><strong>(α),</strong></span> <span class='ocrx_word' id='word_1_751' title='bbox 3219 3651 3352 3708; x_wconf 81' lang='lat' dir='ltr'><strong>nihil</strong></span> <span class='ocrx_word' id='word_1_752' title='bbox 3378 3668 3566 3709; x_wconf 82' lang='lat' dir='ltr'><strong>eorum</strong></span> <span class='ocrx_word' id='word_1_753' title='bbox 3587 3672 3710 3726; x_wconf 74' lang='lat' dir='ltr'><strong>qua:</strong></span> <span class='ocrx_word' id='word_1_754' title='bbox 3731 3658 3784 3712; x_wconf 86' lang='lat' dir='ltr'><strong>in</strong></span> 
     </span>
    </p>
   </div>
   <div class='ocr_carea' id='block_1_96' title="bbox 2196 3733 3784 3817">
    <p class='ocr_par' dir='ltr' id='par_1_96' title="bbox 2196 3733 3784 3817">
     <span class='ocr_line' id='line_1_96' title="bbox 2196 3733 3784 3817; baseline 0.011 -33"><span class='ocrx_word' id='word_1_755' title='bbox 2196 3742 2377 3787; x_wconf 89' lang='lat' dir='ltr'><strong>mente</strong></span> <span class='ocrx_word' id='word_1_756' title='bbox 2395 3733 2634 3789; x_wconf 78' lang='lat' dir='ltr'><strong>habebat</strong></span> <span class='ocrx_word' id='word_1_757' title='bbox 2648 3733 2868 3792; x_wconf 81' lang='lat' dir='ltr'><strong>efficere</strong></span> <span class='ocrx_word' id='word_1_758' title='bbox 2882 3749 3082 3807; x_wconf 89' lang='lat' dir='ltr'><strong>posset,</strong></span> <span class='ocrx_word' id='word_1_759' title='bbox 3103 3741 3542 3812; x_wconf 83' lang='lat' dir='ltr'><strong>nihilqueeorum</strong></span> <span class='ocrx_word' id='word_1_760' title='bbox 3559 3763 3681 3817; x_wconf 67' lang='lat' dir='ltr'><strong>quae</strong></span> <span class='ocrx_word' id='word_1_761' title='bbox 3698 3765 3784 3802; x_wconf 86' lang='lat' dir='ltr'><strong>vo-</strong></span> 
     </span>
    </p>
   </div>
   <div class='ocr_carea' id='block_1_97' title="bbox 2197 3823 3780 3911">
    <p class='ocr_par' dir='ltr' id='par_1_97' title="bbox 2197 3823 3780 3911">
     <span class='ocr_line' id='line_1_97' title="bbox 2197 3823 3780 3911; baseline 0.013 -35"><span class='ocrx_word' id='word_1_762' title='bbox 2197 3823 2338 3877; x_wconf 89' lang='lat' dir='ltr'><strong>lebat</strong></span> <span class='ocrx_word' id='word_1_763' title='bbox 2361 3825 2447 3879; x_wconf 90' lang='lat' dir='ltr'><strong>uni</strong></span> <span class='ocrx_word' id='word_1_764' title='bbox 2478 3834 2705 3898; x_wconf 84' lang='lat' dir='ltr'><strong>tyranno</strong></span> <span class='ocrx_word' id='word_1_765' title='bbox 2729 3829 2957 3887; x_wconf 89' lang='lat' dir='ltr'><strong>suadere</strong></span> <span class='ocrx_word' id='word_1_766' title='bbox 2987 3836 3254 3902; x_wconf 90' lang='lat' dir='ltr'><strong>potuerit;</strong></span> <span class='ocrx_word' id='word_1_767' title='bbox 3286 3836 3374 3892; x_wconf 89' lang='lat' dir='ltr'><strong>hic</strong></span> <span class='ocrx_word' id='word_1_768' title='bbox 3390 3850 3569 3894; x_wconf 86' lang='lat' dir='ltr'><strong>autem</strong></span> <span class='ocrx_word' id='word_1_769' title='bbox 3597 3842 3780 3911; x_wconf 82' lang='lat' dir='ltr'><strong>prodi-</strong></span> 
     </span>
    </p>
   </div>
   <div class='ocr_carea' id='block_1_98' title="bbox 2198 3916 3780 4004">
    <p class='ocr_par' dir='ltr' id='par_1_98' title="bbox 2198 3916 3780 4004">
     <span class='ocr_line' id='line_1_98' title="bbox 2198 3916 3780 4004; baseline 0.011 -34"><span class='ocrx_word' id='word_1_770' title='bbox 2198 3917 2264 3971; x_wconf 90' lang='lat' dir='ltr'><strong>tis</strong></span> <span class='ocrx_word' id='word_1_771' title='bbox 2285 3916 2578 3987; x_wconf 78' lang='lat' dir='ltr'><strong>discipulis,</strong></span> <span class='ocrx_word' id='word_1_772' title='bbox 2600 3921 2980 3979; x_wconf 81' lang='lat' dir='ltr'><strong>miserabiliter</strong></span> <span class='ocrx_word' id='word_1_773' title='bbox 2996 3927 3157 3981; x_wconf 85' lang='lat' dir='ltr'><strong>vitam</strong></span> <span class='ocrx_word' id='word_1_774' title='bbox 3183 3929 3394 3985; x_wconf 90' lang='lat' dir='ltr'><strong>clausit.</strong></span> <span class='ocrx_word' id='word_1_775' title='bbox 3424 3931 3625 4004; x_wconf 81' lang='lat' dir='ltr'><strong>Cynica</strong></span> <span class='ocrx_word' id='word_1_776' title='bbox 3653 3950 3780 3989; x_wconf 86' lang='lat' dir='ltr'><strong>vero</strong></span> 
     </span>
    </p>
   </div>
   <div class='ocr_carea' id='block_1_99' title="bbox 2197 4007 3780 4088">
    <p class='ocr_par' dir='ltr' id='par_1_99' title="bbox 2197 4007 3780 4088">
     <span class='ocr_line' id='line_1_99' title="bbox 2197 4007 3780 4088; baseline 0.012 -26"><span class='ocrx_word' id='word_1_777' title='bbox 2197 4007 2313 4063; x_wconf 89' lang='lat' dir='ltr'><strong>lues</strong></span> <span class='ocrx_word' id='word_1_778' title='bbox 2341 4012 2492 4079; x_wconf 89' lang='lat' dir='ltr'><strong>quasi</strong></span> <span class='ocrx_word' id='word_1_779' title='bbox 2522 4013 2788 4068; x_wconf 90' lang='lat' dir='ltr'><strong>somnium</strong></span> <span class='ocrx_word' id='word_1_780' title='bbox 2818 4025 2871 4069; x_wconf 92' lang='lat' dir='ltr'><strong>et</strong></span> <span class='ocrx_word' id='word_1_781' title='bbox 2893 4017 3080 4074; x_wconf 90' lang='lat' dir='ltr'><strong>umbra</strong></span> <span class='ocrx_word' id='word_1_782' title='bbox 3112 4023 3386 4088; x_wconf 65' lang='lat' dir='ltr'><strong>praeteriit.</strong></span> <span class='ocrx_word' id='word_1_783' title='bbox 3421 4022 3644 4080; x_wconf 83' lang='lat' dir='ltr'><strong>Etiamsi</strong></span> <span class='ocrx_word' id='word_1_784' title='bbox 3674 4027 3780 4082; x_wconf 87' lang='lat' dir='ltr'><strong>illis</strong></span> 
     </span>
    </p>
   </div>
   <div class='ocr_carea' id='block_1_100' title="bbox 2194 4101 3779 4190">
    <p class='ocr_par' dir='ltr' id='par_1_100' title="bbox 2194 4101 3779 4190">
     <span class='ocr_line' id='line_1_100' title="bbox 2194 4101 3779 4190; baseline 0.013 -34"><span class='ocrx_word' id='word_1_785' title='bbox 2194 4101 2328 4156; x_wconf 89' lang='lat' dir='ltr'><strong>nihil</strong></span> <span class='ocrx_word' id='word_1_786' title='bbox 2351 4104 2527 4159; x_wconf 83' lang='lat' dir='ltr'><strong>simile</strong></span> <span class='ocrx_word' id='word_1_787' title='bbox 2553 4106 2828 4175; x_wconf 85' lang='lat' dir='ltr'><strong>acciderit,</strong></span> <span class='ocrx_word' id='word_1_788' title='bbox 2857 4111 2963 4166; x_wconf 91' lang='lat' dir='ltr'><strong>imo</strong></span> <span class='ocrx_word' id='word_1_789' title='bbox 2988 4126 3087 4181; x_wconf 91' lang='lat' dir='ltr'><strong>per</strong></span> <span class='ocrx_word' id='word_1_790' title='bbox 3116 4127 3395 4171; x_wconf 81' lang='lat' dir='ltr'><strong>externam</strong></span> <span class='ocrx_word' id='word_1_791' title='bbox 3423 4118 3569 4174; x_wconf 88' lang='lat' dir='ltr'><strong>illam</strong></span> <span class='ocrx_word' id='word_1_792' title='bbox 3602 4120 3779 4190; x_wconf 85' lang='lat' dir='ltr'><strong>philo-</strong></span> 
     </span>
    </p>
   </div>
   <div class='ocr_carea' id='block_1_101' title="bbox 2193 4195 3784 4283">
    <p class='ocr_par' dir='ltr' id='par_1_101' title="bbox 2193 4195 3784 4283">
     <span class='ocr_line' id='line_1_101' title="bbox 2193 4195 3784 4283; baseline 0.012 -34"><span class='ocrx_word' id='word_1_793' title='bbox 2193 4195 2436 4265; x_wconf 83' lang='lat' dir='ltr'><strong>sOphiam</strong></span> <span class='ocrx_word' id='word_1_794' title='bbox 2466 4195 2597 4251; x_wconf 84' lang='lat' dir='ltr'><strong>clari</strong></span> <span class='ocrx_word' id='word_1_795' title='bbox 2630 4197 2956 4268; x_wconf 87' lang='lat' dir='ltr'><strong>viderentur,</strong></span> <span class='ocrx_word' id='word_1_796' title='bbox 2979 4205 3187 4260; x_wconf 85' lang='lat' dir='ltr'><strong>etiamsi</strong></span> <span class='ocrx_word' id='word_1_797' title='bbox 3205 4207 3566 4267; x_wconf 80' lang='lat' dir='ltr'><strong>Athenienses</strong></span> <span class='ocrx_word' id='word_1_798' title='bbox 3585 4214 3784 4283; x_wconf 87' lang='lat' dir='ltr'><strong>episto-</strong></span> 
     </span>
    </p>
   </div>
   <div class='ocr_carea' id='block_1_102' title="bbox 2195 4285 3779 4374">
    <p class='ocr_par' dir='ltr' id='par_1_102' title="bbox 2195 4285 3779 4374">
     <span class='ocr_line' id='line_1_102' title="bbox 2195 4285 3779 4374; baseline 0.014 -35"><span class='ocrx_word' id='word_1_799' title='bbox 2195 4285 2276 4339; x_wconf 88' lang='lat' dir='ltr'><strong>las</strong></span> <span class='ocrx_word' id='word_1_800' title='bbox 2298 4285 2534 4341; x_wconf 86' lang='lat' dir='ltr'><strong>Platonis</strong></span> <span class='ocrx_word' id='word_1_801' title='bbox 2563 4301 2660 4356; x_wconf 87' lang='lat' dir='ltr'><strong>per</strong></span> <span class='ocrx_word' id='word_1_802' title='bbox 2690 4289 2912 4346; x_wconf 90' lang='lat' dir='ltr'><strong>Dionem</strong></span> <span class='ocrx_word' id='word_1_803' title='bbox 2941 4295 3133 4350; x_wconf 85' lang='lat' dir='ltr'><strong>missas</strong></span> <span class='ocrx_word' id='word_1_804' title='bbox 3161 4299 3371 4366; x_wconf 88' lang='lat' dir='ltr'><strong>publice</strong></span> <span class='ocrx_word' id='word_1_805' title='bbox 3397 4306 3779 4374; x_wconf 84' lang='lat' dir='ltr'><strong>exposuerint:</strong></span> 
     </span>
    </p>
   </div>
   <div class='ocr_carea' id='block_1_103' title="bbox 2195 4386 3784 4467">
    <p class='ocr_par' dir='ltr' id='par_1_103' title="bbox 2195 4386 3784 4467">
     <span class='ocr_line' id='line_1_103' title="bbox 2195 4386 3784 4467; baseline 0.016 -37"><span class='ocrx_word' id='word_1_806' title='bbox 2195 4387 2428 4434; x_wconf 88' lang='lat' dir='ltr'><strong>attamen</strong></span> <span class='ocrx_word' id='word_1_807' title='bbox 2471 4389 2581 4435; x_wconf 90' lang='lat' dir='ltr'><strong>toto</strong></span> <span class='ocrx_word' id='word_1_808' title='bbox 2610 4392 2851 4456; x_wconf 87' lang='lat' dir='ltr'><strong>tempore</strong></span> <span class='ocrx_word' id='word_1_809' title='bbox 2895 4386 2948 4440; x_wconf 92' lang='lat' dir='ltr'><strong>in</strong></span> <span class='ocrx_word' id='word_1_810' title='bbox 2969 4392 3357 4460; x_wconf 76' lang='lat' dir='ltr'><strong>tranquillitate</strong></span> <span class='ocrx_word' id='word_1_811' title='bbox 3399 4395 3699 4467; x_wconf 79' lang='lat' dir='ltr'><strong>degebant,</strong></span> <span class='ocrx_word' id='word_1_812' title='bbox 3728 4411 3784 4456; x_wconf 84' lang='lat' dir='ltr'><strong>et</strong></span> 
     </span>
    </p>
   </div>
   <div class='ocr_carea' id='block_1_104' title="bbox 2195 4469 3782 4562">
    <p class='ocr_par' dir='ltr' id='par_1_104' title="bbox 2195 4469 3782 4562">
     <span class='ocr_line' id='line_1_104' title="bbox 2195 4469 3782 4562; baseline 0.018 -43"><span class='ocrx_word' id='word_1_813' title='bbox 2195 4469 2386 4536; x_wconf 85' lang='lat' dir='ltr'><strong>opibus</strong></span> <span class='ocrx_word' id='word_1_814' title='bbox 2432 4485 2536 4525; x_wconf 91' lang='lat' dir='ltr'><strong>non</strong></span> <span class='ocrx_word' id='word_1_815' title='bbox 2576 4475 2762 4542; x_wconf 88' lang='lat' dir='ltr'><strong>paucis</strong></span> <span class='ocrx_word' id='word_1_816' title='bbox 2813 4476 3126 4536; x_wconf 84' lang='lat' dir='ltr'><strong>affluebant.</strong></span> <span class='ocrx_word' id='word_1_817' title='bbox 3160 4482 3250 4539; x_wconf 92' lang='lat' dir='ltr'><strong>Sic</strong></span> <span class='ocrx_word' id='word_1_818' title='bbox 3285 4487 3430 4540; x_wconf 90' lang='lat' dir='ltr'><strong>enim</strong></span> <span class='ocrx_word' id='word_1_819' title='bbox 3476 4490 3782 4562; x_wconf 80' lang='lat' dir='ltr'><strong>Aristippus</strong></span> 
     </span>
    </p>
   </div>
   <div class='ocr_carea' id='block_1_105' title="bbox 2195 4563 3781 4647">
    <p class='ocr_par' dir='ltr' id='par_1_105' title="bbox 2195 4563 3781 4647">
     <span class='ocr_line' id='line_1_105' title="bbox 2195 4563 3781 4647; baseline 0.02 -38"><span class='ocrx_word' id='word_1_820' title='bbox 2195 4575 2387 4630; x_wconf 88' lang='lat' dir='ltr'><strong>magno</strong></span> <span class='ocrx_word' id='word_1_821' title='bbox 2405 4563 2579 4630; x_wconf 82' lang='lat' dir='ltr'><strong>pretio</strong></span> <span class='ocrx_word' id='word_1_822' title='bbox 2608 4575 2786 4622; x_wconf 88' lang='lat' dir='ltr'><strong>scorta</strong></span> <span class='ocrx_word' id='word_1_823' title='bbox 2813 4570 3068 4627; x_wconf 86' lang='lat' dir='ltr'><strong>conduxit</strong></span> <span class='ocrx_word' id='word_1_824' title='bbox 3098 4574 3202 4647; x_wconf 87' lang='lat' dir='ltr'><strong>(b);</strong></span> <span class='ocrx_word' id='word_1_825' title='bbox 3233 4577 3366 4632; x_wconf 88' lang='lat' dir='ltr'><strong>alius</strong></span> <span class='ocrx_word' id='word_1_826' title='bbox 3399 4589 3781 4639; x_wconf 86' lang='lat' dir='ltr'><strong>testamentum</strong></span> 
     </span>
    </p>
   </div>
   <div class='ocr_carea' id='block_1_106' title="bbox 2195 4651 3782 4741">
    <p class='ocr_par' dir='ltr' id='par_1_106' title="bbox 2195 4651 3782 4741">
     <span class='ocr_line' id='line_1_106' title="bbox 2195 4651 3782 4741; baseline 0.018 -38"><span class='ocrx_word' id='word_1_827' title='bbox 2195 4651 2447 4741; x_wconf 82' lang='lat' dir='ltr'><strong>scripsit,</strong></span> <span class='ocrx_word' id='word_1_828' title='bbox 2477 4670 2581 4710; x_wconf 93' lang='lat' dir='ltr'><strong>non</strong></span> <span class='ocrx_word' id='word_1_829' title='bbox 2613 4671 2831 4726; x_wconf 88' lang='lat' dir='ltr'><strong>parvam</strong></span> <span class='ocrx_word' id='word_1_830' title='bbox 2882 4663 3191 4735; x_wconf 87' lang='lat' dir='ltr'><strong>relinquens</strong></span> <span class='ocrx_word' id='word_1_831' title='bbox 3221 4667 3575 4728; x_wconf 88' lang='lat' dir='ltr'><strong>hereditatem</strong></span> <span class='ocrx_word' id='word_1_832' title='bbox 3602 4692 3616 4738; x_wconf 91' lang='lat'><strong>;</strong></span> <span class='ocrx_word' id='word_1_833' title='bbox 3644 4677 3782 4731; x_wconf 80' lang='lat' dir='ltr'><strong>alios</strong></span> 
     </span>
    </p>
   </div>
   <div class='ocr_carea' id='block_1_107' title="bbox 2195 4745 3776 4833">
    <p class='ocr_par' dir='ltr' id='par_1_107' title="bbox 2195 4745 3776 4833">
     <span class='ocr_line' id='line_1_107' title="bbox 2195 4745 3776 4833; baseline 0.018 -39"><span class='ocrx_word' id='word_1_834' title='bbox 2195 4755 2356 4833; x_wconf 85' lang='lat' dir='ltr'><strong>supra</strong></span> <span class='ocrx_word' id='word_1_835' title='bbox 2385 4745 2675 4818; x_wconf 86' lang='lat' dir='ltr'><strong>discipulos</strong></span> <span class='ocrx_word' id='word_1_836' title='bbox 2700 4752 2880 4820; x_wconf 86' lang='lat' dir='ltr'><strong>pontis</strong></span> <span class='ocrx_word' id='word_1_837' title='bbox 2910 4755 3079 4810; x_wconf 89' lang='lat' dir='ltr'><strong>instar</strong></span> <span class='ocrx_word' id='word_1_838' title='bbox 3101 4760 3406 4817; x_wconf 78' lang='lat' dir='ltr'><strong>substratos</strong></span> <span class='ocrx_word' id='word_1_839' title='bbox 3429 4768 3776 4833; x_wconf 85' lang='lat' dir='ltr'><strong>pertransiit;</strong></span> 
     </span>
    </p>
   </div>
   <div class='ocr_carea' id='block_1_108' title="bbox 2194 4832 3774 4928">
    <p class='ocr_par' dir='ltr' id='par_1_108' title="bbox 2194 4832 3774 4928">
     <span class='ocr_line' id='line_1_108' title="bbox 2194 4832 3774 4928; baseline 0.018 -40"><span class='ocrx_word' id='word_1_840' title='bbox 2194 4832 2548 4905; x_wconf 86' lang='lat' dir='ltr'><strong>Sinopensem</strong></span> <span class='ocrx_word' id='word_1_841' title='bbox 2568 4848 2746 4895; x_wconf 86' lang='lat' dir='ltr'><strong>autem</strong></span> <span class='ocrx_word' id='word_1_842' title='bbox 2761 4841 2906 4898; x_wconf 89' lang='lat' dir='ltr'><strong>illum</strong></span> <span class='ocrx_word' id='word_1_843' title='bbox 2917 4845 3097 4902; x_wconf 85' lang='lat' dir='ltr'><strong>ferunt</strong></span> <span class='ocrx_word' id='word_1_844' title='bbox 3126 4849 3178 4903; x_wconf 91' lang='lat' dir='ltr'><strong>in</strong></span> <span class='ocrx_word' id='word_1_845' title='bbox 3192 4848 3312 4908; x_wconf 90' lang='lat' dir='ltr'><strong>foro</strong></span> <span class='ocrx_word' id='word_1_846' title='bbox 3330 4832 3556 4924; x_wconf 89' lang='lat' dir='ltr'><strong>turpiter</strong></span> <span class='ocrx_word' id='word_1_847' title='bbox 3575 4860 3774 4928; x_wconf 81' lang='lat' dir='ltr'><strong>egisse.</strong></span> 
     </span>
    </p>
   </div>
   <div class='ocr_carea' id='block_1_109' title="bbox 2196 4929 3780 5010">
    <p class='ocr_par' dir='ltr' id='par_1_109' title="bbox 2196 4929 3780 5010">
     <span class='ocr_line' id='line_1_109' title="bbox 2196 4929 3780 5010; baseline 0.016 -27"><span class='ocrx_word' id='word_1_848' title='bbox 2196 4929 2321 4985; x_wconf 69' lang='lat' dir='ltr'><strong>llaec</strong></span> <span class='ocrx_word' id='word_1_849' title='bbox 2345 4943 2468 4988; x_wconf 90' lang='lat' dir='ltr'><strong>sunt</strong></span> <span class='ocrx_word' id='word_1_850' title='bbox 2497 4934 2712 4990; x_wconf 84' lang='lat' dir='ltr'><strong>illorum</strong></span> <span class='ocrx_word' id='word_1_851' title='bbox 2762 4941 3014 5006; x_wconf 69' lang='lat' dir='ltr'><strong>pmclara</strong></span> <span class='ocrx_word' id='word_1_852' title='bbox 3044 4942 3307 5002; x_wconf 85' lang='lat' dir='ltr'><strong>facinora.</strong></span> <span class='ocrx_word' id='word_1_853' title='bbox 3334 4951 3402 5004; x_wconf 82' lang='lat' dir='ltr'><strong>At</strong></span> <span class='ocrx_word' id='word_1_854' title='bbox 3421 4951 3553 5007; x_wconf 86' lang='lat' dir='ltr'><strong>nihil</strong></span> <span class='ocrx_word' id='word_1_855' title='bbox 3585 4955 3780 5010; x_wconf 89' lang='lat' dir='ltr'><strong>horum</strong></span> 
     </span>
    </p>
   </div>
   <div class='ocr_carea' id='block_1_110' title="bbox 2205 5019 3777 5109">
    <p class='ocr_par' dir='ltr' id='par_1_110' title="bbox 2205 5019 3777 5109">
     <span class='ocr_line' id='line_1_110' title="bbox 2205 5019 3777 5109; baseline 0.018 -34"><span class='ocrx_word' id='word_1_856' title='bbox 2205 5019 2296 5076; x_wconf 78' lang='lat' dir='ltr'><strong>hic</strong></span> <span class='ocrx_word' id='word_1_857' title='bbox 2323 5022 2662 5087; x_wconf 88' lang='lat' dir='ltr'><strong>observatur.</strong></span> <span class='ocrx_word' id='word_1_858' title='bbox 2696 5027 2790 5083; x_wconf 81' lang='lat' dir='ltr'><strong>sed</strong></span> <span class='ocrx_word' id='word_1_859' title='bbox 2825 5032 3177 5102; x_wconf 87' lang='lat' dir='ltr'><strong>temperantia</strong></span> <span class='ocrx_word' id='word_1_860' title='bbox 3201 5049 3565 5109; x_wconf 82' lang='lat' dir='ltr'><strong>perseverans,</strong></span> <span class='ocrx_word' id='word_1_861' title='bbox 3593 5046 3777 5102; x_wconf 83' lang='lat' dir='ltr'><strong>mode-</strong></span> 
     </span>
    </p>
   </div>
   <div class='ocr_carea' id='block_1_111' title="bbox 2187 5115 3772 5190">
    <p class='ocr_par' dir='ltr' id='par_1_111' title="bbox 2187 5115 3772 5190">
     <span class='ocr_line' id='line_1_111' title="bbox 2187 5115 3772 5190; baseline 0.005 -21"><span class='ocrx_word' id='word_1_862' title='bbox 2187 5117 2286 5169; x_wconf 85' lang='lat' dir='ltr'><strong>stia</strong></span> <span class='ocrx_word' id='word_1_863' title='bbox 2313 5117 2573 5186; x_wconf 85' lang='lat' dir='ltr'><strong>exquisita</strong></span> <span class='ocrx_word' id='word_1_864' title='bbox 2594 5157 2608 5180; x_wconf 94' lang='lat'><strong>,</strong></span> <span class='ocrx_word' id='word_1_865' title='bbox 2642 5115 2837 5171; x_wconf 86' lang='lat' dir='ltr'><strong>bellum</strong></span> <span class='ocrx_word' id='word_1_866' title='bbox 2866 5128 3049 5173; x_wconf 79' lang='lat' dir='ltr'><strong>contra</strong></span> <span class='ocrx_word' id='word_1_867' title='bbox 3082 5127 3252 5174; x_wconf 86' lang='lat' dir='ltr'><strong>totum</strong></span> <span class='ocrx_word' id='word_1_868' title='bbox 3280 5121 3466 5178; x_wconf 91' lang='lat' dir='ltr'><strong>orbem</strong></span> <span class='ocrx_word' id='word_1_869' title='bbox 3504 5138 3601 5190; x_wconf 90' lang='lat' dir='ltr'><strong>pro</strong></span> <span class='ocrx_word' id='word_1_870' title='bbox 3631 5129 3772 5180; x_wconf 66' lang='lat' dir='ltr'><strong>veri-</strong></span> 
     </span>
    </p>
   </div>
   <div class='ocr_carea' id='block_1_112' title="bbox 2187 5208 3762 5283">
    <p class='ocr_par' dir='ltr' id='par_1_112' title="bbox 2187 5208 3762 5283">
     <span class='ocr_line' id='line_1_112' title="bbox 2187 5208 3762 5283; baseline 0.008 -23"><span class='ocrx_word' id='word_1_871' title='bbox 2187 5216 2292 5262; x_wconf 88' lang='lat' dir='ltr'><strong>tate</strong></span> <span class='ocrx_word' id='word_1_872' title='bbox 2316 5222 2378 5262; x_wconf 87' lang='lat' dir='ltr'><strong>ac</strong></span> <span class='ocrx_word' id='word_1_873' title='bbox 2400 5223 2495 5277; x_wconf 89' lang='lat' dir='ltr'><strong>pro</strong></span> <span class='ocrx_word' id='word_1_874' title='bbox 2517 5208 2795 5277; x_wconf 83' lang='lat' dir='ltr'><strong>religione,</strong></span> <span class='ocrx_word' id='word_1_875' title='bbox 2825 5209 2947 5265; x_wconf 92' lang='lat' dir='ltr'><strong>hinc</strong></span> <span class='ocrx_word' id='word_1_876' title='bbox 2971 5212 3207 5279; x_wconf 87' lang='lat' dir='ltr'><strong>ipsorum</strong></span> <span class='ocrx_word' id='word_1_877' title='bbox 3227 5213 3548 5283; x_wconf 72' lang='lat' dir='ltr'><strong>quotidianae</strong></span> <span class='ocrx_word' id='word_1_878' title='bbox 3569 5217 3762 5279; x_wconf 60' lang='lat' dir='ltr'><strong>caedes.</strong></span> 
     </span>
    </p>
   </div>
   <div class='ocr_carea' id='block_1_113' title="bbox 2183 5299 3766 5378">
    <p class='ocr_par' dir='ltr' id='par_1_113' title="bbox 2183 5299 3766 5378">
     <span class='ocr_line' id='line_1_113' title="bbox 2183 5299 3766 5378; baseline 0.007 -28"><span class='ocrx_word' id='word_1_879' title='bbox 2183 5309 2236 5351; x_wconf 92' lang='lat' dir='ltr'><strong>et</strong></span> <span class='ocrx_word' id='word_1_880' title='bbox 2265 5310 2382 5368; x_wconf 89' lang='lat' dir='ltr'><strong>post</strong></span> <span class='ocrx_word' id='word_1_881' title='bbox 2409 5301 2524 5355; x_wconf 67' lang='lat' dir='ltr'><strong>haec</strong></span> <span class='ocrx_word' id='word_1_882' title='bbox 2552 5299 2832 5371; x_wconf 89' lang='lat' dir='ltr'><strong>splendida</strong></span> <span class='ocrx_word' id='word_1_883' title='bbox 2857 5312 3075 5373; x_wconf 72' lang='lat' dir='ltr'><strong>tr0ptea.</strong></span> <span class='ocrx_word' id='word_1_884' title='bbox 3105 5306 3174 5358; x_wconf 82' lang='lat' dir='ltr'><strong>At</strong></span> <span class='ocrx_word' id='word_1_885' title='bbox 3194 5317 3337 5371; x_wconf 88' lang='lat' dir='ltr'><strong>sunt,</strong></span> <span class='ocrx_word' id='word_1_886' title='bbox 3364 5306 3630 5376; x_wconf 82' lang='lat' dir='ltr'><strong>inquiunt,</strong></span> <span class='ocrx_word' id='word_1_887' title='bbox 3652 5311 3766 5378; x_wconf 88' lang='lat' dir='ltr'><strong>qui-</strong></span> 
     </span>
    </p>
   </div>
   <div class='ocr_carea' id='block_1_114' title="bbox 2184 5388 3766 5465">
    <p class='ocr_par' dir='ltr' id='par_1_114' title="bbox 2184 5388 3766 5465">
     <span class='ocr_line' id='line_1_114' title="bbox 2184 5388 3766 5465; baseline 0.008 -22"><span class='ocrx_word' id='word_1_888' title='bbox 2184 5388 2306 5443; x_wconf 82' lang='lat' dir='ltr'><strong>dam</strong></span> <span class='ocrx_word' id='word_1_889' title='bbox 2336 5391 2473 5461; x_wconf 83' lang='lat' dir='ltr'><strong>apud</strong></span> <span class='ocrx_word' id='word_1_890' title='bbox 2502 5391 2619 5447; x_wconf 91' lang='lat' dir='ltr'><strong>illos</strong></span> <span class='ocrx_word' id='word_1_891' title='bbox 2645 5391 2808 5448; x_wconf 87' lang='lat' dir='ltr'><strong>duces</strong></span> <span class='ocrx_word' id='word_1_892' title='bbox 2835 5394 3100 5462; x_wconf 60' lang='lat' dir='ltr'><strong>praeclari,</strong></span> <span class='ocrx_word' id='word_1_893' title='bbox 3135 5405 3190 5450; x_wconf 92' lang='lat' dir='ltr'><strong>ut</strong></span> <span class='ocrx_word' id='word_1_894' title='bbox 3219 5395 3605 5453; x_wconf 84' lang='lat' dir='ltr'><strong>Themistocles</strong></span> <span class='ocrx_word' id='word_1_895' title='bbox 3624 5443 3638 5465; x_wconf 92' lang='lat'><strong>,</strong></span> <span class='ocrx_word' id='word_1_896' title='bbox 3669 5399 3766 5456; x_wconf 84' lang='lat' dir='ltr'><strong>Pc-</strong></span> 
     </span>
    </p>
   </div>
   <div class='ocr_carea' id='block_1_115' title="bbox 2242 5528 3763 5596">
    <p class='ocr_par' dir='ltr' id='par_1_115' title="bbox 2242 5528 3763 5596">
     <span class='ocr_line' id='line_1_115' title="bbox 2242 5528 3763 5596; baseline 0.001 -17"><span class='ocrx_word' id='word_1_897' title='bbox 2242 5529 2315 5593; x_wconf 90' lang='lat' dir='ltr'><strong>(a)</strong></span> <span class='ocrx_word' id='word_1_898' title='bbox 2347 5529 2477 5596; x_wconf 71' lang='lat' dir='ltr'><strong>Quod</strong></span> <span class='ocrx_word' id='word_1_899' title='bbox 2498 5528 2767 5596; x_wconf 82' lang='lat' dir='ltr'><strong>hic_dicitur</strong></span> <span class='ocrx_word' id='word_1_900' title='bbox 2785 5530 2849 5579; x_wconf 91' lang='lat' dir='ltr'><strong>de</strong></span> <span class='ocrx_word' id='word_1_901' title='bbox 2882 5529 3093 5596; x_wconf 85' lang='lat' dir='ltr'><strong>Platone,</strong></span> <span class='ocrx_word' id='word_1_902' title='bbox 3126 5530 3366 5596; x_wconf 84' lang='lat' dir='ltr'><strong>quomodo</strong></span> <span class='ocrx_word' id='word_1_903' title='bbox 3387 5544 3416 5581; x_wconf 72' lang='grc' dir='ltr'><strong>ε</strong></span> <span class='ocrx_word' id='word_1_904' title='bbox 3438 5529 3669 5596; x_wconf 76' lang='lat' dir='ltr'><strong>Dionysio</strong></span> <span class='ocrx_word' id='word_1_905' title='bbox 3691 5541 3763 5596; x_wconf 64' lang='lat' dir='ltr'><strong>ty.</strong></span> 
     </span>
    </p>
   </div>
   <div class='ocr_carea' id='block_1_116' title="bbox 2177 5589 3763 5657">
    <p class='ocr_par' dir='ltr' id='par_1_116' title="bbox 2177 5589 3763 5657">
     <span class='ocr_line' id='line_1_116' title="bbox 2177 5589 3763 5657; baseline -0.001 -18"><span class='ocrx_word' id='word_1_906' title='bbox 2177 5589 2560 5657; x_wconf 55' lang='lat' dir='ltr'><strong>ya&#39;unotraditos</strong></span> <span class='ocrx_word' id='word_1_907' title='bbox 2580 5589 2745 5657; x_wconf 75' lang='lat' dir='ltr'><strong>fuerit,</strong></span> <span class='ocrx_word' id='word_1_908' title='bbox 2769 5589 3242 5657; x_wconf 70' lang='lat' dir='ltr'><strong>ut_vgnutudareiur,</strong></span> <span class='ocrx_word' id='word_1_909' title='bbox 3261 5594 3438 5657; x_wconf 77' lang='lat' dir='ltr'><strong>deque</strong></span> <span class='ocrx_word' id='word_1_910' title='bbox 3448 5589 3763 5657; x_wconf 60' lang='lat' dir='ltr'><strong>ejus&#39;episti».</strong></span> 
     </span>
    </p>
   </div>
   <div class='ocr_carea' id='block_1_117' title="bbox 2177 5651 3762 5724">
    <p class='ocr_par' dir='ltr' id='par_1_117' title="bbox 2177 5651 3762 5724">
     <span class='ocr_line' id='line_1_117' title="bbox 2177 5651 3762 5724; baseline 0.003 -23"><span class='ocrx_word' id='word_1_911' title='bbox 2177 5651 2236 5724; x_wconf 73' lang='lat' dir='ltr'><strong>lis</strong></span> <span class='ocrx_word' id='word_1_912' title='bbox 2257 5654 2316 5703; x_wconf 88' lang='lat' dir='ltr'><strong>ad</strong></span> <span class='ocrx_word' id='word_1_913' title='bbox 2340 5653 2567 5724; x_wconf 84' lang='lat' dir='ltr'><strong>Dionem,</strong></span> <span class='ocrx_word' id='word_1_914' title='bbox 2594 5653 2701 5701; x_wconf 77' lang='lat' dir='ltr'><strong>vide</strong></span> <span class='ocrx_word' id='word_1_915' title='bbox 2723 5654 2850 5716; x_wconf 90' lang='lat' dir='ltr'><strong>apud</strong></span> <span class='ocrx_word' id='word_1_916' title='bbox 2871 5652 3147 5719; x_wconf 82' lang='lat' dir='ltr'><strong>Diogenem</strong></span> <span class='ocrx_word' id='word_1_917' title='bbox 3169 5651 3408 5704; x_wconf 75' lang='lat' dir='ltr'><strong>Laeuium</strong></span> <span class='ocrx_word' id='word_1_918' title='bbox 3426 5651 3510 5704; x_wconf 81' lang='lat' dir='ltr'><strong>liti.</strong></span> <span class='ocrx_word' id='word_1_919' title='bbox 3525 5657 3577 5715; x_wconf 73' lang='grc' dir='ltr'><strong>ὅ,</strong></span> <span class='ocrx_word' id='word_1_920' title='bbox 3596 5651 3646 5703; x_wconf 79' lang='lat' dir='ltr'><strong>iii</strong></span> <span class='ocrx_word' id='word_1_921' title='bbox 3667 5659 3762 5706; x_wconf 79' lang='lat' dir='ltr'><strong>vita</strong></span> 
     </span>
    </p>
   </div>
   <div class='ocr_carea' id='block_1_118' title="bbox 2175 5715 3760 5843">
    <p class='ocr_par' dir='ltr' id='par_1_118' title="bbox 2175 5715 3760 5843">
     <span class='ocr_line' id='line_1_118' title="bbox 2175 5715 3760 5843; baseline 0.001 -14"><span class='ocrx_word' id='word_1_922' title='bbox 2175 5715 2418 5843; x_wconf 27' lang='lat' dir='ltr'><strong>vigiliis</strong></span> <span class='ocrx_word' id='word_1_923' title='bbox 2444 5776 2660 5843; x_wconf 73' lang='lat' dir='ltr'><strong>Aristippi</strong></span> <span class='ocrx_word' id='word_1_924' title='bbox 2686 5775 2875 5843; x_wconf 79' lang='lat' dir='ltr'><strong>luxuria</strong></span> <span class='ocrx_word' id='word_1_925' title='bbox 2900 5778 3010 5829; x_wconf 75' lang='lat' dir='ltr'><strong>vide</strong></span> <span class='ocrx_word' id='word_1_926' title='bbox 3041 5777 3165 5843; x_wconf 80' lang='lat' dir='ltr'><strong>apud</strong></span> <span class='ocrx_word' id='word_1_927' title='bbox 3204 5776 3484 5842; x_wconf 73' lang='lat' dir='ltr'><strong>Diogenem</strong></span> <span class='ocrx_word' id='word_1_928' title='bbox 3519 5780 3760 5831; x_wconf 83' lang='lat' dir='ltr'><strong>tsertium</strong></span> 
     </span>
    </p>
   </div>
   <div class='ocr_carea' id='block_1_119' title="bbox 505 5821 2093 5903">
    <p class='ocr_par' dir='ltr' id='par_1_119' title="bbox 505 5821 2075 5903">
     <span class='ocr_line' id='line_1_119' title="bbox 505 5821 2075 5903; baseline 0.013 -31"><span class='ocrx_word' id='word_1_929' title='bbox 505 5821 633 5889; x_wconf 84' lang='lat' dir='ltr'><strong>quia</strong></span> <span class='ocrx_word' id='word_1_930' title='bbox 657 5821 781 5877; x_wconf 90' lang='lat' dir='ltr'><strong>hinc</strong></span> <span class='ocrx_word' id='word_1_931' title='bbox 814 5822 1178 5891; x_wconf 80' lang='lat' dir='ltr'><strong>confidebant,</strong></span> <span class='ocrx_word' id='word_1_932' title='bbox 1217 5828 1392 5898; x_wconf 89' lang='lat' dir='ltr'><strong>ipsum</strong></span> <span class='ocrx_word' id='word_1_933' title='bbox 1420 5830 1521 5886; x_wconf 86' lang='lat' dir='ltr'><strong>sibi</strong></span> <span class='ocrx_word' id='word_1_934' title='bbox 1559 5832 1754 5903; x_wconf 91' lang='lat' dir='ltr'><strong>ubique</strong></span> <span class='ocrx_word' id='word_1_935' title='bbox 1779 5834 2075 5892; x_wconf 72' lang='lat' dir='ltr'><strong>affuturum</strong></span> 
     </span>
    </p>
   </div>
   <div class='ocr_carea' id='block_1_120' title="bbox 2199 5821 2720 5903">
    <p class='ocr_par' dir='ltr' id='par_1_120' title="bbox 2199 5821 2720 5902">
     <span class='ocr_line' id='line_1_120' title="bbox 2199 5821 2720 5902; baseline -0.004 -14"><span class='ocrx_word' id='word_1_936' title='bbox 2199 5875 2206 5888; x_wconf 89' lang='lat'><strong>.</strong></span> <span class='ocrx_word' id='word_1_937' title='bbox 2225 5821 2274 5898; x_wconf 62' lang='grc' dir='ltr'><em>ἐξ</em></span> <span class='ocrx_word' id='word_1_938' title='bbox 2289 5821 2720 5902; x_wconf 57' lang='grc' dir='ltr'><strong>ἶιιῖ-ἷιειῖἰιὲἶιῖρὲζ</strong></span> 
     </span>
    </p>
   </div>
  </div>
