4080 6474
282 435 391 492 593

285 550 465 604 rieles.
496 548 689 603 Verum
715 546 832 601 haec
862 558 1152 616 puerorum
1176 543 1342 613 inepti
1366 543 1478 599 ludi
1504 553 1651 610 sunt,
1682 543 1727 599 si
1748 557 1870 599 cum

288 641 609 710 piscatorum
647 636 812 709 gestis
849 645 1247 704 comparentur.
1291 634 1430 702 Quid
1457 636 1600 691 enim
1630 634 1699 691 de
1729 634 1871 691 The-

285 728 530 783 mistocle
555 725 791 783 dixeris?
828 724 982 794 Quod
1022 724 1438 779 Atheniensibus
1464 732 1521 779 ut
1550 739 1716 781 naves
1742 740 1873 781 con-

284 816 605 873 scenderent
636 814 895 879 suaserit,
933 830 1053 871 cum
1088 813 1294 869 Xerxes
1321 813 1581 869 Graeciam
1607 814 1749 871 bello
1777 818 1875 869 im-

284 906 528 979 peteret?
556 903 653 959 llic
676 918 838 974 porro
863 918 968 957 non
994 903 1171 959 Xerxe
1199 902 1511 973 impetente,
1537 903 1631 957 sed
1662 903 1876 958 diabolo

284 1010 407 1051 cum
441 994 571 1049 orbe
614 1002 728 1049 toto
760 1000 814 1048 et
854 992 1006 1047 turba
1046 991 1351 1046 dmmonum
1379 993 1658 1046 innumera
1686 1002 1876 1047 contra

283 1087 568 1143 duodecim
598 1085 719 1141 illos
744 1085 1017 1148 irruente;
1047 1099 1153 1137 non
1179 1083 1327 1138 brevi
1353 1092 1592 1153 tempore
1611 1126 1627 1150 ,
1660 1084 1754 1139 sed
1782 1099 1877 1154 per

286 1188 457 1233 totum
480 1177 601 1232 vitae
622 1176 850 1247 spatium
872 1175 1115 1231 vicerunt
1141 1175 1220 1229 illi
1244 1183 1295 1231 et
1316 1186 1637 1246 superarunt
1666 1193 1678 1228 :
1706 1176 1878 1247 quod—

282 1285 392 1341 que
438 1271 629 1323 mirum
666 1276 770 1334 est,
799 1282 907 1322 non
944 1267 1101 1322 caesis
1139 1265 1403 1331 hostibus,
1439 1266 1534 1322 sed
1572 1268 1800 1341 mutatis
1822 1275 1879 1323 et

284 1360 584 1416 conversis.
628 1358 761 1415 Illud
803 1360 947 1414 enim
988 1357 1223 1415 maxime
1259 1358 1454 1429 ubique
1482 1358 1876 1414 observandum

286 1462 403 1519 est,
450 1452 596 1522 ipsos
638 1465 738 1507 nec
779 1450 1041 1507 occidisse
1083 1465 1183 1505 nec
1227 1450 1494 1506 delevisse
1538 1450 1879 1507 insidiatores

284 1560 447 1613 suos,
477 1544 571 1601 sed
599 1559 721 1600 cum
751 1544 872 1600 illos
894 1544 1229 1600 daemonibus
1262 1559 1417 1609 pares
1446 1544 1748 1614 cepissent,
1782 1558 1879 1598 an-

285 1640 421 1711 gelis
445 1639 676 1710 mquales
701 1639 912 1703 iecisse,
935 1630 1225 1693 humanam
1248 1646 1490 1692 naturam
1514 1638 1613 1692 hac
1638 1637 1879 1707 improba

289 1728 570 1799 tyrannide
598 1726 912 1794 Iiberantes,
943 1728 1063 1784 illos
1086 1736 1266 1782 autem
1296 1729 1555 1783 scelestos
1580 1726 1875 1795 daemones,

285 1819 377 1887 qui
402 1818 583 1873 omnia
610 1818 1035 1885 conturbabant,
1063 1834 1091 1873 a
1118 1818 1297 1875 medio
1327 1819 1444 1874 foro
1467 1828 1521 1875 et
1540 1834 1570 1873 a
1597 1818 1877 1884 domibus,

267 1910 400 1971 imo
433 1912 597 1966 etiam
635 1926 667 1965 a
716 1910 932 1967 deserto
972 1912 1312 1982 expulerunt.
1340 1910 1723 1966 Testilicantur
1750 1908 1881 1965 illud

287 2002 444 2055 chori
473 1999 881 2066 monachorum,
910 2001 1000 2072 qui
1018 2002 1226 2071 .ubique
1255 2000 1476 2071 plantati
1501 2013 1657 2067 sunt,
1692 2013 1751 2056 et
1772 2015 1879 2055 non

286 2092 448 2149 modo
471 2092 761 2149 ltabitatam
792 2102 1011 2159 terram,
1041 2094 1135 2150 sed
1156 2104 1209 2151 et
1232 2110 1340 2150 non
1369 2093 1658 2149 habitatum
1681 2109 1881 2164 expur-

283 2192 498 2255 garunt.
540 2183 801 2259 Quodque
846 2185 1141 2243 mirabilius
1179 2194 1283 2253 est,
1315 2202 1424 2243 non
1464 2188 1721 2242 instructa
1765 2188 1884 2243 acie

286 2273 392 2331 hoc
415 2274 702 2345 faciebant,
730 2276 827 2334 sed
858 2277 1000 2335 male
1023 2277 1191 2333 habiti
1218 2278 1515 2348 implebant
1541 2280 1741 2333 omnia.
1776 2277 1882 2331 lla.-

286 2364 489 2422 bcbant
509 2369 654 2422 enim
684 2368 737 2423 in
761 2367 942 2424 medio
971 2368 1174 2439 positos
1196 2367 1317 2425 illos
1337 2368 1534 2424 inﬂmzu
1553 2368 1879 2424 conditionis

287 2458 454 2523 viros,
476 2474 611 2532 quos
633 2460 887 2533 ligabant,
903 2461 1277 2527 verberabant,
1302 2461 1759 2532 circumagebant,
1780 2474 1881 2515 nec

285 2560 536 2622 poterant
559 2566 744 2609 eorum
765 2568 858 2609 ora
886 2550 1139 2610 claudere
1164 2568 1179 2605 :
1210 2552 1305 2609 sed
1329 2553 1472 2608 sicut
1500 2552 1710 2608 radium
1750 2551 1881 2607 solis

286 2644 492 2701 vincire
530 2660 688 2701 nemo
731 2654 943 2717 potest,
981 2647 1058 2701 sic
1084 2660 1192 2702 non
1222 2654 1467 2716 poterant
1506 2647 1743 2715 ipsorum
1776 2645 1881 2700 lin-

285 2749 444 2806 guam
473 2735 709 2805 alligare.
749 2734 915 2806 Cujus
944 2737 1021 2792 rei
1050 2750 1210 2792 causa
1242 2744 1358 2792 erat
1383 2776 1398 2799 ,
1422 2751 1527 2790 non
1560 2737 1635 2790 illi
1662 2736 1881 2806 quidem

287 2826 380 2895 qui
424 2826 813 2896 loquebantur,
859 2825 956 2881 sed
999 2825 1229 2894 Spiritus
1271 2827 1463 2881 virtus.
1504 2825 1597 2880 Sic
1636 2825 1797 2892 igitur
1826 2834 1882 2880 et

288 2916 486 2972 Paulus
508 2919 642 2972 evicit
662 2919 951 2989 Agrippam
973 2959 987 2983 ,
1013 2926 1068 2972 et
1092 2917 1182 2987 qui
1205 2916 1408 2972 scelere
1436 2915 1681 2970 vincebat
1708 2914 1885 2969 homi-

286 3022 387 3062 nes
410 3022 596 3062 omnes
621 3007 886 3063 Neronem
920 3027 932 3062 :
961 3007 1215 3063 Dominus
1238 3008 1370 3062 enim
1400 3007 1524 3061 mihi
1548 3006 1762 3072 adstitit,
1794 3005 1880 3060 in-

288 3100 442 3167 quit,
483 3109 529 3153 et
574 3101 874 3168 confortuuit
929 3117 1046 3166 me,
1094 3109 1140 3152 et
1187 3099 1317 3153 eruit
1360 3115 1439 3153 me
1479 3096 1544 3152 de
1584 3113 1671 3153 ore
1721 3098 1893 3152 leonis.

292 3191 370 3262 (2.
404 3190 538 3247 Tim.
568 3193 617 3248 4.
648 3193 759 3261 l'i).
786 3191 865 3246 'I‘u
891 3206 1018 3245 vero
1047 3191 1263 3253 mirare,
1286 3188 1556 3260 quomodo
1576 3188 1878 3256 audientes,

290 3281 473 3337 Nolite
498 3282 703 3337 solliciti
726 3299 850 3347 esse,
875 3291 930 3336 et
952 3279 1317 3348 crediderunt,
1346 3289 1399 3334 et
1419 3280 1877 3350 obtemperaruut,

290 3376 531 3443 nihilque
558 3389 627 3430 ex
661 3373 987 3429 terribilibus
1010 3380 1271 3427 terrorem
1302 3372 1432 3440 ipsis
1454 3371 1697 3427 incussit.
1726 3370 1881 3438 Quod

286 3468 339 3524 si
366 3468 513 3523 dicas
536 3509 551 3529 ,
590 3466 836 3521 idoneam
865 3466 994 3535 ipsis
1015 3463 1438 3519 consolationem
1472 3462 1687 3519 dedisse
1722 3462 1883 3519 Chri-

288 3570 434 3615 stum
453 3572 575 3614 cum
596 3556 749 3625 dixit,
775 3556 1002 3628 Spiritus
1027 3552 1198 3609 Patris
1222 3554 1368 3609 vestri
1388 3555 1483 3607 erit
1510 3555 1595 3624 qui
1617 3554 1846 3625 loquetur
1861 3571 1883 3610 :

289 3659 348 3706 et
376 3649 496 3703 ideo
524 3644 757 3702 maxime
782 3654 973 3715 stupeo
996 3684 1013 3712 ,
1055 3644 1195 3715 quod
1224 3658 1325 3701 nec
1354 3644 1749 3712 dubitaverint,
1782 3660 1883 3702 nec

291 3740 505 3797 liberari
532 3756 563 3795 a
583 3740 738 3795 malis
763 3739 1069 3809 rogaverint
1098 3754 1112 3788 :
1138 3744 1193 3793 et
1212 3736 1349 3800 haec,
1381 3752 1487 3791 non
1518 3736 1730 3792 duobus
1750 3778 1766 3803 ,
1793 3737 1882 3794 vel

291 3835 464 3891 tritus
488 3834 640 3889 annis
668 3844 765 3888 :sta
795 3814 1161 3903 passurifsed
1200 3846 1294 3901 per
1334 3839 1497 3885 tutam
1522 3832 1704 3886 vitam.
1747 3831 1883 3886 lllud

293 3927 436 3981 enim
462 3924 684 3987 dictum,
714 3918 813 3991 Qui
839 3934 1005 3975 autem
1032 3920 1418 3991 perseuerauerit
1446 3935 1601 3988 usque
1624 3920 1677 3973 in
1704 3922 1881 3989 ﬁnem,
1931 3950 1933 3953 ι

290 4018 375 4071 hic
416 4016 585 4069 salvus
624 4013 753 4081 erit,
792 4012 895 4067 hoc
938 4010 1260 4066 subindirat.
1290 4010 1414 4065 Vult
1437 4011 1579 4065 enim
1612 4011 1753 4067 Deus
1773 4027 1887 4068 non

290 4123 389 4163 sua
418 4116 618 4161 tantum
646 4119 781 4175 cpe,
826 4102 922 4158 sed
962 4104 1195 4173 ipsorum
1234 4102 1507 4173 proposito
1545 4116 1710 4173 opera
1745 4103 1885 4158 bona

292 4199 430 4253 fieri.
464 4196 741 4266 Perpende
768 4196 943 4265 itaque
976 4197 1027 4249 in
1047 4195 1417 4265 superioribus
1438 4235 1450 4259 ,
1484 4194 1755 4263 quomodo
1780 4196 1882 4250 alia

294 4292 390 4345 Dei
418 4340 423 4346 .
453 4290 554 4343 alia.
587 4288 968 4358 discipulorum
996 4288 1119 4341 sint.
1156 4285 1286 4341 Nam
1317 4287 1469 4358 signa
1495 4284 1676 4349 facere
1696 4328 1711 4353 ,
1741 4286 1885 4343 illius

291 4394 447 4450 sunt;
481 4383 610 4439 nihil
641 4384 931 4453 possidere,
957 4382 1361 4451 d’eeipulorum.
1395 4382 1627 4438 Rursum
1649 4428 1665 4451 ,
1693 4384 1886 4441 domos

292 4491 484 4531 omnes
518 4474 751 4542 rperire,
779 4489 1023 4542 superna:
1050 4472 1235 4543 gratim
1264 4482 1375 4537 est;
1408 4473 1536 4527 nihil
1566 4483 1762 4544 przeter
1790 4490 1886 4532 ne-

293 4566 527 4621 cessaria
549 4575 750 4634 petere,
769 4565 1147 4633 discipulorum
1178 4564 1559 4634 philosophiae;
1591 4565 1791 4635 Dignus
1814 4577 1885 4622 est

296 4660 429 4712 sitim
459 4658 724 4727 operarius
745 4658 971 4711 mercede
992 4673 1106 4711 sua.
1138 4656 1330 4712 Pacem
1356 4658 1485 4712 dare
1504 4700 1519 4725 ,
1564 4659 1656 4713 Dei
1683 4658 1881 4715 donum

296 4756 409 4814 est;
437 4747 626 4819 dignos
650 4762 922 4817 quarere,
955 4762 1055 4802 nec
1079 4762 1267 4802 omnes
1298 4747 1761 4805 indiscriminatim
1791 4748 1886 4805 ad-

296 4838 397 4902 ire,
422 4837 656 4905 ipsorum
686 4838 1050 4907 temperantia:
1072 4849 1171 4893 est.
1206 4838 1329 4894 illos
1350 4839 1441 4910 qui
1460 4840 1749 4911 discipulos
1772 4857 1882 4900 non

294 4914 563 4999 recipiunt
598 4925 780 4982 ulcisci
800 4971 816 4993 ,
851 4928 943 4982 Dei
973 4938 1052 4984 est
1086 4947 1098 4983 :
1130 4945 1249 4985 cum
1280 4932 1541 4987 modestia
1565 4934 1841 4991 discedere
1864 4978 1880 4999 ,

297 5020 448 5075 nullo
476 5018 672 5089 injecto
693 5020 912 5089 probro,
934 5021 1015 5075 vel
1041 5023 1386 5089 contumelia,
1406 5026 1714 5093 apostolicae
1736 5041 1885 5082 man~

298 5112 618 5167 suetudinis.
650 5110 901 5178 Spiritum
931 5112 1077 5180 dare,
1109 5122 1164 5167 et
1189 5114 1602 5171 sollicitudinem
1624 5117 1882 5185 adimere,

298 5205 557 5259 mittentis
594 5210 711 5259 erat
737 5219 753 5259 :
780 5216 908 5259 oves
936 5213 989 5258 et
1031 5203 1306 5260 columbas
1345 5207 1573 5271 imitari,
1614 5218 1669 5263 et
1706 5212 1884 5266 omnia

300 5295 509 5349 fortiter
540 5292 713 5359 ferre,
748 5293 816 5347 ad
856 5293 1065 5348 illorum
1091 5298 1445 5351 constantiam
1468 5308 1520 5352 et
1552 5300 1885 5369 prudentium

301 5384 623 5456 pertinebat.
671 5382 806 5439 0dio
848 5385 1063 5451 haberi,
1108 5402 1206 5441 nec
1233 5388 1411 5441 animo
1439 5390 1721 5447 concidere
1745 5436 1759 5457 ,
1791 5394 1886 5448 sed

304 5489 669 5545 perseverare,
698 5476 935 5544 ipsorum
965 5485 1109 5542 erat;
1140 5488 1549 5548 perseverantes
1586 5483 1763 5537 salvos
1803 5483 1885 5539 fa-

302 5582 448 5631 cere,
481 5566 753 5620 mittentis.
781 5566 902 5621 Ideo
929 5568 1156 5632 dicebat,
1193 5570 1297 5637 Qui
1315 5579 1480 5624 autem
1502 5577 1889 5643 perseverat-erit

302 5674 461 5729 usque
479 5657 531 5710 in
558 5656 729 5725 ﬁttem,
752 5659 835 5710 hic
857 5659 1026 5712 saluus
1046 5661 1161 5713 erit.

374 5752 425 5805 5.
466 5743 583 5802 Non
604 5752 770 5821 {enim
795 5750 1054 5821 fugitivus,
1082 5751 1172 5805 sed
1200 5757 1565 5822 perseverantia
1594 5758 1889 5825 prodest.—

306 5842 447 5898 Nam
482 5838 602 5907 quia
643 5840 816 5895 solent
844 5840 995 5895 multi
1028 5840 1177 5898 initio
1208 5843 1472 5903 ferventes
1515 5864 1633 5904 csse
1654 5891 1668 5916 ,
1699 5860 1887 5919 postea

1247 429 1309 484 ΙΝ
1348 428 1761 487 ΜΑΤΤΙΙιΕυΜ
1800 428 2034 485 ιωωι.
2076 430 2321 488 XXXIII.
2356 434 2434 489 al.
2476 431 2717 490 XXXIV.

3486 446 3593 502 591

1997 557 2127 597 vero
2155 544 2350 599 resolvi
2394 558 2457 600 ac
2492 544 2670 615 dcjici,
2700 545 2822 602 ideo
2850 548 2957 616 ait,
2992 549 3184 607 Finem
3211 568 3411 623 qumro.
3455 561 3602 627 θειιὼ

1988 635 2132 689 enim
2170 648 2305 705 cpus
2344 646 2428 691 est
2465 639 2759 694 seminibus
2788 640 2941 696 initio
2966 641 3170 698 ﬂoridis
3190 686 3205 710 ,
3233 646 3585 712 breviarium

1988 732 2175 790 postea
2203 726 2605 781 arescentibus?
2630 725 2756 783 Ideo
2780 743 3213 799 perseverantem
3242 737 3311 791 ab
3338 738 3471 808 ipsis
3496 759 3589 811 pa»

1990 815 2231 870 tientiam
2261 817 2442 886 exigit.
2474 817 2700 889 Ne-quis
2726 821 2869 875 enim
2899 822 3103 878 diceret
3127 866 3142 888 ,
3168 826 3237 881 ab
3272 828 3388 897 ipso
3422 839 3594 889 totum

1987 906 2183 962 factum
2210 922 2331 963 esse
2350 951 2365 975 ,
2398 910 2637 982 nihilque
2664 912 2857 967 mirum
2881 928 3001 969 esse
3022 956 3036 981 ,
3068 916 3201 971 tales
3230 917 3395 975 fuisse
3426 922 3550 978 illos
3570 966 3587 992 ,

1988 999 2077 1068 qui
2106 998 2236 1053 nihil
2263 1002 2475 1055 onerosi
2500 1002 2643 1071 passi
2668 1001 2797 1072 sint,
2830 1004 3029 1061 idcirco
3055 1006 3185 1062 dicit
3212 1008 3337 1073 illis,
3365 1009 3583 1068 Patien-

1990 1088 2061 1143 tia
2089 1090 2240 1155 vobis
2276 1106 2410 1160 opus
2440 1101 2540 1145 est.
2583 1093 2804 1150 Etiamsi
2838 1096 2981 1151 enim
3010 1112 3103 1152 vos
3133 1114 3163 1153 a
3194 1101 3463 1169 prioribus
3494 1120 3588 1173 pe-

1989 1179 2174 1235 riculis
2199 1196 2405 1247 eruam,
2427 1184 2765 1253 gravioribus
2797 1201 2889 1241 vos
2916 1202 3153 1253 reservo,
3183 1206 3301 1261 qua:
3327 1194 3489 1248 etiam
3513 1196 3589 1252 ab

1987 1272 2109 1329 aliis
2142 1275 2475 1345 excipientur
2502 1295 2515 1329 :
2546 1293 2644 1333 nec
2681 1278 2799 1334 finis
2838 1282 2940 1336 erit
2978 1282 3289 1340 insidiarum
3322 1300 3496 1359 usque
3517 1265 3586 1345 ad

1988 1376 2288 1423 extremum
2311 1367 2552 1423 halitum.
2579 1370 2690 1426 Hoc
2704 1373 2847 1454 enim
2872 1374 3247 1444 subintlicavit,
3268 1383 3391 1436 ctua
3412 1381 3547 1436 dixit
3564 1400 3586 1437 ~:

1992 1454 2094 1522 Qui
2109 1466 2277 1512 autem
2303 1463 2688 1529 perseverath
2717 1479 2874 1534 usque
2900 1467 2951 1520 in
2971 1468 3146 1535 ﬁnem,
3171 1470 3254 1524 Itic
3277 1472 3451 1527 salvus
3472 1476 3586 1529 erit.

1988 1546 2111 1603 Ideo
2142 1549 2233 1619 qui
2264 1550 2423 1613 dicit,
2446 1551 2531 1606 Ne
2571 1553 2779 1609 solliciti
2822 1557 2932 1610 sitis
2969 1560 3092 1626 quid
3129 1560 3429 1631 loquamini,
3457 1564 3597 1621 alibi

1986 1640 2063 1693 ait
2092 1658 2106 1695 :
2136 1638 2320 1695 Parati
2348 1653 2503 1698 estote
2525 1645 2594 1699 ad
2617 1649 3028 1723 respondendum
3052 1655 3192 1707 omni
3223 1656 3413 1723 petenti
3437 1673 3471 1709 α
3496 1673 3589 1712 ve-

1989 1732 2063 1786 bls
2087 1734 2335 1790 rationem
2360 1737 2425 1791 de
2446 1755 2537 1808 spe
2559 1722 2727 1795 uestra.
2753 1740 2774 1814 (
2795 1743 2845 1797 1.
2876 1742 3020 1797 Petr.
3044 1747 3098 1801 5.
3133 1722 3262 1805 15
3292 1748 3426 1805 Nam
3464 1766 3600 1808 cum

1988 1837 2162 1895 pugna
2188 1825 2331 1881 inter
2356 1830 2558 1885 amicos
2583 1841 2687 1899 est,
2710 1848 2809 1889 nos
2827 1833 2981 1903 jubet
3004 1838 3262 1894 sollicitos
3287 1856 3436 1907 esse;
3462 1859 3584 1898 cum

1986 1923 2167 1971 autem
2192 1918 2444 1987 tribunal,
2468 1921 2704 1978 furentes
2732 1926 2935 1996 populi,
2965 1928 3126 1984 timor
3147 1931 3404 2004 undique,
3432 1950 3597 1992 suam,

1988 2006 2194 2096 praebet
2218 2011 2470 2079 gratiam,
2487 2023 2542 2067 ut
2566 2013 2794 2072 fidenter
2812 2018 3117 2090 loquamur,
3140 2032 3241 2078 nec
3265 2032 3609 2096 terreamur,

1987 2094 2071 2151 vel
2114 2096 2375 2166 justitiam
2420 2104 2729 2171 prodamus.
2775 2106 2883 2163 Res
2924 2110 3108 2181 utique
3155 2129 3365 2185 magna,
3412 2094 3619 2174 virum...

1986 2186 2130 2241 circa
2169 2197 2358 2259 stagna
2388 2194 2593 2248 versari
2635 2196 2851 2253 solitum
2877 2239 2894 2265 ,
2929 2201 3072 2257 circa
3110 2204 3284 2274 pelles
3312 2216 3366 2260 et
3399 2207 3588 2265 telunii

1987 2294 2251 2371 mensam,
2280 2284 2590 2342 sedentibus
2615 2291 2874 2361 tyrannis,
2906 2304 2963 2349 et
2996 2298 3223 2373 satrapis
3250 2298 3588 2358 adstantibus

1986 2379 2049 2427 et
2068 2374 2390 2429 satellitibus
2413 2417 2428 2441 ,
2461 2380 2659 2434 strictis
2695 2381 2887 2451 gladiis
2908 2428 2925 2453 ,
2954 2387 3440 2463 assistentibusque
3466 2376 3588 2452 aliis

1987 2465 2235 2521 omnibus
2261 2481 2383 2523 cum
2411 2468 2537 2537 illis,
2562 2466 2738 2529 solum
2768 2475 3090 2548 ingressum,
3122 2480 3347 2552 ligatum
3368 2527 3383 2552 ,
3416 2502 3587 2556 prono

1987 2558 2183 2626 capite,
2213 2559 2454 2629 potuisse
2485 2564 2571 2619 vel
2597 2580 2659 2620 os
2683 2568 2916 2636 aperire.
2944 2570 3157 2627 Etenim
3180 2574 3443 2633 doctrina:
3471 2595 3588 2636 sum

1986 2661 2155 2740 causa.
2179 2663 2247 2705 ne
2274 2650 2575 2709 defensioni
2604 2657 2823 2726 quidem
2858 2660 3035 2717 locum
3063 2664 3283 2734 dabant,
3316 2669 3411 2723 sed
3442 2671 3587 2740 ipsos

1986 2739 2138 2834 quasi
2160 2755 2479 2834 communes
2505 2748 2653 2802 orbis
2678 2763 3025 2821 corruptores
3051 2760 3332 2815 tormentis
3360 2739 3588 2834 deputa-

1986 2829 2135 2885 bant.
2156 2831 2308 2889 Nunc
2340 2835 2443 2902 Qui
2461 2839 2632 2893 orbem
2656 2849 2903 2897 terrarum
2925 2848 3237 2916 perturbant,
3272 2851 3327 2906 lii
3344 2829 3482 2921 sunt,
3508 2857 3593 2912 ἰη-

1986 2922 2120 2989 quit,
2144 2932 2193 2976 et
2220 2924 2303 3009 hic
2326 2927 2513 2982 adsunt
2538 2944 2557 2981 :
2576 2939 2631 2985 et
2669 2946 2877 2999 rursus,
2900 2936 3157 2994 Adversus
3176 2942 3342 3011 edicta
3369 2944 3588 3003 Cesaris

2067 3016 2371 3109 pradicant,
2394 3018 2613 3076 dicentes
2635 3021 2897 3080 Christum
2920 3027 3103 3084 Jesttm
3126 3049 3233 3089 esse
3257 3050 3425 3106 regem
3448 3027 3594 3109 (Act.-

1988 3101 2076 3156 1.7.
2108 3104 2160 3157 6.
2184 3105 2256 3174 7).
2296 3106 2504 3178 Ubique
2552 3112 2837 3171 tribunalia
2887 3116 3199 3188 huiusmodi
3242 3101 3587 3194 opinionibus

1987 3204 2359 3289 praeoccupata
2402 3208 2579 3265 erant,
2605 3212 2654 3255 et
2688 3205 2891 3260 auxilio
2924 3222 3161 3277 superno
3189 3214 3416 3270 multum
3446 3233 3611 3289 eget

1986 3279 2234 3380 bant,-ut_
2273 3285 2377 3341 hoc
2416 3296 2707 3362 utrumque
2745 3294 3056 3366 probarent,
3099 3309 3153 3355 et
3190 3301 3405 3375 dogma,
3444 3279 3590 3380 quod

1986 3376 2367 3468 prmdiCabant,
2389 3395 2574 3436 verum
2603 3398 2744 3450 esse,
2772 3394 2825 3442 et
2846 3392 3223 3449 communibus
3246 3376 3593 3468 legibus'non

1988 3466 2284 3537 adversari,
2301 3479 2465 3542 utque
2486 3474 2612 3529 dum
2632 3477 2979 3549 loquerentur
2994 3482 3060 3538 de
3073 3466 3339 3556 dogmate,
3355 3505 3424 3547 ne
3440 3494 3591 3551 vide-

1988 3568 2177 3614 rentur
2204 3562 2346 3634 leges
2372 3565 2688 3625 subvertere
2711 3612 2727 3638 ,
2760 3586 2825 3627 ac
2852 3589 3040 3631 rursus
3064 3576 3190 3635 dum
3217 3580 3593 3646 demonstrare

1988 3662 2317 3707 conarentur
2340 3695 2354 3718 ,
2397 3670 2457 3709 se
2498 3662 2809 3717 communia
2854 3672 3057 3723 statuta
3085 3684 3191 3725 non
3222 3672 3458 3741 violare,
3490 3677 3590 3734 do-

1989 3752 2225 3811 gmatunt
2256 3746 2545 3814 puritatem
2577 3766 2643 3806 ne
2668 3766 3073 3826 corrumperent
3104 3777 3116 3816 :
3150 3778 3269 3832 quze
3298 3766 3478 3822 omnia
3506 3770 3590 3825 vi-

1989 3833 2142 3888 debis
2180 3844 2235 3889 et
2272 3852 2301 3890 a
2343 3839 2535 3907 Petro,
2558 3851 2611 3895 et
2654 3859 2684 3897 a
2733 3846 2929 3913 Paulo,
2956 3859 3011 3904 et
3036 3866 3064 3903 a
3099 3857 3308 3911 caeteris
3340 3860 3591 3918 omnibus

1988 3925 2282 3995 prudenter
2303 3930 2575 3986 observari
2596 3944 2649 3989 et
2669 3935 2830 3997 efﬁci.
2866 3939 3077 3996 Etenim
3097 3955 3158 3998 ut
3186 3946 3389 4005 factiosi
3412 3961 3466 4007 et
3486 3970 3593 4010 no-

1990 4024 2204 4071 vateres
2229 4016 2425 4089 ubique
2445 4029 2735 4079 terrrarum
2753 4030 3142 4088 accusabantur
3161 4053 3173 4089 :
3192 4046 3426 4095 attamen
3450 4041 3592 4100 hanc

1991 4105 2067 4159 illi
2094 4108 2452 4175 suspicionem
2484 4114 2813 4183 repulerttnt,
2838 4128 2891 4173 et
2920 4127 3245 4182 contrariam
3275 4129 3376 4185 sibi
3402 4136 3591 4190 conci-
3616 4176 3617 4179 η

1992 4196 2190 4254 liarunt
2214 4240 2228 4265 ,
2257 4201 2418 4269 quasi.
2438 4213 2743 4260 servatores
2768 4248 2783 4272 ,
2812 4220 3092 4269 curatores
3111 4230 3175 4271 ac
3199 4218 3423 4278 beneﬁci
3444 4227 3590 4295 apud

1990 4306 2179 4348 omnes
2209 4293 2483 4385 celebrati.
2516 4296 2641 4353 llaec
2668 4309 2845 4357 autem
2868 4306 3045 4361 omnia
3074 4323 3138 4363 ex
3170 4310 3367 4380 ingenti
3393 4293 3590 4385 patien-

1991 4384 2062 4438 tia
2099 4384 2480 4452 operabantur.
2511 4385 2870 4461 Quamobrem
2900 4394 3106 4451 dicebat
3139 4398 3337 4458 Paulus
3360 4423 3375 4456 :
3401 4404 3589 4471 Quoti-

1990 4474 2075 4569 die
2098 4474 2287 4569 morior
2318 4475 2395 4549 (1.
2424 4476 2542 4532 Cor.
2580 4480 2667 4534 15.
2697 4482 2817 4551 Et};
2848 4494 2902 4539 et
2931 4501 3102 4557 usque
3128 4492 3180 4545 in
3211 4492 3375 4550 finem
3404 4499 3457 4553 in
3488 4516 3578 4569 pe,

1992 4566 2173 4621 riculis
2215 4569 2596 4637 perseveravit.
2638 4572 2751 4640 Qua
2798 4572 2957 4646 igitur
2985 4583 3139 4635 venia
3178 4583 3327 4656 digni
3376 4566 3586 4659 sumus,

1989 4660 2081 4732 qui
2108 4667 2185 4715 tot
2208 4662 2454 4731 exempla
2485 4661 2745 4721 habentes
2764 4670 2924 4725 etiam
2952 4672 3004 4727 in
3035 4689 3168 4744 pace
3187 4679 3422 4739 molliter
3448 4688 3584 4743 vivi-

1990 4766 2108 4805 mus
2134 4765 2197 4805 ac
2221 4750 2537 4821 dejicimur?
2566 4753 2789 4812 Nemine
2803 4762 3001 4830 quippe
3019 4763 3586 4846 bellanteoccidimur,

1992 4845 2204 4898 nemine
2220 4856 2577 4916 persequente
2592 4848 2935 4908 dissolvimur
2948 4872 2965 4911 :
2980 4856 3182 4927 inpaee
3202 4864 3358 4920 saluti
3376 4868 3587 4943 advigi-

1994 4934 2365 5002 larejubemur
2376 4945 2430 4992 et
2444 4938 2747 5033 nequimus.
2764 4940 2867 5033 Illi,
2882 4945 3105 5004 incenso
3121 4952 3270 5019 orbe,
3285 4966 3338 5011 et
3350 4975 3481 5031 rogo
3492 4934 3591 5033 per

1993 5036 2157 5127 totam
2186 5037 2383 5127 terram
2411 5029 2632 5127 ardente
2652 5072 2669 5097 ,
2699 5032 2751 5087 in
2771 5032 3051 5127 ‘ﬂammam
3083 5042 3309 5115 ingressi
3328 5090 3343 5115 ,
3372 5029 3466 5109 eos
3492 5029 3586 5127 qui

1992 5116 2448 5201 comburebantur
2467 5120 2589 5173 inde
2614 5121 2999 5196 extrahebant;
3031 5138 3086 5185 tu
3106 5148 3235 5190 vero
3260 5153 3329 5193 ne
3356 5116 3586 5211 teipsum

1992 5209 2209 5282 quidem
2238 5225 2454 5267 servare
2483 5222 2653 5281 potes.
2687 5215 2817 5281 Quae
2858 5218 3017 5289 igitur
3042 5224 3196 5280 nobis
3223 5230 3324 5285 erit
3354 5209 3589 5291 ﬁducia?

1992 5320 2111 5371 qua:
2140 5303 2335 5359 venia?
2386 5304 2499 5360 Non
2544 5307 2766 5363 verbera
2809 5309 3108 5380 imminent,
3151 5333 3257 5373 non
3297 5337 3587 5395 carceres,

1994 5410 2098 5487 non
2145 5394 2435 5487 principes,
2478 5412 2584 5450 non
2628 5413 2935 5472 synagogrc,
2979 5421 3084 5459 non
3126 5407 3269 5465 aliud
3309 5416 3590 5487 quidpiam

1997 5485 2338 5555 huiusmodi,
2381 5487 2474 5541 sed
2506 5498 2694 5543 contra
2727 5505 2947 5559 prorsus
2972 5536 2986 5560 ,
3030 5512 3129 5551 nos
3166 5485 3509 5563 dominamur
3538 5521 3590 5568 et

1994 5577 2337 5646 imperamus.
2385 5579 2741 5648 Imperatores
2780 5585 2921 5638 enim
2967 5588 3105 5655 piam
3143 5592 3326 5649 colunt
3372 5601 3590 5671 religio-

1994 5684 2136 5731 nem,
2163 5669 2447 5724 tibristiani
2478 5670 2656 5725 multis
2682 5673 2931 5729 fruuntur
2959 5676 3275 5749 honoribus,
3309 5669 3591 5756 praefecto.

1993 5761 2090 5827 ris,
2133 5761 2298 5832 gloria
2326 5802 2341 5826 ,
2389 5763 2769 5834 tranquillitate
2801 5785 2813 5820 :
2844 5784 3020 5839 neque
3050 5774 3126 5829 sic
3153 5785 3331 5835 tamen
3366 5800 3596 5854 supera~

1998 5868 2136 5908 mus.
2166 5852 2272 5910 Sed
2305 5855 2377 5910 illi
2401 5856 2617 5925 quidem
2640 5874 2760 5914 cum
2783 5860 2848 5916 ad
2872 5864 3165 5925 cruciatum
3190 5887 3311 5929 cum
3335 5852 3443 5933 rcis
3460 5896 3595 5951 quos
