4080 6462
556 411 661 468 395

558 525 684 579 tidic
709 523 1046 581 ducerentur,
1072 529 1177 571 tam
1201 517 1468 582 doctores,
1498 531 1657 586 quam
1686 512 1954 584 discipuli,
1987 510 2134 566 mille

556 616 817 673 vibicibus
842 621 897 670 et
924 612 1106 668 multis
1129 611 1306 668 onusti
1334 610 1665 673 vulneribus,
1687 608 1888 677 majore
1907 618 2067 675 qnam
2101 604 2134 656 ii

555 710 646 780 qni
676 711 730 764 in
761 707 1008 778 paradiso
1049 715 1174 762 sunt
1198 705 1469 775 voluptate
1504 702 1814 758 fruebantur
1843 721 1855 756 :
1881 712 1982 753 nos
2011 711 2137 751 vero

554 802 645 870 qui
672 815 742 857 ne
765 801 816 854 in
847 801 1049 855 somnis
1072 797 1288 867 quidem
1321 797 1428 850 tale
1457 793 1725 866 quidpiam
1751 789 2101 847 sustinuimus
2120 829 2134 851 ,

555 911 680 952 cera
709 894 980 950 molliores
1010 905 1213 946 sumus.
1258 891 1327 944 At
1368 889 1466 954 illi,
1495 886 1723 956 inquies.
1755 882 2010 938 miracula
2041 879 2132 949 pa'-

559 987 792 1042 trahant.
835 985 915 1037 An
959 983 1077 1036 ideo
1113 997 1219 1036 non
1257 977 1711 1036 verberabantur?
1737 991 1804 1030 an
1833 990 1940 1029 non
1968 971 2135 1042 pelle-

556 1075 783 1132 bantur?
815 1073 1022 1129 Etenim
1050 1083 1104 1128 et
1130 1072 1255 1127 illud
1280 1084 1490 1141 quoque
1520 1065 1840 1138 stupendum
1861 1074 1964 1129 est,
1994 1062 2137 1133 quod

556 1181 698 1236 saepe
726 1165 793 1221 ab
819 1166 884 1220 iis
910 1180 1044 1235 quos
1073 1163 1332 1219 beneficio
1352 1161 1639 1216 affecerant
1659 1159 1781 1213 talia
1807 1166 2134 1227 paterentur,

555 1270 654 1311 nec
678 1257 757 1311 sic
785 1265 956 1310 tamen
985 1254 1343 1319 turbarentur,
1369 1251 1495 1307 dum
1523 1251 1660 1306 mala
1693 1263 1788 1319 pro
1813 1247 1969 1304 bonis
1994 1247 2134 1302 reci-

553 1359 741 1418 perent
771 1365 784 1401 :
818 1356 874 1402 tu
905 1362 1052 1414 vero,
1084 1347 1130 1401 si
1152 1361 1309 1416 quem
1339 1342 1552 1400 modico
1581 1342 1844 1397 beneflcio
1871 1336 2132 1401 affeceris,

552 1438 853 1510 deindeque
880 1437 1142 1492 molestia:
1167 1435 1434 1505 quidpiam
1473 1433 1540 1488 ab
1569 1433 1659 1486 illo
1689 1429 1960 1501 acceperis
1981 1470 1994 1495 ,
2026 1437 2134 1480 tur~

551 1531 720 1597 baris,
749 1545 813 1586 ac
841 1539 893 1585 te
921 1528 1101 1584 collati
1134 1527 1372 1582 beneficii
1400 1525 1640 1594 poenitet.

625 1621 676 1676 6.
718 1620 772 1676 Si
817 1620 992 1688 itaque
1037 1617 1306 1681 acciderit,
1357 1614 1498 1684 quod
1554 1629 1622 1667 ne
1666 1612 1872 1666 accidat
1925 1625 2133 1680 precor,

555 1712 748 1766 bellum
781 1711 833 1764 in
867 1709 1114 1764 Ecclesiis
1145 1706 1346 1762 moveri
1375 1707 1428 1760 et
1451 1704 1938 1775 persequutionem,
1965 1701 2134 1769 cogita

554 1803 670 1871 quis
697 1802 902 1855 futurus
921 1800 991 1854 sit
1027 1799 1189 1864 risus,
1218 1813 1336 1868 qua:
1367 1795 1671 1866 Opprobria.
1699 1794 1766 1848 Et
1793 1793 1986 1846 merito
2020 1791 2138 1861 qui-

553 1897 675 1950 dem
715 1912 726 1947 :
758 1909 878 1948 cum
905 1893 1046 1948 enim
1065 1892 1116 1946 in
1154 1893 1394 1961 palaestra
1439 1903 1596 1943 nemo
1616 1896 1951 1951 exerceatur,
1999 1897 2135 1954 quo-

554 1985 714 2040 modo
753 1983 946 2053 aliquis
997 1983 1051 2036 in
1105 1979 1483 2036 certaminibus
1531 1978 1635 2033 erit
1689 1974 1953 2045 insignis?
2005 1972 2136 2040 Quis

555 2077 696 2131 enim
745 2074 972 2140 athleta,
1031 2072 1120 2142 qui
1171 2069 1520 2139 pazdotribam
1571 2066 1774 2122 nullum
1821 2064 2052 2130 noverit,
2081 2063 2134 2117 in

553 2164 933 2220 certaminibus
985 2161 1277 2232 Olympicis
1349 2158 1543 2228 poterit
1599 2157 1855 2211 adversus
1913 2154 2136 2208 alterum

552 2258 822 2330 quidpiam
873 2270 1122 2326 magnum
1168 2253 1252 2308 vcl
1293 2261 1568 2306 strenuum
1609 2249 1904 2304 exhibere?
1943 2249 2134 2302 Annon

556 2358 825 2421 oporteret
856 2363 954 2403 nos
1001 2345 1239 2417 quotidie
1284 2358 1521 2416 pugnare
1541 2383 1556 2408 ,
1599 2351 1807 2405 certare
1831 2380 1847 2405 ,
1878 2339 2136 2394 currere?

549 2440 737 2496 Nonne
764 2438 957 2493 videtis
979 2425 1032 2492 in
1062 2437 1297 2507 quinque
1321 2432 1704 2489 certaminibus
1731 2431 1808 2502 (ฮฑ)
1826 2469 1841 2494 ,
1869 2446 1992 2486 cum
2014 2428 2134 2483 nul-

552 2533 662 2586 lum
687 2530 847 2585 habet
874 2532 992 2598 quis
1018 2526 1380 2582 adversarium
1408 2566 1422 2589 ,
1449 2523 1717 2594 quomodo
1737 2535 1950 2576 saccum
1977 2535 2139 2574 arena

554 2623 719 2678 multa
756 2621 1014 2691 repletum
1069 2617 1429 2688 suspendant,
1477 2615 1691 2684 illicqne
1738 2612 1904 2668 robur
1969 2621 2137 2666 totum

552 2720 836 2767 exerceant
867 2729 877 2764 :
898 2710 1134 2778 juniores
1157 2716 1333 2762 autem
1355 2719 1476 2760 cum
1504 2703 1806 2772 junioribus
1830 2717 1951 2757 sese
1977 2717 2133 2757 exer-

555 2810 714 2858 ceant
759 2800 823 2854 ad
869 2815 1098 2870 pugnam
1125 2813 1247 2853 cum
1293 2795 1612 2851 adversariis
1663 2793 2137 2850 committendam?

555 2895 665 2950 llos
695 2902 750 2948 et
789 2902 844 2946 tu
873 2893 1096 2956 imitare,
1127 2899 1182 2944 et
1211 2891 1264 2943 in
1302 2887 1650 2958 philosOphize
1686 2886 2065 2942 certaminibus
2087 2895 2140 2940 te

553 3001 764 3043 exerce.
791 2983 938 3038 Multi
980 2990 1125 3036 certe
1149 2980 1213 3036 ad
1245 2981 1377 3034 iram
1404 2980 1701 3042 concitant,
1724 2977 1875 3032 multi
1920 2978 1984 3032 ad
2013 2993 2140 3032 con-

552 3077 930 3149 cupiscentiam
959 3074 1218 3144 injiciunt,
1255 3085 1605 3142 magnamque
1628 3069 1957 3125 succendunt
1985 3069 2135 3124 llam-

553 3185 717 3228 mam.
749 3168 842 3224 Sta
869 3167 1029 3238 igitur
1067 3174 1252 3220 contra
1282 3177 1549 3218 mrumnas
1572 3205 1584 3226 ,
1619 3162 1696 3216 fer
1727 3171 1944 3217 strenue
1974 3163 2136 3216 animi

553 3262 790 3327 dolores,
813 3269 872 3314 ut
894 3258 1133 3327 corporis
1158 3269 1369 3326 quoque
1393 3253 1602 3308 labores
1625 3252 1766 3308 ferre
1786 3254 1979 3323 possis.
2000 3253 2135 3308 Bea-

553 3365 637 3408 tus
662 3352 854 3422 quippe
868 3349 987 3415 Job,
1021 3334 1308 3417 nisi'probe
1333 3354 1456 3398 ante
1482 3344 1773 3399 certamina
1804 3347 2135 3399 exercitatus

554 3445 758 3510 fuisset,
808 3455 914 3495 non
963 3449 1066 3492 tam
1096 3435 1453 3508 splenduisset
1489 3437 1539 3489 in
1581 3435 1958 3490 certaminibus
1991 3452 2002 3486 :
2035 3434 2135 3488 nisi

554 3536 838 3590 meditatus
893 3531 1078 3585 fuisset
1117 3546 1220 3599 qua
1257 3529 1463 3582 rationc
1509 3543 1796 3582 mmrorcm
1844 3542 2061 3581 omnem
2116 3529 2130 3556 ยน

553 3627 805 3696 abigeret,
821 3623 996 3678 audita
1017 3621 1244 3675 filiorum
1266 3625 1456 3681 morte,
1478 3617 1677 3687 aliquid
1700 3616 1950 3671 audacter
1976 3617 2138 3672 dixis-

553 3729 672 3774 set:
701 3717 794 3772 sed
817 3716 878 3771 ad
909 3714 1086 3770 omnia
1111 3712 1402 3768 certamina
1425 3710 1573 3765 stetit
1620 3710 1846 3774 fortiter,
1875 3709 1942 3763 ad
1977 3724 2137 3777 pecu-

558 3811 763 3864 niarum
789 3817 1160 3874 tantorumque
1189 3802 1450 3857 bonorum
1477 3799 1738 3869 jacturam
1765 3840 1781 3866 ,
1809 3799 1874 3853 ad
1905 3800 2136 3854 filiorum

571 3901 863 3964 interitum,
905 3899 971 3951 ad
1015 3898 1192 3949 uxoris
1233 3895 1481 3947 affectum
1529 3907 1769 3960 pravum,
1803 3893 1870 3947 ad
1899 3894 2137 3964 corporis

553 3994 794 4058 vulnera,
837 3990 902 4044 ad
923 3989 1212 4042 amicorum
1241 3983 1523 4064 opprobria
1547 4025 1561 4049 ,
1594 3983 1660 4038 ad
1687 3985 1921 4039 convicia
1945 3985 2132 4041 dome-

553 4089 828 4143 sticorum.
875 4081 926 4136 Si
960 4093 1119 4149 porro
1163 4076 1291 4131 velis
1330 4076 1738 4130 exercitationes
1766 4077 1880 4146 ejus
1915 4077 2131 4148 conspi-

552 4194 694 4241 cere,
716 4175 837 4230 audi
866 4175 1034 4242 ipsum
1059 4170 1345 4232 dicentem,
1372 4175 1626 4236 quantum
1645 4171 1918 4237 pecuniam
1949 4171 2131 4239 despi-

547 4277 695 4330 ceret
723 4283 734 4318 :
769 4265 830 4319 Si
866 4263 1016 4316 etiam
1046 4262 1248 4318 laetatus
1279 4271 1389 4310 sum
1411 4298 1424 4321 ,
1458 4256 1627 4310 multis
1657 4259 1778 4310 mihi
1821 4259 2134 4327 amueutibus

548 4357 735 4412 divitiis
765 4355 840 4409 :si
861 4353 1144 4421 nonputavi
1164 4363 1344 4402 aurum
1365 4347 1641 4414 pulverem,
1670 4349 1784 4402 siin
1818 4351 1984 4418 lapide
2013 4367 2130 4422 preโ

545 4452 670 4504 tioso
698 4446 936 4515 ๏ฌduciam
979 4442 1130 4495 habui
1183 4441 1302 4511 (Job
1339 4439 1426 4494 3|.
1457 4438 1546 4493 25.
1575 4437 1702 4509 24).
1752 4440 1876 4495 Ideo
1906 4457 1973 4495 nc
2003 4443 2133 4511 ipsis

547 4539 762 4609 quidem
789 4537 1034 4604 abreptis
1058 4535 1370 4590 turbabatur
1394 4575 1407 4600 ,
1437 4534 1526 4603 qui
1559 4535 1898 4602 prmsvntium
1926 4536 2130 4603 cupidi-

549 4642 655 4686 tate
695 4645 799 4684 non
833 4627 1126 4682 tenebatur.
1174 4627 1312 4681 Audi
1354 4626 1512 4681 etiam
1541 4625 1806 4694 quomodo
1831 4641 1891 4680 ea
1921 4643 2038 4694 qua:
2062 4627 2129 4681 ad

547 4724 687 4777 filios
709 4719 1018 4789 spectabant
1041 4727 1308 4784 tractaret,
1339 4733 1446 4771 non
1477 4717 1704 4771 molliter
1721 4718 1835 4786 plus
1861 4733 2017 4786 quam
2047 4719 2128 4774 fas

546 4816 616 4870 sit
636 4827 820 4884 agens,
854 4818 908 4863 nt
932 4825 1048 4877 nos,
1080 4810 1174 4865 sed
1201 4824 1413 4864 omnem
1432 4808 1498 4863 ab
1525 4809 1629 4863 iilis
1654 4808 1980 4876 diligentiam
2012 4811 2124 4865 exi-

545 4919 694 4976 gens.
730 4902 862 4958 Nam
893 4902 979 4971 qui
1003 4915 1100 4970 pro
1128 4900 1354 4956 occultis
1378 4899 1696 4954 sacri๏ฌcium
1731 4899 2006 4968 offerebat,
2033 4917 2124 4956 coโ

542 4999 648 5066 gita
693 5009 851 5065 quam
900 4999 1088 5046 exacte
1130 4991 1197 5045 de
1237 4989 1533 5044 manifestis
1569 4990 1852 5058 judicaret.
1899 4990 2047 5057 Quod
2079 4992 2122 5047 si

545 5088 677 5142 velis
704 5085 818 5155 ejus
848 5082 913 5138 de
944 5083 1184 5136 castitate
1222 5093 1496 5135 sermones
1522 5079 1709 5134 audire
1735 5121 1749 5146 ,
1801 5080 1921 5133 audi
1973 5082 2119 5136 illum

545 5183 806 5237 dicentem
835 5196 845 5230 อพ
871 5175 1052 5246 Pepigi
1081 5175 1243 5244 foedus
1271 5189 1385 5226 cum
1404 5172 1563 5226 oculis
1600 5173 1742 5237 meis,
1776 5181 1828 5224 ut
1855 5189 1914 5226 ne
1935 5176 2122 5243 coyita-

540 5289 643 5326 rem
681 5270 882 5339 quidem
912 5267 972 5320 de
996 5267 1186 5336 virgine
1212 5263 1370 5332 (Ibid.
1400 5279 1444 5318 ฯ.
1481 5265 1502 5317 l
1529 5261 1567 5333 ).
1598 5263 1801 5318 Idcirco
1838 5265 1984 5318 illum
2015 5282 2117 5320 non

540 5361 696 5431 fregit
724 5374 856 5414 uxor
888 5374 902 5410 :
928 5357 1072 5410 illam
1097 5355 1295 5426 quippe
1317 5364 1470 5406 antea
1501 5355 1732 5420 amabat,
1762 5363 1818 5408 et
1848 5369 1952 5409 non
1981 5356 2116 5410 ultra

541 5453 778 5518 modbm,
802 5450 892 5505 sed
915 5448 1234 5504 utconvenit
1253 5461 1471 5501 uxorein
1496 5447 1736 5516 diligere.
1760 5448 2116 5515 Quamobrem

541 5544 668 5598 mihi
693 5541 871 5596 mirari
911 5540 1071 5604 subit,
1106 5555 1198 5592 cur
1230 5539 1279 5592 in
1312 5554 1546 5590 animum
1581 5538 1842 5593 induxerit
1869 5539 2116 5596 diabolus

597 5686 612 5716 แฝท
646 5683 762 5740 Alii,
787 5680 1093 5742 cupiditateยป:
1117 5694 1317 5731 onmem.

597 5745 665 5800 (ni
706 5747 783 5792 lle
825 5743 1075 5804 penlalltlu
1119 5742 1224 5804 sive
1267 5745 1584 5804 quinquertio
1635 5748 1792 5795 actum
1842 5749 1920 5794 est
1964 5743 2103 5804 Anti-

538 5799 736 5870 quitatis
777 5799 1050 5866 explanata:
1077 5804 1128 5854 ฮค.
1161 5803 1216 5861 ฮฝ,
1246 5799 1358 5866 ฮน.โฮด,
1389 5799 1434 5865 ฮนแฟ.
1472 5805 1577 5854 291.
2072 5799 2075 5806 โ

1295 405 1350 456 S.
1390 397 1666 456 JOANNIS
1693 389 2164 452 Clll'tYSOSTOMI
2220 390 2535 447 ฮฮนฯฮนฮนฮนฮตฮนฮด.
2571 392 3106 451 CONSTAN'HNOP.

2245 512 2540 566 certamina
2569 522 2754 568 contra
2777 513 2950 578 ipsum
2973 527 3210 578 movere,
3234 513 3322 584 qui
3348 514 3471 583 ejus
3498 516 3830 570 exercitatio-

2244 616 2339 656 nes
2375 613 2622 658 noverat.
2664 604 2772 659 Cur
2799 619 2927 675 ergo
2951 604 3003 659 id
3040 605 3114 659 illi
3145 605 3198 660 in
3226 614 3462 662 mentem
3490 607 3676 660 venit?
3700 607 3831 661 Mala

2243 705 2325 749 est
2369 693 2539 750 bestia
2585 711 2684 752 nec
2709 710 2962 767 umquam
2999 696 3289 767 desperat;
3320 697 3371 754 id
3400 698 3544 770 quod
3571 711 3714 754 certe
3736 715 3834 754 nos

2244 787 2476 843 maxime
2501 788 2720 844 damnat
2743 831 2758 854 ,
2807 787 2948 859 quod
2977 804 3099 844 cum
3144 789 3233 846 ille
3266 806 3558 863 numquam
3586 791 3831 861 desperet

2244 880 2310 935 de
2333 881 2566 950 pernicie
2597 882 2751 936 nobis
2788 881 3064 939 inferenda
3090 925 3105 949 ,
3134 897 3230 938 nos
3256 882 3615 955 desperemus
3641 883 3710 938 de
3731 899 3825 936 no-

2244 984 2353 1026 stra
2377 973 2566 1028 salute.
2598 973 2703 1029 Sed
2728 971 2848 1029 vide
2876 975 3038 1029 etiam
3081 974 3348 1045 quomodo
3377 977 3623 1046 corporis
3665 976 3831 1030 labem

2245 1074 2298 1117 et
2322 1065 2525 1119 saniem
2547 1074 2670 1120 ante
2691 1063 2979 1121 meditatus
2997 1067 3088 1121 sit.
3111 1066 3246 1134 Quia
3269 1067 3409 1122 enim
3433 1067 3568 1122 nihil
3583 1082 3831 1137 umquam

2249 1154 2352 1210 tale
2374 1169 2564 1224 passus
2593 1153 2782 1221 fuerat,
2825 1155 2920 1211 sed
2947 1156 3000 1210 in
3026 1155 3245 1222 divitiis,
3275 1155 3547 1227 voluptate
3573 1171 3637 1212 ac
3656 1157 3836 1226 splen-

2244 1246 2374 1301 dore
2411 1246 2572 1300 vitam
2600 1255 2952 1315 transegerat,
3007 1248 3210 1303 alienas
3240 1247 3574 1304 calamitates
3598 1245 3834 1317 quotidie

2243 1338 2422 1393 animo
2451 1339 2716 1394 versabat.
2768 1339 2835 1392 Et
2864 1338 2966 1394 hoc
2987 1339 3270 1394 declarans
3298 1338 3512 1394 dicebat
3545 1357 3558 1393 :
3590 1337 3728 1392 Nam
3774 1341 3833 1391 ti-

2244 1443 2373 1493 mor,
2400 1445 2550 1497 quem
2599 1427 2852 1497 timebam,
2882 1433 3043 1484 euenit
3079 1431 3222 1494 mihi,
3251 1439 3298 1484 et
3323 1447 3471 1500 quem
3493 1430 3831 1497 trepidabant,

2243 1523 2458 1575 occurrit
2479 1522 2604 1576 mihi
2640 1520 2759 1592 (Job
2786 1524 2838 1577 3.
2869 1523 2939 1579 25
2960 1524 2998 1591 ).
3032 1524 3098 1577 Et
3123 1537 3308 1578 rursus
3338 1542 3354 1576 :
3379 1522 3492 1594 Ego
3522 1540 3641 1576 vero
3683 1540 3836 1592 super

2242 1613 2379 1668 omni
2406 1614 2657 1668 imbecillo
2694 1615 2890 1684 ploravi
2909 1655 2922 1676 ,
2953 1624 2998 1668 et
3025 1615 3245 1685 ingemui
3280 1615 3454 1668 uidens
3482 1616 3644 1668 cirum
3667 1615 3719 1667 in
3748 1632 3834 1666 ue-

2243 1706 2554 1765 cessitatibtts
2598 1708 2615 1775 (
2638 1705 2724 1760 Id.
2759 1706 2847 1762 30.
2874 1706 2946 1761 25
2964 1706 3005 1776 ).
3044 1705 3167 1760 Ideo
3193 1707 3334 1761 nulla
3361 1721 3426 1760 ex
3453 1706 3560 1760 illis
3587 1706 3836 1760 inlolera-

2244 1799 2442 1855 bilibus
2467 1797 2860 1854 calamitatibus
2911 1798 3060 1852 illum
3089 1797 3451 1865 perturbabat.
3483 1794 3564 1850 Nc
3590 1796 3717 1849 mihi
3745 1811 3835 1850 re-

2243 1891 2436 1962 spicias
2487 1890 2830 1960 pecuniarum
2877 1891 3138 1958 jacturatn
3169 1930 3184 1954 ,
3238 1888 3468 1944 filiorum
3535 1889 3833 1950 interitum,

2244 1985 2452 2058 plagam
2502 1983 2648 2038 illam
2677 1981 3022 2038 incumbilem
3045 2021 3059 2046 ,
3094 1981 3277 2035 uxoris
3323 1977 3584 2043 insidias;
3618 1979 3710 2034 sed
3755 1979 3838 2032 his

2245 2077 2400 2146 longe
2422 2074 2688 2146 graviora.
2717 2072 2785 2128 Et
2803 2072 2928 2143 quid
2949 2071 3186 2142 gravius,
3218 2070 3446 2141 inquies,
3471 2069 3573 2126 Joh
3596 2072 3837 2138 accepit?

2250 2167 2319 2222 ab
2346 2165 2568 2222 historia
2596 2173 2746 2220 certe
2771 2164 2902 2222 nihil
2931 2163 3077 2226 aliud
3103 2163 3380 2219 discimus.
3413 2162 3546 2229 Quia
3570 2163 3834 2217 dormita-

2246 2272 2364 2310 ntus
2392 2297 2407 2321 ,
2437 2270 2542 2310 non
2573 2255 2826 2311 discimus
2877 2272 2891 2307 :
2923 2255 3015 2308 sed
3063 2254 3154 2324 qui
3184 2254 3469 2325 diligenter
3495 2253 3760 2323 explorat,
3784 2262 3840 2306 et

2245 2348 2582 2418 margaritam
2605 2347 2772 2420 probe
2797 2346 3008 2416 quierit,
3044 2345 3208 2400 multo
3225 2344 3375 2415 plura
3393 2345 3548 2400 sciet.
3578 2344 3834 2400 Graviora

2246 2441 2464 2512 quippe,
2493 2453 2613 2508 qum
2653 2438 2910 2508 majorem
2952 2436 3408 2507 perturbationem
3441 2435 3638 2490 inferre
3685 2445 3835 2504 pate-

2247 2541 2389 2598 rant,
2418 2531 2522 2584 alia
2567 2538 2742 2586 erant.
2773 2529 2978 2590 Primo,
3004 2527 3145 2600 quod
3186 2526 3315 2582 nihil
3362 2527 3524 2582 sciret
3572 2526 3640 2580 de
3671 2541 3834 2594 regno

2246 2631 2500 2678 caelorum
2531 2631 2585 2677 et
2610 2622 2677 2676 de
2711 2621 3106 2677 resurrectione
3134 2620 3209 2691 (a)
3244 2621 3421 2690 :quod
3454 2620 3615 2675 etiam
3646 2621 3832 2690 lugens

2245 2713 2454 2769 dicebat
2483 2731 2495 2766 :
2525 2710 2648 2767 Non
2703 2713 2836 2766 enim
2863 2712 2916 2764 in
2943 2722 3188 2765 cateruam
3218 2710 3402 2779 vivam,
3433 2722 3489 2764 ut
3529 2712 3835 2782 longanimia

2246 2808 2342 2860 sint
2371 2804 2495 2875 (Id.
2535 2805 2587 2859 7.
2626 2803 2753 2874 ฮนฮธ).
2793 2802 3062 2870 Secundo,
3101 2802 3243 2872 quod
3282 2803 3574 2858 multorum
3602 2803 3704 2858 sibi
3735 2801 3835 2856 bo-

2249 2913 2438 2953 norum
2465 2895 2711 2952 conscius
2731 2908 2893 2952 esset.
2919 2895 3122 2951 Tertio.
3151 2894 3292 2965 quod
3323 2895 3518 2950 nullius
3539 2907 3836 2951 essetcon-

2248 2989 2389 3044 seius
2415 2987 2562 3041 mali.
2593 2987 2815 3053 Quarto,
2840 2985 2983 3057 quod
3021 2987 3122 3040 sibi
3153 3001 3182 3039 a
3225 2986 3334 3040 Deo
3363 2996 3577 3058 putaret
3607 2987 3720 3040 haec
3748 2987 3834 3040 in-

2247 3078 2374 3133 ferri
2397 3077 2534 3131 mala
2561 3096 2573 3131 :
2617 3077 2759 3149 quod
2791 3078 2834 3132 si
2860 3077 3020 3132 etiam
3058 3091 3086 3130 a
3120 3075 3334 3132 diabolo
3359 3117 3373 3140 ,
3401 3078 3501 3131 hoc
3529 3076 3604 3131 illi
3631 3087 3837 3150 pcterat

2248 3169 2571 3225 o๏ฌ'eudiculo
2616 3181 2752 3223 esse.
2799 3168 3025 3234 Quinto,
3059 3167 3200 3238 quod
3224 3167 3432 3223 audiret
3451 3167 3655 3224 amicos
3685 3183 3744 3223 se
3767 3167 3839 3223 de

2248 3261 2481 3331 nequitia
2510 3261 2850 3315 incusantes:
2877 3258 2998 3312 Non
3035 3260 3169 3320 enim
3202 3259 3480 3330 condignas
3502 3300 3517 3323 ,
3549 3259 3834 3328 dicebant,

2246 3353 2464 3423 peccatis
2485 3353 2584 3406 tuis
2602 3352 2780 3421 plagas
2798 3351 2985 3420 accipis
3005 3349 3117 3419 (Id.
3146 3352 3228 3414 11.
3259 3352 3291 3405 6
3315 3353 3353 3420 ).
3394 3351 3581 3416 Sexto,
3609 3352 3749 3422 quod
3782 3353 3836 3408 iu

2248 3443 2478 3516 nequitia
2490 3443 2726 3498 viventes
2741 3441 2943 3497 videret
2961 3455 3215 3510 prospere
3230 3455 3410 3513 agere,
3424 3452 3546 3498 etse
3564 3442 3835 3498 deridere.

2247 3531 2660 3602 Septimo,un
2682 3531 2948 3586 neminem
2963 3531 3167 3586 videret
3184 3533 3304 3586 talia
3325 3547 3576 3602 umquam
3597 3548 3833 3603 passum.

2318 3624 2373 3678 7.
2401 3621 2483 3675 Ex
2505 3621 2778 3705 pusillitate
2800 3631 2972 3676 nostra
2990 3632 3234 3691 quantum
3267 3622 3526 3692 splendeat
3547 3623 3667 3679 Jobi
3687 3627 3837 3695 [orti-

2249 3713 2387 3768 tudo.
2417 3743 2488 3752 โ
2517 3712 2585 3766 Et
2604 3712 2647 3766 si
2674 3712 2884 3767 discere
2917 3711 3048 3766 velis
3073 3721 3270 3782 quanta
3298 3712 3412 3768 ฮ]ฯฮฟ
3438 3715 3568 3780 sint,
3591 3729 3835 3784 praesen-

2245 3807 2315 3860 tia
2345 3805 2644 3862 considera.
2677 3804 2807 3859 Nam
2837 3806 2880 3859 si
2914 3820 3056 3860 nunc
3082 3845 3098 3872 ,
3127 3820 3249 3860 cum
3281 3820 3502 3876 regnum
3545 3820 3830 3878 exspecta-

2245 3910 2347 3969 tur,
2373 3916 2494 3957 cum
2539 3902 2858 3957 resurrectio
2885 3908 3148 3971 speratur.
3178 3916 3387 3958 necnon
3423 3901 3712 3960 ineil'abilia
3739 3904 3831 3959 illa

2243 3997 2400 4060 bona,
2426 4011 2547 4051 cum
2579 3994 2835 4050 malorum
2865 3995 3012 4049 mille
3039 3994 3190 4049 nobis
3218 3995 3420 4054 conscii
3451 4010 3640 4050 sumus
3661 4038 3676 4060 ,
3707 4011 3830 4052 cum

2241 4097 2318 4145 tot
2345 4089 2604 4144 habemus
2628 4085 2873 4155 exempla
2896 4127 2911 4149 ,
2943 4094 2998 4139 et
3035 4091 3233 4140 tantam
3266 4095 3555 4142 tractamus
3584 4086 3831 4156 philoso-

2239 4181 2444 4252 phiam,
2473 4181 2517 4234 si
2544 4179 2756 4248 quidam
2783 4193 2848 4233 ex
2892 4177 3049 4232 nobis
3079 4177 3290 4247 paulum
3320 4180 3437 4234 auri
3461 4180 3826 4249 perdiderint,

2242 4287 2384 4342 saโpe
2404 4273 2586 4343 rapina
2613 4281 2837 4342 partum,
2868 4285 2974 4325 non
3004 4271 3219 4327 vitalem
3243 4271 3344 4326 sibi
3372 4271 3530 4328 vitam
3561 4288 3684 4329 esse
3705 4274 3830 4329 exi-

2240 4364 2493 4429 stimant;
2525 4379 2629 4418 non
2665 4372 2885 4432 urgente
2923 4378 3123 4429 uxore,
3178 4376 3284 4417 non
3337 4362 3573 4432 abreptis
3620 4364 3825 4431 liberis,

2241 4472 2344 4515 non
2366 4456 2552 4511 amicis
2579 4453 3024 4525 exprobrantibus
3047 4494 3061 4516 ,
3092 4470 3196 4509 non
3223 4453 3533 4509 domesticis
3561 4455 3827 4509 insultan-

2240 4551 2411 4615 tibus;
2442 4549 2535 4604 sed
2583 4549 2764 4603 multis
2810 4548 2980 4616 ipsum
3010 4547 3432 4614 consolantibus,
3463 4547 3582 4604 sive
3608 4547 3824 4612 verbis,

2237 4642 2350 4696 sive
2372 4641 2527 4696 rebus
2546 4640 2700 4709 ipsis:
2726 4638 3079 4708 quotcoronis
3090 4637 3281 4706 dignus
3296 4638 3387 4693 ille
3410 4653 3514 4694 non
3535 4638 3714 4704 fuerit,
3731 4640 3826 4709 qui

2231 4731 2390 4802 justis
2433 4731 2648 4787 collecta
2698 4729 2797 4783 sibi
2829 4728 3101 4784 laboribus
3119 4728 3250 4782 vidit
3276 4728 3393 4782 sine
3419 4743 3577 4783 causa
3604 4728 3778 4796 abripi
3805 4771 3821 4793 .

2233 4830 2430 4892 etpost
2471 4821 2556 4875 illa
2586 4821 2764 4882 omnia
2789 4820 2937 4876 mille
2962 4820 3317 4876 tentationum
3341 4835 3538 4890 genera
3562 4831 3820 4890 expertus

2233 4923 2337 4986 est,
2370 4928 2686 4984 semperque
2729 4923 2904 4970 tamen
2939 4914 3192 4967 immotus
3232 4913 3449 4976 mansit,
3492 4922 3561 4988 _et
3603 4913 3818 4969 debitas

2233 5008 2331 5063 hac
2352 5007 2420 5062 de
2449 5023 2506 5062 re
2529 5009 2817 5077 gratiarum
2842 5007 3080 5061 actiones
3104 5006 3328 5060 Domino
3351 5005 3531 5061 retulit
3551 5007 3574 5060 ?
3594 5005 3817 5060 Etiamsi

2230 5101 2370 5155 enim
2403 5100 2576 5155 nullus
2605 5101 2740 5153 alius
2771 5099 2870 5168 ipsi
2920 5098 3109 5156 fuisset
3153 5097 3424 5168 loquutus,
3481 5101 3664 5153 uxoris
3694 5107 3816 5152 tau-

2230 5205 2339 5249 tunt
2368 5191 2523 5245 verba
2557 5200 2799 5257 poterant
2832 5189 2914 5244 vel
2947 5199 3126 5258 petras
3157 5203 3517 5244 commovere.
3550 5189 3684 5244 Vide
3714 5191 3810 5260 igi.

2225 5285 2469 5341 turillius
2497 5283 2766 5338 astutiam.
2795 5282 2912 5338 Non
2938 5289 3200 5338 memorat
3224 5281 3463 5347 divitias,
3493 5296 3598 5336 non
3632 5298 3813 5336 came-

2225 5381 2324 5445 los,
2354 5393 2459 5432 non
2489 5390 2677 5445 greges
2698 5418 2711 5442 ,
2741 5391 2846 5430 non
2891 5385 3130 5430 armenta
3173 5374 3399 5445 (sciebat
3424 5376 3568 5430 enim
3601 5378 3699 5430 viri
3730 5378 3809 5430 sui

2223 5472 2304 5526 his
2333 5473 2383 5525 in
2405 5471 2565 5526 rebus
2589 5468 2974 5538 philosophiam
2998 5469 3016 5536 )
3036 5510 3048 5532 ,
3081 5466 3175 5522 sed
3215 5467 3356 5538 quod
3378 5467 3625 5523 acerbius
3673 5481 3803 5533 erat,

2225 5563 2448 5617 tilioruin
2478 5559 2772 5627 interitum,
2799 5559 3216 5630 tragoediamque
3243 5559 3504 5624 extendit,
3535 5571 3699 5631 atque
3714 5577 3804 5615 sua

2282 5697 2353 5754 (ฮนฮน)
2386 5693 2516 5752 ฯฮทฯ-ฯแฝน
2549 5693 2664 5744 dicit
2705 5694 3097 5757 Chrysmtomus.
3125 5694 3302 5757 Jobqu
3333 5694 3397 5744 de
3442 5707 3806 5747 resurrectione

2218 5757 2331 5815 nihil
2374 5761 2591 5816 novisse,
2631 5769 2725 5805 non
2764 5755 2993 5806 consonat
3039 5770 3146 5806 cum
3186 5755 3372 5820 vulgari
3409 5759 3667 5813 doctorum
3703 5771 3805 5820 cpt.-

2217 5832 2380 5870 iUUllC.
