4080 6478
257 455 362 511 597

255 561 480 618 addidit.
504 558 658 629 Quod
684 558 728 612 si
757 557 842 620 iis,
865 555 956 626 qni
983 567 1240 624 prospere
1264 567 1377 607 rem
1407 548 1654 620 agebant,
1687 545 1851 601 nihil-

256 669 365 722 que
401 650 664 722 ingratum
695 646 1047 719 patiebamur,
1082 644 1248 698 multa
1269 657 1413 712 swpe
1440 655 1634 696 uxores
1663 652 1851 693 suase-

259 751 432 797 runt:
475 741 651 811 cogita
681 753 839 808 quam
895 747 1112 792 strenua
1166 735 1252 790 illa
1300 744 1444 789 esset
1488 734 1690 796 anima,
1731 745 1852 800 quae

261 846 484 887 uxorem
516 838 593 884 tot
613 827 776 882 armis
802 827 1113 882 instructam
1144 825 1315 895 potuit
1339 823 1618 893 repellere,
1643 831 1697 876 et
1717 822 1853 876 duos

258 923 554 978 acerrimos
578 917 800 974 affectus
824 917 1069 981 calcavit,
1097 916 1445 985 cupiditatem
1473 923 1530 970 et
1549 913 1851 968 misericor-

219 1077 225 1082 _
255 1013 424 1067 diam.
452 1010 600 1065 Multi
623 1010 766 1065 enim
792 1009 885 1079 qui
914 1008 1407 1078 concupiscentiam
1451 1007 1716 1072 vicerant,
1751 1004 1852 1059 mi—

257 1101 552 1158 sericordia
582 1100 766 1156 inﬂexi
817 1109 962 1156 sunt.
996 1098 1129 1154 Nam
1175 1098 1500 1153 fortissimus
1528 1097 1618 1152 ille
1645 1095 1850 1166 Josepb

259 1194 584 1263 voluptatem
616 1193 761 1248 illam
806 1193 1137 1263 tyrannicatu
1187 1190 1433 1256 calcavit,
1459 1199 1516 1245 et
1558 1189 1846 1245 barbaram

259 1283 406 1338 illam
434 1282 712 1338 mulierem
755 1283 952 1337 multas
979 1281 1354 1336 admoventem
1379 1279 1655 1334 machinas
1690 1293 1854 1348 repu-

261 1374 344 1440 lit,
372 1375 635 1446 lacrymas
663 1388 797 1428 vero
848 1375 1130 1427 continere
1156 1387 1263 1426 non
1291 1372 1483 1442 potuit,
1514 1370 1610 1426 sed
1663 1368 1853 1424 videns

261 1467 454 1522 fratres
482 1481 609 1522 suos
655 1467 746 1537 qui
795 1480 978 1520 secum
1031 1466 1212 1534 inique
1238 1473 1480 1533 egerant,
1511 1463 1614 1517 hoc
1659 1461 1852 1516 all’ectu

256 1567 446 1626 captus
472 1565 570 1621 est,
605 1567 659 1612 et
688 1559 892 1611 vultum
910 1556 1016 1610 cito
1041 1554 1292 1626 lacrymis
1321 1555 1588 1624 Operiens,
1621 1568 1735 1608 rem
1765 1559 1851 1606 to-

259 1657 370 1703 tam
419 1648 685 1717 patefecit.
715 1647 850 1700 Cum
880 1657 1059 1700 autem
1105 1655 1162 1699 et
1208 1659 1341 1700 uxor
1363 1652 1468 1710 est,
1505 1643 1852 1699 commisera-

257 1743 410 1797 tione
433 1740 593 1810 digna
624 1739 887 1803 referens,
938 1754 1098 1807 quam
1131 1747 1429 1807 opportune
1455 1737 1647 1805 juvant
1689 1737 1851 1791 etiam

256 1841 506 1902 tempus,
532 1831 754 1885 vulnera
775 1871 792 1896 ,
822 1830 1020 1900 plagte,
1052 1837 1108 1883 et
1150 1827 1296 1883 mille
1325 1829 1691 1881 calamitatum
1743 1824 1848 1879 flu-

255 1937 378 1979 ctus
405 1941 420 1978 :
447 1937 552 1991 quo
579 1932 736 1991 pacto
761 1936 866 1975 non
893 1920 1014 1989 jure
1041 1919 1246 1975 dixeris
1271 1921 1505 1974 animam
1538 1933 1658 1988 quae
1681 1931 1850 1987 gene-

256 2033 383 2072 rose
403 2025 600 2071 tantam
633 2016 737 2070 fert
763 2023 1134 2083 tempestatem
1154 2055 1170 2072 .
1198 2028 1320 2068 esse
1339 2012 1622 2067 adamante
1643 2011 1854 2065 firmio-

255 2110 411 2164 rem?
438 2108 616 2162 Liceat
646 2106 774 2160 mihi
812 2105 993 2161 dicere
1029 2107 1225 2171 vobis,
1259 2105 1473 2160 beatum
1496 2104 1641 2158 illum
1669 2104 1712 2156 si
1745 2118 1850 2156 non

254 2201 537 2271 majorem,
562 2215 667 2254 non
688 2200 949 2254 minorem
959 2209 1107 2254 certe
1122 2198 1252 2268 ipsis
1265 2196 1521 2266 apostolis
1537 2195 1720 2250 fuisse.
1739 2193 1796 2249 lll
1805 2196 1849 2250 is

255 2309 488 2364 namque
507 2294 804 2348 consolatio
828 2301 965 2358 erat,
993 2291 1135 2362 quod
1167 2298 1383 2361 propter
1409 2289 1678 2343 Christum
1703 2299 1851 2357 pate-

254 2395 476 2441 rentur:
496 2387 666 2441 ethoc
685 2386 935 2440 idoneum
958 2394 1074 2438 erat
1100 2383 1394 2438 remedium
1407 2381 1547 2453 quod
1567 2381 1686 2435 illos
1711 2395 1849 2450 quo-

254 2478 385 2533 tidie
405 2478 634 2548 erigeret
648 2476 808 2547 ,quod
823 2476 982 2530 etiam
1003 2475 1197 2544 ubique
1213 2474 1546 2544 proponebat
1567 2471 1844 2536 Dominus,

254 2569 479 2640 PrOpler
503 2585 583 2623 me
608 2609 625 2635 ,
655 2569 837 2622 dicens
861 2611 875 2632 ,
899 2577 955 2622 et
978 2609 992 2630 ,
1018 2566 1081 2622 Si
1103 2583 1182 2619 me
1202 2563 1622 2636 patremfamilias
1653 2560 1849 2615 Beelze-

252 2664 352 2717 bub
368 2672 664 2716 vomuerunt
681 2659 894 2733 (Matth.
917 2661 1002 2715 ιθ.
1023 2658 1134 2730 25).
1155 2659 1251 2714 Ille
1268 2674 1392 2712 vero
1411 2659 1506 2710 ista
1521 2670 1719 2711 vacuus
1735 2662 1850 2709 erat

252 2754 623 2808 consolatione
644 2793 658 2817 ,
683 2767 784 2806 nec
815 2768 919 2805 non
947 2751 1038 2804 illa
1063 2765 1182 2820 qua:
1211 2765 1277 2802 ex
1306 2747 1490 2818 signis,
1521 2745 1608 2801 vel
1635 2761 1752 2815 qua:
1780 2759 1846 2798 ex

251 2844 422 2914 gratia
448 2843 901 2913 proficiscebatur.
929 2840 1113 2910 Neque
1138 2840 1279 2894 enim
1309 2848 1512 2893 tantam
1535 2836 1717 2891 habuit
1740 2837 1846 2890 vim

252 2933 506 3002 Spiritus.
528 2933 788 3002 Quodque
808 2932 980 3001 majus
1004 2941 1108 2994 est,
1131 2930 1183 2983 in
1210 2928 1420 2984 deliciis
1441 2927 1626 2982 multis
1641 2925 1842 2981 educa-

219 3021 221 3024 ⁴
254 3034 360 3087 tns,
388 3040 495 3079 non
515 3039 580 3078 ex
609 3025 954 3094 piscatorum,
988 3022 1073 3077 vel
1102 3021 1529 3090 publicanorum,
1549 3017 1632 3071 vel
1662 3015 1843 3069 vilium

253 3128 603 3184 personarum
631 3129 854 3167 numero
875 3121 1008 3173 erat,
1041 3113 1134 3165 ϐοά
1163 3126 1284 3165 cum
1313 3119 1517 3163 tantum
1545 3121 1846 3175 consequu-

253 3215 342 3258 tus
370 3204 554 3258 fuisset
580 3204 860 3267 honorem,
908 3203 1023 3256 haec
1051 3200 1369 3270 patiebatur.
1400 3197 1659 3268 Quodque
1702 3195 1845 3265 apud

1178 441 1250 498 1N
1287 435 1696 497 MATTIIEUM
1735 429 1968 490 HOMIL.
2007 430 2254 493 XXXIV.
2290 433 2360 488 al.
2403 431 2627 489 XXXV.

3436 434 3542 496 398

1947 545 2222 617 apostolos
2259 545 2542 602 onerOsius
2594 545 2806 601 videtur
2854 544 3055 611 fuisse,
3081 545 3136 603 id
3185 547 3277 602 ille
3331 563 3546 622 quoque

1947 634 2222 703 sustinuit,
2251 636 2321 693 ab
2365 636 2577 700 amicis,
2611 651 2640 690 a
2686 635 3019 705 domesticis,
3052 637 3122 692 ab
3151 634 3385 693 inimicis
3419 641 3546 699 odio

1951 729 2187 793 habitus,
2218 744 2427 786 necnon
2458 730 2527 786 ab
2558 730 2624 785 iis
2667 731 2864 801 quibus
2912 732 3051 788 bene
3086 735 3308 802 fecerat,
3337 716 3442 791 nec
3471 745 3551 792 ta-

1948 837 2070 876 men
2119 822 2211 877 ille
2255 837 2464 878 sacram
2491 836 2770 890 ancoram,
2800 832 2858 878 et
2905 824 3254 894 tranquillum
3305 839 3545 898 portum,

1947 928 2140 982 nempe
2164 912 2266 969 boc
2286 913 2428 986 quod
2451 914 2710 984 apostolis
2732 914 2935 970 dictum
2964 916 3162 982 fuerat,
3194 917 3416 987 Propter
3443 937 3545 982 me,

1946 1005 2130 1060 videre
2158 1007 2352 1075 p0tuit.
2379 1005 2542 1062 Miror
2566 1007 2726 1062 etiam
2759 1014 2869 1062 tres
2897 1021 3116 1076 pueros.
3146 1012 3236 1079 qui
3262 1008 3546 1065 fornacem

1948 1097 2159 1153 fortiter
2186 1098 2437 1154 adierunt
2459 1097 2504 1167 ί,
2534 1099 2625 1166 qui
2650 1110 2883 1170 tyranno
2914 1100 3254 1155 resisterant.
3282 1101 3386 1156 Sed
3419 1099 3545 1159 andi

1942 1187 2070 1258 quid
2101 1188 2278 1243 dicant
2305 1205 2320 1242 :
2347 1188 2483 1245 Deos
2511 1199 2625 1243 tuos
2654 1206 2758 1243 non
2783 1187 3024 1254 colimus,
3048 1200 3095 1244 et
3117 1199 3344 1244 statuant
3375 1203 3541 1255 tuam,

1941 1295 2098 1350 quam
2123 1280 2346 1344 eruisti,
2376 1296 2480 1336 non
2501 1281 2781 1336 adoramus
2806 1280 2970 1354 (Dan.
3005 1284 3060 1337 3.
3094 1282 3207 1352 18).
3241 1282 3392 1349 Quod
3415 1264 3548 1352 ipsis

1943 1385 2134 1440 magna
2185 1382 2304 1426 erat
2352 1374 2686 1436 consolatio,
2721 1373 2865 1442 quod
2897 1374 3067 1442 probe
3093 1377 3297 1429 scirent
3323 1389 3385 1431 sc
3416 1391 3548 1444 pro-

1944 1472 2062 1530 pter
2094 1463 2258 1518 Deum
2289 1463 2470 1519 omnia
2503 1463 2632 1533 pati.
2667 1465 2764 1520 llic
2792 1480 2925 1521 vero
2953 1466 3244 1530 nesciebat,
3278 1467 3393 1522 lucc
3421 1483 3548 1523 esse

1942 1555 2237 1606 certamina
2254 1565 2307 1607 et
2322 1554 2518 1610 luctam
2538 1571 2554 1621 ;
2577 1553 2625 1610 si
2645 1558 2790 1611 enim
2807 1556 3078 1625 scivisset,
3097 1560 3363 1614 malorum
3381 1575 3549 1617 sensu

1945 1660 2049 1698 non
2082 1645 2151 1698 ita
2184 1645 2407 1700 affectus
2437 1645 2646 1704 fuisset.
2686 1648 2823 1703 Cum
2855 1664 2986 1720 ergo
3026 1651 3296 1722 audisset,
3330 1653 3408 1707 An
3438 1654 3547 1709 alia

1942 1737 2140 1790 ratione
2168 1754 2248 1791 me
2281 1746 2434 1807 putus
2474 1740 2564 1792 tibi
2593 1742 2940 1808 respondisse,
2979 1759 3132 1811 quam
3164 1756 3220 1799 ut
3239 1746 3419 1816 justus
3447 1763 3546 1814 ap-

1941 1844 2144 1894 pareres
2167 1826 2318 1898 (Job.
2341 1830 2434 1886 ιο.
2461 1830 2555 1901 3)?
2587 1832 2956 1887 animadverte
2983 1835 3218 1902 qualiter
3243 1837 3549 1904 respirave-

1941 1919 2031 1981 rit,
2061 1920 2160 1973 hac
2187 1920 2422 1990 simplici
2453 1924 2636 1978 audita
2692 1939 2844 1990 voce,
2871 1941 3032 1994 quam
3064 1929 3304 1996 seipsum
3349 1930 3551 1998 despe-

1939 2011 2415 2080 xeritzquomodo
2455 2030 2520 2067 ne
2564 2029 2783 2082 passum
2834 2017 3052 2086 quidem
3084 2034 3143 2074 se
3181 2021 3448 2087 putaverit
3476 2037 3542 2076 ea

1937 2115 2059 2169 qua:
2087 2115 2277 2170 passus
2297 2113 2466 2168 esset,
2491 2102 2609 2158 hac
2628 2103 2850 2159 dicens:
2872 2105 2976 2161 Cur
2999 2107 3168 2162 adhuc
3193 2111 3424 2180 iudicor,
3448 2113 3545 2164 ad-

1936 2193 2162 2246 monitus
2199 2201 2248 2246 et
2291 2196 2602 2266 redargutus
2631 2214 2663 2249 a
2715 2197 2959 2262 Domino,
2993 2217 3111 2254 cum
3158 2200 3269 2256 Ita-c
3307 2203 3541 2268 audiam,

1935 2287 2024 2350 qui
2064 2286 2194 2340 nihil
2231 2289 2384 2342 sum?
2423 2289 2490 2342 Et
2520 2304 2734 2345 rursum
2767 2308 2780 2344 :
2812 2293 3006 2345 Audita
3036 2294 3244 2364 quidem
3273 2298 3418 2350 auris
3445 2313 3544 2348 au-

1937 2376 2135 2431 diebant
2178 2387 2226 2429 te
2273 2378 2414 2447 prius
2439 2394 2458 2431 :
2489 2396 2630 2434 nunc
2673 2394 2843 2436 autem
2885 2383 3064 2438 oculus
3108 2401 3250 2438 meus
3279 2388 3412 2441 ridet
3450 2399 3541 2442 te:

1933 2479 2245 2538 quapropter
2291 2470 2443 2522 nihili
2491 2468 2628 2540 facio
2657 2475 2932 2543 meipsnm,
2970 2477 3016 2527 et
3049 2476 3362 2545 liquefactus
3388 2492 3540 2531 sum:

1933 2558 2232 2625 cstimoque
2261 2562 2511 2632 nteipsum
2557 2576 2747 2617 terram
2773 2573 2822 2618 et
2854 2565 3074 2619 (incum
3119 2564 3236 2641 (Job
3264 2567 3347 2623 42.
3371 2568 3430 2626 5.
3448 2565 3527 2633 ϐ).

1935 2646 2045 2704 Nos
2066 2650 2251 2717 itaque
2275 2652 2364 2722 qui
2391 2663 2512 2722 post
2542 2655 2711 2726 legem
2730 2664 2783 2710 et
2801 2658 3029 2727 gratiam
3048 2671 3254 2722 sumus,
3277 2661 3416 2713 hanc
3440 2659 3541 2714 for-

1940 2743 2251 2808 titudinem,
2281 2747 2420 2799 hanc
2449 2747 2922 2802 mansuetudinem
2949 2750 3091 2803 illius
3123 2750 3419 2816 imitemur,
3444 2750 3539 2823 qui

1934 2844 2062 2890 ante
2089 2835 2266 2906 legem
2294 2846 2350 2892 et
2373 2842 2606 2917 gratiam
2629 2839 2748 2903 fuit,
2779 2851 2837 2894 ut
2857 2858 2980 2895 cum
3005 2843 3098 2895 il'o
3127 2854 3328 2898 tterna
3360 2845 3541 2898 taber-

1933 2927 2123 2981 nacula
2140 2929 2544 2998 adipiscamur:
2569 2946 2688 2998 qua:
2710 2932 2915 2985 utinam
2940 2947 3332 3011 consequamur
3351 2948 3544 2989 nunties

1932 3018 2106 3091 gratia
2136 3030 2191 3075 et
2222 3022 2551 3091 benignitate
2585 3023 2796 3077 Domini
2830 3024 3005 3078 nostri
3037 3023 3166 3079 Jesn
3194 3026 3425 3090 Christi,
3455 3026 3543 3082 cui

1932 3111 2103 3180 gloria
2131 3121 2186 3166 et
2214 3114 2539 3182 imperium,
2577 3115 2629 3169 in
2660 3116 2858 3171 saecula
2889 3117 3236 3172 saeculorum.
3268 3120 3468 3174 Amen.

2000 3202 2015 3231 ³
2053 3202 2167 3262 Alii,
2191 3211 2591 3266 contempserunt.

256 3332 1847 3356 _________________________________.__

1944 3323 3116 3341 __———————________—._
3126 3332 3546 3347 —.——-——...-.__...

1378 3409 1722 3470 HOMlLlA
1767 3403 2029 3464 XXXIV.
2075 3403 2155 3465 al.
2198 3401 2438 3464 XXXV.

249 3562 377 3617 CAP.
410 3560 490 3615 10.
518 3576 575 3613 γε
593 3561 684 3614 23.
712 3558 837 3613 Cum
864 3568 1031 3613 autem
1056 3565 1414 3628 persequentur
1440 3572 1525 3610 vos
1552 3571 1613 3608 ex
1639 3554 1734 3606 hac
1762 3551 1838 3605 ri-

325 3658 496 3718 eitate,
545 3655 706 3724 fugite
756 3656 808 3706 in
845 3654 1020 3706 aliam.
1066 3653 1223 3704 Amen
1276 3651 1462 3718 quippe
1505 3648 1621 3702 dico
1665 3645 1835 3709 vobis,

321 3765 424 3800 non
453 3745 862 3800 consummabitis
897 3745 1119 3799 ciuitates
1140 3741 1326 3809 Israel,
1357 3743 1517 3795 donec
1550 3741 1717 3796 veniat
1739 3734 1839 3790 Fi-

323 3841 421 3893 lius
437 3839 676 3892 hominis.

324 3972 379 4026 Ι.
411 3969 540 4025 Cum
573 3969 658 4023 illa
709 3965 965 4022 terribilia
1009 3973 1066 4022 et
1113 3961 1378 4018 horrenda
1419 3960 1660 4023 dixisset,
1721 3970 1841 4027 quae

249 4068 475 4132 possent
499 4061 833 4114 adamantem
862 4058 1106 4127 frangere
1124 4096 1139 4120 ,
1171 4069 1293 4124 qua:
1323 4062 1440 4122 post
1466 4064 1679 4105 crucem
1704 4088 1720 4112 ,
1751 4062 1842 4102 re-

251 4152 640 4208 surrectionem
700 4159 754 4204 et
791 4149 1161 4204 ascensionem
1203 4144 1334 4215 ipsis
1364 4150 1618 4197 eventura
1662 4149 1837 4205 erant,

251 4257 558 4299 sermonem
586 4241 733 4296 ducit
755 4240 822 4294 ad
859 4237 1070 4294 mitiora
1092 4279 1108 4302 ,
1131 4237 1267 4291 dans
1292 4234 1506 4290 athletis
1531 4234 1644 4287 suis
1669 4232 1842 4300 respi-

253 4334 407 4389 randi
437 4334 611 4389 locum
639 4375 654 4397 ,
683 4334 1007 4400 multamque
1058 4329 1301 4400 praebens
1327 4328 1456 4397 ipsis
1487 4326 1844 4396 tranquillita-

253 4433 386 4478 tem.
413 4423 528 4478 Non
556 4423 700 4477 enim
721 4422 880 4492 jUSsil
905 4438 1027 4476 eum
1073 4417 1518 4490 persequentibus
1561 4415 1838 4486 congredi,

255 4513 354 4569 sed
386 4513 588 4583 fugere.
622 4512 757 4580 Quia
809 4511 922 4565 haec
948 4511 1124 4565 adhuc
1159 4510 1305 4563 initia
1334 4521 1507 4575 erant,
1537 4523 1840 4564 sermonem

254 4618 414 4658 suum
443 4612 763 4673 attempt-rat
790 4613 843 4656 et
883 4602 1108 4672 mitigat.
1153 4601 1268 4656 Non
1310 4602 1542 4670 loquitur
1583 4600 1726 4655 enim
1758 4601 1845 4656 hic

254 4694 328 4750 de
349 4694 852 4765 persequutionibus
875 4708 995 4764 qua:
1033 4702 1216 4763 postea
1244 4691 1433 4747 futurm
1458 4702 1633 4757 erant,
1661 4691 1754 4746 sed
1774 4691 1844 4748 de

256 4785 366 4838 illis
407 4799 525 4853 quae
590 4799 806 4838 crucem
850 4795 905 4840 et
949 4785 1253 4860 passionem
1311 4797 1674 4852 praecessere;
1742 4784 1845 4839 hoc

256 4875 402 4930 enim
451 4875 702 4930 indicavit
730 4891 851 4930 cum
883 4876 1058 4931 dixit:
1098 4876 1216 4930 Non
1252 4893 1384 4931 enim
1429 4878 1843 4931 consuntmabitis

256 4962 485 5017 ciuitates
509 4961 699 5030 Israel,
745 4966 904 5020 donec
926 4968 1114 5021 uenerit
1140 4966 1306 5022 Filius
1326 4969 1565 5022 hominis.
1593 4966 1668 5021 Ne
1697 4967 1845 5021 dice-

256 5064 381 5115 rent
407 5055 548 5112 enim
580 5073 595 5112 :
626 5057 762 5124 Quid
792 5057 838 5111 si
867 5069 1280 5128 persequutores
1332 5061 1593 5132 fugiamus
1617 5102 1634 5126 ,
1667 5070 1722 5116 et
1765 5061 1843 5115 illi

260 5161 360 5202 nos
387 5147 511 5202 inde
530 5148 692 5203 etiam
721 5149 958 5216 pellant?
985 5149 1126 5204 hunc
1142 5162 1339 5206 metum
1364 5153 1476 5220 ipse
1504 5153 1701 5208 tollens
1727 5153 1800 5208 ait
1829 5171 1841 5207 :

257 5238 376 5293 Non
396 5239 691 5296 circuibitis
716 5243 732 5273 ¹
767 5241 1105 5296 Palaestinam
1129 5254 1312 5308 totam,
1343 5260 1461 5299 nam
1482 5260 1581 5316 ego
1609 5261 1703 5300 vos
1734 5255 1847 5300 sta-

260 5329 358 5383 tim
397 5331 677 5401 excipiam.
728 5332 793 5386 Et
837 5335 1110 5402 perpende
1152 5337 1420 5404 quomodo
1450 5351 1557 5390 non
1585 5337 1672 5390 hic
1711 5337 1848 5392 mala

262 5419 434 5486 tollat,
458 5421 550 5474 sed
576 5421 714 5475 adsit
741 5422 793 5476 in
816 5423 1086 5491 periculis.
1110 5423 1224 5479 Non
1254 5426 1388 5480 dixit
1417 5427 1582 5491 enim,
1611 5427 1719 5482 Vos
1745 5427 1849 5479 eri-

264 5511 428 5580 piam,
465 5521 518 5566 et
547 5515 989 5582 persequutiones
1014 5516 1215 5570 solvam
1236 5534 1250 5574 :
1275 5518 1367 5571 sed
1398 5517 1560 5586 quid?
1600 5516 1718 5572 Non
1738 5533 1848 5569 con-

263 5601 581 5656 summabilis
618 5604 840 5658 civitates
866 5603 1052 5672 Israel,
1084 5606 1242 5659 donec
1266 5609 1453 5660 uenerit
1479 5605 1644 5660 Filius
1685 5607 1850 5659 Itami-

260 5693 358 5748 uis.
388 5692 530 5748 Satis
557 5693 701 5748 enim
729 5704 844 5748 erat
871 5693 938 5748 ad
979 5696 1401 5753 consolationem
1431 5695 1640 5752 illorum
1661 5738 1676 5763 ,
1705 5695 1852 5766 quod

330 5824 344 5854 ί
387 5823 492 5886 alii,
516 5835 610 5877 non
633 5824 856 5878 timebitis
878 5825 1242 5880 circumeuntes.

1936 3545 2085 3600 illum
2133 3545 2404 3602 viderent.
2462 3546 2544 3603 Tu
2591 3563 2725 3603 vero
2755 3548 2889 3604 mihi
2929 3551 3215 3607 considera
3263 3555 3542 3625 quomodo

1936 3637 2030 3693 ille
2061 3653 2165 3692 non
2209 3640 2411 3706 ubique
2441 3640 2625 3694 onmia
2671 3645 2862 3711 gratia:
2895 3641 3115 3711 tribuat,
3140 3644 3234 3699 sed
3265 3645 3542 3716 quidpiam

1935 3731 2005 3786 ab
2049 3732 2156 3785 illis
2209 3733 2392 3789 afferri
2434 3728 2643 3802 juheat.
2690 3733 2821 3788 Nam
2875 3735 2923 3789 si
2976 3737 3198 3806 timetis,
3227 3737 3423 3808 inquit,
3457 3741 3544 3796 fu-

1951 3809 2093 3878 gite:
2115 3811 2219 3866 hoc
2252 3815 2395 3866 enim
2417 3815 2744 3883 signiﬁcavit
2775 3819 2984 3883 dicens,
3013 3816 3225 3889 Fugite,
3246 3832 3320 3887 et,
3352 3820 3433 3875 Ne
3468 3825 3540 3875 ti-

1945 3902 2156 3954 meatis.
2184 3901 2372 3972 Neque
2397 3906 2549 3973 ipsos
2568 3908 2776 3976 primos
2800 3908 2954 3978 jubet
2972 3910 3179 3979 fugere.
3219 3913 3311 3966 sed
3344 3914 3536 3981 pulsos

1946 3991 2231 4057 recedere;
2254 4008 2428 4063 neque
2448 4010 2641 4065 magna
2653 3998 2828 4065 spatia
2842 3999 2935 4051 dat
2958 3999 3224 4062 locorum,
3245 4002 3337 4055 sed
3357 4017 3539 4070 quan-

1947 4089 2060 4133 tum
2072 4095 2194 4135 esse
2211 4085 2381 4149 possit
2395 4085 2447 4137 iu
2465 4086 2858 4142 circumeundo
2870 4089 3118 4145 civitates
3129 4089 3316 4146 Israel.
3337 4092 3544 4149 Deinde

1947 4172 2013 4226 ad
2029 4173 2195 4226 altam
2212 4173 2571 4245 philosophiae
2591 4189 2797 4247 partem
2818 4183 2967 4250 ipsos
2985 4183 3196 4239 invitat.
3221 4183 3428 4247 Primo,
3447 4187 3546 4240 ali-

1947 4274 2258 4320 mentorum
2280 4282 2492 4335 curam,
2510 4271 2772 4337 secundo,
2796 4273 3162 4342 periculorum
3182 4289 3385 4331 metum
3407 4279 3540 4334 abs-

1947 4355 2110 4421 tulit;
2148 4373 2295 4412 nunc
2339 4373 2466 4412 vero
2510 4360 2926 4417 maledictorum
2958 4375 3162 4420 metum
3202 4367 3408 4420 avellit.
3447 4367 3541 4422 llla

1947 4447 2091 4502 enim
2114 4449 2480 4505 sollicitudine
2498 4451 2773 4518 liberavit,
2789 4455 3010 4512 dicens:
3041 4458 3243 4529 Dignus
3258 4467 3335 4512 est
3355 4475 3542 4526 opera-

1950 4539 2062 4592 rius
2087 4539 2322 4594 mercede
2337 4557 2434 4595 sua
2460 4541 2614 4612 (Luc.
2655 4545 2745 4601 10.
2767 4547 2845 4615 7),
2868 4549 3188 4619 significans
3205 4551 3408 4607 multos
3426 4551 3544 4608 fore

1949 4632 2043 4700 qui
2070 4632 2218 4700 ipsos
2235 4635 2539 4705 excipiant;
2565 4635 2633 4692 de
2651 4639 2912 4706 periculis
2927 4655 3057 4694 vero
3069 4641 3228 4706 dixit,
3252 4641 3434 4696 Nolite
3457 4660 3545 4697 ro-

1950 4723 2397 4793 gitareqnomodo
2433 4736 2527 4781 aut
2578 4729 3137 4799 quidloquamiui;et,
3165 4732 3271 4797 Qui
3309 4749 3547 4801 perseeev

1952 4815 2144 4868 raverit
2171 4834 2335 4885 usque
2351 4821 2419 4871 ad
2435 4819 2618 4887 ﬁnem,
2643 4821 2728 4875 hic
2753 4822 2932 4876 salvus
2956 4822 3295 4887 eritlliatth.
3322 4824 3408 4880 Η.
3431 4826 3543 4895 13).

2021 4909 2272 4980 Exemplo
2299 4923 2392 4962 suo
2437 4905 2666 4960 Christus
2694 4906 2954 4974 apostolos
2989 4905 3059 4958 ad
3101 4905 3434 4960 contumelias
3464 4906 3544 4974 {e-

1949 5002 2133 5057 rendas
2157 5009 2410 5054 hortatur.
2439 5029 2514 5040 -
2536 4999 2670 5066 Quia
2700 5010 2877 5054 autem
2911 5000 3202 5056 Verisimile
3230 5009 3348 5055 erat
3396 4999 3544 5070 ipsos

1951 5093 2144 5149 malam
2184 5091 2460 5147 habituros
2507 5091 2707 5145 famam
2734 5107 2855 5146 esse
2879 5133 2893 5154 ,
2922 5092 3066 5162 quod
3098 5092 3281 5146 multis
3304 5093 3547 5147 omnium

1952 5183 2385 5239 molestissimum
2413 5198 2533 5239 esse
2569 5183 2778 5236 videtur
2798 5223 2814 5250 ,
2856 5183 3224 5239 animadverte
3253 5200 3359 5252 quo
3386 5192 3547 5253 pacto

1953 5275 2038 5329 hic
2070 5274 2185 5328 illos
2209 5273 2518 5330 consoletur
2541 5316 2555 5337 ,
2587 5290 2652 5329 es
2687 5275 2750 5329 iis
2795 5275 2997 5330 scilicet
3039 5291 3160 5345 qua:
3199 5274 3267 5329 ad
3310 5277 3549 5346 seipsutn

1953 5368 2288 5432 Spectabunt,
2321 5377 2376 5422 et
2403 5367 2469 5422 de
2497 5383 2556 5423 se
2585 5368 2726 5422 dieta
2783 5367 2996 5422 fuerant
3027 5386 3040 5422 :
3081 5371 3166 5424 cui
3194 5367 3554 5422 cct'isslationi

1955 5457 2086 5511 nihil
2117 5473 2210 5526 par
2235 5474 2355 5513 esse
2382 5460 2566 5528 possit.
2595 5459 2744 5513 Sicut
2773 5460 2917 5512 enim
2948 5461 3015 5514 ibi
3056 5460 3295 5524 dixerat,
3327 5459 3394 5513 Et
3415 5458 3558 5512 eritis

1958 5550 2078 5602 odio
2108 5551 2340 5604 omnibus
2368 5567 2384 5614 ;
2427 5560 2481 5606 et
2509 5552 2782 5618 adjeccrat
2805 5594 2818 5616 ,
2858 5550 3076 5622 Propter
3108 5569 3287 5605 nomen
3340 5567 3505 5604 meum
3537 5564 3558 5603 :

1957 5642 2033 5695 sic
2079 5651 2134 5695 et
2172 5640 2275 5696 hoc
2317 5643 2435 5697 loco
2480 5643 2598 5696 illos
2623 5645 2935 5698 consolatur
2961 5686 2975 5706 ,
3024 5645 3250 5699 alterum
3282 5642 3557 5712 quidpiam

1951 5729 2232 5797 adjiciens.
2264 5733 2542 5802 Quodnam
2567 5735 2697 5789 illud
2721 5738 2741 5787 ?
2767 5735 2862 5790 Ξι.
2897 5734 3018 5788 Non
3041 5747 3112 5788 est
3137 5735 3442 5804 discipulus,
3466 5732 3554 5786 itt-

1959 5823 2094 5892 quil,
2154 5842 2305 5894 super
2350 5825 2676 5896 magistrum,
2735 5841 2826 5880 nec
2871 5843 3043 5881 servus
3097 5841 3251 5895 super
3296 5825 3557 5878 dominum
