4080 6472
791 542 884 598 25.
909 538 1104 610 Suﬂoit
1133 533 1382 605 discipulo
1400 573 1418 599 ,
1443 541 1500 585 ut
1524 529 1587 585 'st't
1611 528 1739 582 sicut
1773 521 2012 610 magister
2035 519 2166 610 ejus,

604 640 652 690 et
669 643 833 698 me,
857 631 985 686 sicut
1003 609 1245 684 densiuus
1271 624 1399 695 ejus.
1431 620 1493 678 Si
1527 613 1944 691 patremfamilias
1969 609 2172 664 Beelseé

609 724 707 777 ιιι
729 727 1051 785 moueunt,
1072 725 1254 788 quorm
1290 712 1451 783 magis
1476 710 1772 765 domesticos
1807 703 1957 774 ejus:
1977 701 2067 758 36.
2093 699 2176 754 Ns

607 825 779 884 usque
801 811 1017 868 sinuatis
1035 823 1135 863 eos.
1161 805 1294 861 Vide
1319 802 1585 874 quomodo
1616 813 1675 854 se
1715 795 1970 852 omnium
1998 791 2180 847 Domi-

613 920 742 962 num
761 914 819 962 et
842 903 1005 962 Deum
1021 908 1075 954 et
1097 906 1394 954 creatorem
1411 908 1530 950 esse
1551 891 1800 948 declarat.
1824 885 1961 956 Quid
1987 884 2179 955 igitur?

619 993 740 1050 Non
752 992 1110 1062 aldisdpnlus
1121 1006 1273 1059 super
1287 987 1598 1057 magistrum,
1618 999 1706 1038 nec
1729 997 1898 1037 seruus
1921 996 2073 1050 super
2086 979 2182 1034 do-

617 1087 812 1140 mitant
833 1084 859 1137 .’
881 1084 1059 1139 Donec
1083 1084 1185 1137 erit
1210 1089 1298 1135 aut
1313 1077 1602 1147 discipulus
1615 1084 1708 1131 aut
1718 1087 1904 1130 servus
1921 1115 1936 1141 ,
1955 1088 2062 1128 non
2078 1073 2182 1128 erit

617 1176 790 1245 major
822 1173 1109 1230 secundum
1137 1170 1356 1226 honoris
1383 1169 1645 1224 ordinem.
1672 1166 1750 1224 Ne
1770 1165 1900 1220 mihi
1921 1165 2075 1220 enim
2095 1163 2182 1220 hic

613 1281 732 1322 rara
757 1264 998 1336 qumdatu
1019 1261 1268 1332 praferas
1297 1260 1535 1330 exempla
1562 1300 1579 1327 ,
1611 1257 1678 1313 de
1707 1257 1771 1313 iis
1797 1272 1916 1327 qua:
1943 1265 2000 1311 ut
2021 1255 2183 1325 pluri-

615 1369 762 1409 mum
788 1368 907 1408 esse
931 1353 1107 1408 solent
1134 1351 1184 1406 id
1209 1352 1412 1419 accipe.
1443 1348 1553 1406 Nec
1597 1347 1749 1411 dixit,
1777 1347 1984 1429 Quanto
2013 1345 2182 1414 magis

613 1460 818 1509 servos.
842 1445 956 1508 sed,
988 1443 1296 1498 Domesticos
1337 1442 1464 1506 eius,
1502 1453 1692 1510 magna
1741 1453 1866 1508 erga
1890 1438 2007 1494 illos
2031 1453 2180 1492 man-

615 1537 895 1593 suetudine
925 1551 1067 1592 usus.
1094 1535 1228 1592 Alibi
1245 1535 1408 1598 etiam
1435 1533 1564 1587 dicit
1597 1549 1610 1584 :
1643 1529 1762 1585 Non
1787 1530 1924 1584 ultra
1945 1545 2066 1584 voco
2096 1545 2181 1583 vos

616 1645 818 1692 seruos;
843 1646 930 1684 eos
953 1629 1104 1681 amici
1128 1617 1368 1682 ntei’estls
1396 1622 1585 1694 (Ioon.
1614 1623 1699 1678 15.
1734 1621 1800 1676 15
1819 1621 1860 1693 ).
1889 1621 1996 1676 Nec
2026 1621 2178 1687 dixit,

619 1718 682 1776 Si
707 1718 1136 1790 patremfamilias
1183 1717 1389 1791 injuriis
1427 1723 1482 1771 et
1532 1715 1828 1771 maledictis
1851 1714 2180 1778 affecerunt;

616 1810 712 1866 sed
743 1811 910 1880 ipsum
933 1807 1269 1864 contumelias
1297 1807 1514 1862 modum
1537 1805 1814 1876 expressit,
1857 1803 1999 1874 quod
2028 1803 2182 1859 Beel-

617 1899 788 1955 zebub
827 1900 1085 1955 vocarint.
1119 1896 1515 1954 Deinde"aliam
1541 1895 1640 1952 hac
1670 1907 1776 1951 non
1802 1895 2062 1951 minorem
2093 1894 2184 1948 dat

617 1989 1070 2056 consolationem;
1100 1998 1214 2045 erat
1241 1998 1416 2046 tamen
1445 1988 1535 2044 illa
1551 1988 1779 2044 maxima
1801 2003 1817 2054 ;
1836 1987 1928 2043 sed
1949 1988 2067 2055 quia
2096 1987 2180 2053 iis,

621 2079 711 2148 qui
765 2079 996 2134 nondum
1038 2076 1544 2148 philosophabamur
1571 2119 1585 2144 ,
1627 2077 1729 2132 alia
1757 2092 1890 2147 opus
1927 2087 2040 2132 erat
2066 2092 2185 2145 qua:

619 2176 801 2238 [xusset
835 2168 952 2224 illos
992 2168 1238 2235 afﬁcere,
1265 2166 1405 2225 hanc
1448 2169 1606 2224 etiam
1650 2166 1797 2222 addit
1827 2185 1839 2219 :
1868 2182 1930 2222 ac
1976 2167 2183 2222 dicendi

617 2257 830 2326 quidem
850 2258 1036 2314 modus
1055 2258 1356 2329 generalem
1381 2256 1588 2314 videtur
1615 2257 1807 2314 ellerre
1831 2259 2183 2325 sententiam;

617 2355 849 2405 attamen
898 2363 1003 2404 non
1029 2351 1096 2405 de
1119 2349 1364 2430 omnibus
1392 2391 1408 2416 ,
1458 2348 1554 2405 sed
1577 2349 1646 2406 de
1672 2349 1953 2420 propositis
1982 2358 2184 2404 tantum

617 2437 830 2500 dicitur.
858 2441 992 2508 Quid
1032 2443 1172 2498 enim
1197 2442 1313 2497 ait?
1348 2441 1431 2496 Ne
1456 2442 1669 2497 timentis
1707 2458 1790 2497 eos
1825 2459 1844 2497 :
1889 2443 2018 2498 nihil
2054 2447 2189 2499 enim

620 2540 696 2587 est
718 2526 966 2604 opertum,
986 2535 1124 2604 quod
1142 2549 1246 2588 non
1270 2532 1602 2600 revelabitur;
1627 2549 1716 2588 nec
1760 2535 2032 2598 occultum,
2055 2535 2188 2603 quod

621 2645 720 2687 non
743 2630 943 2685 scietur.
971 2625 1129 2696 Quod
1142 2636 1316 2686 autem
1339 2626 1487 2692 dicit,
1512 2625 1810 2696 huiusmodi
1828 2634 1912 2681 est
1941 2647 1955 2681 :
1983 2626 2191 2682 Sufﬁcit

619 2719 836 2790 quidem
876 2718 1024 2772 vobis
1053 2717 1119 2772 ad
1158 2715 1576 2772 consolationem
1601 2757 1617 2782 ,
1647 2716 1691 2770 si
1728 2731 1832 2786 ego
1857 2716 2109 2786 magister
2132 2726 2190 2773 et

623 2809 878 2866 Dominus
904 2822 1127 2864 consors
1153 2805 1253 2863 situ
1271 2808 1650 2863 conviciorum.
1671 2806 1727 2864 Si
1749 2821 1876 2863 vero
1896 2806 2068 2864 adhuc
2089 2808 2188 2864 do.-

621 2898 744 2955 letis
781 2899 894 2954 tunc
922 2896 1224 2962 audientes,
1277 2895 1404 2952 illud
1433 2911 1644 2967 quoque
1692 2898 1871 2953 animo
1926 2906 2192 2969 reputate,

620 3002 717 3042 vos
743 3003 848 3042 non
894 2988 1118 3042 multum
1151 2995 1331 3056 postea
1359 2987 1427 3041 ab
1465 2986 1564 3041 hac
1589 2984 1891 3053 suspicione
1917 2985 2194 3039 libentem

623 3080 708 3134 iri.
739 3077 846 3131 Cur
886 3079 1028 3133 enim
1060 3079 1110 3130 id
1141 3089 1287 3145 aegre
1313 3075 1502 3130 fertis?
1532 3074 1656 3143 quia
1699 3073 2116 3145 prastigiatores
2141 3081 2194 3126 et

625 3169 948 3238 deceptnres
1005 3183 1102 3222 vos
1147 3169 1374 3223 vocant?
1421 3167 1488 3221 At
1535 3165 1800 3234 paululum
1856 3172 2194 3232 exspectate,

621 3268 675 3314 et
705 3268 1010 3312 senatores
1038 3255 1508 3324 benefacturesque
1534 3253 1680 3308 orbis
1707 3267 1804 3308 vos
1832 3251 2202 3321 praedicabunt—

632 3362 840 3416 omnes.
872 3347 941 3401 At
985 3347 1127 3401 enim
1171 3355 1380 3412 tempus
1405 3345 1492 3398 illa
1519 3343 1844 3413 omniaquae
1867 3337 2196 3399 subobscura

627 3445 782 3493 erant
812 3435 1091 3502 revelabit,
1121 3444 1174 3491 et
1199 3434 1406 3490 illorum
1429 3433 1751 3487 caltimniam
1780 3431 2011 3501 deteget,
2032 3431 2199 3486 virtu-

627 3535 840 3594 temque
868 3523 1100 3582 vestram
1127 3524 1471 3593 conspicuam
1516 3522 1726 3577 reddet.
1775 3522 1906 3576 Cum
1943 3520 2083 3576 enim
2123 3533 2191 3572 ex

629 3617 792 3674 rebus
821 3616 948 3688 ipsis
987 3613 1463 3684 comprobabillini
1502 3606 1831 3666 salvatores'
1856 3623 1996 3674 esse,
2026 3617 2080 3661 et.
2107 3604 2200 3662 be-

630 3705 808 3772 neﬁci,
833 3716 888 3760 et
910 3705 1063 3762 omni
1080 3706 1272 3759 virtute
1298 3693 1594 3772 compicui,
1619 3702 1831 3759 illorum
1853 3699 2008 3754 dictis
2029 3696 2199 3752 homi-

628 3809 725 3852 nes
767 3811 874 3850 non
922 3795 1197 3852 attondent
1245 3793 1336 3849 sed
1369 3789 1445 3848 rei
1491 3792 1829 3848 veritatizac
1875 3791 1946 3844 illi
1982 3789 2195 3859 quidem

623 3886 993 3956 sycophanta,
1023 3884 1332 3947 mendaces,
1355 3882 1624 3958 maledici.
1651 3896 1745 3935 vos
1774 3897 1900 3936 vero
1943 3881 2056 3950 ipso
2085 3881 2197 3936 sole

627 3972 1020 4046 splendidiores
1040 3972 1554 4047 deprehendemhii:
1583 3971 1806 4027 multum
1838 3971 2033 4041 quippe
2059 3980 2197 4026 tem-

629 4064 774 4133 poris
798 4064 1028 4135 spatium
1059 4078 1154 4119 vos
1195 4072 1354 4119 notos
1399 4064 1610 4127 reddet,
1636 4063 1961 4132 pmdicabit,
1993 4072 2047 4117 et
2074 4061 2196 4118 tuba

625 4150 910 4210 clariorem
953 4152 1160 4210 emittet
1211 4168 1428 4218 vocem,
1453 4161 1748 4222 vestraque
1793 4153 2005 4208 virtutis
2035 4163 2198 4209 testes

627 4245 908 4300 universos
953 4243 1200 4299 homines
1255 4231 1551 4298 exhibebit.
1614 4242 1691 4295 Ne
1750 4243 1926 4310 itaque
1970 4257 2035 4296 ea
2084 4255 2203 4311 qua

627 4349 769 4391 nunc
811 4336 1062 4390 dicuntur
1109 4347 1206 4388 vos
1260 4333 1541 4403 dejiciant,
1589 4331 1684 4387 sed
1729 4346 1854 4402 spes
1903 4333 2200 4406 futurorum

625 4423 888 4482 honorum
929 4425 1118 4496 erigat.
1159 4421 1274 4478 Non
1320 4431 1546 4492 possunt
1589 4423 1730 4478 enim
1777 4437 1838 4476 ea
1866 4437 1985 4492 qua:
2014 4423 2078 4476 ad
2107 4436 2202 4477 vos

629 4526 872 4590 spectant
895 4505 1171 4572 occultati.

695 4609 753 4664 3.
783 4605 1004 4669 Deinde,
1033 4615 1308 4684 postquam
1338 4603 1458 4657 illos
1485 4601 1631 4657 omni
1655 4616 1876 4672 angore,
1912 4601 2104 4658 timore
2145 4611 2200 4656 et

626 4698 982 4758 sollicitudine
1011 4697 1272 4760 liberavit,
1297 4704 1351 4752 et
1378 4696 1587 4765 probris
1610 4687 1858 4751 omnibus
1883 4692 2199 4766 superiores

627 4789 880 4855 reddidit,
905 4790 1118 4843 demum
1148 4786 1268 4842 illos
1296 4781 1598 4855 Opportune
1625 4785 1694 4842 de
1716 4786 1969 4842 libertate
1999 4785 2198 4857 praedi-

623 4881 780 4947 candi
826 4880 1111 4949 alloquitur
1136 4895 1150 4932 :
1179 4891 1301 4932 nam
1332 4876 1460 4931 dicit
1485 4894 1499 4929 :
1528 4875 1615 4930 27.
1645 4866 1801 4939 Quod
1819 4873 1953 4931 ’ἄξω
1985 4876 2124 4930 vobis
2145 4878 2201 4930 in

625 4970 863 5036 tenebris,
881 4971 1034 5025 dicite
1057 4971 1109 5024 in
1133 4967 1354 5032 lumine;
1382 4978 1428 5022 st
1455 4967 1591 5036 quod
1618 4967 1670 5020 in
1691 4984 1814 5023 aure
1831 4967 2043 5033 auditis,
2071 4985 2204 5035 prte-

624 5066 788 5120 dicate
824 5078 973 5131 super
1019 5067 1172 5116 tecta.
1213 5058 1546 5128 Quamquam
1594 5071 1701 5112 non
1745 5069 1896 5112 erant
1940 5059 2200 5122 tenebrat,

623 5167 744 5208 cum
779 5152 892 5206 haec
937 5151 1160 5214 diceret,
1192 5161 1363 5218 neque
1398 5148 1464 5201 ad
1508 5160 1690 5202 aurem
1736 5146 2076 5215 loquebatur;
2105 5148 2198 5204 sed

627 5247 742 5299 hanc
769 5242 1109 5315 hyperbolice
1132 5239 1270 5294 dicta
1294 5248 1439 5292 sunt.
1461 5238 1594 5304 Quia
1624 5239 1767 5292 enim
1794 5237 1938 5293 solos
1959 5240 2195 5308 alloque-

626 5336 803 5414 batur,
834 5326 888 5390 et
915 5335 968 5388 in
998 5347 1162 5401 parvo
1205 5328 1498 5384 Palaestinas
1545 5327 1760 5398 angulo,
1790 5327 1910 5382 ideo
1953 5328 2102 5396 dicit,
2132 5327 2197 5384 ιη

627 5426 863 5489 tenebris,
893 5435 966 5492 ct,
996 5423 1062 5476 In
1091 5439 1236 5488 aure,
1272 5419 1415 5474 hunc
1444 5418 1697 5490 loquendi
1730 5419 1946 5472 modum
1977 5434 2196 5491 compa-

626 5530 753 5572 rans
778 5529 898 5571 cum
930 5512 1179 5585 loquendi
1227 5501 1443 5574 llducia,
1489 5522 1590 5579 qua
1637 5506 1755 5563 illos
1787 5517 1970 5579 postea
2000 5510 2191 5564 instru-

628 5622 818 5667 cturus
842 5621 975 5664 erat.
1030 5607 1105 5663 Ne
1135 5608 1189 5663 in
1219 5620 1343 5669 una,
1370 5603 1574 5662 duabus
1600 5602 1833 5659 tribusve
1873 5602 2192 5671 civitatibus,

687 5807 706 5841 ⁸
726 5804 842 5866 Alit,
865 5805 1066 5860 lumina.

1335 419 1391 476 S.
1429 409 1702 474 tomus
1735 397 2197 466 CIIRYSOS‘I'OII
2233 396 2544 456 ARCHIEP.
2584 392 3112 454 CONS‘I‘ANTINOP.

3755 388 3854 443 too

2280 512 2374 568 sed
2404 525 2500 582 per
2528 522 2698 567 totum
2746 510 2934 566 orbem
2984 506 3305 580 prodicate,
3351 513 3550 560 terram
3607 519 3853 575 mareque

2279 612 2645 674 peragrantes,
2671 601 2984 666 habitatam,
3011 614 3118 655 non
3142 597 3428 654 habit-tam
3454 614 3468 650 :
3498 611 3561 650 ac
3589 596 3848 668 tyrannis,

2281 694 2513 766 populis,
2543 693 2898 766 philosophis,
2947 690 3255 747 rhetoribus
3290 703 3412 746 cum
3439 702 3632 757 magna
3664 686 3853 740 ﬁducia

2281 790 2459 844 omnia
2485 789 2666 844 dicite.
2699 786 2823 841 Ideo
2850 783 3001 850 dixit,
3038 783 3209 855 Super
3235 792 3384 847 tecta,
3411 791 3486 848 et,
3513 778 3578 834 ln
3605 779 3798 834 lautius
3821 819 3837 843 ,

2282 883 2396 937 sine
2417 880 2527 935 ullo
2551 877 2884 948 subterfugio
2902 917 2918 943 ,
2962 885 3017 931 et
3042 888 3168 932 cum
3189 874 3337 929 omni
3379 873 3651 929 libertate.
3673 870 3744 925 Et
3764 884 3856 925 cur

2284 989 2390 1028 non
2420 972 2552 1027 satis
2580 970 2762 1026 habuit
2785 968 2971 1024 dicere
2997 1007 3012 1032 ,
3045 965 3332 1022 Prodicote
3376 981 3527 1034 super
3583 971 3736 1028 tecta,
3765 970 3818 1016 et
3839 998 3858 1022 .

2288 1062 2451 1118 Dicite
2470 1064 2523 1116 in
2549 1062 2760 1126 lumine,
2793 1059 2888 1116 sed
2930 1057 3126 1128 adjecit
3151 1057 3311 1113 etiam
3337 1098 3353 1121 ,
3383 1054 3534 1120 Quod
3581 1055 3698 1107 dico
3726 1051 3861 1106 soliis

2285 1156 2337 1210 in
2366 1153 2596 1219 tenebris,
2623 1163 2698 1218 et,
2720 1150 2871 1217 Quod
2889 1151 2942 1204 in
2967 1164 3090 1203 aure
3103 1147 3336 1202 auditis?
3363 1144 3431 1200 Ut
3454 1158 3642 1198 eorum
3669 1156 3862 1198 sensus

2286 1246 2474 1315 erigat.
2496 1245 2653 1300 Sicut
2680 1241 2896 1313 quando
2920 1241 3132 1296 dicebat
3157 1258 3170 1293 :
3201 1237 3300 1306 Qui
3315 1236 3474 1291 credit
3503 1235 3555 1289 in
3575 1250 3677 1297 me,
3707 1246 3861 1302 opera

2284 1351 2401 1405 qua
2435 1351 2526 1406 ego
2580 1334 2713 1404 {ario
2754 1342 2801 1386 et
2827 1334 2938 1403 ipse
2973 1332 3143 1402 faciet,
3187 1339 3235 1384 et
3260 1330 3457 1400 majora
3485 1327 3666 1380 lterum
3710 1324 3860 1394 faciet

2287 1424 2464 1498 (Joan.
2489 1425 2574 1481 14.
2600 1423 2723 1494 1‘2):
2748 1423 2826 1478 sic
2868 1432 2925 1476 et
2967 1421 3069 1475 hoc
3097 1421 3215 1474 loco
3239 1460 3252 1482 ,
3282 1416 3570 1472 ostendens
3596 1431 3695 1486 per
3719 1415 3860 1484 ipsos

2286 1517 2464 1570 omnia
2511 1515 2650 1570 cmci
2676 1557 2690 1580 ,
2720 1523 2776 1569 et
2796 1515 2944 1584 plura
2973 1527 3133 1581 quam
3160 1525 3254 1581 per
3281 1510 3515 1578 seipsum
3546 1506 3686 1561 facta
3713 1506 3823 1561 sint
3841 1545 3860 1571 ,

2287 1609 2357 1663 ita
2405 1608 2610 1679 posuit."
2655 1606 2785 1661 Nam
2814 1607 2925 1660 ait:
2953 1601 3278 1672 Principium
3301 1600 3450 1655 vobis
3487 1613 3588 1668 ego
3611 1605 3669 1652 et
3712 1595 3860 1650 initis

2277 1694 2436 1762 dedi;
2472 1696 2628 1766 plura
2658 1710 2787 1750 vero
2820 1695 2912 1749 illa
2945 1708 3040 1764 per
3066 1707 3168 1747 vos
3197 1690 3412 1762 impleri
3445 1688 3592 1743 volo.
3615 1684 3732 1741 Hoc
3763 1700 3866 1737 au-

2278 1796 2387 1845 tem
2418 1802 2528 1842 non
2560 1787 2722 1843 modo
2769 1785 3138 1859 praecipientis
3179 1792 3300 1848 est,
3345 1780 3441 1838 sed
3471 1780 3636 1836 etiam
3681 1777 3866 1833 futura

2279 1878 2620 1943 nuntiantis,
2667 1878 2923 1932 ﬁduciam
2965 1875 3318 1945 inspirantis,
3363 1868 3719 1943 pra-dicentis
3770 1882 3868 1923 eos

2288 1967 2465 2023 omnia
2489 1981 2610 2022 esse
2635 1974 2996 2035 superaturos,
3027 1963 3334 2032 sensimque
3350 1956 3718 2014 subvertentis
3737 1967 3871 2010 con-

2290 2067 2498 2130 ceptam
2528 2058 2669 2112 circa
2717 2056 2996 2114 maledicta
3028 2055 3354 2110 mmstitiam.
3406 2047 3868 2120 Quemadmodum

2294 2151 2434 2205 enim
2461 2149 2576 2204 hac
2601 2147 2929 2219 pradieatio,
2959 2161 3102 2201 nunc
3146 2147 3340 2210 latens,
3371 2143 3548 2198 omnia
3573 2137 3828 2211 pervadet
3847 2175 3866 2204 ,

2291 2241 2369 2296 sic
2393 2240 2532 2294 mala
2556 2240 2641 2293 illa
2661 2237 2965 2293 Iudaeorum
2989 2235 3309 2292 existimatio
3332 2233 3440 2288 cito
3458 2231 3672 2302 peribit.
3701 2229 3864 2284 Dein-

2290 2330 2380 2397 de,
2411 2341 2689 2401 postquam
2717 2329 2927 2384 iliorum
2951 2326 3370 2390 erexitanimos,
3391 2330 3606 2380 rursum
3623 2319 3863 2392 pericula

2293 2422 2552 2491 praedicit,
2584 2421 2796 2475 illorum
2845 2429 3078 2474 mentem
3108 2419 3342 2488 erigens,
3374 2413 3731 2483 omnibusque
3775 2427 3866 2467 su-

2293 2513 2573 2570 blimiores
2597 2512 2859 2567 reddens.
2878 2510 3016 2578 Quid
3051 2511 3194 2566 enim
3232 2508 3349 2563 ait?
3369 2507 3458 2563 28.
3492 2505 3670 2562 Nolite
3697 2506 3868 2560 tinam

2293 2622 2376 2661 eos
2394 2605 2480 2674 qui
2504 2605 2736 2658 occidunt
2763 2617 2966 2670 corpus,
2991 2602 3212 2654 animum
3235 2609 3400 2653 autem
3421 2614 3522 2652 non
3549 2605 3764 2668 possunt
3787 2610 3866 2650 oc-

2293 2694 2480 2749 sidere.
2514 2692 2698 2747 Viden'
2720 2678 2986 2762 quomodo
3007 2676 3135 2744 illos
3157 2689 3407 2745 omnibus
3430 2684 3867 2756 superioresred-

2292 2783 2404 2851 dat,
2426 2797 2532 2838 non
2557 2797 2712 2837 curas
2741 2781 2922 2848 modo,
2956 2795 3060 2835 non
3101 2780 3400 2842 maledicta,
3437 2778 3672 2848 pericula
3693 2818 3712 2840 ,
3743 2777 3865 2831 insi.-

2294 2874 2432 2942 dias,
2454 2874 2546 2930 sed
2568 2875 2728 2928 etiam
2753 2883 2978 2927 mortem
3007 2873 3243 2927 omnium
3269 2869 3716 2925 terribilissimarn
3738 2881 3865 2922 cono

2297 2975 2535 3021 temnere
2601 2965 2838 3020 docens?
2877 2979 3050 3034 neque
3098 2962 3412 3032 simpliciter
3453 2971 3722 3025 mortem,
3773 2960 3867 3016 sed

2293 3057 2453 3112 etiam
2484 3054 2810 3110 violentam?
2835 3052 3019 3123 Neque
3047 3052 3200 3118 dixit,
3227 3050 3581 3115 Occidemini,
3631 3049 3728 3104 sed
3752 3063 3870 3104 eum

2294 3147 2685 3218 magniﬁcentia
2733 3144 3044 3214 congruenti
3089 3151 3256 3196 totum
3308 3141 3634 3208 declaravit,
3697 3139 3871 3194 Nolito

2296 3241 2488 3301 timere,
2518 3227 2724 3303 dicens,
2739 3239 2803 3291 ab
2830 3237 2892 3291 iis
2917 3236 3003 3306 qui
3025 3234 3258 3290 occidunt
3278 3249 3462 3302 corpus
3482 3273 3498 3299 ,
3521 3234 3750 3285 animum
3774 3248 3867 3284 ust-

2298 3340 2397 3388 tem
2430 3347 2531 3385 non
2585 3339 2794 3397 possunt
2831 3327 3059 3382 occidere
3085 3342 3104 3380 :
3131 3325 3220 3379 sed
3244 3327 3414 3394 potius
3453 3325 3622 3378 timete
3647 3340 3762 3376 eum
3788 3323 3872 3392 qui

2295 3431 2458 3493 potest
2487 3428 2534 3477 et
2583 3421 2806 3474 animum
2845 3427 2891 3473 et
2919 3432 3100 3488 corpus
3130 3415 3338 3486 perdere
3362 3419 3414 3468 in
3461 3412 3744 3484 gehennam
3767 3429 3785 3466 :
3812 3413 3863 3466 in

2297 3511 2623 3568 contrarium
2680 3519 2894 3564 vertens
2947 3521 3290 3570 sermonem,
3349 3505 3422 3558 uti
3478 3518 3696 3571 semper
3725 3504 3866 3558 facit.

2300 3603 2438 3677 Quid
2486 3602 2628 3658 enim
2658 3600 2761 3655 sibi
2790 3597 3182 3653 vulti'i'imctis
3215 3607 3440 3650 mortem
3463 3635 3478 3658 ,
3537 3594 3781 3662 ideoque
3807 3594 3870 3648 ad

2298 3691 2693 3765 prmdicanduin
2725 3689 3000 3759 segniores
3041 3687 3212 3741 estis?
3237 3684 3338 3741 Sed
3369 3685 3468 3740 hac
3497 3684 3564 3739 de
3585 3700 3747 3739 causa
3776 3702 3869 3754 po-

2298 3783 2401 3837 tius
2426 3780 2734 3851 prtndicate,
2764 3779 2885 3847 quia
2901 3784 3140 3849 mortem
3175 3777 3390 3832 timetis.
3419 3775 3548 3830 Illnd
3576 3777 3722 3830 enim
3751 3791 3872 3831 vere

2299 3885 2395 3927 vos
2426 3872 2442 3906 ι
2473 3880 2703 3933 amorne
2727 3869 2934 3937 eripiet.
2965 3867 3096 3920 Nam
3134 3867 3342 3922 etiamsi
3365 3881 3460 3922 vos
3499 3867 3879 3936 interempturi-

2297 3973 2464 4028 sunt,
2508 3961 2781 4015 meliorem
2839 3969 3016 4012 tamen
3071 3965 3274 4026 partem
3347 3972 3454 4011 non
3521 3959 3870 4026 superabunt,

2298 4056 2507 4113 etiamsi
2534 4052 2732 4108 idtotis
2759 4051 2957 4105 viribus
2975 4060 3252 4109 conentur.
3282 4050 3404 4105 ideo
3431 4065 3536 4104 non
3564 4051 3718 4115 dixit,
3744 4053 3873 4106 Ani-

2298 4164 2440 4205 mam
2470 4157 2649 4202 autem
2676 4160 2778 4198 non
2809 4143 3086 4207 occidunt;
3110 4141 3224 4207 sed,
3252 4139 3373 4198 Non
3402 4152 3614 4212 possunt
3629 4145 3870 4198 occidere.

2301 4239 2433 4295 Nam
2454 4237 2658 4294 etiamsi
2688 4235 2870 4297 velint,
2905 4249 3010 4290 non
3032 4234 3373 4304 superabunt.
3407 4232 3588 4304 itaque
3604 4233 3877 4303 sisuppli—

2302 4331 2442 4387 cium
2471 4331 2641 4392 times.
2669 4328 2796 4385 illud
2828 4331 2983 4398 longe
3009 4331 3222 4396 gravius
3247 4330 3396 4384 time.
3427 4328 3615 4384 Viden‘
3645 4345 3872 4401 quomo:

2305 4425 2375 4479 do
2395 4439 2500 4480 non
2530 4422 2806 4494 promittat
2836 4435 2895 4475 se
2923 4421 3042 4476 illos
3070 4435 3102 4474 a
3129 4429 3302 4476 morte
3329 4420 3678 4474 liberaturum
3709 4435 3830 4476 esse
3854 4462 3870 4486 ,

2303 4514 2396 4570 sed
2417 4515 2548 4570 mori
2572 4512 2846 4584 permittit,
2871 4513 3073 4581 majora
3101 4511 3404 4580 largiturus,
3430 4526 3590 4580 quam
3617 4512 3662 4566 si
3691 4512 3743 4566 id
3771 4527 3877 4569 non

2305 4605 2632 4683 permitteret
2657 4605 2676 4657 Ι
2701 4603 2884 4671 Longe
2910 4604 3052 4656 enim
3083 4600 3256 4668 majus
3283 4609 3366 4653 est
3390 4600 3619 4655 suadere
3647 4610 3708 4655 ut
3728 4617 3871 4657 mors

2292 4707 2602 4768 spernatur,
2623 4711 2782 4766 quam
2811 4711 2841 4748 a
2875 4703 3049 4748 morte
3077 4709 3286 4747 eruere.
3315 4691 3429 4751 Non
3454 4693 3634 4762 itaque
3657 4693 3778 4748 illos
3821 4695 3874 4749 in

2303 4787 2536 4858 pericula
2555 4787 2769 4857 coniicit
2822 4785 2914 4840 scd
2942 4784 3113 4839 reddit
3136 4785 3384 4852 periculis
3401 4784 3726 4853 superiores.
3750 4785 3880 4842 bro.

2301 4881 2459 4952 vique
2483 4895 2732 4940 sermone
2761 4880 3060 4934 doctrinam
3088 4875 3154 4931 de
3178 4877 3575 4932 immortalitate
3603 4878 3873 4934 animuin

2304 4971 2406 5027 illis
2454 4971 2669 5035 inserit,
2701 4984 2763 5024 ac
2796 4969 3003 5024 duobus
3045 4969 3280 5024 tribusve
3335 4967 3514 5023 verbis
3561 4969 3640 5024 sic
3671 4967 3876 5023 inserto

2304 5062 2519 5115 salutari
2549 5061 2816 5129 dogmate,
2839 5059 2959 5114 aliis
2987 5060 3108 5112 illus
3132 5059 3424 5113 ratiociniis
3450 5059 3776 5113 consolatur.
3801 5057 3879 5115 Ne

2304 5152 2446 5208 enim
2469 5161 2716 5222 putarent
2735 5167 2792 5206 se
2822 5151 2990 5205 occidi
3023 5160 3075 5205 ct
3101 5150 3352 5219 iugulari,
3381 5151 3524 5219 quod
3548 5151 3700 5220 quasi
3722 5150 3877 5205 dere-

2306 5243 2419 5324 lictj
2456 5245 2583 5308 sint,
2611 5241 2677 5297 de
2703 5242 3032 5312 providentia
3064 5243 3153 5296 Dei
3187 5257 3488 5296 sermonem
3527 5241 3766 5307 inducit,
3801 5242 3878 5298 bis

2307 5334 2516 5390 verbis:
2542 5333 2634 5389 ‘39.
2681 5333 2867 5388 Nonne
2886 5334 2986 5387 duo
3016 5348 3239 5402 passeres
3285 5349 3396 5387 asse
3417 5343 3646 5392 veneunt,
3682 5335 3730 5385 ‘et
3757 5349 3878 5385 unus

2306 5441 2366 5477 ex
2393 5425 2498 5478 illis
2527 5441 2628 5478 non
2656 5425 2794 5478 cadet
2825 5426 2874 5478 in
2906 5423 3136 5496 laqueum
3163 5423 3269 5476 sine
3307 5421 3465 5476 Patre
3516 5432 3675 5476 uestro
3711 5423 3794 5493 qui
3829 5423 3878 5474 ia

2308 5521 2450 5574 aclis
2478 5520 2595 5573 est?
2626 5520 2712 5573 50.
2746 5519 2908 5573 Vestri
2932 5529 3098 5571 autem
3127 5517 3298 5586 capilli
3318 5516 3498 5584 capitis
3518 5531 3694 5570 omnes
3715 5531 3876 5569 nutas-

2310 5612 2409 5663 rati
2440 5618 2578 5664 sunt.
2632 5608 2765 5676 Quid
2802 5609 2945 5663 enim
2995 5607 3151 5662 vilius
3196 5603 3348 5660 illis?
3400 5604 3619 5674 inquit:
3650 5613 3874 5660 attamen

2312 5715 2621 5769 numquam.
2655 5699 2929 5768 ignorante
2959 5697 3083 5760 Deo,
3115 5696 3410 5766 capientur.
3437 5692 3553 5749 Non
3595 5697 3739 5752 enim
3757 5712 3873 5769 otto-

2378 5812 2394 5842 ι
2431 5808 2589 5858 ωσι-ει.
2615 5807 2778 5868 habet,
2803 5819 2910 5869 nos;
2929 5804 3071 5858 male.
