4080 6466
279 381 382 438 τισι

288 508 442 553 rante
480 495 591 552 Deo
618 492 812 548 cadere
838 487 968 544 dicit
996 503 1014 541 :
1043 484 1096 541 id
1123 482 1264 539 enim
1318 480 1594 551 indignum
1639 476 1750 571 beo
1779 491 1897 571 εει-1

285 596 404 652 set;
444 584 539 640 sed
564 583 698 638 dixit
732 580 862 635 nihil
910 585 1185 647 gestorum
1214 572 1363 627 illum
1402 572 1591 626 latere.
1646 568 1706 624 Si
1738 580 1871 638 ergo

287 678 423 733 nihil
450 690 637 732 eorum
658 687 779 743 qua:
803 668 1052 725 accidunt
1089 666 1335 736 ignorat,
1372 676 1576 732 vosque
1605 660 1873 717 sincerius
1906 660 1917 671 "

286 784 447 841 quam
471 776 623 838 pater
646 772 812 829 amat,
839 769 998 829 atque
1036 758 1112 813 ita
1142 766 1320 823 amat,
1364 765 1423 810 ut
1450 755 1611 810 etiam
1650 752 1872 823 capillos

287 868 496 915 vosuos
521 855 835 919 numerarit,
863 852 999 908 nihil
1029 851 1208 921 utique
1239 848 1553 905 timendum.
1586 847 1699 901 Hoc
1742 860 1873 901 vero

286 950 441 1015 dixit,
466 963 572 1005 non
595 946 738 1017 quod
774 945 919 1001 Deus
943 942 1173 1013 capillos
1204 949 1475 1005 numeret,
1504 938 1599 994 sed
1634 946 1693 993 ut
1711 952 1871 992 accu-

286 1052 458 1095 ratam
486 1039 727 1093 notitiam
782 1048 1137 1106 magnamque
1185 1034 1328 1088 circa
1359 1046 1455 1087 eos
1485 1029 1871 1101 providentiam

286 1124 555 1185 ostendat.
586 1127 643 1183 Si
673 1141 802 1196 ergo
846 1124 1027 1179 omnia
1056 1138 1177 1193 quze
1200 1122 1335 1176 fiunt
1363 1121 1533 1183 novit,
1561 1120 1605 1174 si
1634 1119 1748 1174 vult
1771 1134 1871 1174 nos

286 1219 467 1273 salvos
494 1217 690 1277 facere.
721 1227 771 1271 et
797 1215 847 1270 id
876 1223 1071 1283 potest,
1100 1214 1143 1267 si
1170 1209 1296 1283 quid
1328 1211 1625 1283 patiamini,
1657 1226 1726 1266 ne
1750 1226 1873 1266 cre-

286 1310 399 1366 dite
430 1325 523 1365 vos
551 1308 838 1365 derelictos
881 1304 968 1360 illa
1022 1306 1150 1376 pati.
1198 1304 1317 1360 Non
1360 1305 1505 1361 enim
1552 1303 1667 1358 vult
1697 1318 1791 1359 vos
1839 1317 1871 1356 a

290 1402 447 1458 malis
467 1402 696 1471 eripere,
722 1399 817 1454 sed
847 1398 1072 1454 suadere
1095 1406 1149 1452 ut
1169 1397 1308 1452 mala
1329 1396 1688 1452 contemnatis
1714 1414 1726 1450 :
1751 1410 1871 1450 nam

288 1492 406 1548 hzcc
426 1508 551 1547 vere
571 1491 815 1548 liberatio
840 1499 922 1545 est
944 1506 973 1543 a
999 1489 1173 1543 malis.
1202 1489 1292 1544 5i.
1328 1486 1501 1542 Nolite
1525 1502 1644 1556 ergo
1664 1487 1837 1540 timere
1853 1501 1873 1538 :

286 1583 458 1636 multis
479 1581 762 1652 passeribus
784 1582 1011 1635 meliores
1038 1580 1155 1634 estis
1184 1595 1289 1633 vos.
1316 1577 1505 1635 Viden'
1526 1578 1644 1633 illos
1668 1578 1779 1646 jam
1808 1577 1875 1631 ti-

285 1678 440 1727 more
483 1682 759 1741 correptos
788 1671 997 1726 fuisse?
1038 1670 1253 1726 Sciebat
1282 1670 1426 1725 enim
1474 1678 1684 1724 secreta
1718 1684 1869 1723 men-

285 1764 394 1819 tis:
424 1764 544 1818 ideo
599 1763 910 1833 sultjuttxit,
966 1761 1049 1817 Ne
1092 1779 1211 1833 ergo
1243 1762 1458 1815 linteatis
1498 1779 1599 1816 eos.
1650 1760 1871 1815 Etiamsi

284 1854 429 1908 enim
456 1854 801 1922 praevaleant,
826 1856 876 1908 in
906 1854 1171 1909 minorem
1206 1862 1410 1922 partem
1464 1853 1827 1923 praevalebunt
1856 1892 1871 1916 ,

284 1944 343 2000 in
362 1959 557 2014 corpus
599 1945 845 1999 scilicet:
877 1944 1020 2017 quod
1045 1944 1254 1999 etiamsi
1300 1944 1373 1998 illi
1416 1958 1522 1998 non
1572 1942 1869 2011 occidant,

283 2044 473 2091 natura
502 2044 675 2090 tamen
705 2035 969 2091 absumet.

357 2126 412 2181 5.
446 2126 588 2179 Mors
614 2126 995 2193 contemnenda,
1029 2125 1227 2181 Christo
1266 2126 1398 2179 illud
1423 2143 1511 2195 per
1530 2142 1670 2197 spem
1696 2136 1744 2180 et
1771 2142 1875 2181 me-

281 2223 393 2270 tunt
422 2217 684 2270 suadente.
733 2217 833 2283 Qtti
889 2218 1159 2286 conﬁtetur
1188 2257 1201 2281 ,
1252 2235 1342 2287 per
1384 2216 1605 2272 divinant
1655 2220 1873 2289 gratiam

284 2308 576 2377 conﬁtetur.
617 2306 753 2363 Deus
799 2308 1034 2362 libentius
1056 2310 1214 2376 bona,
1238 2326 1389 2378 quant
1418 2310 1671 2379 supplicia
1697 2310 1869 2378 infert.

282 2424 358 2441 σ-
385 2399 564 2469 itaque
606 2414 674 2454 ne
702 2400 752 2453 in
791 2399 892 2454 hoc
920 2400 1133 2469 quidem
1180 2402 1253 2455 illi
1300 2410 1617 2469 potestatem
1651 2402 1870 2467 habent,

282 2509 313 2548 a
338 2504 526 2568 natura
566 2494 761 2564 quippe
794 2493 920 2548 illud
948 2494 1206 2549 obtinent.
1243 2495 1394 2562 Quod
1434 2496 1480 2550 si
1509 2496 1611 2550 hoc
1638 2497 1832 2551 timeas
1854 2536 1870 2562 ,

282 2584 453 2639 tnulto
479 2584 646 2652 magis
676 2583 968 2639 timendum
996 2585 1122 2639 illud
1153 2586 1293 2655 quod
1316 2585 1504 2656 majus,
1535 2601 1597 2642 ac
1623 2595 1873 2643 metuen-

282 2674 387 2731 dus
413 2686 493 2729 est
540 2674 629 2731 ille
657 2677 746 2745 qui
794 2684 971 2747 potest
994 2684 1048 2730 et
1077 2676 1307 2730 animam
1336 2686 1389 2731 et
1417 2692 1613 2747 corpus
1646 2678 1872 2746 perdere

282 2766 337 2821 in
366 2764 687 2836 gehennam.
708 2766 888 2837 Neque
910 2767 1193 2822 manifeste
1218 2766 1345 2821 dicit
1366 2783 1427 2823 se
1458 2768 1607 2822 illum
1638 2783 1762 2824 esse
1778 2769 1871 2838 qui

282 2856 455 2925 pOSsit
478 2865 531 2909 et
560 2857 798 2911 animum
818 2865 873 2910 et
897 2870 1097 2925 corpus
1123 2855 1345 2925 perdere
1371 2874 1385 2921 ;
1409 2856 1504 2911 scd
1540 2872 1635 2926 per
1664 2872 1725 2913 ea
1753 2872 1872 2927 qua:

280 2946 534 3014 superius
554 2945 705 3011 dixit,
740 2960 797 3000 se
823 2945 1059 3015 judicem
1086 2960 1207 3001 esse
1243 2948 1583 3001 monstravit.
1629 2949 1701 3001 At
1731 2960 1872 3002 nunc

280 3038 612 3092 contrarium
635 3040 812 3092 evenit
845 3055 859 3091 :
889 3053 1012 3093 nam
1036 3053 1157 3093 eum
1178 3038 1266 3108 qui
1294 3047 1469 3107 potest
1487 3038 1719 3091 animam
1746 3052 1875 3107 per-

280 3129 436 3196 dere,
468 3130 570 3185 hoc
591 3140 675 3186 est
699 3170 714 3196 ,
745 3130 1007 3200 supplicio
1032 3130 1266 3195 afﬁcere,
1300 3145 1405 3184 non
1440 3130 1723 3195 timemus;
1755 3129 1873 3185 illos

280 3229 466 3275 autem
494 3220 581 3288 qui
600 3234 794 3289 corpus
825 3221 1151 3274 interficiunt
1169 3219 1650 3289 perhorrescimus.
1667 3219 1873 3287 Quam-

281 3328 446 3383 quam
495 3313 582 3365 iile
623 3327 725 3366 una
781 3326 903 3365 eum
933 3312 1111 3364 anima
1140 3325 1336 3379 corpus
1365 3312 1527 3365 etiam
1556 3311 1870 3366 ulciscitur:

278 3404 360 3460 illi
392 3417 517 3455 vero
540 3417 645 3455 non
674 3402 833 3455 modo
859 3404 1095 3456 animam
1114 3444 1129 3466 ,
1159 3401 1252 3455 sed
1308 3416 1375 3457 ne
1405 3418 1600 3471 corpus
1656 3402 1873 3473 quidem

279 3502 509 3564 possunt
538 3486 759 3561 punire;
787 3492 910 3547 licet
937 3492 1079 3546 enim
1107 3492 1301 3547 millies
1328 3492 1589 3561 supplicio
1615 3494 1871 3560 alliciant,

281 3584 623 3655 splendidius
645 3584 772 3638 illud
798 3584 1021 3638 omnino
1050 3582 1296 3638 reddunt.
1335 3582 1578 3638 Vidistin‘
1602 3585 1875 3656 quomodo

279 3675 576 3730 certamina
603 3675 776 3729 facilia
823 3674 1047 3729 reddat?
1076 3673 1217 3729 Mors
1241 3675 1385 3731 enim
1422 3691 1612 3731 eorum
1640 3678 1872 3732 animant

278 3765 573 3821 admodum
603 3765 928 3835 exagitabat,
977 3767 1335 3837 terribilisque
1365 3767 1539 3823 adhuc
1559 3777 1699 3833 erat,
1730 3769 1873 3840 quod

278 3858 523 3913 nomium
546 3867 849 3927 expugnato
883 3857 1055 3912 facilis
1082 3867 1227 3914 esset
1257 3896 1272 3921 ,
1312 3875 1411 3914 nec
1437 3858 1613 3916 adhuc
1641 3860 1875 3930 Spiritus

278 3948 510 4019 gratiam
538 3950 874 4017 accepissent
915 3949 948 4002 ii
993 3949 1083 4018 qui
1118 3948 1261 4002 illam
1289 3952 1646 4020 contempturi
1694 3963 1871 4008 erant.

278 4041 575 4109 Postquam
607 4055 734 4109 ergo
763 4040 1007 4093 timorem
1029 4050 1083 4093 et
1116 4049 1337 4106 metum,
1371 4041 1459 4109 qui
1490 4041 1725 4111 ipsorum
1752 4043 1872 4097 ani-

276 4148 427 4189 mam
446 4131 767 4201 exagitabat,
799 4131 1087 4185 amovisset
1110 4169 1126 4197 ,
1156 4132 1399 4201 sequenti
1428 4133 1589 4187 etiam
1617 4149 1875 4191 sermone

279 4227 393 4285 illis
416 4226 665 4281 ﬁduciam
697 4226 869 4291 ittdit;
918 4225 1111 4279 timore
1140 4225 1388 4279 timorem
1416 4226 1646 4296 pellens,
1676 4242 1775 4283 nec
1806 4228 1873 4283 ti-

278 4333 439 4375 more
477 4317 657 4383 modo,
703 4316 797 4373 sed
828 4332 1143 4387 magnorum
1179 4332 1274 4386 spe
1310 4319 1682 4388 praemiorum;
1720 4321 1871 4377 insu-

278 4425 486 4484 perque
502 4424 622 4465 cum
640 4423 825 4479 magna
847 4418 1110 4478 potestate
1124 4410 1480 4465 comminatur
1497 4425 1513 4465 :
1535 4419 1693 4482 atque
1705 4413 1874 4468 utrino

276 4518 390 4573 que
410 4502 529 4557 illos
547 4500 789 4556 hortatur
812 4501 878 4557 ad
906 4500 1154 4556 ﬁduciam
1184 4517 1280 4571 pro
1300 4503 1520 4558 veritate
1531 4504 1869 4571 sumendam,

277 4594 402 4650 haec
422 4592 676 4663 adjiciens
698 4610 712 4645 :
742 4593 827 4648 52.
853 4594 1167 4663 Quicumque
1186 4594 1500 4662 conﬁtebitur
1519 4594 1572 4647 in
1597 4611 1676 4649 nte
1701 4612 1871 4650 carent

278 4683 589 4750 hominibus,
618 4684 892 4753 conﬁtebor
914 4694 960 4738 et
981 4701 1071 4756 ego
1083 4686 1134 4737 in
1160 4701 1270 4738 eum
1288 4701 1458 4738 coram
1477 4685 1634 4741 Patre
1660 4704 1769 4742 meo
1786 4689 1872 4758 qui

276 4786 354 4832 est
383 4777 436 4829 in
465 4776 635 4838 calls;
665 4777 751 4832 33.
786 4786 831 4829 et
859 4776 1159 4845 quicumque
1188 4779 1442 4846 negaverit
1470 4794 1546 4832 me
1575 4795 1747 4832 corant
1776 4780 1869 4833 Ito-

276 4865 525 4929 minibus,
561 4866 751 4936 negabo
797 4876 842 4921 et
872 4882 965 4936 ego
1002 4882 1117 4921 eunt
1148 4883 1319 4919 rorant
1355 4867 1510 4922 Putre
1536 4885 1645 4922 meo
1683 4871 1769 4938 qui
1799 4879 1869 4925 est

276 4958 331 5010 in
351 4955 492 5009 cretis
508 4954 549 5009 ¹.
574 4954 691 5009 Νοη
716 4956 855 5011 enim
881 4972 911 5010 a
936 4955 1195 5011 bonorum
1222 4971 1317 5026 spe
1340 4963 1567 5023 tantum,
1588 4958 1681 5012 sed
1707 4960 1867 5014 etiam

278 5064 309 5103 a
340 5045 607 5102 malorum
651 5058 793 5101 metu
829 5048 1082 5109 concitat,
1112 5056 1166 5102 et
1197 5049 1247 5101 in
1282 5048 1451 5101 tristia
1474 5047 1692 5103 desinit.
1739 5050 1868 5119 Ejus

277 5147 465 5191 autem
496 5141 891 5192 accurationcm
921 5139 1210 5207 perpende.
1241 5138 1355 5192 Non
1385 5138 1546 5202 dixit,
1577 5138 1679 5203 Me,
1730 5141 1823 5195 sed
1850 5180 1865 5206 ,

280 5227 350 5284 In
384 5243 497 5289 nte,
550 5226 840 5281 ostendens
869 5242 990 5281 cum
1033 5229 1121 5297 qui
1151 5229 1459 5294 conﬁtetur,
1516 5245 1622 5283 non
1654 5231 1865 5300 propria

277 5320 508 5383 virtute,
541 5319 635 5373 sed
658 5335 889 5388 superna
932 5321 1097 5390 gratia
1126 5320 1315 5375 fultum
1338 5320 1604 5377 conﬁteri.
1639 5323 1712 5379 De
1767 5339 1864 5379 ne-

278 5420 448 5485 gante
478 5426 583 5464 non
635 5411 789 5477 dixit,
826 5410 878 5463 In
915 5426 999 5466 me
1028 5442 1044 5476 ,
1075 5412 1193 5477 scd,
1234 5411 1320 5466 Me
1348 5427 1367 5467 :
1393 5428 1514 5465 nam
1560 5429 1681 5468 cum
1723 5413 1867 5468 dono

277 5502 472 5574 gratias
502 5516 696 5557 vacuus
735 5504 821 5567 sil,
853 5504 920 5556 ita
952 5513 1127 5572 negat.
1163 5504 1268 5556 Cur
1298 5519 1423 5572 ergo
1452 5517 1753 5565 accusatur,
1786 5506 1866 5557 in-

278 5593 473 5663 quies,
504 5592 548 5646 si
582 5592 628 5646 is
666 5594 755 5662 qui
813 5602 1003 5663 negat,
1050 5594 1119 5646 ita
1164 5593 1583 5663 dcreiinquitur?
1612 5595 1744 5663 Quia
1778 5598 1865 5665 qui

280 5682 696 5751 derelinquitur,
721 5684 875 5753 culpa
907 5699 1001 5738 sua
1030 5683 1438 5754 derelinquitnr.
1472 5685 1577 5740 Sed
1619 5701 1714 5741 cur
1758 5704 1862 5742 non

351 5793 370 5827 ι
408 5798 514 5842 tunc
535 5791 746 5847 clausula
770 5794 1013 5860 Evangelii
1039 5802 1137 5848 tcta
1158 5796 1331 5849 deerat
1348 5798 1395 5847 in
1419 5795 1586 5849 nerei.

1270 357 1338 418 ΙΝ
1373 355 1786 417 ΜΑΤἹἮΕυΜ
1824 354 2057 413 ΠΟΜΙι.
2083 352 2339 447 gXXXIV,
2379 354 2451 409 al.
2492 352 2713 411 XXXV.

3473 359 3571 417 l0!

1981 472 2177 531 sufﬁcit
2206 474 2339 530 ildes
2374 474 2427 530 in
2458 474 2661 543 animo,
2702 472 2801 531 sed
2827 472 2939 529 oris
2969 473 3133 531 etiam
3177 474 3573 533 confessionem

1985 567 2250 639 requirit?
2282 567 2349 625 Ut
2396 582 2497 623 nos
2544 568 2730 624 incitet
2751 567 2819 624 ad
2851 566 3099 624 ﬁduciam
3129 578 3183 625 et
3210 569 3279 626 ad
3318 569 3572 640 loquendi

1982 657 2284 722 ‘ibertatem
2312 700 2327 725 ,
2361 674 2571 715 necnon
2598 660 2667 715 ad
2718 662 2983 732 majorem
3026 664 3309 719 caritatem
3337 670 3394 718 et
3441 662 3573 718 all‘e-

1983 761 2152 821 ctum,
2185 763 2352 823 utque
2374 768 2474 809 nos
2516 755 2859 812 sublimiotes
2883 755 3101 812 efiiciat.
3136 754 3372 824 Ideoque
3397 755 3575 815 umni-
3667 771 3671 775 ·

1981 844 2083 901 bus
2123 846 2379 916 loquitur,
2438 861 2613 917 name
2642 846 2792 904 solos
2821 848 3043 917 respicit
3079 846 3413 915 discipulos;
3460 859 3571 900 non

1981 937 2103 994 illos
2125 938 2269 994 enim
2303 945 2531 1005 tantum,
2586 938 2682 993 sed
2720 938 2882 993 etiam
2913 936 3209 1008 discipulos
3252 952 3441 993 eorum
3462 937 3573 1006 jam

1982 1040 2234 1088 strenuos
2260 1030 2490 1088 reddere
2511 1030 2710 1087 studet.
2740 1030 2874 1086 Nam
2895 1030 2987 1101 qui
3013 1030 3128 1084 haec
3149 1028 3420 1091 didicerit,
3469 1043 3577 1084 non

1982 1126 2146 1182 modo
2172 1140 2294 1181 cum
2321 1126 2569 1180 libertate
2607 1123 2846 1190 docebit,
2881 1122 2975 1178 sed
3007 1123 3171 1178 etiam
3215 1122 3393 1176 omnia
3422 1120 3578 1176 facile

1981 1226 2037 1274 et
2083 1231 2275 1288 magno
2302 1216 2483 1270 animo
2514 1216 2764 1285 patietur.
2794 1213 2850 1268 ld
2895 1221 3044 1269 certe
3085 1213 3209 1268 fecit
3240 1221 3299 1265 nt
3325 1212 3474 1267 multi
3508 1210 3574 1265 ad

1981 1310 2256 1379 apostolos
2285 1308 2622 1368 accederent,
2657 1305 2801 1377 quod
2854 1305 2980 1361 huic
3014 1304 3160 1359 dicto
3211 1303 3369 1359 iidem
3410 1302 3575 1357 habe-

1980 1412 2119 1458 rent.
2150 1401 2281 1456 Nam
2311 1410 2368 1456 nt
2395 1401 2447 1455 in
2496 1400 2651 1456 malis
2679 1398 2883 1470 majora
2927 1397 3189 1467 supplicia
3235 1405 3571 1465 sequuntur:

1981 1494 2063 1549 sic
2093 1504 2147 1548 ct
2178 1493 2229 1546 in
2260 1493 2415 1547 bonis
2444 1492 2618 1560 major
2638 1506 2867 1546 merces.
2895 1489 3030 1557 Quia
3060 1489 3205 1544 enim
3238 1488 3328 1557 qui
3372 1487 3573 1542 bonutn

1980 1586 2059 1641 sic
2080 1592 2351 1655 operatur,
2376 1583 2593 1650 divitias
2613 1582 2717 1638 sibi
2748 1590 2919 1652 parat,
2954 1588 3206 1651 peccator
3228 1589 3406 1635 autem
3436 1578 3575 1635 dila-

1981 1676 2127 1729 tione.
2155 1673 2401 1743 supplicii
2433 1688 2492 1727 se
2521 1672 2716 1727 lucrari
2748 1672 3045 1736 existimat,
3078 1685 3286 1739 parem,
3315 1671 3423 1725 imo
3452 1671 3577 1725 Ion—

1980 1779 2047 1833 ge
2070 1764 2333 1834 majorem
2360 1765 2495 1818 bene
2530 1764 2775 1833 aperanti
2800 1762 3009 1817 induxit
3030 1762 3265 1832 copiam,
3294 1776 3389 1816 seu
3428 1776 3572 1831 prte-

1981 1857 2212 1913 miorum
2240 1855 2688 1912 additamentum.
2722 1856 2871 1911 lianc
2890 1856 3325 1927 prazrogativam,
3356 1855 3526 1923 inquit
3554 1897 3571 1922 ,

1980 1950 2168 2015 habes,
2197 1948 2337 2018 quod
2367 1950 2419 2003 in
2449 1964 2534 2003 me
2576 1948 2721 2019 prior
2768 1947 3106 2003 credideris?
3136 1946 3250 2017 Ego
3282 1947 3409 2002 item
3436 1946 3574 2001 hanc

1980 2043 2386 2113 prmrogativam
2434 2041 2594 2102 dabo,
2638 2048 2696 2095 ut
2724 2041 2925 2109 majora
2968 2039 3195 2094 tribuam
3222 2080 3236 2103 ,
3266 2038 3375 2092 into
3414 2037 3573 2108 longe

1978 2135 2182 2204 majora
2219 2154 2234 2191 :
2262 2150 2385 2189 nam
2427 2133 2499 2189 ibi
2526 2142 2578 2189 te
2608 2132 2928 2189 confitebor.
2964 2130 3153 2186 Viden‘
3178 2139 3235 2185 et
3264 2131 3351 2187 hic
3379 2139 3433 2185 et
3469 2131 3575 2186 illic

1979 2226 2116 2282 bona
2164 2234 2219 2280 et
2264 2225 2402 2280 mala
2438 2223 2834 2280 recondiiCur
2861 2238 2992 2294 ergo
3036 2223 3297 2278 festinas?
3338 2239 3435 2277 cur
3488 2222 3575 2279 hic

1982 2315 2283 2372 mercedem
2320 2316 2538 2386 qumris,
2573 2315 2662 2385 qui
2691 2330 2786 2384 spe
2808 2315 2917 2384 jam
2951 2315 3131 2368 salvus
3166 2316 3262 2368 es?
3286 2314 3491 2369 Idcirco
3519 2315 3569 2369 si

1979 2410 2106 2480 quid
2132 2410 2255 2464 honi
2286 2406 2498 2471 feceris,
2554 2406 2839 2477 neque'jtic
2874 2407 3177 2462 mercedem
3208 2408 3437 2475 recipias
3457 2446 3473 2472 ,
3507 2421 3574 2461 ne

1980 2500 2251 2565 turberis;
2291 2514 2413 2554 cum
2460 2498 2829 2554 additamento
2854 2498 2995 2553 enim
3045 2500 3097 2552 in
3130 2497 3309 2552 futuro
3333 2508 3575 2567 tempore

1979 2600 2033 2646 te
2062 2604 2269 2645 merces
2307 2598 2509 2644 manet.
2538 2589 2630 2644 Sin
2654 2589 2927 2660 quidpiam
2952 2589 3076 2643 mali
3105 2588 3317 2653 feceris,
3354 2602 3452 2643 nec
3477 2587 3575 2641 des

1980 2694 2189 2749 plenas,
2221 2696 2286 2733 ne
2318 2679 2440 2734 ideo
2494 2681 2677 2749 segnis
2703 2680 2807 2743 sis;
2843 2679 2953 2733 illic
2977 2681 3119 2733 enim
3154 2687 3206 2731 te
3252 2676 3573 2748 supplicium

1980 2770 2233 2839 excipiet,
2282 2770 2383 2823 nisi
2412 2770 2639 2824 mitteris
2670 2779 2723 2823 et
2753 2769 2946 2823 melior
2976 2768 3195 2823 evadas.
3228 2768 3284 2822 Si
3311 2782 3440 2823 vero
3466 2782 3573 2823 non

1978 2858 2154 2914 credis
2201 2874 2267 2914 ex
2297 2860 2653 2930 prtesentihus
2678 2860 2840 2914 rebus
2865 2861 3040 2915 futura
3067 2860 3188 2929 conj
3199 2862 3343 2913 icito.
3372 2859 3504 2914 Nam
3527 2860 3574 2915 si

1979 2950 2335 3005 certaminum
2368 2960 2611 3019 tempore
2657 2949 2737 3003 sic
2768 2949 3005 3004 illustres
3040 2959 3165 3003 sunt
3210 2950 3243 3003 ii
3274 2949 3365 3016 qui
3402 2948 3577 3004 conii-

1983 3046 2181 3102 tentur,
2224 3037 2497 3107 perpende
2524 3038 2712 3107 quales
2739 3052 3063 3092 coronarum
3114 3046 3357 3107 tempore
3410 3037 3572 3093 futuri

1980 3128 2105 3183 sint.
2156 3127 2211 3183 Si
2272 3128 2473 3183 inimici
2520 3129 2607 3184 hic
2641 3129 2916 3197 plaudunt,
2963 3130 3053 3197 qui
3102 3139 3157 3184 te
3215 3130 3407 3184 affectu
3457 3131 3577 3200 plus

1981 3235 2138 3289 quam
2168 3228 2395 3289 paterno
2433 3218 2624 3285 diligit,
2663 3219 2939 3289 quomodo
2973 3234 3084 3273 nan
3117 3230 3170 3274 te
3199 3222 3481 3275 mirabitur
3515 3230 3571 3277 et

1980 3308 2321 3365 celebrabit?
2350 3307 2501 3363 Tunc
2519 3310 2662 3363 enim
2692 3318 2853 3364 erunt
2879 3319 2935 3364 et
2963 3308 3223 3364 bonorum
3250 3312 3467 3379 praemia
3509 3322 3564 3366 et

1981 3402 2246 3456 maiorum
2275 3402 2532 3471 supplicia
2559 3417 2573 3465 ;
2606 3401 2675 3455 ita
2708 3410 2762 3453 ut
2812 3401 2901 3471 qui
2928 3402 3242 3471 negaverint
3268 3443 3285 3468 ,
3312 3412 3365 3457 et
3406 3402 3491 3458 hic
3518 3412 3574 3459 et

1980 3493 2092 3549 illic
2134 3492 2455 3564 puniantur;
2488 3491 2574 3547 hic
2615 3506 2739 3546 cum
2764 3492 2904 3546 mala
2929 3492 3261 3547 conscientia
3288 3492 3535 3549 viventes
3555 3533 3572 3559 ,

1980 3586 2069 3656 qui
2124 3594 2615 3655 quantumcumque
2669 3594 2901 3638 mortem
2951 3583 3228 3653 fugerint,
3276 3586 3576 3641 morientur

1982 3677 2231 3742 tandem;
2277 3678 2387 3732 illic
2412 3692 2544 3732 vero
2574 3684 2843 3733 extremas
2868 3676 3075 3731 dabunt
3104 3692 3328 3747 poenas;
3361 3679 3450 3732 alii
3478 3694 3576 3733 au-

1980 3779 2087 3825 tem
2118 3780 2173 3824 ct
2203 3769 2287 3824 hic
2307 3778 2362 3824 et
2383 3769 2491 3823 illic
2512 3768 2827 3833 lucrentur;
2855 3776 2910 3822 et
2928 3776 3157 3822 mortem
3187 3767 3273 3821 hic
3294 3771 3346 3822 in
3368 3769 3574 3825 lucrum

1979 3868 2249 3916 vertentes
2272 3900 2285 3923 ,
2314 3875 2417 3930 qua
2439 3859 2571 3913 vivis
2600 3858 2993 3928 splendidiores
3018 3859 3344 3927 efficiuntur,
3378 3871 3431 3915 et
3464 3863 3573 3917 illic

1979 3950 2340 4007 ineﬂ’abilibus
2365 3950 2608 4004 fruentes
2630 3950 2807 4003 bonis.
2834 3948 2952 4003 Non
2974 3950 3118 4004 enim
3142 3950 3206 4004 ad
3243 3952 3572 4019 puniendum

1981 4051 2209 4110 tantum,
2261 4042 2356 4097 sed
2403 4043 2564 4097 etiam
2615 4040 2681 4095 ad
2729 4041 2868 4095 bona
2920 4043 3190 4111 eroganda
3236 4054 3453 4113 paratus
3492 4057 3577 4101 est

1980 4136 2157 4201 Deus;
2187 4142 2240 4189 et
2267 4132 2334 4188 ad
2367 4132 2471 4187 hoc
2496 4140 2645 4187 certe
2674 4131 2843 4202 magis
2874 4147 3036 4201 quam
3065 4133 3132 4186 ad
3162 4133 3314 4189 illud.
3340 4134 3448 4189 Sed
3479 4150 3577 4191 cur

1980 4227 2084 4281 hoc
2113 4225 2304 4292 sentel,
2339 4224 2471 4279 illud
2505 4224 2587 4278 bis
2615 4223 2835 4294 posuit?
2866 4223 3029 4279 Novit
3057 4233 3208 4280 certe
3241 4226 3435 4280 timore
3463 4242 3577 4281 ma-

1977 4319 2062 4390 gis
2115 4319 2364 4373 homines
2408 4316 2474 4372 ad
2508 4315 2943 4387 resipiscentiam
2973 4315 3185 4371 adduci.
3218 4317 3423 4372 Idcirco
3451 4333 3573 4372 cum

1976 4412 2223 4474 dixisset,
2269 4410 2457 4465 Timete
2487 4426 2600 4465 eum
2624 4410 2713 4479 qui
2743 4418 2905 4478 potest
2937 4418 2985 4462 et
3024 4410 3255 4462 animam
3292 4419 3339 4463 et
3384 4426 3572 4480 corpus

1980 4504 2187 4573 perdere
2208 4503 2260 4556 in
2284 4503 2586 4573 gehennam,
2614 4515 2827 4555 rursum
2850 4500 3000 4567 dicit,
3026 4499 3079 4553 Ν
3084 4502 3239 4571 cgabo
3260 4516 3375 4554 eunt
3394 4511 3439 4554 et
3456 4518 3567 4571 ego.

1977 4596 2066 4651 Sic
2094 4603 2149 4650 et
2170 4594 2367 4649 Paulus
2401 4592 2653 4660 faciebat,
2685 4591 2987 4664 gehennam
3024 4591 3336 4663 frequenter
3358 4609 3569 4648 mento-

1976 4703 2121 4743 rans.

2048 4780 2102 4835 4.
2136 4777 2299 4843 Hora,
2330 4775 2528 4831 Christo
2551 4786 2804 4844 monente,
2830 4792 2932 4830 non
2971 4776 3257 4831 metuenda.
3300 4776 3573 4845 Corruptio

1974 4886 2243 4942 corporum
2274 4869 2429 4923 utilis.
2464 4868 2600 4936 Quot
2644 4868 2779 4921 mala
2824 4867 3095 4933 euenirent,
3139 4870 3182 4922 si
3225 4884 3442 4939 corpora
3471 4886 3572 4923 non

1976 4972 2436 5034 corrumperentur.
2468 4992 2538 5001 ——-
2565 4960 2699 5015 Cum
2747 4961 2908 5031 igitur
2958 4961 3255 5016 auditorem
3300 4961 3445 5017 omni
3498 4978 3570 5017 ex

1977 5068 2127 5128 parte
2170 5055 2496 5110 stitnulasset
2527 5053 2673 5126 (nam
2704 5064 2757 5108 et
2785 5054 2949 5109 cmlos
2980 5053 3077 5123 ipsi
3104 5056 3346 5123 aperuit,
3380 5064 3426 5110 ct
3470 5056 3569 5110 tri-

1976 5150 2136 5205 bunal
2164 5149 2291 5205 illud
2321 5149 2556 5205 terribile
2582 5148 2917 5212 monstravit,
2943 5148 3255 5219 angelorum
3281 5150 3567 5215 theatrum,

1975 5257 2293 5297 coronarum
2343 5242 2787 5312 proclamationes
2811 5282 2826 5306 ,
2863 5256 2981 5311 quin
3013 5242 3112 5311 piae
3141 5240 3401 5295 doctrina:
3431 5243 3569 5296 viam

1975 5332 2184 5387 facilem
2210 5335 2498 5403 pararent),
2528 5332 2741 5385 demum
2773 5347 2839 5386 ne
2866 5347 2961 5401 per
2990 5332 3233 5387 timorem
3262 5334 3573 5403 prmdicatiu

1976 5424 2341 5492 impediretur,
2375 5425 2441 5478 ad
2481 5424 2655 5479 caedes
2683 5426 2825 5492 ipsos
2868 5427 3109 5495 apparari
3150 5424 3339 5495 jubet,
3384 5434 3439 5480 ut
3484 5425 3567 5480 di-

1976 5524 2146 5579 scant,
2167 5529 2259 5569 eos
2288 5516 2376 5584 qui
2422 5514 2472 5568 itt
2506 5515 2877 5569 incrcdulitnte
2905 5514 3213 5583 persistnnt,
3246 5517 3404 5569 etiam
3435 5517 3567 5571 insi-

1966 5606 2177 5660 diarum
2195 5604 2443 5657 ﬁdelibus
2458 5612 2791 5657 structarum
2814 5619 3002 5672 poenas
3022 5620 3143 5659 esse
3160 5606 3558 5662 daturos.Mor—

1968 5706 2073 5752 tem
2106 5712 2236 5765 ergo
2253 5694 2875 5764 despiciamus,etiamsi
2912 5697 3154 5750 nondum
3189 5698 3307 5767 ejus
3338 5709 3555 5769 tempus

1969 5790 2398 5845 adveneritmam
2422 5787 2488 5842 ad
2507 5787 2681 5841 multo
2702 5787 2981 5844 meliorem
3004 5790 3169 5845 vitam
3189 5794 3551 5850 resurrecturi
