4080 6466
532 407 632 466 £03

529 531 731 578 sumus.
751 518 836 578 At,
855 513 1022 578 dices,
1036 521 1232 580 corpus
1245 504 1637 574 corrumpitur?
1653 501 1721 557 Et
1738 497 1860 555 ideo
1876 495 2106 554 maxime

531 609 904 682 gaudendum,
948 602 1089 674 quod
1118 613 1264 655 mors
1285 603 1693 666 corrumpatur,
1733 599 1797 682 et
1812 587 2107 682 mortalitas

532 667 717 774 pereat
736 741 752 765 ,
796 667 900 753 non
935 667 1116 750 autem
1140 687 1433 746 substantia
1464 683 1726 774 corporis.
1751 679 1937 774 Bieque
1963 676 2106 774 enim
2159 667 2168 678 ’

536 765 578 848 si
603 789 822 847 conflari
851 787 1061 843 videres
1084 790 1332 842 statuam.
1360 775 1648 848 perniciem
1676 771 1728 828 id
1756 770 1984 836 diceres,
2015 765 2106 823 sed

535 883 812 938 meliorem
842 876 1077 933 materia
1114 887 1291 928 usum.
1320 870 1429 926 .Sic
1466 876 1522 924 et
1547 865 1616 923 de
1641 878 1870 934 corpore
1895 860 2066 932 cogita
2089 897 2104 924 ,

533 984 686 1034 ct-ne
713 968 1037 1044 lacrymeris.
1079 965 1342 1021 Flentium
1385 973 1514 1016 sane
1552 965 1740 1022 esset,
1775 955 1820 1010 si
1860 955 1916 1009 in
1952 965 2106 1024 ptena

532 1062 835 1119 mansisset.
863 1057 969 1116 Sed
997 1055 1342 1127 oportuisset.
1372 1048 1599 1120 inquies,
1627 1048 1742 1103 sine
1766 1045 2109 1114 corruptione

531 1166 814 1222 corporum
859 1148 912 1204 id
958 1147 1107 1212 ficri,
1151 1153 1208 1201 et
1238 1145 1352 1214 ipsa
1392 1142 1598 1210 integra
1623 1151 1860 1193 manere.
1890 1135 1960 1191 Et
1984 1132 2110 1205 quid

531 1241 660 1297 inde
697 1239 944 1300 utilitatis
982 1245 1076 1294 aut
1118 1235 1254 1290 vivis
1296 1241 1393 1289 aut
1432 1229 1695 1287 defunctis
1739 1226 2122 1300 provenisset!

533 1330 820 1402 Quousque
844 1335 1109 1384 amatores
1136 1339 1418 1395 corporum
1443 1321 1626 1379 eritis?
1652 1333 1928 1391 quousque
1955 1327 2112 1374 teme

534 1421 733 1480 addicti
753 1420 820 1475 ad
849 1424 1067 1474 umbras
1088 1415 1344 1473 initiatis?
1365 1412 1504 1482 Quid
1530 1412 1654 1467 inde
1683 1410 1922 1466 utilitatis
1944 1407 2116 1463 obve-

536 1510 709 1568 niret?
737 1512 846 1566 imo
889 1508 1017 1572 quid
1052 1522 1175 1565 non
1207 1504 1513 1570 nocumentl
1554 1501 1871 1557 accederet?
1904 1498 2034 1555 Nam
2063 1499 2113 1554 si

535 1615 756 1672 corpora
787 1615 894 1656 non
918 1604 1416 1665 commentor,
1444 1592 1641 1648 malum
1667 1590 1906 1646 omnium
1931 1588 2111 1644 deter-

537 1693 732 1748 rimum
755 1730 772 1758 ,
818 1689 1062 1759 superbia
1092 1689 1146 1742 in
1186 1685 1372 1740 multis
1395 1682 1616 1753 vigeret.
1646 1681 1854 1737 Etenim
1881 1695 2001 1736 cum
2027 1695 2113 1736 res

537 1785 612 1840 ita
641 1798 703 1838 se
739 1782 930 1837 habeat
951 1821 966 1846 ,
1011 1789 1340 1849 corporeque
1377 1773 1646 1830 vermibus
1675 1781 1931 1836 scatente,
1961 1772 2110 1829 multi

539 1881 717 1931 tamen
745 1884 805 1926 se
822 1869 961 1936 deos
988 1866 1286 1926 existimari
1308 1865 1648 1931 studuerunt,
1678 1862 1805 1934 quid
1831 1879 1937 1918 non
1965 1863 2115 1919 futti-

536 1975 656 2019 rutn
682 1968 833 2027 erat,
862 1961 908 2015 si
936 1972 1132 2029 corpus
1157 1955 1480 2013 manaiSseti
1503 1953 1773 2017 Secundo.
1804 1968 1910 2010 non
1935 1952 2112 2008 credi-

536 2051 744 2109 dissent
768 2065 991 2122 corpora
1021 2066 1088 2106 ea
1115 2059 1257 2105 terra
1282 2058 1462 2106 ortum
1501 2046 1700 2102 habere
1727 2064 1740 2100 :
1769 2061 1890 2102 nam
1926 2048 1969 2100 si
1996 2047 2115 2117 ejus

539 2140 650 2198 line
668 2142 720 2197 id
751 2142 1066 2197 testiﬁcante
1093 2140 1269 2203 adhuc
1307 2139 1522 2213 quidam
1562 2138 1823 2204 dubitant,
1854 2139 1979 2209 quid
2008 2155 2116 2195 non

538 2232 939 2302 suspicarentur
961 2271 976 2296 ,
1020 2230 1124 2285 nisi
1169 2229 1275 2284 hoe
1317 2228 1601 2286 viderent?
1643 2228 1844 2295 Tertio,
1891 2243 2116 2299 corpora

538 2322 708 2393 magis
726 2322 1089 2393 diligerentur,
1113 2319 1431 2391 plurimique
1451 2319 1622 2390 magis
1639 2319 1878 2375 carnales
1897 2329 1952 2375 et
1965 2333 2116 2376 cras-

538 2413 708 2468 siores
732 2409 858 2467 facti
881 2423 1060 2468 essent
1083 2428 1097 2465 :
1121 2425 1244 2468 nam
1268 2410 1330 2467 .si
1375 2425 1514 2466 nunc
1540 2410 1753 2480 quidam
1781 2411 2040 2480 sepulcris
2062 2419 2118 2468 et

538 2503 688 2569 urnis
711 2499 938 2567 harent,
960 2502 1119 2556 etiam
1144 2500 1459 2572 corporibus
1475 2502 1826 2572 consumptis,
1853 2501 1980 2573 quid
2009 2516 2117 2558 non

540 2595 795 2660 facerent,
839 2595 883 2649 si
914 2595 1082 2663 ipsam
1119 2595 1398 2665 imaginem
1442 2593 1736 2649 baberent?
1765 2595 1988 2662 Quarto,
2013 2594 2118 2667 ho-

542 2685 716 2740 mines
742 2686 913 2740 futura
935 2701 1040 2740 nou
1063 2684 1474 2742 desiderassent.
1495 2686 1709 2754 Quinto,
1735 2686 1922 2758 illiqui
1937 2687 2121 2744 dicunt

540 2775 798 2831 mundum
817 2789 937 2832 esse
956 2777 1329 2841 immortalem,
1355 2777 1479 2832 hinc
1497 2777 1549 2832 in
1572 2777 1822 2848 opinione
1841 2778 2119 2836 firmaren-

541 2875 646 2933 tur,
673 2873 732 2921 ut
758 2877 1062 2923 assererem
1105 2867 1270 2924 Deum
1302 2884 1408 2924 non
1435 2884 1554 2925 esse
1582 2879 1901 2927 creatorem.
1931 2871 2116 2939 Sexto,

543 2971 650 3013 non
678 2967 1093 3026 cognosceretur
1115 2960 1308 3014 animai
1346 2960 1514 3015 virtus
1531 3002 1546 3028 ,
1575 2975 1675 3018 nec
1700 2964 1956 3033 quantum
1983 2977 2123 3032 pra:-

540 3058 666 3101 sens
702 3045 944 3111 conferat
964 3050 1152 3103 anima
1168 3050 1401 3118 corpori.
1428 3049 1668 3121 Septimo
1686 3083 1703 3118 ,
1747 3052 1898 3107 multi
1923 3067 1994 3108 ex
2019 3052 2120 3108 de-

541 3132 1070 3193 functorumsuot‘um
1088 3151 1289 3206 amore,
1310 3140 1529 3194 urbibus
1550 3140 1772 3208 relictis,
1790 3141 1842 3196 in
1864 3143 2120 3212 sepulcris

546 3225 836 3281 habitaturi
872 3234 1024 3281 erant
1043 3267 1058 3292 ,
1106 3229 1511 3286 et-insanorum
1538 3230 1705 3285 instar
1731 3240 1969 3287 mortuos
1993 3247 2120 3290 suos

541 3315 849 3414 frequenter
866 3319 1185 3414 alloquuturi
1208 3335 1369 3414 epam
1390 3321 1596 3414 sinunc
1623 3322 1836 3394 quidam
1867 3324 2122 3396 imagines

541 3407 854 3478 efﬂugentes
876 3449 892 3475 ,
935 3409 1057 3479 quia
1092 3407 1315 3482 corpora
1355 3412 1587 3468 retinere
1613 3428 1719 3468 non
1751 3424 1997 3485 possunt,
2025 3417 2120 3471 sed

544 3499 724 3554 invitis
749 3500 878 3568 ipsis
906 3500 992 3554 illa
1017 3499 1278 3568 deﬂuunt;
1307 3502 1492 3572 ligneis
1519 3502 1712 3559 tabulis
1741 3505 1963 3570 haarcnt,
1993 3506 2119 3576 quid

545 3602 652 3642 non
687 3587 906 3644 absurdi
948 3596 1076 3646 tunc
1119 3591 1553 3661 eacogitassent?
1596 3593 1730 3648 Puto
1757 3609 1904 3651 certe
1929 3597 2123 3652 multos

545 3677 912 3748 hujuscemodi
932 3681 1246 3750 corporibus
1271 3682 1468 3751 templa
1492 3683 1881 3752 mdificaturos,
1914 3695 1967 3742 et
1998 3701 2122 3754 per-

545 3783 798 3826 suasurus
821 3769 984 3826 fuisse
1008 3757 1280 3828 damonas
1304 3775 1362 3839 lg
1384 3774 1490 3828 nilis
1514 3774 1679 3844 loqui,
1711 3775 1755 3829 si
1783 3776 1872 3846 qui
1893 3775 1949 3830 in
1976 3776 2122 3833 hisce

545 3860 837 3931 praestigiis,
871 3860 1096 3916 solertes
1137 3862 1382 3927 fuissent)
1429 3863 1857 3935 quandoquidem
1902 3866 2000 3935 illi,
2031 3868 2122 3937 qui

547 3951 958 4006 necromantiam
988 3951 1188 4006 audent
1213 3965 1486 4029 exercere,
1515 3955 1677 4008 multa
1705 3953 1787 4009 his
1815 3955 2126 4012 absurdiora

548 4050 788 4108 tentant,
837 4041 904 4096 ad
949 4041 1064 4097 hac
1104 4041 1378 4112 pulverem
1396 4052 1480 4098 ‘aet
1529 4046 1738 4102 cineres
1787 4045 2122 4105 adhibentes.

547 4133 755 4200 Quanta
783 4131 905 4187 hinc
930 4131 1243 4187 idololatria
1266 4143 1460 4203 genera
1491 4149 1596 4189 non
1624 4136 2001 4192 emersissent?
2030 4138 2124 4210 [iis

551 4222 712 4294 igitur
736 4220 984 4277 omnibus
1002 4222 1230 4279 sublatis
1255 4223 1413 4289 Deus,
1444 4234 1625 4293 utpote
1654 4226 1918 4294 absurdis,
1947 4239 2004 4283 ut
2028 4244 2126 4285 nos

551 4313 789 4367 instituat
833 4312 900 4367 ad
944 4321 1156 4368 terrena
1200 4314 1374 4367 omnia
1405 4313 1733 4383 abjicicnda,
1783 4325 1904 4370 ante
1945 4318 2130 4374 oculos

552 4411 767 4458 nostros
789 4416 986 4473 corpus
1011 4401 1258 4457 destruit.
1287 4402 1419 4458 Nam
1456 4417 1741 4473 corporum
1768 4416 1973 4462 amator
1991 4449 2007 4474 ,
2039 4409 2130 4479 qui

554 4492 842 4547 formosam
874 4492 1098 4560 puellam
1125 4491 1348 4563 deperit,
1376 4495 1420 4549 si
1448 4494 1580 4548 nolit
1607 4494 1994 4556 deformitatem
2017 4516 2130 4554 ma-

554 4581 703 4636 terize
749 4582 957 4638 ratione
999 4583 1226 4652 discere,
1274 4599 1392 4639 eam
1437 4586 1564 4655 ipsis
1610 4587 1779 4642 oculis
1823 4591 2123 4660 perspiciet.

560 4675 770 4731 Etenim
797 4674 976 4730 multa:
1003 4686 1126 4730 sunt
1155 4677 1296 4747 paris
1322 4678 1494 4732 astatis
1522 4679 1731 4747 puellae,
1760 4696 1822 4734 ac
1850 4697 1992 4752 saepe
2019 4683 2131 4739 for-

555 4769 814 4823 mosiores
833 4805 847 4831 ,
893 4782 1012 4836 qua:
1037 4766 1299 4823 defuncta:
1325 4778 1457 4840 post-
1485 4785 1643 4824 unam
1672 4772 1960 4828 altera‘mve
1986 4773 2130 4830 diem

559 4861 798 4914 fmtore’m
851 4859 1173 4924 emiserunt,
1221 4860 1444 4927 saniem,
1494 4843 1849 4932 putredinem,
1898 4880 2130 4922 vermes.

556 4949 739 5021 Cogita
767 4948 977 5018 qualem
1002 4965 1149 5006 ames
1170 4951 1630 5021 pulchritudinem,
1656 4964 1709 5008 et
1727 4970 1882 5025 quam
1909 4955 2133 5012 formam

559 5041 832 5111 depereas.
863 5041 918 5096 Si
945 5057 1070 5096 vero
1094 5057 1318 5112 corpora
1343 5060 1450 5098 non
1477 5054 1860 5115 putrescerent,
1891 5048 2003 5104 haec
2025 5065 2134 5106 non

558 5133 729 5207 probe
757 5133 993 5205 dignosci
1042 5144 1260 5204 possent
1283 5153 1298 5190 :
1321 5134 1414 5190 scd
1459 5139 1598 5192 sicut
1624 5137 1896 5194 daemones
1923 5154 2016 5209 per
2043 5156 2135 5195 se-

562 5223 745 5295 pulcra
784 5232 1036 5289 currunt,
1086 5223 1165 5279 sic
1208 5226 1355 5280 multi
1400 5241 1466 5281 ex
1511 5228 1835 5283 amatoribus
1876 5231 2137 5300 sepulcris

559 5315 885 5381 assidentes,
928 5314 1199 5372 daemonas
1246 5317 1298 5370 in
1343 5316 1518 5377 anima
1566 5319 1899 5389 reciperent,
1947 5331 2003 5378 et
2039 5323 2138 5378 hac

566 5405 709 5462 ducti
739 5405 944 5464 iniania
969 5421 1111 5479 saepe
1137 5417 1489 5466 morerentur.
1535 5409 1683 5466 Nunc
1709 5425 1871 5482 porro
1899 5421 2007 5469 tum
2033 5415 2136 5471 alia

1261 391 1319 449 S.
1359 386 1634 448 JOANNIS
1668 376 2141 440 CBRYSOS'I‘OMI
2179 377 2496 437 ARCIliEP.
2536 375 3071 434 CONSTANTINOP.

3696 374 3798 434 ΑΜ

2212 494 2395 559 multa,
2423 502 2534 549 tum
2556 491 2659 548 hoc
2673 492 2834 548 etiam
2857 493 3091 556 animum
3112 491 3439 558 consolatur,
3459 492 3602 562 quod
3627 493 3797 564 imago

2222 585 2326 641 illa
2343 600 2450 640 non
2479 593 2749 656 appareat,
2781 585 2963 655 sicque
2987 585 3141 640 dolor
3169 583 3438 640 oblivione
3462 583 3689 639 diffluat.

2281 676 2337 732 5.
2362 676 2557 731 Anima
2585 675 2907 745 pulchritudo
2936 683 2988 730 et
3014 675 3337 746 praestantia.
3363 705 3433 716 —
3457 673 3612 743 Quod
3641 675 3685 730 si
3713 693 3799 734 res

2211 781 2319 821 non
2335 767 2410 820 ita
2429 779 2488 821 se
2507 765 2750 832 haberet,
2771 765 3015 835 sepulcra
3041 766 3182 820 nulla
3203 775 3412 833 essent;
3439 766 3536 822 sed
3555 768 3798 825 civitates

2212 857 2424 914 videres
2441 871 2560 929 qua
2579 865 2817 914 mortuos
2837 872 2934 928 pro
2954 859 3144 913 statuis
3165 858 3437 922 haberent.
3457 874 3579 916 cum
3604 861 3797 931 singuli

2212 948 2412 1006 vellent
2451 962 2578 1004 suos
2619 949 2821 1005 videre.
2865 948 3000 1004 Hinc
3037 949 3226 1019 ingens
3252 951 3498 1008 confusio
3525 954 3796 1019 oriretur,

2213 1056 2371 1096 nemo
2389 1042 2581 1096 anima:
2601 1056 2782 1096 curam
2806 1041 3042 1109 haberet,
3063 1055 3168 1098 nec.
3181 1042 3249 1098 de
3265 1045 3386 1112 ejus
3401 1045 3801 1103 immortalitate

2212 1134 2469 1205 cogitaret
2494 1151 2509 1187 :
2530 1135 2802 1204 multaque
2825 1135 2927 1189 alia
2947 1135 3259 1191 absurdiora
3294 1137 3417 1192 inde
3441 1152 3798 1213 emet-gerent,

2214 1242 2332 1297 qua:
2358 1241 2426 1282 ne
2450 1225 2632 1282 dicere
2658 1227 2871 1298 quidem
2917 1226 2997 1282 fas
3040 1238 3143 1282 cat.
3175 1227 3462 1300 Propterea
3493 1231 3673 1286 subito
3706 1248 3802 1302 po.

2216 1319 2418 1384 trescit,
2441 1329 2500 1374 ut
2518 1319 2717 1374 nudam
2743 1321 2934 1375 animae
2962 1320 3409 1392 pulchritudinem
3437 1324 3639 1379 videas.
3670 1323 3799 1380 Nam

2213 1409 2258 1465 si
2280 1411 2437 1466 talem
2459 1409 2685 1466 formam
2707 1419 2762 1467 et
2777 1410 2936 1466 talem
2956 1412 3128 1467 vitam
3143 1413 3318 1469 anima
3338 1416 3550 1484 corpori
3578 1417 3799 1487 prabet,

2215 1500 2416 1570 quan’to
2451 1499 2670 1571 majoris
2705 1502 2818 1570 ipsa
2847 1500 3257 1571 pulchritudinis
3299 1503 3444 1558 erit?
3479 1505 3526 1560 si
3575 1521 3692 1562 rem
3733 1508 3802 1563 ita

2215 1595 2505 1651 deformem
2525 1604 2810 1660 sustentat,
2831 1605 3030 1667 quanto
3049 1598 3216 1668 magis
3236 1597 3501 1668 seipsam?
3519 1599 3639 1655 Nan
3661 1601 3804 1657 enim

2215 1701 2410 1758 corpus
2435 1688 2608 1755 ipsum
2651 1683 2928 1757 pulchrum
2958 1696 3076 1755 est,
3119 1687 3214 1744 sed
3245 1691 3357 1759 ipsa
3387 1690 3687 1746 efformatio
3706 1733 3723 1756 ,
3750 1701 3804 1748 et

2216 1777 2316 1832 ﬂos
2359 1776 2452 1832 ille
2488 1778 2578 1847 qui
2601 1791 2697 1847 per
2718 1778 2947 1833 animam
2975 1778 3029 1833 in
3051 1779 3269 1834 materia
3300 1778 3624 1850 depingitur.
3657 1781 3803 1836 Illam

2217 1866 2384 1937 igitur
2398 1881 2538 1931 ama,
2567 1881 2688 1936 qua
2707 1868 2921 1936 corpori
2953 1867 3117 1923 talem
3139 1870 3371 1938 speciem
3399 1870 3669 1927 conciliat.
3703 1871 3805 1932 Eo.-

2217 1957 2341 2028 quid
2380 1957 2450 2013 de
2489 1966 2662 2014 morte
2705 1959 2930 2030 loquor?
2976 1960 3189 2016 Etenim
3231 1962 3284 2016 in
3329 1961 3429 2018 hac
3455 1977 3673 2034 quoque
3701 1966 3806 2021 vita

2218 2049 2497 2106 ostendam
2529 2051 2622 2106 tibi
2649 2090 2666 2117 ,
2715 2051 2985 2122 quomodo
3010 2053 3231 2122 pulchra
3257 2054 3434 2110 omnia
3462 2054 3532 2110 ab
3559 2055 3651 2110 illa
3680 2071 3806 2126 pro-

2220 2140 2546 2197 iiciscantur.
2572 2141 2705 2197 Nam
2736 2142 2779 2197 si
2811 2143 2903 2198 illa
2931 2143 3171 2211 laetetur,
3199 2159 3356 2199 roseo
3380 2159 3546 2215 genas
3571 2146 3809 2218 depingit

2219 2231 2434 2296 colore;
2483 2231 2565 2286 sin
2599 2240 2791 2288 maesta
2815 2233 2923 2300 sit,
2970 2232 3071 2288 hac
3098 2231 3335 2290 detracta
3378 2235 3805 2305 pulchritudine,

2217 2331 2338 2376 atro
2363 2322 2542 2377 colore
2567 2324 2745 2378 omnia
2774 2325 2950 2380 vestit.
2997 2324 3053 2380 Si
3094 2325 3309 2382 assidue
3350 2328 3584 2397 laetetur,
3615 2345 3809 2401 corpus

2217 2412 2361 2482 viget
2405 2412 2718 2484 egritudine
2752 2430 3011 2482 vacuum;
3063 2417 3106 2471 si
3135 2425 3381 2487 angatur,
3419 2434 3618 2476 aranea
3643 2422 3808 2477 maci-

2217 2501 2415 2558 lentius
2441 2512 2496 2558 et
2521 2503 2837 2560 i'mbecillius
2883 2505 3088 2572 evadit;
3125 2508 3170 2561 si
3201 2509 3497 2577 irascatur,
3545 2511 3809 2583 ingratum

2222 2592 2359 2656 illud
2382 2603 2435 2648 et
2463 2603 2618 2663 turpe
2645 2594 2852 2660 reddit;
2883 2596 2930 2650 si
2954 2611 3206 2653 serenum
3234 2599 3448 2654 oculum
3480 2601 3806 2666 ostenderit,

2221 2700 2468 2756 magnam
2506 2687 2717 2741 emittit
2748 2687 3226 2756 pulchritudinem;
3275 2692 3324 2746 si
3359 2693 3616 2756 invideat,
3649 2694 3810 2764 pallo-

2219 2790 2333 2832 rem
2376 2778 2604 2832 multum
2647 2789 2703 2834 et
2747 2780 2924 2836 tabem
2971 2781 3228 2850 edundit;
3268 2784 3504 2850 siamet,
3535 2787 3812 2856 pulchram

2222 2866 2358 2921 indit
2403 2866 2651 2922 formam.
2706 2867 2781 2924 Ita
2824 2871 2967 2926 enim
3009 2871 3211 2938 multm,
3261 2889 3381 2944 qua:
3418 2873 3672 2932 formosa:
3708 2893 3812 2933 non

2224 2968 2398 3025 erant,
2452 2953 2672 3015 multam
2713 2961 2799 3016 ab
2824 2963 3003 3018 anima
3047 2966 3271 3036 gratiam
3306 2981 3596 3038 accepere;
3628 2979 3812 3026 contra

2223 3063 2352 3104 vero
2379 3049 2499 3106 alite
2522 3050 2805 3107 admodum
2831 3051 3104 3122 formosas,
3133 3058 3255 3127 quia
3278 3058 3537 3130 ingratam
3565 3062 3812 3131 injucun-

2221 3140 2453 3212 damque
2482 3142 2713 3199 animam
2741 3143 3016 3213 habuere,
3062 3147 3288 3204 formam
3326 3164 3476 3206 suam
3521 3152 3810 3209 labefacta-

2223 3244 2368 3293 runt.
2413 3233 2597 3306 Cogita
2639 3237 2908 3306 quomodo
2953 3240 3177 3296 candida
3224 3243 3382 3298 facies
3419 3245 3732 3312 erubescat,
3763 3255 3816 3301 et

2226 3325 2420 3381 coloris
2463 3325 2718 3382 varietate
2748 3342 2854 3383 non
2903 3343 3120 3399 parvam
3168 3332 3497 3401 voluptatem
3527 3339 3739 3405 pariat,
3768 3338 3814 3394 si

2224 3415 2437 3485 quidem
2467 3415 2606 3471 adsit
2635 3416 2807 3486 pudor
2831 3434 2844 3470 :
2868 3432 2991 3473 nam
3040 3419 3086 3474 si
3131 3419 3410 3490 impudens
3440 3424 3526 3477 illa
3558 3426 3662 3490 sit,
3705 3426 3812 3482 fera

2225 3505 2369 3560 omni
2418 3505 2754 3574 injucundior
2779 3508 2879 3562 erit
2918 3518 2972 3563 et
3011 3509 3294 3580 ingratior;
3338 3524 3521 3568 contra
3573 3518 3620 3570 si
3659 3517 3814 3586 pudi-

2227 3595 2404 3668 bunda
2447 3596 2537 3660 sit,
2608 3598 2752 3654 ruitis
2795 3609 2850 3654 et
2894 3599 3128 3656 formosa
3173 3604 3584 3661 evaditzanima
3620 3611 3817 3681 quippe

2226 3689 2446 3758 pulchra
2478 3688 2609 3760 nihil
2638 3689 2944 3756 formosius,
2970 3691 3099 3748 nihil
3127 3694 3355 3751 dulcius.
3384 3697 3516 3754 Nam
3547 3701 3602 3754 in
3626 3716 3814 3772 corpo-

2227 3779 2372 3834 ribus
2399 3794 2550 3835 amor
2573 3779 2759 3837 dolore
2791 3797 2896 3838 non
2942 3792 3115 3848 vacat,
3163 3786 3216 3840 in
3259 3788 3453 3844 animis
3481 3804 3611 3860 pura
3640 3803 3695 3846 et
3721 3794 3812 3847 im-

2227 3872 2531 3938 perturbata
2549 3872 2815 3940 voluptas.
2832 3872 2944 3928 Cur
2957 3889 3084 3945 ergo
3103 3889 3228 3947 rege
3247 3877 3489 3945 dimisso,
3511 3897 3813 3950 prmconem

2228 3962 2474 4016 miraris?
2500 3976 2597 4017 cur
2622 3962 2941 4034 philosopho
2965 3966 3157 4022 relicto
3178 4007 3194 4032 ,
3241 3968 3308 4023 ad
3357 3971 3702 4043 interpretem
3736 3976 3813 4029 in-

2229 4050 2381 4106 hias?
2406 4051 2594 4107 Vidisti
2625 4054 2905 4123 pulchrum
2934 4057 3147 4113 oculum
3166 4099 3182 4124 ,
3215 4047 3523 4118 interiorem
3554 4063 3812 4131 observa;

2228 4155 2282 4202 et
2305 4146 2350 4201 si
2381 4145 2468 4200 hic
2493 4145 2717 4215 pulcher
2743 4162 2846 4202 non
2879 4149 2967 4213 sit,
3000 4151 3215 4221 despice
3258 4151 3428 4207 illum.
3459 4153 3646 4225 Neque
3677 4157 3816 4212 enim

2229 4237 2274 4292 si
2315 4235 2500 4290 videas
2539 4234 2834 4291 deformem
2881 4240 3161 4296 mulierem
3209 4243 3450 4313 speciosa
3481 4243 3633 4300 larva
3663 4247 3815 4302 obte-

2232 4334 2370 4380 ctam
2395 4367 2408 4389 ,
2456 4325 2633 4396 aliquo
2659 4342 2784 4397 erga
2826 4328 2971 4383 illam
2999 4330 3194 4387 affectu
3221 4335 3519 4402 movearis,
3549 4346 3606 4390 ut
3634 4349 3816 4393 contra

2233 4415 2379 4470 larva
2401 4417 2655 4472 occultari
2679 4417 2966 4474 formosam
2991 4436 3096 4477 non
3117 4423 3282 4488 sinas,
3307 4425 3422 4492 sed,
3445 4437 3626 4484 amota
3651 4427 3816 4494 larva,

2234 4507 2428 4561 nudam
2461 4507 2675 4564 \faciem
2720 4509 2902 4564 videre
2946 4526 3191 4582 cuperes.
3246 4514 3359 4570 Hoc
3410 4530 3534 4586 erga
3585 4519 3816 4573 animam

2235 4612 2447 4669 quoque
2475 4599 2653 4667 facito,
2686 4601 2829 4656 illam
2877 4617 3106 4672 agnosce
3136 4605 3404 4674 priorem;
3437 4607 3600 4662 larva
3627 4612 3822 4679 quippe

2236 4689 2355 4745 loco
2384 4690 2523 4745 illam
2553 4704 2748 4761 corpus
2771 4692 2969 4758 ambit,
2998 4692 3138 4763 quod
3170 4703 3226 4748 ut
3255 4697 3610 4764 compositum
3641 4708 3724 4752 est
3750 4699 3820 4752 ita

2236 4793 2452 4851 semper
2471 4791 2682 4838 manet:
2705 4783 2880 4837 anima
2900 4798 3031 4840 vero
3055 4785 3098 4839 si
3121 4783 3376 4840 deformis
3402 4787 3491 4852 sit,
3518 4789 3627 4843 cito
3648 4799 3822 4858 potest

2239 4871 2470 4928 formosa
2494 4872 2654 4930 efﬁci.
2683 4875 2743 4931 Si
2770 4875 2986 4931 oculum
3011 4875 3205 4934 haheat
3225 4876 3547 4946 deformem,
3577 4888 3787 4935 torvum
3802 4921 3817 4946 ,

2239 4974 2468 5036 turpem,
2495 4976 2668 5038 potest
2696 4967 2784 5022 ille
2809 4967 2920 5022 ﬁeri
2948 4967 3201 5038 pulcher,
3229 4970 3428 5039 suavis,
3457 4982 3703 5036 serenus,
3729 4972 3819 5040 ju-

2240 5060 2462 5116 cundus.
2512 5061 2659 5115 lianc
2701 5074 2829 5130 ergo
2857 5061 3079 5116 fortnam
3108 5056 3431 5132 quaeramus,
3464 5060 3603 5117 hanc
3631 5062 3818 5117 faciem

2241 5162 2478 5208 ornatam
2503 5193 2521 5219 ,
2567 5161 2624 5206 ut
2674 5151 2813 5207 Deus
2857 5161 3092 5207 nostram
3135 5154 3521 5222 concupiscens
3551 5153 3774 5208 formam
3799 5193 3818 5218 ,

2242 5253 2440 5299 :eterna
2471 5243 2626 5298 nobis
2663 5243 2801 5298 bona
2840 5243 3094 5314 largiatur
3116 5284 3131 5309 ,
3175 5246 3344 5314 gratia
3372 5254 3426 5300 et
3458 5243 3817 5300 misericordia

2242 5335 2450 5391 Domini
2479 5336 2648 5390 nostri
2686 5334 2814 5390 Jesu
2842 5334 3038 5390 Christi
3062 5376 3077 5401 ,
3121 5336 3206 5392 cui
3233 5337 3402 5408 gloria
3427 5344 3485 5392 et
3512 5335 3815 5403 imperium,

2244 5430 2296 5485 in
2323 5429 2518 5485 saecula
2549 5427 2889 5484 saeculorum.
2919 5428 3112 5495 Ampn.
