4080 6502
369 453 472 508 tos

1287 445 1350 501 ΙΝ
1387 441 1796 501 ΜΑΊἼῚΙΕΙῙΜ
1840 439 2068 497 IIOMIL.
2111 439 2329 496 XXXV.
2369 438 2439 498 al.
2482 432 2727 500 ΧχΧιἸ.

3548 442 3660 504 lilii

3595 583 3640 594 ῃ

1425 653 1775 715 HOMILIA
1816 647 2088 712 XXXV.
2134 649 2222 729 al.
2270 647 2574 711 XXXVI.

368 802 494 858 liae.
520 801 604 856 10.
641 816 692 854 v.
724 801 812 855 54.
845 799 1021 854 Nolite
1046 807 1224 868 putare
1247 798 1366 867 quia
1393 800 1609 851 venerim
1635 811 1808 865 pacem
1832 795 1951 847 mit-

443 905 549 949 tere
575 895 628 947 in
655 904 839 946 terram
857 909 875 947 :
891 909 992 946 non
1015 891 1129 945 veni
1149 905 1323 961 pacem
1348 890 1563 953 mittere,
1591 887 1681 942 sed
1704 887 1951 958 gladium.

438 986 528 1040 35.
566 983 693 1038 Veni
729 986 864 1040 enim
895 999 1133 1054 separare
1161 982 1418 1037 hominem
1454 997 1486 1033 a
1523 989 1667 1050 patre
1688 994 1800 1043 suo,
1825 988 1871 1031 et
1892 978 1956 1045 ﬁ-

442 1075 564 1128 liam
606 1090 637 1126 α
673 1084 833 1127 matre
857 1090 972 1136 sua,
1000 1085 1046 1125 et
1075 1087 1259 1125 nurum
1287 1087 1319 1124 a
1343 1086 1491 1126 socru
1517 1083 1648 1124 sua:
1666 1067 1754 1124 56.
1783 1078 1829 1124 et
1856 1067 1956 1121 ini.

440 1166 559 1219 mici
586 1165 824 1228 hominis,
857 1163 1118 1217 domestici
1146 1165 1276 1233 ejus.

440 1256 495 1310 l.
529 1255 759 1309 Rursum
786 1252 1091 1309 onerosiora
1136 1251 1341 1324 profert
1363 1291 1380 1319 ,
1429 1250 1589 1321 idque
1614 1266 1734 1305 cum
1765 1265 1955 1318 magna

369 1346 687 1401 auctoritate
712 1363 724 1398 :
748 1345 996 1416 quodque
1023 1345 1113 1399 alii
1142 1342 1404 1413 objecturi
1431 1350 1605 1408 erant,
1633 1343 1723 1397 ille
1753 1341 1955 1412 praedi-

369 1439 465 1494 cit.
491 1436 624 1492 Nam
666 1450 736 1490 ne
780 1435 845 1490 iis
892 1433 1089 1489 auditis
1118 1433 1361 1488 dicerent
1385 1450 1399 1486 :
1428 1433 1623 1488 Ideone
1648 1433 1872 1499 venisti,
1901 1441 1959 1487 ut

375 1541 474 1580 nos
510 1525 798 1581 interiicias
824 1538 944 1578 cum
974 1523 1039 1578 iis
1081 1524 1170 1594 qui
1219 1523 1373 1578 nobis
1401 1521 1682 1591 obsequuti
1720 1531 1873 1586 sunt,
1905 1531 1959 1576 et

371 1617 525 1671 bellis
551 1623 745 1670 terram
773 1613 1019 1684 replens?
1055 1614 1168 1683 ipse
1208 1615 1355 1682 prior
1378 1613 1509 1668 dicit
1534 1631 1547 1667 :
1575 1610 1694 1667 Non
1723 1614 1832 1666 ueni
1861 1629 1956 1683 pa-

370 1723 479 1759 rem
501 1707 696 1780 mittere
734 1694 1034 1758 interi-am.
1073 1704 1180 1758 Cur
1223 1717 1351 1774 ergo
1397 1704 1649 1772 praecepit
1678 1705 1730 1756 in
1770 1704 1960 1758 domos

370 1798 607 1867 singulas
638 1798 904 1867 ingressos
943 1810 1126 1865 pacem
1169 1795 1388 1850 dicere?
1411 1810 1507 1850 cur
1531 1804 1586 1850 et
1609 1793 1781 1866 angeli
1809 1795 1958 1850 dice-

372 1890 520 1950 bant,
549 1878 725 1942 Gloria
749 1889 802 1941 in
830 1887 1039 1942 excelsis
1078 1885 1185 1940 Deo
1205 1927 1222 1952 ,
1267 1896 1314 1940 et
1338 1887 1392 1940 in
1422 1894 1557 1939 terra
1596 1901 1699 1954 paa:
1723 1885 1876 1956 (Luc.
1901 1885 1955 1938 2.

374 1980 505 2049 lt)?
546 1994 641 2034 cur
684 1979 956 2047 prophetae
1000 1991 1188 2034 omnes
1232 1976 1460 2047 idipsum
1505 1977 1961 2048 prmnuntiarunt‘l

373 2071 508 2137 Quia
540 2070 668 2124 illud
711 2073 944 2124 maxime
975 2084 1076 2137 pax
1104 2078 1187 2124 est
1206 2109 1220 2132 ,
1252 2082 1377 2123 cum
1406 2068 1458 2123 id
1479 2109 1494 2132 ,
1524 2067 1668 2139 quod
1697 2077 1918 2138 argrotat
1941 2111 1958 2134 ,

372 2161 720 2220 abscinditur.
748 2159 962 2230 quando
991 2159 1063 2218 id.
1091 2159 1233 2228 quod
1264 2157 1521 2224 dissidet,
1550 2168 1847 2227 separatur.
1874 2158 1963 2213 Sic

373 2251 518 2306 enim
550 2259 725 2320 potest
758 2251 948 2305 caelum
991 2265 1110 2304 cum
1143 2259 1281 2304 terra
1316 2249 1488 2319 jungi.
1519 2248 1961 2319 Quandoquidem

374 2346 614 2401 medicus
651 2346 728 2400 sic
775 2345 1036 2415 reliquum
1082 2358 1278 2414 corpus
1320 2351 1521 2410 servat,
1570 2359 1691 2398 cum
1738 2343 1790 2397 id
1821 2342 1961 2412 quod

375 2435 667 2490 insanabile
696 2443 798 2500 est,
833 2442 1073 2498 resecat;
1107 2444 1161 2489 et
1189 2434 1318 2498 dux,
1350 2449 1473 2488 cum
1500 2448 1594 2488 eos
1621 2433 1710 2502 qui
1739 2447 1964 2488 concor—

375 2527 520 2580 diam
553 2525 904 2595 perniciosam
934 2524 1201 2589 inierant,
1232 2525 1298 2577 ad
1323 2523 1711 2578 dissensionem
1739 2522 1962 2577 inducit.

373 2617 465 2670 Sic
489 2624 543 2671 et
571 2615 622 2668 in
648 2615 733 2669 illa
759 2615 888 2670 turri
912 2613 1108 2668 factum
1133 2623 1212 2668 est
1232 2611 1380 2686 (Gen.
1397 2612 1490 2681 ll)
1514 2630 1528 2667 :
1553 2612 1744 2667 malam
1769 2612 1966 2682 quippe

373 2705 718 2761 concordiam
746 2707 883 2760 bona
908 2704 1171 2759 discordia
1197 2705 1391 2769 solvit,
1414 2711 1469 2758 et
1503 2717 1687 2774 pacem
1710 2704 1966 2756 concilia-

375 2799 468 2852 vit.
521 2797 613 2853 Sic
650 2805 704 2850 et
744 2796 935 2850 Paulus
962 2811 1055 2850 eos
1084 2796 1171 2872 qui
1200 2794 1480 2849 adversum
1523 2808 1582 2848 se
1622 2792 1964 2847 concordiam

377 2888 626 2950 inierant,
652 2885 832 2941 divisit
862 2887 996 2958 (Act.
1023 2885 1116 2939 23.
1142 2886 1195 2939 6.
1223 2884 1301 2953 7).
1331 2883 1389 2938 lu
1415 2882 1659 2938 Nabuthe
1683 2897 1813 2938 vero
1840 2897 1968 2938 con-

375 2979 556 3032 cordia
592 2979 676 3032 illa
701 2977 958 3030 fuitomni
981 2976 1122 3030 bello
1142 2975 1380 3032 deterior
1397 2975 1474 3044 (3.
1499 2973 1628 3044 Reg.
1649 2973 1765 3044 2|).
1786 2973 1969 3044 Neque

375 3071 518 3123 enim
549 3069 832 3124 concordia
881 3082 1094 3138 semper
1137 3067 1404 3120 laudanda
1432 3084 1446 3122 :
1471 3081 1593 3119 nam
1637 3074 1693 3120 et
1736 3067 1968 3120 latrones

379 3164 520 3214 inter
546 3173 604 3214 se
631 3157 925 3212 concordes
952 3166 1095 3213 sunt.
1123 3155 1238 3210 Non
1267 3156 1426 3226 igitur
1449 3170 1515 3209 ex
1544 3154 1741 3209 Christi
1773 3169 1967 3223 propo—

377 3250 501 3313 sito,
532 3247 628 3303 sed
654 3263 719 3302 ex
746 3247 956 3302 illorum
982 3247 1258 3300 voluntate
1283 3245 1479 3300 bellum
1501 3243 1832 3299 movebatur.
1853 3242 1970 3312 Ipse

379 3341 574 3410 quippe
599 3339 812 3394 volebat
831 3353 1020 3392 omnes
1045 3339 1095 3392 in
1120 3338 1202 3408 pia
1225 3337 1481 3406 religione
1502 3337 1794 3392 concordes
1814 3352 1966 3392 esse:

377 3429 475 3485 sed
500 3430 621 3499 quia
651 3429 722 3483 illi
749 3428 1096 3493 dissidebant,
1146 3427 1268 3482 hinc
1314 3427 1512 3482 bellum
1539 3428 1831 3482 oriebatur.
1864 3426 1968 3482 Sed

381 3535 488 3574 non
519 3520 598 3580 sic
623 3518 716 3573 ille
743 3518 997 3588 loquutus
1019 3527 1102 3573 est
1125 3537 1139 3572 :
1162 3517 1289 3588 quid
1334 3532 1463 3573 vero
1493 3517 1663 3573 dicit?
1713 3518 1834 3572 Non
1862 3519 1972 3572 veni

382 3624 556 3678 pacem
584 3609 778 3662 mittere
796 3647 813 3673 ,
859 3617 916 3661 ut
946 3607 1068 3661 illos
1095 3607 1485 3662 consolaretur.
1516 3605 1594 3662 Ne
1621 3608 1815 3676 putetis
1838 3649 1854 3673 ,
1889 3610 1972 3662 in-

382 3699 517 3767 quit,
548 3699 759 3751 itlorum
785 3711 881 3750 vos
905 3711 1118 3751 causam
1144 3710 1286 3762 esse,
1308 3710 1411 3766 ego
1438 3696 1553 3750 haec
1573 3696 1824 3765 dispono,
1851 3698 1973 3767 quia

384 3791 460 3846 illi
504 3791 582 3846 sic
620 3789 794 3844 aﬂ'ecti
843 3799 988 3844 sunt.
1027 3788 1104 3843 Ne
1135 3789 1419 3849 turbemini
1467 3790 1648 3861 igitur,
1694 3791 1845 3859 quasi
1886 3806 1976 3847 res

385 3890 581 3951 praeter
603 3882 1056 3950 exspectationem
1086 3880 1355 3932 eveniant.
1382 3879 1509 3935 ideo
1530 3881 1667 3943 veni,
1695 3891 1754 3934 ut
1779 3881 1974 3935 bellum

387 3986 631 4025 moveam
657 3989 670 4025 :
697 3970 810 4024 haec
837 3970 1034 4039 quippe
1053 3983 1171 4022 mea
1194 3979 1275 4021 est
1297 3968 1564 4021 voluntas.
1586 3967 1665 4023 Ne
1687 3968 1975 4024 turbemini

389 4064 553 4132 igitur
604 4076 722 4115 cum
783 4070 923 4115 terra
977 4059 1127 4129 quasi
1180 4059 1388 4113 insidiis
1434 4060 1677 4129 appetita
1727 4060 1779 4114 in
1837 4059 1978 4115 bella

389 4160 654 4221 erumpet.
683 4150 815 4205 Cum
844 4150 988 4204 enim
1033 4150 1083 4204 id
1129 4148 1272 4218 quod
1300 4149 1538 4203 deterius
1564 4158 1646 4202 est
1674 4157 1976 4220 separatum

388 4244 566 4308 lutet-it,
594 4251 719 4296 tunc
745 4242 961 4296 demum
989 4241 1196 4294 meliori
1225 4238 1361 4309 parti
1388 4238 1739 4309 conjungetur
1766 4239 1978 4293 caelum.

393 4336 520 4390 llmc
545 4341 726 4388 autem
747 4333 895 4392 dicit.
923 4341 980 4385 ut
1003 4342 1188 4385 contra
1211 4332 1402 4385 malam
1427 4330 1716 4384 multorum
1736 4330 1752 4360 ¹
1774 4329 1981 4398 opinio-

393 4442 516 4482 nem
562 4425 682 4480 illos
727 4425 949 4477 muniat.
1001 4421 1184 4490 Neque
1228 4421 1388 4486 dixit,
1433 4419 1661 4483 Bellum,
1707 4418 1798 4472 sed
1841 4419 1980 4487 quod

393 4515 565 4571 multo
585 4513 822 4570 deterius
851 4520 965 4576 est,
1006 4510 1269 4564 Gladium.
1298 4510 1356 4564 Si
1386 4525 1515 4566 vero
1539 4510 1682 4564 dicta
1712 4509 1825 4564 hzec
1854 4525 1985 4563 one-

393 4621 518 4661 rosa
545 4604 654 4658 sint
673 4614 726 4658 et
745 4604 890 4658 dictu
917 4603 1144 4672 ingrata,
1165 4617 1232 4657 ne
1252 4602 1484 4655 mireris.
1502 4602 1636 4655 Cum
1661 4601 1803 4656 enim
1828 4599 1988 4654 vellet

393 4711 492 4752 eos
519 4694 620 4749 hac
646 4693 931 4748 verborum
961 4692 1248 4763 asperitate
1292 4705 1547 4746 exercere
1565 4731 1580 4752 ,
1630 4706 1696 4744 ne
1727 4691 1778 4743 in
1807 4706 1984 4756 rerum

395 4789 765 4844 dilllcultatem
798 4788 1020 4857 ingressi
1049 4786 1321 4843 resilircnt
1342 4825 1356 4848 ,
1387 4787 1468 4841 sic
1497 4785 1655 4840 verba
1689 4785 1984 4854 disposuit:

395 4893 462 4932 ac
490 4892 556 4932 ne
580 4878 702 4948 quis
727 4877 952 4943 diceret,
982 4891 1105 4930 eum
1135 4891 1202 4930 ex
1231 4876 1518 4941 lenocinio,
1550 4885 1604 4929 et
1631 4874 1987 4930 dililcdiaoc-

397 4969 672 5031 cultando,
717 4985 838 5038 qua:
880 4969 1094 5023 volebat
1137 4969 1394 5031 suasisse,
1446 4967 1571 5022 ideo
1615 4967 1706 5022 iiia
1735 4982 1853 5036 qua:
1882 4967 1988 5021 alio

401 5061 564 5116 modo
610 5060 833 5116 dicenda
882 5060 1216 5120 videbantur.
1266 5060 1528 5117 acerbicri
1577 5068 1632 5112 et
1684 5058 1988 5114 terribiliori

406 5151 564 5207 modo
587 5150 891 5217 explicavit.
922 5150 1108 5204 Melius
1132 5150 1272 5204 enim
1304 5161 1387 5205 est
1410 5165 1588 5204 rerum
1613 5165 1774 5218 quam
1801 5150 1993 5203 verbo-

401 5257 520 5296 rum
549 5239 820 5294 lenitatem
852 5239 1052 5294 videre.
1080 5238 1308 5308 Ideoque
1339 5254 1512 5306 neque
1542 5239 1656 5293 haec
1685 5239 1884 5293 dixisse
1909 5255 1994 5292 sa-

406 5334 474 5385 tis
507 5330 710 5391 habuit,
741 5329 834 5383 sed
864 5329 986 5383 belli
1016 5330 1250 5398 speciem
1276 5329 1568 5397 explicans,
1600 5327 1834 5382 ostendit
1864 5328 1992 5382 illud

405 5422 546 5477 civili
579 5422 719 5475 bello
745 5419 913 5473 tnulto
942 5421 1155 5487 gravius
1187 5434 1326 5481 esse,
1356 5419 1538 5487 aitque
1563 5435 1574 5470 :
1608 5417 1733 5470 Veni
1760 5434 1998 5489 separare

407 5513 659 5570 hominem
681 5528 712 5564 α
736 5520 879 5578 patre
906 5525 1016 5572 suo,
1047 5517 1091 5561 et
1115 5510 1278 5574 [iliam
1307 5524 1338 5563 α
1369 5519 1528 5559 matre
1548 5525 1661 5570 sua,
1689 5520 1735 5560 et
1757 5524 1940 5560 nurum
1966 5524 1997 5559 a

407 5618 556 5660 socru
580 5616 692 5653 sua.
725 5599 837 5652 Non
866 5600 1008 5652 enim
1038 5598 1193 5652 amici
1225 5609 1277 5652 et
1301 5597 1550 5652 concives
1580 5596 1774 5660 solum,
1806 5597 1995 5665 inquit,

407 5691 501 5746 sed
552 5699 608 5747 et
651 5688 863 5758 cognati
911 5689 1048 5742 alter
1094 5698 1280 5743 contra
1325 5687 1551 5742 alterum
1585 5685 1896 5755 insurgent,
1944 5694 1999 5738 ct

476 5866 494 5898 ⁸
528 5863 745 5924 Quidam,
768 5860 992 5915 laborans.

2071 784 2402 867 natura-ipsa
2433 796 2760 854 discindetur
2791 799 2952 854 bello.
2996 793 3121 856 Vens
3149 802 3305 869 enim,
3342 801 3536 873 inquit,
3565 812 3652 860 λει-

2065 901 2245 958 parare
2273 885 2526 959 hominem
2553 905 2586 948 a
2632 898 2773 956 patre
2797 906 2918 955 suo,
2950 900 2998 945 et
3025 903 3235 946 ntatrem
3262 910 3294 946 a
3321 893 3430 961 ﬁlia
3454 909 3582 965 sua.
3613 907 3661 952 et

2062 993 2245 1032 nurum
2266 995 2298 1031 a
2319 995 2467 1034 socru
2487 997 2602 1034 sua.
2628 981 2812 1053 Neque
2827 983 2977 1038 enim
3006 983 3145 1040 inter
3167 986 3498 1042 domesticos
3527 988 3626 1042 sim
3643 1020 3657 1031 -
3713 1013 3716 1016 η

2063 1068 2274 1139 pliciter
2295 1070 2498 1124 bellum
2538 1072 2663 1137 erit,
2712 1072 2808 1128 sed
2837 1075 3000 1132 etiam
3049 1075 3190 1132 inter
3218 1070 3578 1133 amicissimos
3603 1090 3658 1134 et

2064 1160 2253 1228 majori
2300 1162 2697 1218 necessitudine
2722 1164 2960 1235 junctos.
3003 1166 3057 1221 Id
3101 1165 3242 1238 quod
3288 1170 3521 1225 maxime
3541 1169 3664 1239 ejus

2064 1249 2315 1305 virtutem
2337 1252 2596 1315 ostendit.
2621 1253 2762 1324 quod
2788 1255 2862 1310 illi
2884 1256 3010 1310 talia
3032 1259 3313 1314 audientes
3333 1261 3661 1330 exciperent,

2066 1339 2291 1409 aliisque
2321 1341 2630 1403 suaderent.
2657 1343 2992 1415 Quamquam
3034 1350 3140 1401 nan
3171 1348 3284 1419 ipse
3315 1349 3428 1404 lucc
3457 1350 3664 1405 e‘flicie-

2066 1429 2174 1496 bat,
2203 1430 2298 1487 sed
2326 1430 2600 1488 hominum
2622 1437 2892 1505 nequitia;
2924 1442 3160 1494 attamen
3193 1442 3306 1511 ipse
3330 1455 3394 1496 se
3420 1441 3545 1496 dicit
3575 1443 3664 1496 illa

2067 1520 2262 1576 facere.
2305 1521 2402 1577 llic
2451 1525 2648 1595 quippe
2685 1541 2801 1580 mos
2848 1535 2932 1583 est
2975 1528 3264 1602 Scriptura:
3305 1543 3493 1586 sacrm.
3525 1533 3663 1586 Alibi

2066 1615 2208 1668 enim
2235 1614 2366 1669 dicit
2393 1633 2405 1669 :
2437 1616 2589 1670 Dedit
2620 1618 2722 1672 illis
2756 1619 2894 1674 Dens
2927 1624 3132 1688 oculos,
3163 1632 3220 1677 ut
3269 1637 3375 1678 non
3417 1625 3664 1686 viderent

2068 1701 2221 1772 (lsat.
2256 1705 2309 1760 6.
2340 1705 2611 1772 9;Ezcclt.
2661 1704 2750 1765 12.
2794 1708 3054 1777 2:10am
3100 1711 3186 1766 1‘2.
3221 1714 3303 1768 ΙΙ.
3336 1715 3427 1785 ω)
3463 1733 3478 1769 :
3507 1716 3584 1771 sic
3608 1727 3663 1770 et

2068 1794 2120 1848 in
2170 1795 2272 1850 hoc
2324 1797 2441 1851 loco
2484 1797 2657 1852 dicit:
2691 1808 2751 1854 ut
2796 1801 2958 1856 verba
3000 1802 3206 1867 isthmc,
3247 1805 3388 1875 quod
3419 1806 3666 1874 superine

2068 1884 2208 1951 dixi,
2248 1900 2430 1941 secum
2459 1897 2790 1957 reputantes,
2819 1905 2886 1946 ne
2918 1893 3278 1958 turbarentur,
3309 1905 3430 1948 cum
3461 1909 3668 1966 oppro~

2069 1977 2197 2031 briis
2238 1988 2293 2032 et
2335 1981 2675 2035 contumeliis
2714 1981 3120 2050 impeterentur.
3151 1984 3302 2052 Quod
3337 1986 3386 2039 si
3423 1985 3512 2055 qui
3553 1985 3671 2040 haec

2067 2066 2245 2136 gravia
2270 2067 2598 2146 existimant,
2621 2070 2671 2123 in
2699 2080 2934 2131 mentem
2964 2084 3215 2128 revocent
3237 2084 3476 2128 veterem
3500 2073 3668 2130 histo-

2071 2157 2223 2210 riam.
2253 2156 2448 2213 Priscis
2472 2161 2615 2214 enim
2646 2161 2974 2230 temporibus
3013 2162 3113 2217 hoc
3142 2163 3312 2234 ipsum
3343 2167 3586 2236 contigit,
3616 2165 3668 2220 itl

2069 2246 2210 2315 quod
2237 2249 2468 2305 maxime
2491 2251 2727 2307 ostendit
2751 2253 2952 2310 veteris
2985 2253 3115 2324 legis
3153 2270 3276 2309 cum
3323 2271 3455 2309 nova
3488 2258 3668 2311 allini-

2075 2347 2259 2411 tatem.
2286 2341 2642 2412 eamdemque
2669 2357 2790 2398 esse
2817 2347 2906 2414 qui
2942 2347 3057 2401 haec
3081 2346 3234 2411 dixit,
3265 2357 3318 2402 et
3344 2345 3431 2404 illa
3462 2365 3666 2419 praece-

2072 2431 2170 2499 pit.
2213 2430 2345 2485 Nam
2387 2440 2445 2486 et
2486 2434 2626 2502 apud
2673 2435 2887 2491 Iudaeos
2933 2455 3052 2493 cum
3093 2440 3320 2509 quisque
3365 2441 3668 2509 proximum

2072 2537 2226 2575 suum
2250 2523 2444 2576 occidit
2462 2565 2476 2586 ,
2505 2533 2629 2579 tunc
2652 2525 2740 2580 ille
2765 2527 3002 2595 placatus
3023 2539 3107 2584 est
3131 2528 3325 2598 (Exod.
3352 2525 3441 2586 52-.
3462 2528 3557 2600 27)
3580 2550 3593 2586 :
3615 2541 3672 2587 et

2072 2609 2286 2678 quando
2318 2611 2538 2664 vitulum
2582 2613 2914 2682 cannarum,
2967 2627 3023 2672 et
3064 2619 3280 2688 quando
3319 2617 3670 2690 Beelphegori

2012 2749 2029 2753 -
2073 2700 2263 2754 initiati
2289 2709 2414 2755 sunt
2441 2700 2628 2769 (Num.
2661 2703 2752 2758 25.
2779 2704 2856 2776 5).
2891 2706 2991 2762 Ubi
3021 2717 3146 2762 sunt
3169 2724 3297 2778 ergo
3326 2710 3416 2779 qui
3445 2709 3670 2777 dicunt,

2075 2788 2224 2843 illum
2249 2789 2418 2845 Deum
2447 2792 2667 2855 malum,
2696 2792 2838 2848 hunc
2866 2795 3062 2849 bonum
3086 2797 3245 2852 esse?
3269 2797 3413 2854 Ecce
3441 2814 3675 2869 namque

2077 2892 2426 2954 cognatorum
2454 2877 2714 2967 sanguine
2744 2888 2930 2951 orbem
2960 2891 3208 2959 replevit.
3239 2893 3490 2949 Attamen
3521 2893 3676 2949 beni-

2077 2974 2296 3042 gnitatis
2322 2975 2505 3030 multa;
2531 2977 2634 3033 hoc
2669 2993 2805 3048 opus
2844 2995 2965 3035 esse
3003 2981 3248 3038 dicimus.
3294 2984 3587 3053 Propterea
3615 2991 3678 3039 ut

2077 3063 2325 3118 ostendat
2351 3080 2410 3139 se
2437 3067 2523 3120 illa
2554 3065 2717 3122 etiam
2744 3069 3065 3139 approbare,
3096 3071 3435 3142 prophetiam
3467 3088 3670 3128 memo-

2078 3158 2183 3217 rat,
2209 3167 2329 3222 quze
2351 3169 2455 3207 non
2485 3157 2682 3209 tactum
2709 3158 2838 3211 illud
2867 3161 3105 3227 respicit,
3127 3161 3223 3216 sed
3250 3162 3475 3233 idipsum
3492 3171 3674 3219 tamen

2077 3241 2336 3296 declarat.
2365 3243 2624 3310 Quanam
2663 3246 2751 3300 illa
2780 3249 2904 3301 est?
2931 3248 3140 3302 Inimici
3172 3251 3391 3306 hominis
3415 3251 3680 3306 domestiet

2079 3332 2210 3400 ejus.
2239 3330 2370 3384 Nam
2410 3341 2464 3388 et
2502 3333 2641 3404 apud
2667 3334 2888 3392 Judmos
2912 3336 3188 3408 quidpiam
3231 3339 3409 3396 simile
3432 3341 3680 3410 contigit.

2082 3419 2254 3475 Erant
2275 3423 2419 3477 enim
2446 3427 2721 3495 prophetae
2747 3436 2803 3481 et
2832 3429 3339 3501 pseudoprophetze,
3363 3447 3427 3487 ac
3453 3434 3684 3504 populus

2081 3509 2377 3568 dissidebat
2402 3513 2702 3584 domusque
2727 3514 3137 3583 dividebantur;
3181 3528 3236 3573 et
3264 3522 3352 3574 alii
3382 3521 3463 3575 his
3488 3523 3683 3576 crede-

2083 3599 2212 3655 bant
2234 3640 2249 3665 ,
2293 3601 2384 3656 alii
2429 3603 2571 3659 aliis.
2602 3603 2728 3659 Ideo
2757 3615 2943 3660 monet
2975 3607 3232 3676 propheta
3261 3610 3447 3665 dicens
3470 3630 3482 3666 :
3509 3611 3684 3666 Nolite

2082 3693 2284 3747 credere
2302 3695 2497 3755 amicis,
2525 3712 2615 3750 nec
2643 3714 2848 3766 sperare
2875 3699 2926 3752 in
2957 3700 3167 3754 ducibus
3192 3717 3210 3754 :
3230 3703 3318 3754 sed
3343 3712 3387 3756 et
3415 3720 3448 3757 α
3469 3704 3687 3772 conjuge

2085 3793 2173 3836 tua
2199 3799 2337 3849 cave,
2361 3801 2520 3855 neque
2542 3786 2622 3840 illi
2640 3789 2956 3854 assentiaris,
2978 3791 3098 3862 quia
3119 3791 3308 3844 inimici
3330 3792 3550 3846 hominis
3569 3805 3690 3848 sunt

2086 3873 2185 3940 ipsi
2208 3875 2303 3926 viri
2330 3876 2383 3928 in
2409 3877 2521 3943 eius
2552 3877 2833 3931 habitantes
2868 3880 3018 3933 domo
3051 3880 3237 3950 (Hicin.
3274 3878 3336 3940 7.
3363 3884 3417 3938 5.
3450 3883 3530 3953 6).
3563 3883 3689 3940 Ilaec

2088 3971 2268 4018 autem
2294 3964 2543 4028 dicebat,
2587 3975 2646 4019 ut
2684 3982 2808 4021 eum
2845 3969 2934 4036 qui
2975 3969 3079 4023 hoc
3105 3971 3327 4025 verbum
3355 3982 3690 4042 excepturus

2086 4060 2264 4118 esset,
2310 4052 2560 4109 omnibus
2609 4056 2944 4125 superiorem
3001 4058 3270 4114 redderet.
3319 4054 3505 4129 Neque
3543 4064 3691 4117 enim

2091 4142 2225 4194 mori
2253 4143 2451 4196 malum
2479 4154 2583 4209 est,
2614 4145 2710 4198 sed
2733 4146 2874 4200 male
2904 4149 3061 4201 mori.
3094 4147 3296 4204 Idcirco
3319 4151 3487 4206 dixit:
3509 4151 3690 4222 Ignem

2088 4232 2199 4284 ueni
2218 4235 2410 4285 mittere
2425 4233 2477 4286 in
2499 4242 2703 4288 terram.
2727 4234 2855 4290 llaec
2870 4252 3032 4309 porro
3054 4237 3287 4304 dicebat,
3311 4250 3369 4294 ut
3391 4242 3507 4311 ejus
3527 4258 3689 4311 quem

2091 4319 2336 4391 exigebat
2361 4324 2561 4377 amoris
2589 4322 2854 4381 fervorem
2895 4341 2957 4380 ac
2991 4330 3384 4384 vehementiam
3417 4332 3687 4402 significa-

2092 4422 2192 4466 ret.
2238 4411 2372 4478 Quia
2406 4411 2558 4468 enim
2608 4417 2676 4468 ita
2723 4431 2821 4469 nos
2869 4417 3220 4474 vehementer
3258 4422 3487 4481 amavit.
3545 4422 3622 4476 sic
3661 4439 3692 4476 a

2094 4504 2248 4560 nobis
2288 4507 2400 4559 vult
2437 4507 2626 4560 amari.
2657 4506 2783 4562 llaec
2813 4524 2975 4580 porro
3010 4513 3166 4565 verba
3207 4514 3482 4582 apostolos
3519 4518 3693 4586 erige-

2095 4594 2244 4656 bant,
2278 4596 2726 4667 sublimioresque
2751 4597 3068 4654 reddebant.
3103 4601 3234 4656 Nam
3260 4604 3304 4657 si
3332 4605 3430 4670 illi,
3455 4605 3691 4666 aiebant.

2094 4696 2379 4754 cognatos,
2433 4687 2606 4750 ﬁlios.
2661 4700 2913 4760 parentes
2961 4693 3269 4760 despecturi
3321 4705 3464 4760 sunt,
3517 4697 3691 4765 cogita

2095 4776 2281 4843 quales
2309 4787 2554 4846 oporteat
2580 4793 2679 4832 nos
2708 4794 2850 4842 esse,
2879 4782 2968 4850 qui
2997 4782 3247 4839 doctores
3274 4801 3480 4842 sumus.
3511 4784 3695 4854 Nequa

2095 4867 2239 4918 enim
2269 4863 2401 4919 dura
2433 4875 2487 4920 et
2512 4866 2752 4922 difﬁcilia
2781 4869 2872 4924 illa
2907 4871 2959 4926 in
2992 4873 3143 4927 vobis
3185 4877 3344 4928 linem
3385 4874 3695 4939 habebunt,

2097 4955 2190 5009 sed
2215 4963 2270 5008 et
2294 4955 2361 5009 ad
2388 4956 2522 5009 alios
2545 4958 2870 5012 transibunt.
2901 4960 3032 5014 Nam
3058 4962 3180 5030 quia
3210 4979 3399 5032 magna
3431 4963 3570 5017 bona
3594 4964 3702 5018 huc

2099 5047 2273 5110 attuli,
2301 5062 2545 5116 magnam
2571 5049 2726 5119 exigo
2751 5061 2806 5106 et
2835 5053 3196 5108 obedientiam
3225 5067 3282 5110 et
3305 5055 3575 5111 allectum.
3607 5057 3699 5112 37.

2103 5137 2203 5201 Qui
2231 5147 2369 5190 amat
2401 5147 2593 5207 patrem
2620 5150 2668 5192 et
2694 5151 2905 5196 matrem
2937 5143 3052 5213 plus
3076 5163 3228 5216 quant
3263 5162 3360 5210 me,
3402 5163 3504 5200 non
3525 5158 3597 5202 est
3625 5164 3703 5200 me
3733 5189 3736 5192 .

2101 5229 2284 5294 dignus
2305 5238 2388 5280 :et
2415 5231 2502 5299 qui
2523 5239 2661 5282 amat
2682 5232 2847 5298 ﬁlium
2871 5245 2957 5286 aut
2979 5235 3138 5302 ﬁliam
3163 5235 3276 5302 plus
3301 5252 3451 5300 quam
3477 5253 3575 5301 me,
3602 5255 3702 5292 non

2102 5327 2172 5370 est
2201 5334 2280 5370 me
2309 5319 2512 5388 dignus.
2545 5320 2633 5375 '58.
2686 5320 2754 5375 Et
2791 5325 2878 5393 qui
2922 5341 3023 5376 non
3069 5327 3200 5378 tollit
3226 5342 3424 5380 crucem
3450 5345 3594 5381 suam
3615 5369 3630 5393 ,
3657 5336 3704 5381 et

2104 5408 2327 5475 sequitur
2366 5425 2466 5473 me,
2505 5427 2604 5464 non
2644 5422 2714 5466 est
2752 5430 2832 5467 me
2869 5413 3070 5485 dignus.
3100 5414 3290 5469 Vidisti
3331 5420 3701 5472 auctoritatem

2104 5498 2377 5552 doctoris?
2413 5500 2590 5555 vidisti
2630 5505 2904 5572 quomodo
2950 5508 3198 5561 ostendat.
3250 5508 3487 5577 seipsnm
3517 5510 3705 5578 genui-

2105 5602 2232 5640 num
2266 5587 2438 5642 Patris
2467 5588 2687 5655 Filium,
2723 5596 2901 5648 omnia
2929 5597 3118 5664 lubens
3152 5597 3285 5650 infra
3319 5599 3621 5668 relinquere
3648 5609 3705 5653 et

2105 5676 2381 5730 caritatem
2409 5679 2525 5746 ejus
2551 5681 2855 5737 anteferre?
2882 5682 2947 5738 Et
2967 5686 3092 5754 quid
3119 5687 3258 5751 dico,
3289 5688 3477 5758 inquit,
3503 5689 3703 5744 amicos

2109 5777 2163 5818 et
2205 5772 2493 5837 cognatos?
2520 5772 2574 5826 Si
2604 5775 2836 5828 animam
2867 5787 3010 5830 tuam
3037 5779 3307 5833 dilectioni
3340 5795 3470 5832 mere
3513 5782 3703 5850 pra‘fc-

2112 5868 2221 5923 ras,
2254 5863 2435 5929 procul
2469 5878 2526 5915 es
2557 5877 2584 5916 a
2619 5865 2749 5918 meis
2795 5864 3069 5934 discipulis
3123 5868 3258 5936 Quid
3295 5864 3487 5938 igitur?
3521 5883 3700 5924 annon
