4080 6470
499 453 607 506 ιοτ

500 566 614 620 haec
640 562 904 618 contraria
930 562 1097 615 veteri
1141 560 1240 630 legi
1268 561 1424 613 sunt?
1464 559 1648 625 Absit;
1681 560 1787 613 imo
1813 557 1885 611 illi
1918 555 2071 610 valde

496 663 810 710 consonant.
842 652 971 708 Nam
1014 654 1120 708 illic
1165 650 1467 705 idololatras
1496 666 1600 705 non
1629 650 1786 704 modo
1809 649 1952 712 odit,
1978 648 2073 701 sed

498 747 658 799 etiam
705 744 925 814 lapidari
970 744 1140 814 jubet.
1174 741 1239 795 Et
1280 742 1332 795 in
1381 740 1789 796 Deuteronomio
1837 738 2075 800 ueritatis

498 835 731 889 cultores
756 833 1025 888 admirans
1047 833 1154 886 ait:
1188 831 1287 898 Qui
1326 832 1448 884 dicit
1488 831 1621 900 patri
1647 830 1723 883 vel
1752 828 1919 891 matri,
1952 826 2072 881 Non

497 927 600 980 ridi
630 937 695 991 te,
727 936 773 981 et
803 928 983 996 fratres
1008 939 1125 977 suos
1150 940 1249 976 non
1280 923 1523 993 cognovit.
1557 931 1601 973 et
1632 921 1767 989 ﬁlios
1795 918 2068 988 ignoravit,

497 1016 761 1069 custodiuit
802 1015 997 1083 eloquia
1039 1023 1123 1066 tua
1151 1012 1327 1083 (Deut.
1372 1013 1457 1067 35.
1503 1012 1581 1079 9).
1610 1010 1758 1075 Quod
1798 1010 1841 1062 si
1880 1008 2073 1062 Paulus

501 1105 664 1159 multa
702 1104 841 1157 circa
892 1113 1142 1172 parentes
1169 1102 1470 1171 praecipiat,
1510 1111 1562 1153 et
1602 1100 1704 1152 illis
1736 1098 2072 1152 in’omnibus

499 1193 719 1261 obsequi
756 1193 961 1260 jubat,
1004 1207 1071 1247 ne
1108 1193 1357 1247 mireris:
1387 1206 1507 1243 nam
1540 1190 1591 1242 in
1623 1189 1723 1242 illis
1752 1189 1919 1243 solum
1948 1188 2076 1243 obes

497 1286 613 1339 dire
654 1286 921 1355 praecipit,
972 1301 1089 1354 quae
1135 1284 1314 1351 pietati
1364 1297 1469 1336 non
1524 1280 2070 1335 officiunt:sanctum

495 1377 692 1445 quippe
720 1380 805 1429 es‘t
849 1376 899 1429 in
945 1374 1154 1428 creteris
1182 1372 1431 1427 omnibus
1468 1371 1671 1426 honore
1699 1372 1814 1423 illos
1839 1369 2070 1425 afﬁcere.

496 1469 628 1521 Cum
669 1477 845 1521 autem
877 1466 993 1535 plus
1022 1480 1183 1535 quam
1217 1480 1312 1534 par
1349 1465 1418 1519 sit
1462 1464 1699 1533 exigunt,
1732 1477 1837 1517 non
1865 1470 2075 1531 oportet

496 1559 601 1612 illis
626 1558 1015 1627 obtemperare.
1050 1554 1251 1611 Idcirco
1278 1554 1405 1610 dicit
1453 1553 1617 1607 Lucas
1649 1572 1663 1607 :
1691 1553 1751 1607 Si
1799 1554 1909 1623 quis
1943 1555 2073 1605 venit

495 1649 565 1701 ad
589 1664 687 1713 me,
720 1658 766 1701 et
796 1664 895 1701 non
922 1649 1025 1701 odit
1051 1656 1241 1716 patrem
1268 1661 1417 1699 suum
1444 1654 1489 1699 et
1514 1654 1742 1709 matrem,
1771 1655 1817 1698 et
1844 1660 2069 1708 uxorem,

495 1748 542 1790 et
569 1737 703 1805 ﬁlios
728 1747 773 1790 et
799 1741 1008 1807 fratres,
1050 1735 1218 1787 adhuc
1244 1742 1481 1787 autem'et
1508 1734 1726 1786 animam
1751 1750 1894 1787 suam
1916 1774 1931 1797 ,
1972 1750 2071 1786 non

494 1838 656 1896 potest
680 1844 817 1881 meus
840 1843 948 1881 esse
973 1825 1250 1897 discipulus
1279 1824 1429 1895 (Luc.
1459 1826 1547 1879 14.
1577 1824 1671 1893 9-6)
1698 1842 1711 1877 :
1737 1839 1843 1878 non
1873 1825 2072 1893 simpli-

494 1922 627 1974 citer
648 1918 772 1973 odio
799 1918 998 1972 habere
1020 1918 1233 1986 jubens,
1267 1916 1317 1970 id
1348 1917 1487 1970 enim
1520 1914 1803 1969 admodum
1835 1914 2067 1982 iniquum

492 2017 676 2072 esset;
722 2008 814 2061 sed
854 2008 898 2061 si
939 2008 1063 2060 velit
1094 2016 1151 2060 ιιι
1174 2021 1323 2059 ames
1349 2007 1494 2059 illum
1535 2005 1654 2073 plus
1681 2020 1838 2073 quam
1866 2020 1971 2069 me,
2005 2018 2069 2058 ea

494 2096 560 2151 de
584 2111 739 2151 causa
762 2096 884 2149 odio
908 2095 1042 2149 habe
1069 2096 1238 2149 illum.
1255 2093 1309 2149 ιιι
1330 2096 1470 2149 enim
1494 2105 1547 2148 et
1568 2104 1799 2146 amatum
1822 2102 1875 2147 et
1890 2107 2068 2146 aman-

492 2199 601 2243 tem
629 2186 895 2255 perderet.

562 2278 617 2331 Ξ.
650 2278 757 2332 Hoc
790 2290 946 2344 porro
971 2274 1214 2339 dicebat,
1245 2282 1301 2326 ut
1327 2283 1381 2328 et
1411 2272 1547 2327 filios
1576 2272 1821 2326 fortiores
1842 2312 1857 2335 ,
1886 2282 1939 2327 et
1970 2287 2065 2340 pa-

493 2377 623 2433 tres,
646 2366 735 2436 qui
764 2360 1141 2433 itnpedimetito
1161 2378 1279 2417 esse
1304 2362 1517 2426 vellent,
1542 2362 1924 2417 mansuetiores
1951 2361 2069 2415 red-

493 2460 663 2512 deret.
699 2456 905 2511 Etenim
948 2461 1123 2523 patres
1160 2453 1399 2507 videntes
1439 2452 1609 2521 ipsum
1653 2461 1849 2505 tantam
1881 2451 1985 2505 vim
2016 2459 2071 2505 et

488 2555 806 2617 potestatem
839 2545 1033 2599 habere
1057 2585 1072 2608 ,
1100 2554 1158 2597 ut
1189 2551 1364 2613 posset
1394 2542 1531 2595 ﬁlios
1562 2542 1628 2596 ab
1664 2542 1791 2609 ipsis
1818 2542 2066 2605 avellere,

494 2654 559 2692 ne
580 2653 642 2692 ea
666 2645 929 2691 tentarent
948 2651 1065 2704 qum
1088 2634 1202 2689 fieri
1226 2648 1327 2687 non
1352 2642 1613 2703 poterant,
1632 2632 1871 2687 destituri
1897 2641 2069 2687 erant.

497 2728 617 2781 Ideo
646 2727 783 2781 filios
810 2725 979 2793 solum
1014 2724 1317 2794 alloquitur,
1348 2723 1523 2777 missis
1553 2724 1813 2791 patribus,
1843 2737 1976 2791 quos
2002 2723 2072 2776 ab

491 2814 661 2871 inutili
691 2826 881 2870 conatu
908 2824 1139 2869 revocat.
1171 2813 1367 2869 Deinde
1395 2827 1461 2867 ne
1488 2812 1561 2867 illi
1594 2812 1991 2882 indignarentur
2017 2820 2071 2867 et

492 2920 633 2974 aegre
661 2904 892 2967 ferrent,
922 2904 1043 2958 vide
1071 2918 1176 2973 quo
1220 2916 1516 2957 sermonem
1552 2902 1796 2957 deducat.
1824 2902 1953 2957 Cum
1984 2902 2068 2956 die

490 2998 660 3049 sisset
682 2994 845 3054 enim,
879 2992 979 3057 Qui
1005 3009 1105 3046 non
1134 2993 1241 3047 odit
1270 3003 1461 3061 patrem
1486 3002 1532 3045 et
1556 3002 1785 3057 matrem,
1811 2992 1974 3056 addit,
2008 2992 2071 3046 Et

491 3086 715 3137 animam
756 3100 915 3137 suam.
952 3083 1087 3151 Quid
1128 3083 1257 3136 mihi
1287 3084 1515 3150 allegas,
1555 3082 1756 3151 inquit,
1791 3092 2069 3149 parentes,

489 3172 705 3238 fratres,
738 3187 969 3238 sorores,
1008 3173 1260 3226 uxorem?
1288 3170 1425 3225 Nihil
1464 3172 1708 3241 cuiquam
1740 3172 2073 3241 conjunctius

490 3272 575 3318 est
602 3265 776 3318 anima
796 3304 811 3327 ,
842 3273 895 3318 et
924 3271 1102 3316 tamen
1137 3261 1235 3315 nisi
1275 3276 1392 3315 eam
1426 3261 1547 3314 odio
1577 3258 1823 3316 habueris
1843 3302 1858 3325 ,
1889 3270 2071 3317 contra

492 3367 651 3422 quam
692 3353 816 3407 velit
854 3366 1039 3407 amans
1074 3344 1249 3415 omnia
1291 3351 1499 3404 cedent.
1541 3350 1721 3419 Neque
1762 3351 2074 3419 simpliciter

493 3447 637 3499 illam
664 3444 786 3499 odio
814 3444 1010 3498 habere
1034 3443 1211 3511 jussit,
1243 3442 1335 3496 sed
1366 3442 1435 3496 ita
1467 3449 1523 3495 ut
1551 3441 1615 3496 ad
1647 3441 1781 3497 bella
1813 3442 2069 3507 tradatur,

494 3536 562 3591 ad
601 3550 800 3605 pugnas
818 3575 833 3599 ,
860 3533 1034 3589 caedes
1056 3574 1070 3600 ,
1107 3534 1434 3601 sanguinem.
1476 3530 1613 3585 Nam
1641 3533 1724 3601 qui
1753 3549 1853 3587 non
1880 3532 2072 3602 bajulat

495 3640 692 3679 crucem
730 3639 875 3676 suam
896 3663 910 3688 ,
940 3632 985 3675 et
1014 3622 1146 3675 venit
1183 3630 1294 3690 post
1325 3636 1400 3673 me
1424 3662 1438 3686 ,
1469 3637 1569 3673 non
1611 3631 1766 3688 potest
1807 3638 1943 3674 meus
1970 3638 2075 3675 esse

496 3712 795 3781 discipulus.
828 3710 941 3765 Non
974 3710 1101 3765 dicit
1130 3710 1322 3773 solum,
1346 3709 1411 3763 ad
1443 3721 1666 3764 mortem
1697 3719 1934 3779 paratum
1956 3725 2076 3765 esse

496 3808 733 3870 oportet;
772 3800 867 3855 sed
909 3800 975 3854 ad
1022 3809 1246 3855 mortem
1287 3801 1608 3865 violentam;
1651 3816 1751 3854 nec
1788 3801 2072 3855 violentam

500 3890 660 3945 modo
678 3931 691 3955 ,
725 3890 817 3945 sed
848 3900 902 3945 et
930 3891 1355 3961 ignominiosam.
1382 3890 1629 3961 Nihilque
1655 3892 1827 3946 adhuc
1854 3892 1920 3946 de
1950 3907 2073 3961 pas-

496 3983 651 4036 sione
676 3995 769 4035 sua
798 3973 1058 4049 loquitur,
1088 3989 1145 4033 ut
1174 3981 1225 4034 in
1256 3980 1338 4034 his
1368 3982 1576 4035 interim
1613 3984 1837 4035 instituti
1872 3984 2074 4040 facilius

498 4084 561 4124 ac
591 4069 760 4124 lenius
788 4068 855 4122 de
884 4069 970 4122 illa
1006 4068 1308 4138 loquentem
1337 4069 1598 4124 audirent.
1632 4070 1821 4126 Annon
1858 4082 2075 4141 stupen-

499 4162 622 4213 dum
645 4168 725 4213 est
748 4159 953 4211 illorum
980 4159 1092 4213 haec
1113 4158 1436 4212 audientium
1460 4162 1689 4214 animam
1713 4176 1816 4214 non
1838 4164 2075 4218 evolasse

502 4266 531 4301 a
558 4264 778 4318 corpore
799 4290 811 4313 ,
840 4264 958 4302 cum
995 4249 1065 4302 de
1108 4248 1341 4301 tristibus
1372 4248 1543 4301 solum
1571 4259 1752 4318 agatur
1771 4292 1783 4312 ,
1816 4250 2073 4306 bonorum

503 4356 633 4394 vero
659 4356 781 4408 spes
807 4350 1005 4395 tantum
1038 4338 1327 4393 offeratur?
1352 4337 1628 4403 Quomodo
1654 4354 1780 4407 ergo
1816 4356 1918 4393 non
1956 4358 2079 4395 avo-

506 4430 673 4483 lavit?
700 4430 859 4483 Multa
891 4438 1001 4483 erat
1032 4428 1255 4482 dicentis
1284 4428 1465 4491 virtus,
1498 4436 1550 4481 ct
1577 4428 1901 4483 audientium
1932 4446 2081 4486 amor

508 4521 721 4574 multus.
759 4521 979 4589 Ideoque
1008 4521 1161 4588 longe
1191 4518 1401 4572 duriora
1432 4526 1485 4572 ct
1520 4521 1828 4573 oncrosiora
1858 4521 2077 4577 audien-

504 4621 602 4674 tes,
634 4627 788 4679 quam
818 4611 987 4678 magni
1016 4611 1086 4661 illi
1120 4610 1215 4663 viri
1246 4609 1452 4678 Moyses
1479 4619 1530 4662 et
1563 4608 1839 4673 Jcremias,
1876 4613 2081 4667 obtem-

508 4711 772 4770 perantes,
802 4716 898 4753 nec
929 4711 1280 4769 repugnantes
1310 4700 1611 4753 manebant.
1649 4702 1735 4755 '59.
1768 4702 1865 4767 Qui
1896 4705 2081 4758 invcm't

506 4793 727 4845 animam
769 4810 909 4845 suam
932 4834 944 4854 ,
980 4792 1148 4859 p‘rdet
1179 4808 1320 4855 cam,
1357 4800 1404 4843 et
1439 4792 1537 4857 qui
1558 4793 1776 4857 perdidet
1790 4794 1825 4843 it
1861 4796 2076 4847 animum

505 4903 645 4939 suam
679 4895 879 4953 propter
909 4902 1004 4947 me,
1039 4884 1247 4936 inveniet
1273 4899 1401 4935 eam.
1430 4881 1615 4936 thcu'
1641 4893 1885 4950 quantam
1911 4886 2078 4953 jactu-

507 4993 619 5029 ram
654 4975 841 5027 faciant
873 4976 961 5043 qui
998 4975 1225 5027 animam
1256 4988 1402 5026 suam
1435 4973 1549 5041 plus
1575 4988 1733 5040 quam
1764 4986 1967 5041 Oportet
1992 4978 2074 5031 di-

508 5074 667 5139 ligant
690 5072 711 5121 '?
734 5082 1087 5140 quantumque
1114 5072 1311 5122 lucrum
1338 5084 1519 5121 eorum
1547 5072 1634 5136 qui
1662 5069 1922 5123 oderunt?
1948 5073 2074 5139 Quia

509 5163 649 5214 σιηὶιιι
680 5171 935 5228 praecepta
964 5175 1185 5215 onerosa
1213 5166 1397 5215 erant;
1430 5174 1551 5211 nam
1578 5168 1759 5212 contra
1796 5172 2037 5226 parentes
2059 5204 2075 5229 ,

509 5254 665 5315 tilios,
698 5261 959 5315 naturam,
992 5250 1379 5319 cognationem,
1419 5250 1622 5310 orbem,
1665 5249 1931 5318 ipsamque
1961 5252 2074 5304 ani-

510 5359 648 5396 mam
689 5345 855 5397 aciem
898 5344 1159 5395 instruere
1196 5340 1465 5407 Oportebat
1499 5358 1511 5390 :
1546 5340 1819 5393 utilitatem
1863 5340 2073 5409 adjicit,

509 5451 627 5500 qua:
659 5435 883 5487 maxima
910 5442 1054 5493 certe
1080 5440 1213 5485 erat.
1242 5431 1363 5485 Haec
1382 5470 1396 5495 ,
1427 5432 1625 5498 inquit,
1654 5446 1756 5485 non
1785 5431 1941 5486 modo
1972 5448 2075 5485 non

511 5526 803 5586 nocebunt,
835 5524 930 5577 sed
960 5532 1013 5577 ct
1047 5524 1275 5577 maxime
1306 5521 1596 5591 juvabunt;
1631 5522 1711 5575 his
1739 5531 1913 5577 autem
1945 5538 2075 5576 con-

510 5616 666 5666 traria
696 5614 975 5666 nocebunt.
1009 5614 1061 5666 ld
1094 5613 1282 5682 ubique
1309 5612 1428 5665 facit
1452 5652 1466 5676 ,
1495 5612 1559 5666 ab
1592 5613 1652 5665 iis
1678 5627 1794 5680 qum.
1823 5612 2076 5681 concupi-

510 5714 683 5770 scunt,
716 5704 1066 5757 inductionem
1100 5715 1263 5772 parat.
1298 5704 1403 5758 Cur
1438 5719 1539 5757 non
1573 5705 1647 5757 vis
1674 5706 1901 5757 animam
1935 5715 2075 5758 tuam

510 5795 777 5862 despicere
794 5796 817 5833 ν
840 5794 971 5862 Quia
994 5809 1137 5849 amas
1160 5796 1297 5849 illam
1317 5796 1338 5851 ἲ
1358 5795 1436 5849 Ob
1460 5793 1559 5849 hoc
1585 5796 1753 5866 ipsum
1780 5809 1905 5865 ergo
1934 5797 2070 5849 illam

1242 447 1295 502 S.
1325 444 1598 504 JOANNIS
1627 441 2095 503 CHRYSOSTOM
2129 441 2445 501 ARCHIEP.
2473 445 2999 505 CONSTANTINOP.

3663 440 3763 502 ιοκ

2180 555 2424 625 despice,
2456 569 2509 614 et
2554 568 2679 614 tunc
2726 562 2865 615 illam
2908 562 3137 615 maxime
3166 560 3412 631 jus-abis,
3450 568 3608 632 teque
3642 578 3757 616 rere

2176 660 2443 703 amantem
2472 652 2871 704 monstraveris.
2904 650 2970 704 Et
2998 650 3123 705 vide
3152 650 3279 704 mihi
3310 652 3645 720 prudentiam
3677 652 3753 704 iu-

2176 735 2462 792 eil'abilem.
2518 738 2633 793 Non
2672 739 2811 793 enim
2854 741 2905 793 in
2948 741 3257 809 parentibus
3293 751 3347 796 et
3390 741 3516 795 filiis
3558 750 3755 795 tantum

2177 838 2429 894 moratur,
2456 830 2549 885 sed
2577 832 2627 886 in
2652 832 2827 886 anima
2856 833 3093 887 omnium
3119 832 3419 899 carissima,
3444 841 3502 887 ut
3525 832 3665 903 quod
3689 832 3754 885 de

2177 917 2266 972 illa
2296 918 2455 984 dicit,
2489 919 2838 975 indubitatum
2866 929 3107 988 maneat,
3136 932 3191 976 et
3217 922 3374 977 simul
3403 922 3614 978 discant
3638 923 3753 976 illos

2176 1009 2336 1063 etiam
2365 1009 2584 1063 multum
2612 1012 2741 1065 lucri
2773 1020 2822 1065 et
2857 1011 3097 1065 utilitatis
3126 1010 3251 1066 hinc
3274 1022 3588 1081 accepturos
3614 1026 3748 1072 esse,

2176 1100 2602 1169 quandoquidem
2660 1103 2785 1157 illud
2835 1103 2887 1157 in
2941 1106 3179 1158 omnium
3232 1104 3618 1173 pretiosissima
3660 1102 3755 1158 sibi

2176 1192 2350 1245 anima
2376 1191 2641 1261 contigit.‘

2250 1282 2349 1347 Qui
2371 1284 2627 1352 apostolos
2647 1284 2938 1351 reciperent,
2961 1294 3152 1353 quanta
3173 1292 3590 1354 consequerentur
3608 1284 3753 1338 bona.

2175 1401 2244 1411 —
2270 1371 2395 1425 llaec
2424 1387 2550 1425 vero
2580 1384 2823 1441 poterant
2853 1374 3094 1429 homines
3129 1373 3379 1427 inducere
3410 1373 3474 1427 ad
3512 1374 3633 1429 illos
3675 1390 3755 1429 re-

2175 1460 2448 1531 cipiendos
2474 1463 2561 1532 qui
2591 1463 2691 1517 sibi
2720 1463 2876 1517 saluti
2904 1478 3023 1518 esse
3059 1462 3322 1518 valebant.
3353 1464 3484 1530 Quis
3512 1465 3659 1519 enim
3688 1466 3753 1519 ita

2176 1552 2342 1606 fortes
2366 1561 2715 1622 strenuosque
2742 1553 2903 1619 viros,
2927 1555 3016 1623 qui
3040 1554 3189 1622 quasi
3220 1554 3399 1609 leones
3423 1555 3613 1610 orbem
3636 1570 3752 1625 per-

2172 1641 2489 1705 currebant,
2521 1642 2608 1709 qui
2640 1651 2696 1694 ut
2726 1641 2859 1695 alios
2901 1650 3181 1696 servarent
3217 1658 3309 1695 sua
3353 1645 3530 1697 omnia
3569 1654 3755 1698 conte-

2175 1730 2463 1795 mnebant,
2512 1747 2615 1784 non
2662 1731 2841 1785 libenti
2886 1732 3065 1785 animo
3108 1732 3467 1801 suscepisset?
3510 1735 3754 1789 Attamen

2173 1819 2331 1874 aliam
2358 1822 2506 1889 ponit
2532 1821 2830 1876 mercedem
2856 1861 2869 1885 ,
2903 1821 3193 1876 ostendens
3218 1863 3234 1888 ,
3259 1837 3319 1877 se
3357 1822 3590 1892 hospitio
3620 1824 3754 1877 reci-

2175 1911 2408 1978 pientem
2429 1950 2444 1977 ,
2473 1926 2629 1979 quam
2656 1920 2927 1980 receptum
2959 1911 3058 1966 hac
3084 1914 3136 1966 in
3163 1928 3223 1967 re
3252 1914 3420 1982 magis
3452 1927 3662 1968 curare.
3696 1914 3755 1968 Et

2174 2002 2402 2070 primum
2432 2003 2644 2073 quidem
2673 2002 2763 2055 dat
2802 2003 3076 2069 prtemium
3100 2045 3116 2069 ,
3148 2004 3334 2059 dicens
3361 2021 3375 2057 :
3424 2003 3516 2059 ιο.
3548 2006 3648 2072 Qui
3673 2022 3749 2059 rs-

2172 2092 2295 2161 cipit
2322 2108 2427 2156 vos,
2458 2109 2536 2146 nte
2559 2093 2732 2162 recipit
2754 2110 2773 2156 ;
2801 2102 2847 2146 et
2872 2093 2960 2163 qui
2996 2110 3075 2146 me
3102 2095 3299 2162 recipit,
3327 2095 3505 2161 recipit
3535 2111 3649 2147 eum
3675 2097 3756 2164 qui

2175 2198 2253 2236 me
2278 2183 2428 2235 misit.
2459 2180 2557 2236 Cui
2599 2183 2675 2236 rei
2718 2183 2841 2249 quid
2890 2197 2986 2251 par
3023 2197 3270 2252 umquam
3316 2182 3507 2250 fuerit,
3547 2184 3754 2239 Patrem

2173 2288 2365 2342 nempe
2388 2282 2442 2325 et
2474 2272 2663 2327 Filium
2705 2274 2986 2343 recipere?
3017 2275 3186 2328 Aliam
3224 2283 3343 2343 post
3378 2274 3518 2332 hanc
3546 2292 3747 2331 merce-

2172 2364 2293 2417 dem
2332 2364 2639 2432 pollicetur;
2674 2380 2795 2417 nam
2827 2366 2899 2417 ait
2929 2382 2941 2417 :
2971 2363 3061 2419 ll.
3108 2363 3206 2428 Qui
3242 2365 3419 2435 recipit
3461 2368 3751 2436 prophetam

2171 2456 2223 2507 in
2248 2456 2447 2508 nomine
2471 2456 2746 2523 prophetis,
2772 2456 3046 2509 mercedem
3072 2456 3333 2525 propheta:
3355 2459 3589 2527 accipiet,
3611 2468 3655 2511 et
3674 2462 3752 2529 qui

2172 2545 2348 2613 recipit
2370 2546 2565 2614 justum
2593 2545 2871 2598 in‘nomine
2900 2546 3049 2614 justi,
3079 2547 3353 2600 mercedem
3372 2548 3504 2615 justi
3525 2549 3748 2617 accipiet.

2174 2633 2345 2705 Supra
2393 2651 2604 2705 poenam
2648 2636 3020 2691 interminatur
3055 2637 3119 2691 iis
3155 2638 3244 2707 qui
3284 2653 3389 2692 non
3420 2640 3749 2708 receperint;

2174 2723 2262 2779 hic
2282 2738 2409 2779 vero
2432 2726 2691 2779 bonorum
2714 2726 3039 2795 largitionem
3061 2726 3265 2781 deﬁnit.
3292 2727 3361 2783 Ut
3386 2736 3566 2783 autem
3586 2729 3751 2784 discas

2174 2812 2318 2867 illum
2349 2813 2446 2868 hos
2475 2815 2703 2870 maxime
2730 2830 2918 2869 curare
2938 2856 2953 2882 ,
2983 2832 3089 2871 non
3120 2816 3256 2871 dixit
3283 2827 3483 2872 tantum
3505 2859 3521 2883 ,
3556 2819 3655 2885 Qui
3681 2837 3754 2872 re-

2172 2904 2293 2974 cipit
2318 2905 2640 2974 prOpItetam,
2671 2905 2753 2961 vel
2774 2945 2787 2968 ,
2822 2904 2921 2969 Qui
2960 2908 3139 2976 recipit
3156 2909 3357 2975 justum
3376 2948 3394 2973 ,
3422 2909 3516 2964 sed
3542 2908 3747 2977 adjicit,

2173 2992 2240 3047 In
2271 2996 2469 3049 nomine
2505 2997 2795 3064 propheta,
2824 3004 2907 3059 et,
2940 2995 3006 3051 In
3034 2998 3235 3053 nomine
3266 3000 3438 3070 justi;
3476 2999 3529 3054 id
3566 3009 3681 3067 est,
3707 3004 3748 3055 si

2176 3102 2281 3142 non
2328 3096 2543 3157 prepter
2586 3088 2839 3143 sa:culare
2884 3090 3269 3158 patrocinium,
3310 3090 3395 3145 vel
3436 3091 3749 3146 caduearum

2177 3193 2354 3232 rerum
2378 3192 2558 3242 causa,
2590 3180 2915 3247 susceperit;
2946 3180 3039 3235 sed
3066 3181 3187 3250 quia
3215 3179 3493 3250 propheta,
3526 3181 3610 3236 vel
3637 3184 3751 3251 quia

2173 3268 2349 3337 justus
2376 3276 2479 3333 est,
2508 3270 2808 3325 mercedem
2841 3273 3109 3341 prophetae
3135 3272 3221 3326 vel
3247 3272 3373 3341 justi
3403 3274 3648 3343 accipiet,
3676 3274 3754 3329 vel

2175 3374 2332 3426 quam
2359 3374 2455 3429 par
2475 3370 2556 3414 est
2582 3362 2826 3430 accipere
2852 3378 2970 3417 eum
2996 3364 3084 3431 qui
3112 3363 3195 3418 vel
3230 3364 3539 3433 prophetam
3568 3367 3649 3420 vel
3671 3368 3752 3434 ju-

2175 3459 2313 3503 stum
2338 3450 2618 3519 receperit,
2646 3451 2730 3506 vel
2754 3451 2963 3519 qualem
2988 3452 3242 3520 propheta
3265 3454 3347 3507 vel
3371 3454 3551 3522 justus
3572 3469 3756 3509 conse-

2176 3541 2373 3609 quitur.
2397 3541 2547 3606 Quod
2579 3550 2633 3596 et
2660 3542 2853 3597 Paulus
2878 3542 3123 3597 dicebat:
3163 3542 3336 3597 Vestra
3361 3544 3672 3599 abundantia
3694 3546 3757 3597 ad

2177 3631 2381 3683 illorum
2405 3630 2629 3697 inopiant
2649 3671 2663 3692 ,
2693 3640 2749 3683 ut
2785 3631 2992 3683 illorum
3028 3633 3339 3687 abundantia
3363 3637 3427 3687 sit
3454 3634 3524 3686 ad
3547 3645 3755 3688 mtram

2178 3720 2400 3789 inopiam
2428 3720 2503 3791 (2.
2541 3718 2658 3775 Cor.
2688 3721 2741 3776 8.
2775 3723 2887 3790 14).
2918 3722 3118 3779 Deinde
3145 3738 3211 3779 ne
3238 3725 3358 3794 quis
3395 3734 3756 3795 paupertatem

2178 3810 2521 3875 obtenderet,
2550 3810 2625 3864 ait
2650 3828 2663 3863 :
2693 3809 2782 3865 42.
2815 3812 3126 3882 Quicumque
3158 3825 3331 3882 potum
3360 3815 3555 3871 dederit
3584 3818 3671 3869 uni
3700 3833 3757 3870 es

2178 3902 2395 3954 minimis
2434 3902 2542 3955 istis
2577 3902 2779 3955 calicem
2819 3919 2965 3971 aqum
3002 3905 3205 3974 frigide:
3245 3916 3439 3959 tantum
3476 3907 3530 3960 in
3562 3908 3757 3961 nomine

2178 3992 2437 4061 discipuli,
2469 4002 2613 4045 amen
2642 3991 2754 4044 dico
2781 3991 2937 4055 vobis,
2970 4009 3069 4045 non
3098 3996 3268 4061 perdet
3294 3997 3570 4050 mercedem
3593 4014 3752 4051 suam

2182 4080 2399 4134 Etiamsi
2422 4080 2501 4135 vel
2528 4088 2709 4149 potum
2735 4094 2885 4147 aquae
2913 4072 3117 4149 frigida}
3147 4081 3380 4149 dederis,
3409 4085 3461 4139 in
3488 4100 3596 4155 quo
3620 4084 3755 4140 nulla

2182 4172 2416 4239 impensa
2458 4179 2533 4223 est
2557 4209 2572 4233 ,
2613 4169 2712 4223 erit
2753 4168 2845 4223 tibi
2888 4170 3118 4238 reposita
3157 4186 3382 4227 merces.
3416 4172 3641 4244 Propter
3666 4189 3755 4229 vos

2181 4264 2345 4326 enim,
2368 4262 2457 4328 qui
2484 4261 2734 4329 recipitis,
2758 4263 2932 4315 omnia
2960 4260 3121 4317 facio.

2254 4352 2307 4405 '5.
2355 4349 2594 4405 Vidistin’
2640 4351 2951 4419 quibusnam
2997 4352 3065 4407 ad
3121 4352 3549 4422 persuadendum
3595 4370 3749 4419 usus,

2184 4439 2458 4494 universas
2506 4441 2608 4494 illis
2656 4441 2802 4495 orbis
2846 4440 3035 4496 domos
3081 4446 3389 4511 aperuerit?
3435 4446 3538 4501 Per
3582 4447 3752 4501 omnia

2184 4530 2375 4598 quippe
2404 4530 2632 4584 ostendit
2662 4545 2843 4585 omnes
2884 4531 3015 4600 ipsis
3051 4546 3170 4585 esse
3206 4532 3475 4588 debitores
3508 4552 3522 4587 :
3553 4537 3749 4605 primo,

2185 4634 2303 4672 cum
2332 4618 2458 4689 dixit
2490 4639 2502 4674 :
2536 4619 2730 4689 Dignus
2762 4631 2830 4674 est
2868 4624 3130 4691 operarius
3168 4625 3392 4677 mercede
3415 4641 3510 4677 sua
3537 4624 3747 4693 (Matth.

2187 4708 2272 4763 10.
2302 4708 2409 4777 10);
2442 4712 2672 4764 secundo
2692 4753 2706 4775 ,
2731 4711 2866 4779 quod
2898 4711 3023 4765 nihil
3048 4710 3304 4765 habentes
3334 4722 3386 4766 ct
3414 4728 3610 4767 vacuos
3636 4717 3749 4767 mit-

2185 4809 2257 4853 tat
2284 4817 2296 4861 ;
2328 4801 2503 4866 tertio,
2527 4801 2665 4865 quod
2692 4800 2753 4854 ad
2779 4802 2911 4854 bella
2936 4811 2987 4855 et
3010 4818 3206 4870 pugnas
3231 4819 3325 4870 pro
3348 4804 3753 4872 suscipientibus

2184 4890 2386 4954 mittat,
2415 4900 2621 4959 quarto,
2650 4890 2789 4958 quod
2818 4892 2963 4959 signa
2995 4905 3141 4959 aper:
3162 4890 3245 4944 ndi
3277 4891 3367 4945 det
3403 4900 3749 4957 potestatem;

2183 4980 2397 5047 quinto,
2420 4981 2556 5049 quod
2587 4996 2766 5049 pacem
2786 5020 2799 5043 ,
2834 4982 3092 5034 bonorum
3124 4984 3357 5034 omnium
3387 4996 3632 5047 causam,
3666 4996 3751 5050 per

2183 5084 2243 5123 os
2280 5086 2465 5125 eorum
2511 5072 2562 5124 in
2607 5071 2794 5125 domos
2837 5072 3236 5140 suscipientium
3284 5072 3534 5139 inducat;
3577 5083 3750 5138 sexto,

2184 5162 2323 5231 quod
2361 5164 2599 5232 graviora
2646 5162 2982 5217 Sodomiticis
3021 5162 3392 5217 interminatur
3432 5166 3497 5219 iis
3531 5165 3618 5233 qui
3655 5179 3750 5217 non

2186 5255 2326 5320 ipsos
2354 5254 2679 5319 susceperint
2706 5269 2718 5315 ;
2754 5254 2997 5321 septimo.
3031 5253 3170 5322 quod
3202 5256 3465 5315 ostendat.
3495 5256 3586 5323 qui
3618 5255 3754 5324 ipsos

2182 5343 2508 5410 suscipiunt,
2540 5353 2593 5397 ct
2618 5358 2677 5397 se
2713 5353 2765 5395 et
2802 5343 3005 5397 Patrem
3036 5344 3337 5412 suscipere;
3368 5354 3589 5409 octavo,
3620 5343 3752 5412 quod

2184 5436 2453 5503 propheta:
2482 5444 2534 5489 et
2566 5434 2690 5503 justi
2729 5435 3024 5488 mercedem
3064 5436 3374 5503 promittat;
3405 5449 3549 5488 nono
3571 5476 3585 5498 ,
3618 5436 3754 5503 quod

2181 5525 2333 5583 calici
2359 5540 2507 5594 aqua:
2535 5525 2733 5594 frigidm
2764 5540 3005 5593 magnam
3036 5526 3271 5594 assignet
3302 5524 3626 5579 mercedem.
3655 5523 3753 5578 llo-

2186 5630 2300 5667 rum
2328 5614 2735 5682 unumquodque
2765 5623 2969 5680 poterat
2992 5614 3109 5666 illos
3132 5613 3416 5668 attrahere.
3444 5616 3572 5680 Quis
3594 5613 3748 5675 enim,

2185 5719 2365 5773 qtueso
2385 5744 2398 5769 ,
2430 5704 2615 5758 ducem
2652 5706 2835 5757 videns
2872 5705 3018 5759 mille
3044 5704 3345 5757 vulneribus
3373 5705 3676 5758 confossum
3700 5711 3749 5758 et

2186 5802 2535 5860 cruentatum,
2565 5808 2625 5847 ac
2652 5804 2767 5863 post
2794 5794 2953 5848 multa
2984 5803 3177 5863 tropaea
3200 5809 3263 5848 ex
3290 5792 3425 5849 bello
3448 5793 3753 5847 redeuutem
