4080 6478
581 318 674 372 Ml

578 433 726 500 gulos
753 429 1074 499 accipientes
1113 428 1377 484 contraria
1419 428 1779 483 cohortamur.
1810 425 1898 481 Sic
1927 431 1982 480 et
2006 424 2146 478 Deus

579 520 704 575 fecit
727 529 781 574 et
809 519 1018 590 Moyses
1058 534 1308 588 quoque:
1340 533 1456 572 nam
1505 517 1612 572 Deo
1655 517 1901 570 dicebat:
1934 514 1996 569 Si
2034 515 2148 583 qui-

577 609 690 662 dem
717 610 923 662 dimittis
954 619 1210 677 peccatum
1232 607 1373 674 ipsis,
1397 607 1626 671 dimitte,-
1653 607 1732 659 sin
1765 605 1949 668 minus,
1984 613 2033 657 et
2067 618 2150 656 nte

576 698 694 754 dele.
713 695 906 765 (Exod.
936 697 1024 751 32.
1054 699 1138 752 5i.
1171 695 1260 764 52)
1285 711 1298 759 ;
1333 695 1439 748 illis
1468 711 1596 751 vero
1626 694 1874 765 praecepit
1897 735 1911 756 ,
1943 702 2000 747 ut
2026 707 2146 748 sese

582 799 771 842 mutuo
791 789 1129 851 occiderent,
1153 795 1311 856 atque
1337 798 1590 856 cognatos
1617 801 1822 842 omnes.
1868 787 2026 855 Atqui
2059 786 2145 839 illa

577 879 843 932 contraria
887 885 1072 940 erant,
1102 886 1157 931 et
1183 887 1356 931 tamen
1397 878 1462 932 ad
1505 877 1747 933 eumdem
1789 879 1944 931 linem
1985 876 2144 930 ambo

581 967 952 1036 respiciebant.
998 967 1228 1021 Rursum
1268 967 1408 1021 Deus
1432 967 1594 1036 Moysi
1615 1008 1629 1033 ,
1661 966 1857 1020 Judmis
1880 967 2142 1021 audienti-

579 1057 676 1111 bus
695 1057 933 1119 dicebat:
958 1056 1169 1112 Dimitte
1187 1075 1282 1124 me,
1307 1067 1352 1111 et
1376 1067 1628 1111 conteram
1652 1060 1916 1125 populum.
1940 1058 2144 1111 Etiam-

577 1146 620 1198 si
651 1147 791 1199 enim
833 1160 940 1200 non
979 1146 1262 1211 adessent,
1308 1160 1429 1199 cum
1479 1147 1617 1200 Deus
1648 1137 1772 1200 haec
1820 1147 2052 1210 diceret,
2091 1155 2142 1200 at

579 1235 693 1289 haec
720 1247 899 1305 postea
937 1237 1164 1290 audituri
1195 1245 1344 1291 erant
1368 1253 1383 1300 ;
1425 1240 1646 1292 seorsim
1673 1252 1798 1290 vero
1824 1237 1905 1291 his
1928 1247 2140 1290 contra-

580 1323 655 1376 ria
694 1324 923 1378 mandat.
967 1325 1032 1378 Et
1074 1327 1186 1379 haec
1215 1327 1427 1396 Moyses
1447 1336 1627 1394 postea
1658 1336 1872 1380 coactus
1897 1327 2033 1380 dixit
2061 1326 2142 1380 his

580 1414 754 1468 verbis
785 1432 797 1466 :
826 1413 1090 1484 Numquid
1111 1433 1200 1485 ego
1227 1417 1341 1469 illos
1361 1419 1412 1469 in
1441 1427 1580 1469 utero
1608 1417 1847 1486 concepi,
1877 1418 1993 1484 quia
2015 1416 2142 1469 dicis

581 1504 703 1556 mihi
723 1542 740 1568 ,
772 1504 922 1556 Gesta
963 1521 1044 1558 eos
1082 1506 1212 1559 sicut
1238 1515 1398 1574 gestat
1425 1506 1596 1558 nutriat
1637 1507 1898 1558 lactentem
1939 1507 1992 1559 in
2028 1507 2139 1558 sinu

577 1609 670 1646 suo
701 1591 882 1661 (Num.
925 1594 1012 1646 11.
1040 1593 1169 1662 £2)?
1211 1593 1334 1647 Haec
1382 1595 1433 1647 in
1480 1592 1723 1649 domibus
1770 1611 1983 1664 quoque
2027 1594 2140 1649 ﬁeri

578 1684 772 1737 solent.
817 1682 1025 1736 Etenim
1068 1698 1207 1751 saepe
1234 1696 1381 1752 pater
1412 1685 1750 1754 pardagogum
1778 1727 1793 1748 ,
1837 1687 1926 1754 qui
1974 1685 2137 1740 ﬁlium

575 1772 864 1840 corripuit,
893 1786 1131 1826 seorsum
1162 1774 1400 1843 increpat
1425 1775 1504 1828 his
1534 1775 1706 1828 verbis
1725 1817 1741 1840 ,
1772 1775 1846 1828 Ne
1875 1777 1948 1828 sis
1976 1775 2140 1830 durus

568 1872 627 1913 ct
659 1875 840 1926 asper;
874 1877 1034 1928 puero
1057 1872 1230 1916 autem
1258 1865 1520 1917 contraria
1542 1865 1670 1918 dicit
1695 1882 1706 1916 :
1733 1866 1950 1918 Etiamsi
1979 1877 2029 1920 te
2053 1867 2137 1919 in-

572 1948 714 2016 juste
746 1953 1000 2019 corrigat,
1034 1951 1084 2004 id
1114 1952 1311 2015 tolera;
1342 1968 1406 2006 ex
1436 1954 1720 2007 contrariis
1746 1950 1911 2008 unum
1941 1964 1993 2008 et
2025 1957 2140 2024 qui-

581 2038 700 2090 dem
731 2039 859 2092 utile
892 2055 1101 2107 parans.
1156 2041 1231 2094 lta
1283 2057 1491 2112 quoque
1536 2043 1729 2097 Paulus
1773 2045 1910 2099 bene
1957 2047 2140 2100 valen-

574 2127 713 2181 tibus
765 2129 1019 2183 mendicis
1071 2130 1278 2185 dicebat
1326 2150 1338 2183 :
1389 2132 1449 2184 Si
1511 2134 1622 2200 quis
1673 2150 1774 2185 non
1833 2133 1934 2185 vult
1991 2135 2138 2188 labo-

573 2234 720 2282 rare,
769 2235 858 2270 nec
901 2221 1166 2273 manducet
1216 2222 1292 2290 (2.
1335 2221 1512 2276 Thess.
1539 2225 1586 2277 5.
1622 2223 1743 2293 i0);
1796 2235 1851 2277 ut.
1894 2225 1960 2278 ad
2005 2240 2137 2293 opus

575 2308 698 2362 illos
739 2314 1020 2374 excitaret;
1065 2311 1130 2366 iis
1177 2327 1304 2367 vero
1347 2313 1437 2382 qui
1482 2314 1868 2384 eleemosynam
1917 2330 2152 2384 erogare-

572 2409 826 2466 possent:
892 2400 988 2454 Vos
1038 2413 1202 2456 autem
1249 2403 1608 2472 benefacientes
1656 2422 1718 2458 ne
1760 2408 2038 2472 deficiatis;
2082 2418 2138 2461 ut

573 2489 691 2543 illos
721 2491 785 2543 ad
814 2491 1204 2562 eleeinnsynam
1237 2494 1552 2562 impelleret.
1581 2493 1669 2548 Sic
1693 2510 1810 2548 cum
1841 2512 1932 2550 eos
1957 2498 2043 2564 qui
2071 2512 2135 2550 ex

570 2579 852 2645 gentilibus
881 2580 946 2632 ad
977 2580 1131 2634 ﬁdem
1159 2591 1526 2644 accesserant,
1573 2585 1624 2636 in
1665 2585 1896 2651 Epistola
1930 2587 1994 2637 ad
2025 2586 2133 2638 Ro-

573 2683 756 2721 manos
784 2668 931 2738 (Cap.
958 2672 1042 2724 11.
1068 2687 1117 2724 υ.
1141 2671 1230 2744 17)
1255 2671 1584 2737 hortabatttr,
1620 2689 1686 2727 ne
1710 2684 1893 2728 contra
1921 2675 2132 2730 Judzeos

569 2759 731 2810 aitum
759 2771 1024 2827 saperent,
1057 2762 1341 2816 oleastrum
1388 2764 1440 2816 in
1489 2763 1719 2816 medium
1745 2765 1998 2831 adducit,
2031 2768 2130 2819 alia

570 2845 673 2910 bis,
705 2847 802 2899 alia
841 2849 944 2901 iiiis
971 2849 1151 2904 dicere
1179 2851 1403 2905 videtur.
1449 2851 1526 2905 Ne
1565 2852 1739 2919 itaque
1769 2857 1818 2908 in
1848 2855 2131 2908 crudelita-

568 2943 675 2987 tem
727 2936 1054 3002 incidamus;
1085 2939 1180 2993 sed
1225 2940 1503 2994 audiamus
1552 2941 1769 2995 Paulum
1828 2944 2129 2998 dicentem:

564 3021 762 3075 Bonum
787 3027 1024 3094 facientes
1059 3045 1120 3080 ne
1165 3029 1428 3094 deﬁciatis.
1475 3031 1764 3085 Audiamus
1792 3015 2128 3086 Servatonem

565 3114 827 3169 dicentem
856 3134 867 3169 :
901 3117 1051 3170 Omni
1098 3122 1280 3185 petenti
1335 3130 1381 3174 te
1423 3122 1490 3172 da
1534 3122 1744 3190 (Matth.
1777 3124 1829 3176 5.
1867 3124 1962 3191 62)
1991 3141 2004 3187 ;
2035 3132 2086 3177 et
2109 3165 2126 3190 ,

564 3203 736 3257 Estote
777 3207 1152 3273 misericordes,
1199 3210 1328 3262 sicut
1374 3209 1527 3263 Pater
1555 3223 1711 3264 vester
1751 3211 1896 3282 (Luc.
1925 3213 1977 3266 6.
2011 3213 2122 3282 36).

563 3291 679 3345 Etsi
709 3295 867 3346 multa
897 3295 1122 3358 dixerit,
1155 3311 1412 3365 nusquam
1441 3309 1614 3353 tamen
1653 3301 1755 3354 hoc
1785 3303 1988 3368 posuit,
2025 3303 2123 3356 nisi

561 3396 682 3434 eum
726 3382 792 3437 de
841 3385 1274 3439 misericordibus
1312 3386 1529 3441 diceret.
1579 3389 1716 3443 Nihil
1757 3392 1900 3444 enim
1930 3392 1997 3446 ita
2027 3408 2122 3447 nos

560 3472 790 3538 aequales
823 3473 929 3526 Deo
960 3475 1114 3541 facit,
1145 3484 1202 3528 ut
1231 3477 1274 3529 si
1306 3475 1561 3531 beneﬁcia
1589 3490 1918 3546 praestemus.

628 3560 678 3612 5.
714 3559 970 3629 Pauperes
992 3579 1023 3614 a
1043 3565 1248 3616 crimine
1271 3566 1596 3630 impudentia
1616 3568 1950 3623 vindicantur.
1984 3569 2122 3636 Quo.

556 3649 704 3700 modo
730 3650 828 3700 sint
852 3651 1234 3716 excipiendi.—
1253 3654 1322 3705 At
1343 3652 1470 3705 nihil
1496 3654 1869 3721 impudentius,
1894 3655 2116 3724 inquies.

556 3752 804 3804 paupere.
858 3738 996 3791 Cur?
1039 3755 1351 3808 quaisozan
1402 3743 1522 3810 quia
1572 3757 1858 3796 accurrens
1887 3746 2119 3798 clamat?

556 3826 646 3879 Vis
673 3827 944 3880 ostendam
976 3844 1071 3882 nos
1103 3831 1204 3881 illis
1233 3832 1398 3883 multo
1424 3832 1542 3885 esse
1573 3833 2028 3899 impudentiores?
2058 3837 2113 3890 In

553 3927 782 3971 mentem
839 3935 1058 3984 revoca,
1107 3922 1313 3987 quoties
1359 3905 1542 3989 jejunii
1598 3931 1834 3990 tempore
1864 3965 1878 3986 ,
1935 3940 2113 3978 mensa

551 4023 771 4074 vespere
799 4009 1070 4075 apposita,
1097 4020 1387 4078 vocatoque
1416 4011 1692 4076 ministro,
1736 4013 1779 4064 si
1811 4014 2007 4067 tardius
2036 4016 2113 4066 in-

547 4097 793 4160 cederet,
823 4098 998 4149 omnia
1027 4100 1258 4151 evertisti
1278 4141 1292 4162 ,
1335 4101 1570 4152 calcibus
1595 4101 1907 4169 obstrepens
1928 4142 1943 4166 ,
1982 4119 2111 4158 con-

548 4190 679 4242 vicia
708 4199 757 4240 et
785 4189 975 4256 probra
1000 4189 1224 4242 ell‘erens
1253 4204 1351 4256 pro
1376 4205 1533 4255 parva
1561 4205 1702 4242 mora
1725 4209 1738 4253 ;
1772 4195 1869 4245 etsi
1895 4196 2039 4246 noris
2061 4206 2112 4248 te

546 4280 788 4346 quamvis
819 4295 922 4332 non
954 4281 1132 4333 statim
1153 4321 1170 4342 ,
1202 4291 1319 4348 post
1349 4280 1610 4334 tantillum
1641 4289 1814 4333 tamen
1857 4287 2111 4350 temporis

543 4369 684 4438 large
711 4380 1064 4424 comesturum
1112 4385 1252 4425 esse.
1297 4371 1454 4438 Atqui
1504 4379 1555 4425 te
1595 4370 1787 4436 ipsum,
1818 4373 1905 4440 qui
1936 4387 2029 4441 pro
2051 4390 2109 4428 re

541 4458 757 4510 minima
804 4459 1029 4520 ferocis,
1061 4475 1164 4512 non
1198 4461 1556 4527 impudentem
1586 4445 1746 4514 vocas
1767 4503 1780 4524 ,
1820 4477 2104 4530 pauperem

543 4563 669 4600 vero
691 4588 704 4611 ,
733 4547 820 4614 qui
843 4547 910 4600 de
941 4561 999 4602 re
1031 4549 1218 4616 majori
1269 4551 1455 4602 metuit
1501 4560 1556 4603 et
1601 4551 1778 4603 tremit
1806 4552 1932 4620 (non
1958 4554 2102 4607 enim

541 4655 736 4694 moram
762 4680 776 4702 ,
823 4639 915 4693 sed
949 4638 1139 4692 famem
1170 4640 1358 4710 timet),
1389 4655 1546 4694 vocas
1576 4643 1894 4709 petulantem
1923 4653 1976 4698 et
2005 4645 2103 4697 im-

535 4727 854 4796 pudentem,
902 4743 965 4782 ac
1007 4729 1310 4797 turpissima
1352 4729 1402 4782 in
1442 4730 1588 4782 illum
1616 4731 1790 4783 omnia
1817 4733 2101 4802 congeris?

532 4822 723 4872 Annon
753 4818 802 4872 id
829 4830 1081 4873 extremas
1110 4829 1192 4873 est
1218 4820 1601 4888 impudentia?
1629 4819 1823 4876 Verum
1849 4823 1961 4878 haec
1990 4840 2094 4878 non

529 4908 584 4962 ln
613 4917 789 4962 mente
819 4923 1091 4963 versamus
1110 4949 1124 4974 ,
1157 4909 1382 4978 ideoque
1408 4909 1528 4964 illos
1554 4912 1807 4965 molestos
1832 4913 2053 4968 dicimus
2077 4933 2091 4971 :

528 4999 670 5067 quod
697 5000 738 5052 si
762 5015 878 5069 qua:
899 5010 1079 5054 nostra
1107 5009 1229 5054 sunt
1249 5002 1648 5070 exploraremus
1667 5043 1680 5066 ,
1709 5002 2092 5058 conferremus-

527 5104 629 5159 que
657 5104 776 5143 cum
801 5089 950 5144 factis
974 5105 1157 5144 eorum
1182 5131 1196 5152 ,
1227 5106 1330 5143 non
1369 5091 1488 5145 illos
1517 5093 1773 5146 molestos
1811 5094 2091 5149 arbitrare-

525 5194 645 5232 mur
668 5179 950 5233 esseaNoli
978 5181 1134 5249 igitur
1156 5196 1275 5234 esse
1291 5180 1448 5247 jndex
1472 5183 1714 5236 acerbus.
1741 5182 1870 5236 Nam
1894 5185 2084 5238 etiam-

523 5269 567 5321 si
595 5270 838 5323 omnibus
861 5271 1093 5337 peccatis
1119 5285 1314 5325 vacuus
1341 5284 1487 5324 esses
1513 5313 1527 5337 ,
1561 5273 1642 5325 lex
1672 5282 1847 5326 tamen
1873 5274 1962 5327 Dei
1987 5291 2087 5329 non

527 5354 618 5407 tibi
658 5357 890 5421 permisit
929 5359 1152 5412 aliorum
1185 5359 1319 5414 facta
1349 5361 1425 5414 sic
1453 5372 1696 5415 accurate
1728 5365 1923 5416 rimari.
1958 5362 2088 5418 Nam

529 5445 572 5496 si
621 5443 920 5500 Pliaristeus
964 5448 1051 5500 ille
1106 5448 1223 5502 ideo
1269 5449 1421 5519 periit
1444 5448 1587 5518 (Luc.
1641 5451 1749 5519 l8),
1781 5468 1936 5520 quam
1989 5469 2086 5507 nos

527 5533 928 5587 excusationem
989 5535 1336 5592 habebimus?
1385 5537 1440 5592 Si
1479 5539 1542 5593 iis
1593 5540 1681 5608 qui
1722 5542 1882 5609 probe
1924 5544 2084 5610 gestis

526 5630 779 5676 ornantur
805 5635 909 5677 non
941 5625 1192 5696 permittit
1233 5629 1456 5687 aliorum
1501 5630 1634 5686 facta
1675 5632 1864 5688 acerbe
1889 5632 2076 5702 explu-

1317 316 1373 372 S.
1396 311 1671 372 JOANNIS
1709 306 2175 368 CllRYSOSTOMI
2212 306 2524 363 ARCHIEP.
2555 307 3084 366 CONSTANTINOP.

3729 308 3823 363 ιη

2258 433 2408 486 rare,
2438 420 2606 475 multo
2637 423 2811 476 minus
2837 419 3225 490 peccatoribus.
3254 415 3332 475 Ne
3351 418 3536 489 itaque
3563 413 3823 474 inhumani

2254 511 2454 573 simus,
2485 526 2552 565 ne
2576 499 2962 574 inexorabiles,
3012 525 3080 564 ne
3124 510 3388 577 immites,
3435 524 3505 565 ne
3529 508 3661 564 feris
3689 511 3824 579 pejo-

2254 614 2358 652 res.
2387 598 2576 654 Multos
2605 601 2798 669 quippe
2826 599 2948 652 novi
2982 599 3035 651 in
3067 607 3266 652 tantam
3297 599 3628 667 processisse
3655 596 3824 652 ferita-

2257 698 2364 743 tem
2383 732 2398 756 ,
2429 700 2486 744 ut
2515 706 2578 744 ex
2617 690 2818 744 desidia
2862 689 3136 743 famelicos
3165 699 3420 758 spernant
3449 729 3464 753 ,
3512 689 3630 744 haec
3662 688 3825 755 profe-

2255 791 2435 834 rentes
2466 779 2624 834 verba
2644 819 2656 843 ,
2689 779 2804 833 Non
2831 778 2986 831 adest
3005 793 3189 833 servus
3209 819 3224 842 ,
3262 779 3443 846 procul
3490 778 3700 832 adibus
3739 792 3825 831 su-

2253 886 2372 925 mus
2396 889 2407 924 :
2438 871 2614 927 nullus
2636 870 2889 938 trapezita
2911 869 3041 922 mihi
3064 879 3219 922 notus
3240 878 3338 922 est.
3361 869 3404 922 0
3428 868 3822 922 crudelitatem!

2251 959 2400 1026 Quod
2447 960 2618 1029 majus
2657 970 2773 1014 erat
2814 960 3071 1021 cﬁecisti,
3120 969 3171 1012 et
3214 958 3354 1028 quod
3401 959 3580 1012 minus
3606 968 3694 1012 est
3727 971 3824 1010 non

2249 1049 2496 1120 perﬁcis?
2521 1065 2586 1103 ne
2614 1058 2663 1102 lu
2695 1050 2989 1117 plusculum
3020 1048 3236 1102 incedas
3256 1087 3269 1110 ,
3303 1046 3392 1101 ille
3415 1045 3558 1101 fame
3590 1045 3764 1115 perit?
3786 1043 3825 1100 0

2247 1139 2656 1195 contumeliam!
2707 1155 2738 1193 ο
2767 1140 3108 1207 superbiam!
3155 1138 3286 1192 Nam
3332 1137 3377 1191 si
3417 1136 3604 1191 decem
3647 1136 3825 1190 stadiis

2248 1232 2511 1295 eundum,
2561 1244 2626 1281 an
2663 1230 2869 1299 pigrum
2915 1244 3035 1284 esse
3074 1228 3342 1297 oportuit?
3372 1242 3474 1281 non
3503 1229 3710 1295 cogitas
3750 1228 3814 1280 ita

2250 1321 2502 1387 majorem
2532 1320 2623 1372 tibi
2657 1321 2954 1374 mercedem
2997 1318 3209 1385 parari?
3247 1318 3378 1371 Nam
3421 1332 3544 1371 cum
3586 1317 3824 1384 largiris.

2249 1410 2374 1464 doni
2406 1418 2607 1462 tantum
2641 1408 2939 1462 mercedem
2965 1409 3196 1476 accipis;
3227 1418 3281 1462 et
3307 1423 3426 1462 cum
3450 1410 3553 1460 iter
3581 1406 3823 1474 suscipis,

2249 1501 2402 1568 hujus
2430 1515 2643 1568 quoque
2671 1503 2743 1553 rei
2771 1499 3047 1566 praemium
3079 1499 3367 1566 repositum
3397 1507 3498 1551 est.
3542 1496 3680 1549 Nam
3711 1495 3824 1548 ideo

2246 1591 2597 1659 patriarcliam
2640 1593 2915 1656 miramur,
2957 1590 3077 1656 quia
3109 1605 3227 1643 eum
3260 1599 3524 1643 trecentos
3551 1587 3739 1643 decem
3764 1596 3814 1639 et

2245 1691 2366 1734 octo
2399 1696 2586 1734 vernas
2614 1681 2866 1745 haberet,
2897 1679 2961 1734 ad
2995 1681 3155 1733 boves
3185 1679 3475 1743 contendit,
3508 1693 3574 1732 ac
3601 1678 3820 1731 vitulqu

2244 1770 2474 1838 abripuit
2510 1769 2662 1837 (Gen.
2692 1771 2776 1823 l8.
2803 1768 2878 1839 7).
2906 1769 3058 1823 Nunc
3088 1784 3216 1821 vero
3255 1769 3470 1838 quidam
3517 1777 3668 1822 tanto
3706 1778 3826 1821 sunt

2246 1857 2381 1912 fastu
2404 1859 2588 1926 repleti
2611 1899 2625 1922 ,
2654 1867 2711 1910 ut
2739 1873 2845 1911 non
2871 1866 3157 1911 vereantur
3182 1856 3297 1910 haec
3319 1857 3639 1910 famulorum
3666 1869 3822 1922 opera

2245 1946 2438 2002 facere.
2469 1934 2553 2000 An
2582 1961 2698 2000 mea
2731 1948 2842 2015 ipsa
2874 1961 3037 2016 opera
3064 1947 3116 2000 id
3147 1948 3320 2002 facere
3353 1947 3546 2014 jubes,
3581 1946 3819 2014 inquies.

2245 2054 2418 2092 annoo
2450 2038 2670 2091 videbor
2691 2039 2899 2091 inanem
2925 2039 3146 2108 gloriam
3178 2038 3468 2104 aucupari?
3495 2039 3657 2106 Atqui
3687 2053 3820 2091 nunc

2247 2147 2339 2198 per
2368 2129 2512 2182 aliud
2542 2145 2690 2182 vana:
2717 2130 2898 2198 gloria:
2927 2144 3096 2198 genus
3121 2130 3171 2182 id
3202 2129 3330 2182 facis
3351 2169 3366 2194 ,
3413 2129 3533 2198 quia
3579 2140 3630 2182 te
3668 2131 3820 2197 pudet

2243 2234 2362 2272 etun
2397 2233 2628 2286 paupere
2658 2219 2960 2286 loquentem
2991 2219 3176 2272 videri.
3231 2217 3422 2272 Verum
3466 2218 3601 2271 nihil
3632 2221 3734 2271 hac
3756 2219 3818 2272 de

2243 2321 2299 2359 re
2325 2307 2630 2375 diligentius
2659 2307 2995 2374 perquiram;
3027 2306 3090 2358 da
3122 2304 3341 2368 saltem,
3378 2307 3456 2360 vel
3488 2321 3584 2374 per
3612 2317 3664 2360 te
3684 2346 3700 2370 ,
3740 2308 3814 2359 vel

2243 2413 2338 2465 per
2357 2399 2516 2450 alium
2539 2438 2553 2460 ,
2585 2414 2650 2448 ne
2678 2412 2895 2451 accuses
2925 2413 3244 2465 pauperem,
3274 2413 3341 2452 ne
3369 2399 3578 2463 caedas,
3609 2415 3676 2452 ne
3697 2414 3816 2452 con-

2242 2487 2486 2549 vicieris;
2515 2487 2763 2538 remediis
2789 2487 2955 2550 enim,
2987 2503 3088 2539 non
3118 2487 3458 2552 vulneribus,
3501 2501 3637 2554 opus
3663 2489 3811 2540 habet

2241 2576 2286 2628 is
2314 2576 2405 2642 qui
2438 2575 2682 2637 accedit;
2725 2577 3124 2640 misericordia,
3170 2593 3274 2629 non
3323 2576 3520 2645 gladio.
3565 2577 3625 2632 Si
3663 2579 3809 2646 quis,

2237 2678 2437 2730 quaeso,
2468 2663 2637 2730 lapide
2661 2679 2942 2730 percussus
2964 2665 3088 2719 etin
3113 2666 3285 2733 capite
3310 2665 3642 2731 vulneratus,
3666 2675 3811 2720 cane-

2243 2756 2316 2807 ris
2343 2755 2544 2808 relictis
2574 2756 2638 2808 ad
2669 2765 2721 2808 te
2747 2766 3048 2811 occurreret
3085 2759 3339 2826 sanguine
3369 2761 3616 2826 perfusus
3636 2801 3651 2823 ,
3683 2774 3807 2814 num

2238 2842 2406 2896 altero
2434 2844 2577 2896 illum
2611 2845 2785 2911 lapide
2807 2847 3065 2914 impetens
3095 2849 3236 2900 aliud
3270 2849 3381 2918 ipse
3407 2849 3670 2917 adjiceres
3697 2852 3806 2903 vnl-

2239 2935 2375 2986 nus?
2414 2933 2525 2986 Non
2567 2936 2725 2988 credo
2770 2937 2983 3004 utique,
3028 2936 3120 2990 sed
3153 2947 3384 2992 tentares
3413 2940 3487 2992 illi
3518 2940 3807 2994 remedium

2235 3023 2447 3077 allvrre.
2493 3023 2599 3077 Cur
2639 3040 2766 3092 ergo
2801 3027 2940 3082 circa
2984 3040 3244 3094 pauperes
3269 3029 3596 3082 contrarium
3641 3029 3806 3082 facis?

2233 3114 2313 3166 An
2343 3115 2516 3167 nescis
2542 3123 2798 3182 quantum
2831 3117 2996 3183 possit
3022 3118 3192 3170 oratio
3233 3119 3314 3171 vel
3356 3118 3531 3173 levare
3560 3120 3642 3174 vel
3673 3120 3805 3188 deji-

2232 3205 2388 3257 cere?
2436 3203 2620 3256 Melior
2647 3206 2788 3257 enim
2821 3215 2925 3269 est,
2977 3207 3183 3274 inquit,
3229 3223 3393 3262 sermo
3431 3226 3584 3278 quam
3623 3213 3804 3266 donum

2234 3293 2420 3362 (Eccli.
2454 3295 2541 3348 18.
2573 3295 2682 3361 16).
2715 3293 2830 3348 Non
2873 3304 3043 3349 tecum
3081 3306 3328 3364 reputas,
3359 3309 3411 3351 te
3441 3298 3531 3354 tibi
3574 3300 3673 3367 ipsi
3702 3302 3806 3370 glao

2228 3385 2372 3438 dium
2398 3386 2702 3451 admovere,
2734 3397 2890 3454 teque
2918 3385 3109 3440 vulnus
3137 3387 3507 3444 vehementius
3527 3391 3768 3460 accipere
3787 3432 3801 3453 .

2228 3487 2348 3526 eum
2377 3473 2463 3530 ille
2491 3474 2731 3526 convicio
2761 3473 2982 3526 allectus
3009 3476 3325 3538 recesserit,
3356 3476 3482 3529 dum
3520 3479 3686 3532 silens
3721 3479 3799 3533 in-

2228 3560 2421 3626 gemit,
2472 3568 2525 3612 et
2567 3560 2788 3613 multum
2836 3560 3199 3630 lacrymatur?
3242 3561 3374 3618 Nam
3413 3578 3442 3618 a
3491 3565 3604 3620 Deo
3646 3568 3712 3620 ad
3753 3579 3801 3622 te

2227 3651 2472 3701 mittitur.
2497 3649 2678 3718 Cogita
2710 3665 2838 3718 ergo
2858 3689 2873 3713 ,
2918 3651 3044 3702 dum
3077 3651 3150 3704 illi
3176 3653 3512 3719 conviciaris,
3545 3655 3612 3708 ad
3644 3671 3798 3725 quem

2225 3738 2512 3792 transferas
2556 3740 2888 3803 convicium,
2938 3756 3060 3794 cum
3107 3740 3246 3797 Deus
3293 3743 3358 3798 ad
3407 3753 3460 3798 te
3501 3747 3710 3811 mittat,
3747 3760 3797 3801 et

2220 3844 2440 3897 erogare
2477 3829 2696 3897 iubeat,
2729 3841 2779 3883 tu
2809 3846 2934 3885 vero
2963 3847 3068 3884 non
3097 3833 3256 3887 modo
3300 3850 3405 3888 non
3443 3835 3561 3898 des,
3603 3837 3696 3891 sed
3743 3846 3795 3892 et

2221 3919 2558 3973 accedentem
2593 3922 2847 3975 conviciis
2879 3923 3142 3989 impetas?
3168 3920 3224 3977 Si
3262 3939 3421 3992 porro
3451 3925 3792 3982 absurditatis

2219 4009 2635 4077 magnitudinem
2685 4011 2897 4079 ignoras
2918 4051 2933 4075 ,
2981 4012 3032 4064 in
3063 4010 3366 4066 hominibus
3395 4013 3445 4066 id
3476 4017 3786 4080 considera,

2215 4109 2268 4152 et
2293 4110 2417 4154 tunc
2445 4105 2645 4168 peccati
2673 4104 2988 4170 gravitatem
3029 4118 3304 4172 agnosces.
3346 4105 3402 4160 Si
3428 4108 3573 4160 enim
3605 4123 3790 4162 servus

2216 4197 2339 4239 tuus
2367 4204 2395 4239 a
2425 4196 2475 4240 te
2504 4188 2568 4240 ad
2600 4190 2761 4242 alium
2801 4204 3011 4244 servum
3051 4193 3280 4257 missus,
3333 4191 3401 4248 de
3441 4210 3602 4249 manu
3649 4197 3788 4250 illius

2213 4285 2488 4344 argentum
2518 4287 2663 4331 tuum
2695 4290 3036 4348 accepturus,
3078 4297 3182 4336 non
3215 4283 3372 4338 modo
3398 4286 3580 4340 vacuis
3611 4289 3781 4342 inani-

2213 4365 2309 4417 bus
2337 4365 2559 4430 rediret,
2605 4368 2696 4422 sed
2734 4371 2892 4422 etiam
2926 4370 3134 4436 injuriis
3169 4373 3482 4436 lacessitus,
3516 4375 3644 4444 quid
3678 4391 3778 4430 non

2210 4467 2392 4510 contra
2422 4460 2799 4514 conviciantem
2831 4461 3063 4516 faceres?
3103 4479 3236 4530 quas
3264 4479 3370 4518 non
3398 4467 3642 4535 exigeres
3669 4483 3776 4536 pte-

2163 4544 2180 4561 ‘
2208 4561 2322 4606 nas.
2351 4562 2469 4601 cum
2500 4558 2550 4602 tu
2581 4551 2691 4619 ipse
2734 4551 3050 4604 contumelia
3093 4549 3315 4607 allectus
3357 4555 3546 4608 esses?
3591 4556 3683 4610 Sic
3709 4557 3774 4611 de

2208 4636 2316 4691 Deo
2335 4639 2502 4706 cogita
2530 4656 2542 4692 :
2568 4639 2678 4708 ipse
2704 4654 2930 4708 namque
2955 4651 3038 4695 est
3065 4643 3153 4709 qui
3185 4641 3252 4694 ad
3295 4639 3392 4697 nos
3435 4645 3599 4698 mittit
3641 4661 3769 4713 pau-

2204 4741 2391 4796 peres,
2418 4737 2472 4782 et
2494 4744 2607 4798 quae
2641 4730 2806 4798 ipsius
2835 4738 2959 4784 sunt
2995 4731 3266 4800 largimur,
3304 4733 3348 4786 si
3377 4732 3587 4789 damus.
3621 4735 3768 4803 Quod

2200 4817 2246 4870 si
2275 4827 2466 4885 negato
2487 4819 2622 4873 dono
2639 4820 2798 4874 etiam
2826 4822 3143 4876 contumelia
3171 4822 3389 4878 allectos
3413 4826 3763 4892 remittamus,

2199 4910 2370 4975 cogita
2412 4909 2600 4976 quibus
2625 4910 2934 4964 fulminibus
2958 4911 3174 4981 dignum
3213 4927 3346 4982 Opus
3375 4913 3607 4970 edimus.
3639 4915 3764 4971 Hac

2195 4997 2374 5066 itaque
2393 5000 2568 5052 omnia
2590 5000 2904 5068 cogitantes,
2936 5009 2990 5053 et
3015 5001 3244 5070 linguam
3276 5001 3571 5070 frenemus,
3603 5014 3656 5059 et
3685 5007 3765 5060 in-

2197 5087 2577 5142 humanitatem
2623 5092 2914 5158 pellamus,
2946 5099 3001 5143 et
3029 5105 3217 5145 manus
3255 5091 3321 5145 ad
3369 5093 3761 5163 eleemosynam

2194 5180 2542 5234 extendamus
2566 5198 2577 5232 :
2608 5197 2775 5250 neque
2802 5183 3038 5250 pecuniis
3060 5183 3252 5248 solum,
3277 5181 3373 5237 sed
3399 5184 3564 5239 etiam
3591 5183 3760 5239 verbis

2193 5286 2389 5340 egenos
2416 5273 2750 5326 consolemur
2771 5313 2784 5338 ,
2808 5283 2864 5325 ut
2895 5283 2947 5327 et
2976 5275 3421 5328 contumeliarum
3449 5289 3660 5343 poenam
3689 5274 3758 5326 fu-

2192 5362 2428 5442 giamus,
2470 5372 2524 5417 et
2558 5379 2622 5417 ex
2669 5364 3037 5419 benedictione
3078 5373 3132 5418 et
3171 5364 3511 5437 cleemosyna
3539 5381 3754 5436 regnum

2190 5451 2544 5518 obtineamus,
2567 5454 2734 5520 gratia
2764 5464 2816 5509 et
2837 5454 3162 5523 benignitate
3185 5453 3398 5510 Domini
3431 5457 3601 5511 nostri
3633 5453 3752 5511 Iesu

2187 5540 2410 5608 Christi,
2437 5542 2518 5598 cui
2547 5543 2713 5612 gloria
2743 5554 2796 5600 et
2819 5546 3170 5615 imperiumin
3201 5546 3394 5603 secula
3416 5546 3749 5603 saeculorum.

2190 5635 2379 5688 Amen.
