4080 6530
191 406 284 464 11⁸5

198 548 229 563 ‘

185 757 309 813 Car.
342 757 429 813 11.
465 770 517 810 v.
548 756 600 811 1.
635 753 701 808 Et
725 754 916 823 factum
943 758 1035 815 est,
1065 765 1181 803 cum
1209 754 1577 802 consummasset
1603 743 1754 798 Iesus

148 846 150 853 ’
255 847 550 918 pracipiens
577 844 842 898 duodecim
867 840 1133 910 discipulis
1158 839 1261 893 suis
1278 878 1297 905 ,
1322 837 1507 891 transiit
1527 837 1637 891 inde
1657 875 1673 901 ,
1696 842 1751 887 ut

253 938 452 991 doceret
471 947 522 989 et
547 935 843 1005 prtrdicaret
871 933 923 985 in
947 930 1233 985 civitatibus
1255 946 1436 983 cornu.

254 1030 305 1082 1.
346 1026 482 1090 Quia
511 1026 653 1080 enim
686 1024 805 1079 illos
833 1023 1085 1086 miserat,
1118 1034 1237 1075 sese
1267 1016 1551 1084 subtraxit,
1581 1017 1752 1071 locum

188 1121 318 1171 dans
357 1124 463 1171 illis
491 1125 546 1171 et
589 1100 797 1185 tempus
834 1119 1062 1168 taclendl
1102 1126 1222 1182 qua:
1270 1119 1376 1181 Ipse
1414 1118 1752 1180 praeceperat.

189 1208 367 1277 Neque
396 1208 539 1263 enim
572 1206 662 1261 illo
687 1215 953 1279 przesente
973 1212 1028 1258 et
1053 1216 1227 1273 εει-οε
1249 1211 1479 1264 curmte,
1510 1200 1756 1253 voluisset

189 1300 448 1368 quispiam
485 1297 553 1353 ad
597 1298 717 1352 illos
767 1296 1044 1350 accedere.
1085 1294 1139 1347 Ξ.
1187 1291 1313 1347 Cum
1350 1292 1560 1347 audisset
1596 1299 1757 1343 autem

188 1393 409 1447 Joannes
436 1392 490 1445 in
513 1405 714 1445 carcere
742 1404 896 1458 opera
923 1386 1130 1452 Christi,
1160 1387 1356 1440 mittens
1379 1386 1502 1439 duos
1529 1399 1592 1438 ea:
1613 1382 1757 1436 disci—

188 1482 320 1549 pulis
350 1482 475 1548 suis,
500 1480 553 1535 3.
583 1478 925 1550 interrogabat
950 1492 1063 1532 eum
1092 1478 1264 1531 dicens
1296 1491 1316 1532 :
1343 1476 1419 1530 Tu
1452 1492 1503 1532 es
1527 1475 1612 1545 qui
1639 1489 1756 1528 ven-

190 1583 329 1627 turus
348 1588 424 1637 es,
452 1588 518 1626 att
546 1560 705 1632 alium
728 1569 1109 1640 exspectamus!
1132 1568 1301 1623 Lucas
1323 1569 1341 1637 (
1366 1566 1489 1639 Cap.
1518 1568 1572 1621 7.
1594 1581 1643 1619 υ.
1670 1563 1755 1618 18.

191 1665 291 1733 19)
352 1680 479 1721 vero
520 1664 653 1719 dicit
692 1662 838 1731 ipsos
882 1660 1075 1716 Joanni
1118 1661 1266 1729 signa
1308 1659 1421 1729 ejus
1463 1658 1753 1719 nuntiasse,

190 1754 690 1824 tuncqueJuatmem
715 1752 835 1807 illos
858 1751 1088 1806 misisse.
1118 1749 1309 1805 Verum
1334 1750 1384 1804 id
1408 1765 1473 1804 ne
1494 1748 1758 1803 minimam

193 1845 405 1915 quidem
437 1845 575 1915 parit
599 1841 997 1908 difficultatem,
1029 1839 1123 1895 sed
1170 1840 1270 1900 hoc
1307 1840 1476 1895 solum
1518 1836 1761 1892 conside-

188 1937 409 1992 randum
438 1935 617 1998 tradit,
652 1948 845 2003 nempe
872 1934 1018 2003 ipsos
1052 1932 1245 1986 invidia
1275 1939 1460 1986 contra
1492 1929 1638 1983 illum
1665 1918 1760 1981 fia-

186 2043 387 2097 grasse.
408 2027 559 2093 Quod
581 2026 1005 2096 sequiturautem
1022 2038 1359 2092 summopere
1373 2021 1761 2093 inquirendum.

186 2117 445 2185 Quidnam
478 2116 607 2170 illud
634 2115 752 2170 est?
799 2114 909 2169 Hoc
951 2113 1172 2177 dictum,
1202 2111 1278 2166 Tu
1320 2128 1373 2167 es
1408 2112 1494 2182 qui
1532 2119 1764 2165 uenturus

185 2224 258 2273 es,
281 2224 349 2261 an
377 2210 536 2262 alium
572 2207 961 2277 exspectamus?
1004 2205 1137 2260 Nam
1182 2207 1272 2275 qui
1317 2205 1401 2260 vel
1450 2215 1577 2260 ante
1618 2205 1763 2274 signa

187 2299 333 2353 illum
366 2306 613 2367 noverat,
658 2298 748 2368 qui
786 2312 817 2351 a
849 2296 1052 2367 Spiritu
1085 2296 1360 2360 didicerat,
1410 2298 1502 2366 qui
1540 2310 1570 2349 a
1614 2295 1765 2365 Patre

185 2390 447 2454 audierat,
497 2390 587 2458 qui
642 2402 824 2443 coram
870 2386 1119 2442 omnibus
1154 2388 1300 2448 illum
1341 2386 1762 2458 prmdicaverat:

186 2494 327 2534 nunc
372 2479 532 2533 mittit
570 2478 637 2532 ad
670 2478 817 2531 illum
868 2486 923 2531 ιιι
949 2478 1119 2531 discat
1164 2478 1205 2531 si
1254 2478 1371 2547 ipse
1401 2477 1506 2541 sit,
1558 2477 1767 2530 necne?

185 2571 342 2639 Atqui
370 2569 416 2624 si
431 2569 575 2625 clare
620 2585 726 2624 non
755 2569 897 2622 nosti
946 2569 1194 2623 eumdem
1230 2569 1400 2639 ipsum
1444 2583 1567 2624 esse
1589 2609 1605 2633 ,
1636 2583 1771 2637 quo-

186 2661 349 2715 modo
378 2661 606 2729 teipsum
636 2660 741 2715 fide
780 2659 1001 2730 dignum
1033 2669 1188 2730 putas
1208 2701 1222 2726 ,
1251 2661 1339 2730 qui
1374 2660 1442 2715 de
1484 2662 1644 2714 rebus
1675 2660 1767 2714 tibi

185 2753 382 2821 ignotis
429 2753 538 2809 fers
565 2752 929 2808 sententiam?
968 2751 1101 2807 Nam
1132 2754 1220 2822 qui
1262 2753 1381 2806 aliis
1429 2753 1765 2816 testificatur,

184 2845 333 2913 prior
354 2845 467 2914 ipse
493 2845 658 2899 debet
691 2844 794 2899 fide
820 2845 1010 2913 dignus
1040 2859 1181 2898 esse.
1220 2840 1406 2899 Nonne
1437 2854 1491 2898 tu
1517 2843 1768 2908 dicebas,

186 2933 310 2989 Non
350 2952 463 2989 sum
507 2936 691 3004 dignus
728 2935 921 2989 soluere
968 2935 1236 3006 corrigiam
1288 2935 1613 2988 calceamenti
1662 2935 1773 3003 ejus

186 3027 203 3094 (
234 3025 363 3079 Luc.
395 3027 447 3081 5.
482 3027 546 3080 16
579 3028 635 3094 )‘!
662 3024 848 3079 Nonne
873 3024 1109 3091 dicebas,
1143 3023 1262 3078 Non
1302 3041 1537 3080 noverant
1581 3025 1771 3092 ipsum,

185 3118 271 3171 sed
297 3116 385 3185 qui
414 3116 549 3169 misit
605 3132 684 3168 me
725 3116 980 3183 baptizare
1024 3116 1077 3167 in
1115 3130 1268 3183 aqua,
1308 3115 1397 3167 ille
1434 3114 1559 3167 mihi
1600 3114 1727 3166 disit
1754 3128 1775 3169 :

183 3208 361 3277 Super
384 3224 531 3273 quem
560 3209 743 3261 videris
771 3206 1023 3277 Spiritum
1054 3206 1466 3270 descendentem,
1495 3217 1540 3259 et
1567 3222 1775 3259 manen-

184 3310 285 3352 tem
307 3315 465 3369 super
490 3315 625 3363 eum,
674 3298 763 3352 ille
787 3308 859 3351 est
894 3300 981 3366 qui
1021 3298 1244 3366 baptizat
1282 3300 1335 3351 in
1377 3298 1577 3365 Spiritu
1603 3307 1779 3349 sancto

184 3388 397 3458 (Joan.
440 3390 491 3443 1.
524 3389 594 3443 55
623 3388 685 3458 )7
731 3394 924 3443 Annon
967 3388 1144 3443 vidisti
1188 3388 1443 3456 Spiritum
1500 3387 1555 3441 in
1602 3388 1781 3457 specie

184 3478 492 3533 columba}?
513 3481 702 3531 Annon
731 3478 924 3533 audisti
970 3478 1197 3533 vocem?
1224 3477 1412 3533 Nonne
1443 3487 1496 3532 tu
1526 3478 1780 3548 prohibe-

174 3573 283 3626 itas
314 3571 465 3627 illum
490 3570 697 3634 dicens,
726 3569 835 3642 Ego
862 3587 991 3640 opus
1018 3570 1176 3624 habeo
1202 3588 1234 3624 a
1273 3580 1320 3626 te
1344 3570 1592 3639 baptizari
1612 3612 1625 3634 ,
1657 3582 1701 3624 et
1729 3586 1782 3623 tu

185 3668 325 3722 vertis
351 3666 421 3719 ad
443 3682 522 3719 me
554 3664 766 3736 (Matth.
786 3665 840 3719 5.
874 3666 1005 3735 M)?
1032 3664 1223 3719 Nonne
1249 3664 1523 3734 discipulis
1543 3664 1780 3726 dicebas,

186 3759 356 3813 Illum
384 3768 580 3825 oportet
603 3773 844 3823 crescere,
872 3772 950 3810 me
968 3766 1135 3809 autem
1166 3754 1326 3808 minui
1353 3753 1543 3825 (Joan.
1569 3756 1621 3809 5.
1652 3753 1783 3823 30)?

186 3850 384 3907 Nonne
404 3849 656 3919 populum
686 3863 899 3904 omnem
926 3847 1178 3913 docebas,
1209 3847 1381 3915 ipsum
1402 3847 1785 3913 baptizaturum

187 3942 315 3997 illos
342 3954 467 3996 esse
507 3940 561 3994 in
604 3939 808 4008 Spiritu
860 3942 1046 3993 sancto
1082 3946 1137 3991 et
1180 3937 1303 4006 igne
1332 3935 1485 4005 (Luc.
1508 3937 1561 3991 3.
1587 3937 1703 4005 16).
1734 3944 1785 3989 et

190 4033 374 4103 ipsum
416 4046 538 4087 esse
584 4045 781 4100 agnum
826 4030 920 4085 Dei
963 4029 1051 4098 qui
1095 4028 1234 4083 tollit
1280 4038 1556 4099 peccatum
1604 4028 1788 4082 mundi

190 4123 383 4194 (Joan.
414 4124 465 4179 1.
487 4122 618 4191 29)?
646 4120 835 4177 Nonne
870 4132 994 4174 ante
1029 4119 1145 4173 haec
1170 4120 1349 4172 omnia
1373 4121 1521 4187 signa
1551 4128 1607 4172 et
1629 4120 1792 4172 mira-

190 4214 313 4267 cula
365 4212 514 4267 illum
566 4211 908 4282 praedicasti?
958 4207 1238 4277 Quomodo
1283 4224 1412 4279 ergo
1454 4223 1626 4275 nunc,
1669 4223 1791 4263 cum

193 4315 361 4361 notus
401 4313 485 4360 est
532 4304 801 4367 omnibus,
833 4304 1057 4371 ejusque
1097 4302 1237 4356 fama
1292 4302 1527 4370 undique
1570 4302 1790 4366 volavit,

193 4406 485 4467 postquam
517 4394 714 4449 mortui
742 4402 1124 4459 surrexerunt,
1152 4385 1425 4448 dtemon‘es
1449 4392 1608 4463 fugati
1631 4402 1790 4457 sunt,

192 4498 251 4545 et
284 4498 436 4558 tanta
462 4487 735 4557 signorum
762 4486 842 4541 vis
867 4486 1085 4552 effulsit,
1110 4486 1275 4541 mittis
1304 4495 1362 4539 ut
1392 4486 1441 4541 id
1470 4486 1652 4540 abillo
1678 4484 1796 4537 edi-

194 4579 364 4635 scas?
394 4578 533 4646 Quid
569 4593 729 4648 porro
756 4577 952 4632 factum
978 4577 1102 4634 est?
1134 4593 1259 4631 num
1292 4576 1473 4630 omnia
1521 4576 1683 4630 verba
1709 4575 1797 4628 illa

197 4672 352 4729 fraus
383 4679 560 4735 erant,
584 4685 743 4726 scena
780 4680 835 4726 et
870 4670 1086 4723 fabula?
1111 4669 1179 4723 Et
1206 4669 1326 4738 quis
1357 4669 1550 4721 mentis
1578 4683 1799 4737 compos

199 4756 321 4819 h'zc
355 4762 599 4817 diceret?
629 4776 735 4816 non
780 4762 899 4816 dico
924 4762 993 4815 de
1039 4759 1277 4825 Joanne,
1319 4761 1408 4829 qui
1449 4761 1501 4813 in
1529 4770 1682 4815 utero
1707 4775 1802 4814 ex-

197 4855 425 4911 suitavit
449 4852 599 4925 (Luc.
621 4855 671 4908 1.
700 4853 811 4923 il),
846 4854 934 4922 qui
963 4863 1087 4906 ante
1108 4863 1315 4922 partum
1344 4853 1516 4922 ipsum
1548 4853 1803 4922 praedica-

199 4946 280 5002 vit
301 4987 318 5009 ,
348 4944 549 4999 deserti
594 4945 789 5012 incola,
816 4945 907 5014 qui
952 4944 1247 5014 angelicam
1294 4944 1446 4999 duxit
1472 4946 1632 5000 vitam
1660 4962 1675 5011 ;
1707 4946 1804 5000 sed

197 5036 423 5095 etiamsi
446 5034 565 5104 quis
593 5047 823 5092 essetet
848 5036 1117 5092 vilissimis
1145 5040 1383 5093 omnium
1406 5079 1422 5101 ,
1464 5047 1584 5107 post
1625 5047 1701 5093 tot
1728 5049 1808 5093 te-

200 5129 490 5194 stimonia,
529 5136 584 5183 et
612 5144 705 5182 sua
733 5140 787 5184 et
832 5130 1057 5185 aliorum
1085 5172 1101 5196 ,
1145 5146 1477 5201 nequaquam
1518 5132 1801 5187 dubitaret.

206 5222 371 5280 Unde
394 5221 569 5289 palam
596 5229 678 5274 est
706 5235 825 5275 eum
858 5236 965 5275 non
991 5220 1326 5276 dubitantem
1356 5222 1568 5277 misisse
1587 5264 1604 5287 ,
1634 5237 1809 5291 neque

204 5319 554 5386 ignorantem
582 5314 957 5381 intermgasse.
991 5312 1173 5381 Neque
1195 5328 1324 5369 vero
1341 5314 1601 5384 quispiam
1628 5313 1810 5369 dicere

204 5406 427 5478 possit,
459 5402 631 5473 ipsum
664 5402 716 5456 id
746 5404 891 5457 clare
917 5404 1234 5472 cognovisse
1259 5443 1277 5468 ,
1323 5404 1415 5459 sed
1441 5406 1511 5459 ob
1535 5420 1809 5459 carcerem

205 5496 547 5557 timidiorem
574 5495 809 5551 evasisse
838 5513 853 5551 ;
888 5509 1059 5565 neque
1078 5495 1220 5549 enim
1243 5510 1302 5550 se
1324 5509 1390 5549 ex
1419 5510 1634 5551 carcere
1675 5496 1811 5552 libe-

205 5591 448 5651 randum
475 5589 837 5656 exspectabat,
870 5603 1043 5658 neque
1071 5588 1115 5643 si
1144 5597 1527 5658 exspectasset,
1552 5589 1811 5659 prodidis-

208 5693 298 5741 set
318 5681 631 5744 veritatem,
655 5680 744 5748 qui
775 5678 842 5734 ad
881 5688 1083 5734 mortes
1114 5680 1369 5749 plurimas
1420 5690 1637 5750 paratus
1676 5690 1810 5734 erat.

214 5772 335 5833 Nisi
371 5772 517 5828 enim
557 5769 623 5825 ad
678 5783 862 5825 necem
895 5778 1110 5839 paratus
1161 5768 1367 5837 fuisset,
1409 5780 1532 5827 ante
1563 5771 1812 5841 populum

1069 404 1135 461 IN
1174 402 1555 460 MATTHEUM
1596 400 1823 458 “0501..
1855 396 2097 458 XXXVI.
2138 403 2207 459 al.
2252 402 2515 461 XXXV".

1577 537 1825 551 Ψ

3292 458 3295 463 ,
3349 411 3453 470 411

1909 538 3449 564 W

1195 606 1520 668 HOMILIA
1576 604 1879 668 XXXVI.
1926 608 2013 671 at.
2060 610 2397 672 XXXVII.

1859 756 2028 811 certe,
2056 748 2145 817 qui
2197 748 2567 819 propheticum
2617 764 2835 820 semper
2874 750 3457 827 funderesanguinem

1857 838 2237 905 meditabatur,
2262 849 2464 895 tantam
2495 842 2657 897 animi
2700 844 2950 898 virtutem
2994 847 3460 912 demonstrasset;

1857 941 1964 980 non
1995 929 2267 984 crudelem
2292 930 2442 985 illaut
2473 942 2759 1002 tyrannum
2784 947 2907 988 cum
2948 942 3091 989 tanta
3122 939 3373 994 libertate
3404 940 3460 994 in

1856 1016 2032 1071 media
2062 1018 2193 1073 urbe
2214 1028 2271 1074 et
2318 1018 2439 1074 foro
2495 1022 2889 1091 redarguiBset,
2935 1014 3058 1079 cum
3106 1028 3450 1084 audientibus

1856 1111 2106 1164 onmibus
2149 1110 2300 1166 illum
2347 1114 2499 1182 quasi
2541 1116 2822 1183 puerulum
2870 1106 3214 1185 increparet.
3240 1119 3305 1175 Si
3328 1135 3461 1176 vero

1861 1201 2096 1257 timidior
2144 1203 2369 1259 effectus
2408 1215 2565 1271 erat,
2596 1221 2694 1261 cur
2732 1208 3034 1277 discipulos
3074 1224 3203 1265 suos
3245 1214 3461 1268 mittere

1861 1308 1966 1347 non
1997 1294 2230 1360 erubuit,
2258 1296 2313 1350 in
2337 1311 2563 1367 quorum
2590 1294 2879 1367 prmsentia
2911 1308 2988 1355 tot
3018 1307 3277 1371 tantaque
3305 1304 3461 1358 testi-

1862 1382 2052 1438 ficatus
2074 1394 2217 1453 erat,
2267 1386 2364 1441 sed
2390 1401 2488 1457 per
2516 1388 2637 1443 illos
2686 1389 2984 1460 interrogat
3028 1406 3149 1446 cum
3205 1409 3300 1462 per
3325 1394 3462 1450 alios

1861 1476 2541 1548 oporteret?Qttamquam
2588 1478 2736 1535 clare
2782 1490 3047 1549 noverat,
3080 1482 3227 1552 ipsos
3266 1486 3461 1543 invidta

1865 1568 1915 1620 in
1946 1565 2221 1621 Christum
2262 1583 2384 1624 esse
2433 1579 2727 1639 permotos,
2774 1580 2830 1626 et
2856 1572 3171 1629 occasiones
3220 1584 3460 1643 captare.

1862 1659 2146 1726 Quomodo
2174 1676 2281 1715 non
2308 1661 2379 1717 ob
2421 1662 2696 1717 Jttdaicam
2738 1663 2951 1735 plebem
2996 1667 3199 1735 pudore
3239 1668 3464 1722 alit-ctus

1864 1749 2075 1818 fuisset,
2104 1753 2196 1823 qui
2238 1763 2382 1809 tanta
2428 1746 3018 1825 pnedicaverattQuid
3058 1774 3186 1814 vero
3211 1759 3336 1814 hinc
3364 1761 3487 1833 ipsi,

1864 1840 2175 1897 adminiculi
2221 1843 2457 1899 futurum
2495 1855 2615 1900 erat
2659 1854 2719 1900 ut
2754 1862 2787 1901 a
2833 1847 3059 1902 vinculis
3106 1848 3466 1904 liberaretur?

1866 1934 2051 2003 Neque
2078 1934 2221 1988 enim
2251 1945 2470 2004 propter
2494 1934 2767 1991 Christum
2811 1938 2901 1991 illo
2944 1938 3221 2009 conjectus
3250 1939 3417 1995 fuerat
3444 1980 3461 2005 ,

1868 2038 2045 2093 neque
2090 2024 2229 2093 quod
2254 2025 2373 2096 ejus
2396 2026 2644 2080 virtutem
2691 2027 3067 2096 praedicasset,
3099 2029 3192 2082 sed
3235 2029 3377 2099 quod
3398 2020 3468 2085 de

1869 2116 2053 2185 iniquo
2081 2116 2333 2187 conjugio
2365 2116 2747 2187 redarguisset.
2799 2120 2992 2173 Annon
3033 2118 3288 2173 insensati
3333 2136 3467 2188 pue-

1869 2207 2088 2270 ruli,vel
2121 2209 2351 2262 amentis
2377 2208 2673 2277 cujuspiam
2708 2208 2940 2263 hominis
2979 2210 3079 2263 sibi
3110 2210 3305 2264 famam
3333 2224 3469 2265 con—

1868 2297 2143 2351 ciliasset?
2172 2296 2311 2363 Quid
2334 2312 2464 2367 ergo
2481 2297 2567 2352 hic
2589 2299 2803 2368 agitur?
2828 2297 2982 2366 Quod
2999 2300 3140 2353 enim
3160 2299 3468 2369 hujusmodi

1870 2388 2130 2443 dubitatio
2158 2403 2263 2442 non
2304 2389 2372 2442 sit
2410 2387 2667 2451 Joannis,
2706 2389 2815 2442 into
2842 2404 2910 2443 ne
2949 2389 3185 2458 cujusvis
3236 2390 3472 2445 hominis

1870 2482 2031 2534 etiam
2051 2481 2241 2545 insani,
2270 2496 2339 2535 ex
2371 2480 2528 2534 dictis
2548 2480 2658 2549 jam
2680 2480 2865 2550 liquet.
2887 2479 3006 2535 Jam
3040 2490 3210 2535 restat
3233 2490 3293 2535 ut
3319 2484 3472 2537 solu-

1874 2572 2074 2626 tionem
2100 2571 2406 2627 afferamus.
2436 2572 2544 2627 Cur
2563 2587 2693 2641 ergo
2718 2573 3103 2642 interrogatum
3119 2574 3261 2628 misit
3287 2574 3312 2626 ?
3340 2573 3472 2629 Jesu

1874 2656 2088 2716 Christo
2119 2661 2541 2716 adversabantur
2569 2661 3074 2730 discipuliJOannis,
3105 2663 3263 2732 idque
3289 2661 3471 2717 omni-

1874 2751 1975 2807 bus
2007 2753 2220 2822 planutn
2248 2762 2349 2818 est,
2376 2767 2440 2807 ac
2465 2761 2649 2807 contra
2681 2754 2826 2807 illum
2859 2753 3053 2806 invidia
3080 2768 3293 2822 semper
3320 2768 3475 2808 com-

1877 2844 2006 2896 moti
2035 2852 2210 2906 erant,
2245 2843 2386 2913 quod
2418 2844 2755 2897 manifestum
2779 2852 2863 2896 est
2889 2859 2954 2897 ex
2988 2844 3053 2898 iis
3072 2860 3191 2913 quze
3213 2844 3473 2914 magistro

1878 2948 1976 2988 suo
2004 2933 2251 2988 dicebant
2280 2952 2293 2987 :
2325 2949 2538 3003 nempe.
2560 2936 2659 2999 Qui
2685 2944 2846 2998 tecum
2870 2943 2978 2986 erat
3002 2943 3143 2987 trans
3167 2932 3475 3001 Jordanem,

1878 3026 1961 3077 cui
1988 3035 2042 3077 tu
2065 3026 2359 3093 testiﬁcatus
2382 3042 2456 3090 es,
2488 3043 2601 3079 ecce
2623 3026 2705 3079 Itt'c
2726 3026 2972 3094 baptizat,
3007 3036 3051 3079 et
3079 3043 3251 3080 omnes
3270 3027 3480 3080 veniunt

1878 3119 1946 3169 ad
1972 3117 2119 3170 illum
2148 3117 2325 3186 (Joan.
2358 3118 2409 3171 5.
2439 3117 2550 3186 26).
2582 3118 2659 3169 Ac
2685 3132 2895 3169 rursum
2922 3119 3145 3185 quaestio
3174 3119 3309 3170 facta
3341 3128 3424 3171 est
3450 3133 3481 3172 ει

1880 3204 2081 3260 Judzeis
2101 3217 2155 3260 et
2185 3221 2287 3259 una
2330 3221 2359 3258 a
2400 3206 2620 3259 Joannis
2644 3207 2924 3275 discipulis
2972 3207 3111 3260 circa
3156 3209 3483 3276 puriﬁcatio-

1883 3313 2028 3363 nem,
2061 3306 2218 3365 atque
2246 3298 2311 3350 ad
2336 3297 2481 3350 illum
2506 3311 2691 3351 rursus
2720 3297 3036 3352 accedentes
3056 3298 3306 3354 dicebant
3334 3317 3346 3352 :
3380 3298 3487 3355 Cur

1885 3404 1977 3440 nos
2006 3398 2051 3440 et
2079 3386 2332 3440 Phariswi
2355 3389 2654 3457 jejttnttmus
2700 3390 2985 3457 frequenter
3002 3430 3018 3456 ,
3047 3390 3289 3459 discipuli
3316 3401 3487 3446 autem

1888 3481 1959 3532 tui
1986 3495 2086 3531 non
2110 3479 2347 3549 jejuttattt
2382 3477 2597 3547 (Matth.
2628 3478 2681 3533 9.
2710 3479 2797 3548 14)
2816 3478 2841 3530 ‘l

1958 3570 2011 3621 2.
2054 3569 2301 3624 Nondum
2333 3570 2475 3623 enim
2500 3568 2760 3633 sciebant,
2792 3569 2911 3639 quis
2937 3578 3083 3624 esset
3101 3569 3365 3635 Christus,
3392 3571 3491 3626 sed

1888 3662 2069 3717 Jcsutn
2098 3675 2303 3713 merum
2340 3660 2614 3713 hominem
2646 3660 2985 3728 suspicantes
3031 3675 3151 3714 esse
3175 3700 3189 3725 ,
3223 3660 3487 3716 Joannem

1890 3768 2016 3806 vero
2046 3752 2162 3819 plus
2184 3766 2344 3820 quam
2376 3750 2646 3803 hominem
2670 3790 2685 3815 ,
2733 3766 2875 3819 a‘gre
2922 3748 3168 3804 ferebant
3214 3752 3487 3805 celebrent

1893 3842 2041 3895 illum
2070 3839 2317 3894 videntes
2370 3854 2509 3904 esse,
2539 3839 2801 3893 Joannem
2834 3855 2961 3893 vero
2988 3840 3178 3907 minui,
3211 3843 3347 3895 sicut
3376 3844 3490 3911 ipse

1894 3929 2234 3998 prmdixerat.
2264 3929 2332 3982 Et
2356 3929 2458 3981 huc
2486 3928 2809 3996 impedit-bat
2832 3930 3119 3997 quominus
3147 3931 3491 3999 accederent,

1895 4021 2091 4075 invidia
2117 4020 2320 4075 aditum
2346 4021 2654 4074 dirimente.
2698 4020 2877 4075 Donec
2902 4029 3081 4075 autem
3109 4021 3343 4077 Joannes
3369 4038 3492 4079 cum

1897 4113 1999 4166 illis
2051 4120 2205 4176 erat,
2257 4110 2570 4163 hortabatur
2619 4108 2737 4162 illos
2782 4111 3089 4178 frequenter
3128 4123 3184 4165 et
3230 4113 3494 4182 docebat,

1899 4218 2073 4272 neque
2103 4202 2153 4255 id
2185 4201 2291 4254 illis
2316 4198 2639 4269 persuadere
2666 4208 2875 4268 poterat
2908 4219 2923 4254 :
2954 4216 3074 4254 cum
3109 4216 3238 4256 vero
3270 4208 3496 4263 moritu-

1903 4309 1995 4346 rus
2016 4300 2180 4356 esset,
2210 4292 2382 4361 majus
2439 4290 2508 4343 ad
2549 4290 2680 4344 illud
2708 4290 2928 4345 adhibet
2955 4292 3192 4346 studium
3228 4310 3240 4346 :
3274 4296 3502 4355 timebat

1902 4385 2046 4439 enim
2068 4384 2306 4455 ne‘pravi
2338 4381 2605 4449 dogmatis
2629 4385 2965 4437 occasionem
3005 4384 3367 4453 relinqueret,
3394 4386 3498 4442 illi.

1904 4490 2008 4545 que
2034 4482 2315 4530 manerent
2341 4488 2371 4525 a
2395 4471 2613 4527 Christo
2642 4472 2913 4540 disjuncti.
2944 4472 2999 4526 ld
3043 4472 3129 4529 ille
3173 4476 3417 4543 curabat,
3449 4488 3505 4533 et

1906 4568 2056 4622 initio
2085 4568 2187 4634 ipsi
2208 4579 2336 4619 suos
2365 4579 2552 4619 onmes
2576 4564 2890 4619 adducebat.
2923 4563 3053 4620 Cum
3081 4576 3259 4620 autem
3289 4566 3368 4623 illi
3395 4583 3502 4622 non

1908 4660 2368 4725 obtemperarent,
2398 4656 2693 4709 moriturus
2714 4655 2932 4709 demum
2980 4658 3169 4724 majori
3215 4667 3296 4711 est
3322 4660 3503 4715 studio

1909 4747 2197 4803 usus.Nam
2226 4748 2271 4801 si
2293 4746 2537 4811 dixisset,
2564 4746 2714 4801 lllutn
2742 4746 2907 4811 adite,
2926 4748 3017 4815 qui
3044 4748 3236 4801 melior
3262 4764 3347 4803 me
3378 4759 3462 4803 est
3486 4765 3502 4805 :

1909 4856 2015 4895 non
2048 4842 2550 4910 obtemperassent,
2601 4836 2742 4907 quod
2797 4839 2874 4890 sic
2922 4837 2997 4891 illi
3045 4848 3227 4892 essent
3264 4837 3506 4897 addicti:

1915 4942 2191 5004 putassent
2216 4931 2361 4986 enim
2413 4929 2561 4983 illum
2613 4943 2711 4998 per
2751 4927 3074 5001 modestiam
3114 4929 3182 4983 ita
3226 4929 3412 4999 loqui,
3455 4942 3511 4986 et

1916 5028 2082 5095 magis
2110 5024 2185 5079 illi
2208 5023 2535 5078 iussissent:
2570 5019 2615 5074 si
2649 5034 2775 5074 vero
2805 5020 3079 5085 tacuisset,
3114 5036 3198 5075 res
3224 5022 3419 5078 eodem
3456 5023 3511 5082 in

1914 5129 2054 5174 statu
2074 5130 2323 5172 mansura
2356 5122 2489 5170 erat.
2510 5108 2647 5180 Quid
2677 5112 2833 5182 igitur
2848 5110 3005 5165 facit?
3025 5111 3313 5181 East-ectat
3338 5114 3513 5170 donec

1915 5209 2117 5264 abillis
2159 5208 2329 5261 audiat
2392 5207 2568 5273 ipsum
2625 5202 2877 5259 miracula
2928 5201 3120 5267 edere;
3172 5218 3345 5272 neque
3386 5216 3515 5261 tunc

1919 5301 2038 5355 illos
2067 5300 2339 5359 hortatur,
2372 5311 2550 5365 neque
2568 5303 2770 5347 omnes
2822 5293 3005 5356 mittit,
3048 5294 3142 5349 sed
3192 5292 3329 5350 duos
3376 5312 3517 5367 quos

1920 5394 2054 5448 forte
2074 5390 2327 5447 credebat
2354 5402 2473 5443 esse
2502 5386 2567 5441 ad
2592 5384 2918 5440 credendum
2948 5387 3324 5455 promptiores,
3349 5398 3403 5441 ut
3436 5389 3520 5443 in—

1922 5486 2211 5556 terrogatio
2254 5482 2381 5537 nulli
2435 5488 2579 5533 esset
2622 5478 2911 5547 suspicioni
2959 5476 3209 5543 obnoxia,
3250 5486 3411 5547 atque
3450 5495 3519 5535 ex

1924 5580 2052 5648 ipsis
2074 5578 2234 5633 rebus
2260 5574 2580 5636 ediscerent,
2613 5581 2869 5639 quantum
2892 5568 3172 5624 interesset
3190 5567 3515 5623 discriminis

1923 5672 2107 5727 Jesum
2150 5670 2287 5721 inter
2329 5674 2381 5720 et
2428 5662 2688 5717 Joannem
2720 5676 2733 5712 :
2763 5660 2941 5729 aitque
2980 5677 2993 5711 :
3035 5659 3192 5713 Abite
3231 5668 3286 5712 et
3319 5657 3514 5713 dicite:

1926 5768 2004 5825 τη
2035 5785 2084 5822 ες
2127 5764 2213 5832 cui
2250 5771 2487 5821 venturus
2520 5775 2604 5825 et,
2633 5772 2697 5811 att
2738 5755 2893 5809 alium
2941 5752 3337 5827 exspectamus?
3362 5748 3520 5808 Citriv
