4080 6468
643 401 750 464 813

797 553 1383 653 immiti—auditores
1427 553 1756 633 oﬂ‘endisset,
1805 572 2121 656 quamquam

1068 676 1170 733 dici
1193 676 1396 742 puerat
1418 685 1433 731 ;
1458 663 1553 719 sed
1572 662 1623 717 id
1658 674 1723 715 ex
1749 654 1877 755 ipsis
1916 651 2075 755 rebus

991 734 1355 823 bicitur-enim
1385 756 1477 820 ibi,
1516 754 1686 831 ipsum
1707 740 2086 801 accedentibus
2110 734 2213 833 illis

1157 852 1226 905 At
1268 847 1411 903 enim
1449 857 1565 909 qua:
1589 824 1776 891 fuisset
1817 824 2218 897 consequentia,

1057 957 1184 1000 num
1207 941 1321 1009 ipse
1343 939 1500 996 esset,
1520 926 1649 984 nihil
1669 925 1737 979 ad
1752 924 1854 978 hoc
1877 916 2219 1019 respondere,

658 1005 960 1101 ictis—tabat
985 1047 1157 1104 egros
1183 1005 1400 1090 curare,
1436 1019 1538 1077 nisi
1577 1018 1677 1071 hoc
1715 1005 2218 1104 “communis-set,

657 1092 804 1202 quod
815 1092 966 1184 dixi?
985 1092 1064 1179 E;
1087 1119 1247 1176 rebus
1272 1112 1424 1170 enim
1445 1108 1573 1178 ipsis
1603 1099 1967 1202 testimonium
1991 1092 2223 1151 credibi-

659 1188 786 1288 lius,
841 1220 1117 1284 minusque
1167 1201 1452 1275 suspicioni
1500 1195 1784 1253 obnoxium
1827 1188 2043 1260 putabat
2081 1197 2221 1247 esse,

660 1282 818 1383 quam
837 1309 1017 1364 verba.
1035 1282 1176 1358 Cum
1203 1299 1361 1353 sciret
1381 1306 1528 1362 ergo,
1559 1294 1738 1354 utpote
1753 1284 1911 1346 Deus,
1931 1294 2032 1383 qua
2049 1282 2227 1383 mento

811 1396 1044 1453 misisset
1066 1391 1318 1450 Joannes,
1346 1381 1523 1439 statim
1551 1377 1956 1436 sanavitcrecos,
1986 1365 2223 1457 claudos,

666 1453 905 1558 aliosque
936 1483 1146 1545 multos,
1195 1492 1300 1532 non
1345 1481 1402 1527 ut
1443 1470 1589 1524 illum
1629 1466 1876 1524 doceret,
1919 1459 2057 1529 (cur
2083 1453 2226 1510 enim

962 1585 1104 1634 eum,
1131 1542 1342 1637 quijam
1368 1558 1618 1615 credebat
1657 1564 1710 1609 et
1751 1542 2223 1637 obtemperabat?)

666 1667 762 1724 sed
804 1674 862 1720 ut
904 1634 1188 1728 discipulos
1224 1655 1340 1722 ejus
1394 1649 1694 1704 dubitantes
1744 1640 2041 1696 institueret
2069 1652 2083 1688 :
2109 1634 2227 1688 ideo

668 1767 788 1829 post
828 1724 1107 1809 multorum
1134 1744 1458 1803 curationem
1498 1740 1572 1792 ait
1602 1735 1691 1791 τι.
1732 1732 1920 1786 Euntes
1953 1724 2231 1782 renuntiate

666 1812 854 1902 3mm
892 1855 1004 1910 φιω
1040 1837 1227 1890 auditis
1257 1842 1305 1887 et
1334 1828 1535 1885 "uidetis.
1576 1825 1630 1880 5.
1666 1821 1794 1876 Ca’ci
1830 1819 2013 1881 vident,
2061 1812 2232 1867 claudi

667 1902 946 1994 ambulant,
993 1926 1177 1994 leprosi
1215 1920 1537 1978 ntundantur,
1579 1911 1717 1967 surdi
1766 1908 1996 1972 audiunt,
2048 1902 2231 1956 mortui

670 1991 971 2079 suscitantur
989 2059 1004 2084 ,
1036 1991 1277 2086 pauperes
1295 2009 1696 2086 euangelizantur
1722 2019 1740 2055 :
1764 2010 1818 2056 et
1847 1998 2024 2067 adjicit
2051 2012 2065 2047 :
2089 1993 2140 2049 6.
2166 1991 2232 2046 Et

670 2117 843 2170 beatus
868 2113 952 2182 qui
975 2080 1074 2163 non
1093 2080 1242 2175 fuerit
1263 2080 1628 2156 scandalizatus
1652 2095 1704 2148 in
1735 2108 1812 2144 me
1833 2105 1852 2145 :
1871 2087 2156 2142 ostendens
2175 2097 2232 2136 se

670 2205 847 2261 cordis
874 2174 1056 2256 eorum
1093 2174 1294 2250 secreta
1330 2202 1502 2245 nosse.
1539 2185 1596 2240 Si
1634 2183 1776 2238 enim
1819 2179 2077 2237 dixisset,
2122 2174 2234 2241 Ego

671 2308 809 2354 sunt,
826 2290 876 2345 id
903 2288 1042 2350 illos,
1072 2292 1130 2338 ut
1149 2281 1257 2352 jam
1271 2273 1744 2342 dixi,oﬂ‘endisset,
1785 2266 2229 2335 cogitassentque,

671 2350 770 2439 etsi
796 2350 901 2438 .0.
931 2350 1218 2435 dixissent,
1249 2372 1296 2426 id
1324 2367 1464 2439 quod
1509 2363 1674 2420 Judmi
1721 2361 1793 2413 illi
1841 2357 2126 2410 dicebant:
2157 2350 2231 2404 Tu

672 2476 736 2528 de
763 2485 808 2526 te
837 2474 948 2540 ipso
972 2464 1304 2522 testimonium
1339 2463 1428 2511 das
1457 2458 1474 2525 (
1500 2455 1656 2509 Joan.
1681 2451 1735 2505 8.
1766 2450 1835 2502 I5
1858 2446 1900 2517 ).
1933 2445 2156 2511 Ideoque
2182 2442 2233 2494 id

675 2563 764 2617 ille
793 2530 896 2613 no'n
926 2557 1089 2619 dicit,
1119 2551 1212 2608 sed
1257 2565 1325 2604 ex
1364 2543 1631 2599 miraculis
1665 2545 1813 2594 curat
1851 2544 1905 2587 ut
1949 2533 2022 2587 illi
2058 2530 2233 2586 omnia

674 2652 932 2713 ediscant,
979 2617 1273 2700 doctrinam
1319 2634 1528 2690 tradens
1583 2639 1639 2685 et
1688 2627 1963 2682 clariorem
2001 2631 2057 2676 et
2106 2617 2233 2672 nulli

674 2737 964 2812 suspicioni
1005 2732 1306 2791 obnoxiam.
1339 2727 1538 2782 Idcirco
1575 2722 1712 2775 clam
1752 2718 1871 2772 illos
1910 2714 2234 2781 redarguens

676 2803 805 2889 illud
854 2827 1061 2898 adjecit.
1109 2824 1239 2890 Quia
1288 2822 1431 2872 enim
1469 2815 1521 2868 in
1564 2813 1680 2879 ipso
1722 2803 2231 2862 scandalizabantur,

675 2924 883 2980 illorum
909 2895 1148 2972 morbum
1179 2909 1397 2974 detexit,
1425 2912 1479 2960 et
1513 2901 1639 2956 illud
1666 2895 2000 2954 conscientia:
2032 2899 2234 2947 tantum

678 3017 912 3084 ipsorum
942 3006 1170 3076 reliquit,
1199 3000 1411 3058 nemine
1448 2996 1705 3050 advocato
1747 2987 2010 3045 maledicti
2034 2987 2048 3016 '
2079 2991 2233 3045 teste,

677 3074 912 3175 ipsisque
957 3074 1084 3154 solis
1125 3095 1176 3150 id
1216 3090 1546 3149 scientibus:
1581 3087 1764 3154 sicque
1809 3080 1994 3135 melius
2023 3074 2237 3131 attraxit

679 3167 839 3258 illos,
867 3191 1082 3244 dicens:
1114 3184 1299 3236 Beatus
1337 3180 1419 3246 qui
1457 3194 1553 3230 non
1594 3176 1740 3243 fuerit
1777 3169 2144 3225 scandalizatus
2184 3167 2238 3218 in

679 3300 772 3337 me.
804 3281 931 3334 Nam
955 3278 1067 3331 hac
1090 3273 1240 3336 dixit,
1268 3271 1385 3329 illos
1412 3269 1553 3336 ipsos
1577 3263 1931 3319 subindicans.
1956 3257 2034 3313 Ne
2063 3267 2234 3311 autem

680 3381 860 3428 nostra
893 3374 1090 3421 tantum
1115 3360 1426 3420 referamus,
1451 3354 1542 3409 sed
1570 3363 1629 3408 ut
1653 3353 1728 3407 rei
1753 3349 2023 3405 ﬁrmanda:
2049 3347 2113 3402 iis
2138 3345 2232 3400 ad-

682 3460 875 3523 ductis,
905 3470 1023 3525 quze
1046 3454 1113 3506 ab
1148 3449 1266 3504 aliis
1306 3448 1447 3502 dicta
1484 3453 1641 3508 sunt,
1666 3443 1944 3497 clariorem
1986 3439 2140 3493 vobis
2173 3451 2235 3489 ex

684 3550 942 3606 dictorum
995 3539 1389 3608 comparatione
1458 3535 1734 3588 veritatem
1795 3529 2098 3590 tradamus,
2152 3526 2238 3578 illa

685 3639 844 3694 etiam
875 3635 961 3687 hic
1000 3629 1236 3701 proferre
1290 3637 1507 3680 necesse
1553 3631 1654 3676 est.
1705 3618 1839 3686 Quid
1889 3631 2015 3685 ergo
2061 3614 2242 3668 dicunt

687 3722 968 3782 nonnulli?
1000 3721 1124 3774 Eam
1153 3729 1307 3786 quam
1334 3711 1629 3772 retulimus,
1647 3723 1752 3762 non
1779 3720 1957 3760 veram
1980 3717 2098 3759 esse
2117 3717 2240 3757 cau-

682 3831 796 3872 sam
828 3813 956 3867 :sed
981 3823 1102 3862 vere
1129 3808 1397 3874 ignorasse
1426 3798 1705 3863 Joannem,
1734 3809 1832 3852 nec
1867 3802 2033 3848 totum
2061 3801 2236 3845 tamen

684 3906 958 3973 ignorasse
988 3916 1000 3949 :
1029 3906 1083 3950 et
1109 3894 1255 3947 illum
1304 3887 1515 3958 quidem
1557 3899 1676 3938 esse
1712 3882 1980 3938 Christum
2006 3881 2238 3946 novisse,

681 3993 821 4064 quod
842 3998 1027 4045 autem
1043 3998 1136 4054 pro
1167 3979 1464 4036 hominibus
1482 3975 1770 4036 moriturus
1789 3981 1928 4027 esset
1942 3973 2239 4040 ignorasse:

685 4061 882 4137 idcirco
906 4078 1123 4137 dixisse,
1152 4071 1230 4126 Tu
1257 4087 1308 4124 es
1334 4069 1417 4130 qui
1443 4076 1677 4119 uenturus
1715 4063 1807 4118 es?
1835 4063 1885 4118 id
1915 4072 2027 4127 est,
2058 4061 2156 4128 Qui
2187 4062 2238 4117 in

579 4227 594 4237 ,
685 4171 942 4245 internum
974 4181 1031 4219 es
1057 4165 1429 4217 descensurus.
1449 4155 1641 4209 Verum
1664 4153 1716 4206 id
1732 4169 1850 4206 cum
1873 4161 2016 4206 recta
2038 4152 2240 4204 ratione

689 4241 942 4333 pugnaret
975 4276 987 4311 :
1015 4257 1245 4310 Joannes
1285 4243 1476 4317 quippe
1513 4259 1617 4299 non
1661 4244 1759 4296 hoc
1796 4243 2088 4312 ignorabat.
2133 4241 2242 4294 Hoc

683 4331 825 4407 enim
851 4361 972 4402 ante
1000 4347 1100 4399 alia
1134 4338 1449 4410 prmdicabat
1473 4351 1594 4391 cum
1639 4335 1871 4398 dicaret,
1905 4331 2037 4385 Ecce
2085 4347 2245 4400 agnus

686 4443 799 4505 Dei,
831 4441 912 4508 qui
942 4436 1072 4490 tollit
1113 4439 1312 4503 peccata
1348 4425 1524 4482 mundi
1561 4423 1759 4494 (Joan.
1789 4424 1840 4478 1.
1872 4421 1943 4476 29
1968 4421 2006 4491 ).
2041 4423 2244 4491 Agnum

686 4547 814 4588 vero
839 4528 1081 4586 vocavit,
1111 4534 1321 4577 crucem
1353 4518 1677 4588 praedicans;
1708 4529 1769 4567 ac
1795 4527 1914 4568 cum
1962 4515 2110 4577 dicit,
2142 4513 2242 4577 Qui

689 4623 818 4677 tollit
867 4624 1068 4688 peccata
1104 4611 1280 4666 mundi
1303 4651 1317 4673 ,
1351 4608 1577 4676 idipsum
1602 4605 1928 4673 signiﬁcavit.
1985 4604 2098 4657 Non
2140 4605 2244 4658 alio

686 4712 828 4767 enim
854 4721 1008 4777 quam
1037 4718 1128 4772 per
1153 4712 1362 4754 crucem
1402 4694 1561 4749 modo
1587 4693 1636 4746 id
1664 4703 1908 4761 operatus
1947 4702 2030 4746 est
2057 4707 2070 4744 :
2101 4691 2243 4761 quod

685 4805 845 4857 etiam
877 4795 1064 4850 Paulus
1092 4790 1334 4845 dicebat:
1366 4783 1432 4837 Et
1458 4782 1875 4852 chirographum,
1901 4783 2032 4850 quod
2071 4783 2249 4834 σάυεν.

681 4909 794 4948 sum
823 4905 914 4942 nos
959 4893 1084 4949 erat,
1130 4884 1190 4936 de
1241 4878 1402 4933 niedio
1445 4876 1662 4940 sustulit,
1692 4877 1890 4944 alligem
1937 4875 2062 4928 illud
2111 4876 2248 4928 cruci

686 4981 898 5052 (Coloss.
926 4975 983 5030 2.
1013 4974 1121 5042 14).
1143 4972 1273 5026 Cum
1301 4981 1474 5023 autem
1501 4967 1708 5021 dicebat
1732 5006 1746 5029 ,
1779 4965 1841 5018 In
1866 4965 2060 5035 Spiritu
2085 4966 2245 5036 bapti-

684 5070 816 5123 sabit
843 5082 926 5119 vos
954 5068 974 5097 ³
1005 5063 1154 5132 (Luc.
1188 5063 1240 5116 ὅ.
1276 5060 1383 5127 16),
1415 5073 1473 5111 ea
1501 5072 1619 5125 quae
1652 5063 1770 5124 post
1809 5057 2243 5110 resurrectionem

694 5163 865 5214 futura
895 5164 1047 5210 erant
1081 5149 1487 5222 praenuntiabat.
1529 5140 1595 5201 At
1624 5157 1885 5215 reponunt
1925 5147 1997 5200 illi
2026 5165 2038 5198 :
2073 5147 2243 5216 Ipsum

689 5253 1129 5306 resurrecturum,
1180 5250 1233 5293 et
1275 5238 1525 5306 Spiritum
1569 5248 1805 5290 sanctum
1844 5236 2089 5291 daturum
2130 5254 2248 5292 esse

685 5338 884 5391 sciebat
915 5351 928 5387 :
960 5333 1099 5403 quod
1126 5339 1298 5384 autem
1320 5329 1460 5381 cruci
1489 5327 1780 5397 afﬁgendus
1806 5331 2246 5398 essetignorabat.

687 5427 790 5483 Sed
815 5424 1080 5495 quomodo
1105 5431 1498 5475 resurrecturus
1527 5429 1662 5484 erat,
1693 5419 1779 5488 qui
1811 5434 1907 5473 nec
1937 5435 2122 5490 passus
2152 5435 2250 5474 nec

751 5582 765 5614 ¹
804 5579 941 5628 savn.
970 5583 1019 5623 et
1039 5574 1134 5631 alii,
1169 5571 1478 5624 accusationis
1504 5579 1799 5635 :utrumque
1818 5575 2032 5635 quadrat.

753 5645 770 5672 ι
806 5650 933 5705 Qua},
961 5640 1008 5685 in
1030 5629 1364 5705 textu_(}raeco,
1398 5635 1693 5705 reSpondent
1806 5629 2016 5705 vocibus,
2042 5635 2250 5700 baptiza-

688 5699 752 5753 btt
779 5694 868 5759 vos,
893 5694 1026 5760 lapsu
1047 5694 1289 5759 graphice,
1313 5694 1588 5746 exciderant
1609 5695 1730 5755 apud
1751 5695 1913 5745 Morel.

1417 378 1472 437 8.
1514 366 1793 432 JOANNIS
1827 353 2294 420 CIIRYSOS'I‘OMI
2331 346 2640 407 ARCHIEP.
2670 338 3187 402 CONSTAN‘I'INOP.

3755 320 3846 378 ιη

2324 461 2606 516 cruciﬁxus
2653 454 2863 511 ruisset?
2905 451 3181 522 Quomodo
3220 448 3346 505 Item
3409 447 3582 514 major
3601 440 3865 512 prophetis

2323 560 2457 618 erat,
2486 550 2575 619 qui
2600 562 2655 604 ea
2681 561 2792 618 quae
2818 543 3089 615 prophetae
3117 540 3361 595 sciebant
3387 531 3705 605 ignorabat?

2393 643 2445 698 ὃ.
2466 640 2723 709 Propheta
2740 637 2969 700 sciebant,
2988 633 3243 687 Christum
3261 645 3368 685 esse
3385 626 3862 695 cruciﬁgentibu—

2323 731 2472 800 Quod
2494 732 2625 786 enim
2653 729 2763 798 plus
2781 740 2932 796 quam
2962 720 3216 792 propheta
3243 728 3420 787 esset,
3459 717 3699 770 Christus
3721 712 3864 769 testi-

2326 826 2507 878 ticatus
2531 831 2607 875 est
2631 825 2647 885 (
2675 819 2790 872 Luc.
2811 817 2863 870 7.
2889 815 3028 885 28);
3061 810 3201 882 quod
3230 821 3405 865 autem
3439 809 3713 879 propheta:
3751 816 3864 872 paw-

2325 914 2526 966 sionem
2555 909 2739 966 Christi
2763 905 3000 961 noverint
3024 944 3040 970 ,
3071 899 3200 956 nulli
3226 915 3332 957 non
3372 909 3554 953 notum
3585 905 3693 951 est.
3742 896 3867 951 Nam

2327 1001 2486 1056 Isaias
2511 999 2629 1053 dicit
2656 1013 2670 1052 :
2701 995 2836 1051 Sicut
2878 993 2982 1048 suis
3030 992 3096 1044 ad
3125 989 3420 1044 occisiones:
3462 987 3646 1039 ductus
3691 994 3764 1036 est
3784 1025 3800 1050 ,
3821 993 3866 1039 et

2325 1091 2451 1146 sicut
2471 1104 2626 1160 agnus
2647 1103 2806 1140 coram
2847 1082 3080 1138 tondente
3114 1095 3168 1136 se
3202 1079 3308 1133 sine
3335 1092 3450 1131 uoce
3475 1074 3635 1146 (Isai.
3667 1075 3758 1130 53.
3786 1072 3868 1140 7).

2329 1181 2600 1250 Etiamque
2626 1187 2747 1234 ante
2769 1178 2868 1231 boc
2897 1173 3254 1230 testimonium
3284 1169 3424 1224 dixit
3451 1184 3465 1221 :
3507 1166 3575 1221 Et
3613 1167 3706 1220 erit
3730 1165 3870 1218 radis

2327 1272 2499 1336 Iesse,
2546 1279 2588 1324 et
2625 1270 2712 1338 qui
2759 1274 2986 1335 merget
3048 1264 3298 1332 imperare
3359 1257 3621 1329 gentibus,
3671 1256 3726 1307 in
3768 1255 3869 1322 ipse

2328 1374 2490 1434 gentes
2513 1361 2774 1431 sperabunt
2810 1356 2970 1430 (Isai.
3002 1355 3086 1409 11.
3131 1351 3256 1420 10).
3286 1347 3486 1405 Deinde
3539 1347 3866 1416 passionem,

2329 1466 2383 1510 et
2404 1471 2556 1526 quam
2581 1455 2696 1508 inde
2715 1450 2934 1522 gloriam
2961 1441 3417 1526 consequutus-sit
3444 1452 3750 1506 exponens,
3782 1435 3869 1489 ad-

2325 1518 2468 1615 jicii.
2499 1544 2566 1597 Et
2603 1544 2692 1597 erit
2720 1518 2907 1607 requies
2953 1537 3060 1607 ejus
3097 1518 3517 1604 honor(Ibid.).
3572 1527 3694 1602 Nec.
3711 1526 3872 1580 solum

2330 1635 2465 1706 quod
2489 1634 2627 1688 cruci
2658 1629 2946 1701 afﬁgendus
2991 1634 3170 1688 esset,
3211 1624 3304 1678 sed
3345 1621 3660 1690 quibuscum
3697 1630 3871 1686 passu-

2331 1742 2419 1781 rus
2443 1731 2578 1780 esset
2605 1723 2734 1776 dixit
2765 1739 2780 1776 :
2808 1718 2876 1772 Et
2911 1733 3023 1770 cum
3049 1712 3301 1767 sceleratis
3324 1720 3586 1780 reputatus
3612 1719 3682 1763 est
3711 1707 3872 1774 (Issi.

2330 1814 2554 1886 5512).
2577 1813 2754 1880 Neque
2781 1811 2880 1862 hoc
2901 1814 3120 1868 tantum,
3148 1801 3242 1857 sed
3269 1815 3373 1854 non
3395 1814 3516 1854 sese
3541 1797 3875 1853 defensurum

2331 1919 2445 1959 esse
2474 1903 2708 1973 prmdixit
2742 1918 2755 1955 :
2789 1896 2886 1952 Hic
2931 1897 3058 1950 enim
3085 1907 3188 1945 non
3228 1890 3416 1959 aperiet
3453 1905 3508 1940 os
3536 1903 3689 1940 muni
3713 1885 3873 1953 (Ibid.

2332 2013 2382 2050 v.
2413 1996 2477 2064 7)
2505 2012 2516 2061 ;
2573 2007 2793 2062 esseque
2838 1990 3029 2057 injuste
3068 1983 3423 2039 damnandum
3453 1998 3466 2032 :
3497 1978 3565 2033 In
3609 1979 3880 2032 humilitate

2326 2086 2569 2157 judicium
2614 2085 2723 2151 ejus
2765 2079 3015 2134 sublatum
3050 2083 3121 2128 est
3152 2071 3324 2143 (Ibid.
3353 2071 3516 2137 v.8).
3564 2070 3704 2122 Ante
3745 2067 3880 2121 illum

2333 2191 2536 2245 quoque
2564 2173 2789 2240 idipsum
2812 2170 2942 2224 dicit
2973 2164 3162 2229 David,
3194 2173 3250 2219 et
3287 2162 3548 2234 judicium
3589 2159 3877 2213 describit:

2337 2267 2524 2330 Quare,
2564 2263 2759 2330 inquit,
2807 2265 3106 2329 fremuerunt
3147 2264 3351 2326 gentes,
3377 2262 3426 2308 et
3467 2252 3641 2322 pepuli
3671 2249 3882 2304 meditati

2332 2364 2444 2409 sunt
2473 2352 2683 2407 inania?
2706 2351 3010 2403 Adstiterunt
3032 2362 3169 2417 reges
3198 2354 3360 2408 terra,
3393 2353 3440 2396 et
3482 2341 3733 2410 principes
3775 2354 3882 2392 cos-

2335 2455 2568 2498 uenerunt
2617 2445 2669 2497 in
2727 2458 2882 2495 unum
2941 2439 3172 2492 adversus
3220 2435 3494 2490 Dominum
3552 2443 3603 2487 et
3660 2433 3884 2485 adrasus

2335 2535 2585 2592 Christum
2623 2537 2730 2607 ejus
2779 2532 2960 2603 (Psal.
2987 2530 3039 2584 2.
3073 2529 3125 2584 1.
3164 2525 3255 2599 2).
3286 2524 3425 2580 Alibi
3467 2539 3680 2594 quoque
3726 2523 3884 2591 ipsum

2336 2626 2507 2680 crucis
2533 2625 2743 2678 modum
2770 2623 2901 2676 dixit
2931 2637 2944 2675 :
2971 2619 3232 2674 Foderunt
3281 2631 3462 2670 manus
3496 2630 3632 2668 meas
3657 2623 3704 2664 et
3749 2612 3883 2681 pedes

2335 2733 2468 2770 meos
2496 2714 2679 2785 (Psal.
2708 2714 2796 2767 21.
2829 2713 2926 2782 17)
2955 2727 2970 2776 ;
3001 2719 3053 2766 et
3080 2717 3322 2764 accurate
3365 2707 3582 2760 omnino
3608 2719 3728 2774 qua:
3753 2701 3879 2756 mili-

2337 2817 2416 2860 tes
2458 2806 2570 2859 ausi
2617 2817 2738 2860 sunt
2764 2801 3291 2874 adjicitzDiviserunt
3314 2799 3408 2852 sibi
3433 2797 3723 2850 uestimenta
3749 2809 3878 2856 utea.

2338 2909 2384 2950 et
2403 2914 2553 2966 super
2599 2907 2778 2953 vestem
2809 2912 2966 2950 meam
2993 2895 3234 2947 miserunt
3258 2902 3442 2946 sortem
3479 2887 3653 2958 (Ibid.
3687 2903 3736 2939 v.
3768 2884 3879 2951 I9).

2340 2991 2477 3044 Alibi
2504 3001 2677 3044 autem
2714 2989 2944 3044 oblatum
2974 2993 3180 3048 acetum
3207 2983 3285 3037 sic
3302 2989 3563 3037 memorat
3595 2997 3607 3031 :
3641 2976 3886 3041 Deda-siit

2337 3083 2390 3133 in
2429 3097 2592 3134 escam
2618 3095 2774 3133 meam
2797 3079 2898 3149 fel,
2925 3085 2971 3130 et
2998 3077 3050 3128 in
3081 3076 3165 3127 siti
3192 3090 3299 3127 mea
3327 3080 3625 3141 putaverunt
3663 3083 3741 3123 me
3762 3075 3884 3120 aceto

2342 3170 2526 3240 (Psal.
2557 3171 2642 3225 68.
2675 3170 2801 3238 22).
2833 3165 3106 3236 Propheta!
3137 3165 3294 3234 igitur
3321 3171 3445 3216 ante
3472 3170 3547 3215 tot
3573 3173 3742 3213 annos
3764 3155 3886 3226 judio

2338 3263 2476 3313 cium
2504 3301 2516 3322 ,
2549 3259 3041 3313 condemnationem
3063 3296 3077 3318 .
3107 3254 3282 3309 crucis
3320 3253 3520 3315 socios,
3555 3251 3885 3305 vestimento-

2338 3367 2454 3405 rum
2486 3351 2798 3404 di‘visionem
2817 3389 2830 3414 ,
2864 3348 3078 3402 missam
3102 3353 3333 3408 sortem,
3365 3351 3419 3397 et
3438 3341 3596 3410 longe
3623 3339 3768 3409 plura
3797 3339 3885 3390 alia

2342 3451 2675 3497 memorant:
2708 3453 2878 3508 neque
2924 3445 3064 3493 enim
3109 3449 3327 3489 necesse
3351 3441 3433 3487 est
3457 3431 3634 3486 omnia
3676 3428 3882 3486 elI‘erre.

2345 3549 2411 3586 ne
2437 3534 2641 3599 longius
2678 3537 2928 3584 excurrat
2972 3527 3181 3590 oratio;
3229 3525 3314 3578 hic
3365 3537 3490 3578 vero
3517 3521 3623 3576 illis
3664 3521 3887 3575 omnibus

2343 3622 2544 3690 major,
2591 3621 2702 3674 haec
2720 3619 2904 3674 omnia
2949 3616 3261 3687 Ignorabat?
3309 3615 3420 3680 Qua
3454 3613 3658 3667 ratione
3687 3611 3736 3665 id
3762 3620 3887 3664 stare

2342 3711 2550 3780 possit?
2576 3710 2684 3764 Cur
2711 3723 2835 3763 vero
2858 3721 2961 3762 non
2988 3705 3156 3770 dixit,
3186 3703 3263 3758 Tu
3285 3719 3344 3759 es
3381 3703 3468 3772 qui
3495 3712 3750 3757 venturus
3767 3715 3823 3754 es
3845 3703 3887 3752 in

2343 3799 2648 3856 infernum?
2695 3798 2787 3852 sed
2841 3795 3188 3865 simpliciter,
3243 3793 3344 3860 Qui
3383 3802 3619 3847 venturus
3665 3793 3762 3845 es?
3799 3788 3887 3844 Sed

2342 3891 2482 3962 quod
2507 3890 2670 3958 magis
2692 3889 2801 3943 risu
2824 3887 3039 3957 dignum
3063 3895 3227 3950 esset,
3248 3884 3432 3939 dicunt
3451 3883 3550 3937 hoc
3575 3883 3695 3936 ideo
3715 3882 3891 3936 dixisse

2343 3980 2636 4046 Joannem,
2665 3988 2721 4031 ut
2768 3979 2817 4031 in
2863 3976 3061 4031 inferos
3090 3974 3306 4029 veniens
3351 3973 3681 4043 praedicaret.
3712 3971 3895 4039 Quibus

2343 4083 2636 4142 opportune
2664 4071 2869 4124 dicatur
2899 4085 2911 4120 :
2942 4067 3150 4121 Fratres
3169 4109 3184 4130 ,
3215 4070 3366 4121 nolite
3392 4067 3532 4137 pueri
3561 4065 3688 4136 epici
3713 4075 3891 4124 mente.

2345 4165 2429 4216 sed
2459 4165 2648 4216 malitia
2676 4163 2871 4232 parvuli
2897 4161 3089 4230 estote(
3119 4163 3168 4216 1.
3195 4161 3312 4215 Cor.
3338 4161 3422 4215 14.
3449 4157 3580 4230 20).
3608 4158 3741 4213 Nam
3770 4171 3894 4228 pra:-

2347 4266 2470 4306 sens
2499 4255 2601 4306 vita
2632 4253 2763 4306 bene
2791 4253 2977 4322 agendi
3007 4262 3216 4320 tempus
3240 4262 3352 4313 est;
3386 4259 3506 4319 post
3526 4261 3754 4304 mortem
3785 4264 3899 4301 vero

2346 4345 2516 4399 aderit
2560 4344 2812 4413 judicium
2844 4353 2898 4398 et
2921 4344 3255 4413 supplicium.
3287 4340 3417 4395 Nam
3459 4341 3534 4394 ait
3581 4358 3595 4393 :
3627 4338 3694 4393 In
3718 4341 3901 4394 inferne

2346 4436 2455 4505 quis
2499 4436 2809 4503 conﬁtebitur
2857 4434 2942 4486 tibi
2984 4433 3168 4499 (Psal.
3201 4433 3255 4488 6.
3289 4431 3391 4500 6)?
3424 4430 3704 4499 Quomodo
3757 4431 3900 4499 igitur

2348 4526 2587 4578 contrita:
2627 4534 2751 4578 sunt
2781 4532 2944 4592 portae
2974 4538 3150 4588 terere,
3181 4533 3233 4576 et
3263 4529 3439 4575 vectes
3469 4519 3628 4573 ferrei
3657 4519 3900 4573 contracti

2349 4615 2507 4669 sunt?
2535 4615 2633 4668 Per
2671 4627 2863 4682 corpus
2908 4613 3042 4682 ejus.
3074 4611 3222 4666 Tunc
3262 4610 3403 4664 enim
3453 4609 3623 4678 primo
3675 4610 3904 4677 apparuit

2350 4721 2541 4774 corpus
2572 4704 2887 4768 immortale,
2919 4702 3056 4771 quod
3083 4701 3269 4756 mortis
3299 4699 3628 4770 tyrannidem
3661 4699 3899 4752 solveret.

2351 4799 2598 4866 Alioquin
2630 4811 2754 4852 vero
2780 4797 2831 4851 id
2861 4794 3092 4849 ostendit
3120 4793 3304 4846 mortis
3329 4793 3434 4845 νίιη
3459 4805 3581 4844 esse
3613 4790 3868 4845 sublatam
3887 4828 3899 4851 ,

2350 4905 2455 4944 non
2485 4897 2656 4942 autem
2677 4901 2862 4942 eorum
2877 4885 2965 4955 qui
2991 4892 3114 4938 ante
3133 4883 3414 4937 adventum
3437 4883 3553 4949 ejus
3581 4881 3774 4935 mortui
3798 4878 3905 4933 fue-

2352 4991 2506 5043 rant,
2531 4979 2697 5032 soluta
2741 4985 2955 5046 peccata
2975 4976 2991 5007 ⁸
3038 4973 3220 5029 fuisse.
3251 4971 3403 5039 Quod
3428 4971 3471 5026 si
3504 4985 3592 5026 res
3619 4986 3726 5024 non
3757 4971 3824 5023 ita
3850 4983 3906 5024 se

2351 5071 2541 5127 habeat
2561 5113 2575 5137 ,
2606 5079 2657 5123 et
2707 5071 2751 5122 si
2796 5083 2980 5122 omnes
3003 5075 3154 5120 antea
3185 5074 3422 5119 mortuos
3447 5078 3477 5116 a
3505 5064 3746 5132 gehenna
3776 5061 3901 5116 libe-

2353 5165 2484 5216 ravit
2503 5201 2517 5226 ,
2545 5161 2807 5227 quomodo
2835 5159 2907 5210 ait
2937 5173 2950 5211 :
2978 5155 3308 5211 Tolerabilius
3353 5155 3447 5209 erit
3489 5165 3636 5208 teme
3665 5153 3905 5208 Sodomo-

2351 5261 2554 5305 rum‘et
2585 5250 2874 5303 Gomorrlue
2928 5248 3094 5320 (Luc.
3149 5248 3232 5302 10.
3261 5243 3407 5316 12)?
3448 5245 3579 5300 Illud
3632 5245 3772 5298 enim
3817 5256 3902 5296 eos

2354 5345 2644 5413 puniendos
2675 5358 2789 5396 esse
2807 5341 3036 5395 declarat
3056 5381 3072 5406 ,
3101 5337 3368 5392 remissius
3398 5335 3640 5406 quidem,
3671 5336 3762 5388 sed
3809 5350 3899 5402 pu-

2355 5433 2573 5486 niendos
2603 5441 2797 5483 tamen.
2849 5429 3064 5483 Etiamsi
3107 5427 3192 5481 hic
3237 5436 3502 5480 extremas
3525 5424 3767 5479 dederint
3795 5437 3898 5491 po!-

2356 5538 2450 5578 nas
2479 5539 2491 5576 z
2520 5531 2749 5577 attamen
2773 5535 2876 5575 non
2905 5520 3004 5574 hoc
3042 5518 3161 5574 illos
3202 5515 3463 5572 liberabit.
3513 5515 3570 5571 Si
3594 5525 3773 5570 autem
3811 5514 3901 5570 ius

2420 5702 2436 5734 ί
2473 5698 2655 5755 ιωτυι..
2675 5697 2826 5748 soluta
2846 5709 3062 5757 corpora.
