4080 6514
321 449 415 506 117
1205 440 1269 496 IN
1312 439 1714 498 λιΑτΤιιΑῖυΜ
1759 436 1984 494 1103111..

314 579 418 620 non
449 570 622 624 eruet,
656 561 822 613 multo
852 557 1025 610 minus
1056 570 1150 609 eos
1176 556 1267 624 qui
1298 555 1428 609 nihil
1472 555 1556 608 hic
1590 553 1728 614 passi
1761 561 1903 605 sunt.

312 655 448 722 Quid
494 667 658 722 ergo,
704 650 980 720 inquiunt,
1039 648 1303 715 injustene
1348 646 1522 715 agitur
1570 660 1687 698 cum
1735 643 1797 697 iis
1822 643 1911 712 qui

318 757 438 800 ante
467 745 754 799 adventum
779 743 896 810 ejus
917 739 1208 793 vixerunt?
1236 738 1582 807 Nequaquam
1615 753 1628 788 :
1663 744 1932 804 poterant-

312 835 453 889 enim
489 849 587 889 nec
630 834 902 887 Christum
941 829 1172 884 confessi
1218 828 1444 882 salutem
1476 824 1755 893 consequi.
1796 822 1912 876 Non

311 928 454 981 enim
488 927 588 980 hoc
613 926 680 977 ab
712 923 816 977 illis
857 921 1198 991 exigebatur,
1229 918 1323 972 sed
1353 933 1421 972 ne
1445 916 1585 971 idola
1625 916 1870 970 colerent
1893 951 1910 978 ,

314 1028 368 1070 et
408 1027 467 1070 ut
497 1029 680 1068 verum
715 1014 879 1066 Deum
913 1020 1150 1064 nossent.
1202 1009 1450 1061 Dominus
1492 1006 1624 1060 enim
1654 1047 1670 1072 ,
1703 1004 1911 1073 inquit,

315 1105 455 1158 Deus
503 1089 617 1157 tuus
642 1145 657 1168 ,
691 1102 944 1156 Dominus
974 1117 1104 1153 unus
1131 1109 1201 1152 est
1234 1099 1425 1170 (Dent.
1470 1099 1521 1151 6.
1546 1098 1639 1166 4).
1684 1096 1914 1163 Ideoque

312 1196 593 1250 blaccabcci
637 1191 978 1247 admirationi
1009 1192 1254 1254 fuerunt,
1289 1190 1411 1257 quia
1443 1202 1541 1257 pro
1569 1185 1700 1256 legis
1728 1184 1914 1238 obser-

313 1287 528 1340 vatione
560 1286 698 1354 passi
741 1291 885 1346 sunt,
919 1298 980 1335 ac
1010 1292 1117 1335 tres
1164 1281 1344 1350 pueri.
1376 1280 1634 1347 multique
1659 1277 1747 1331 alii
1775 1276 1913 1345 apud

318 1376 533 1434 ludzeos
553 1416 565 1438 ,
596 1376 683 1443 qui
709 1377 871 1427 vitam
900 1371 1100 1440 optime
1127 1379 1429 1439 gesserunt,
1459 1379 1512 1422 et
1539 1368 1694 1436 hujus
1721 1367 1912 1434 cogni-

315 1470 479 1523 tionis
511 1467 726 1521 niodum
758 1473 1070 1526 servarunt,
1103 1462 1234 1516 nihil
1285 1459 1429 1514 aliud
1472 1460 1765 1513 observare
1820 1458 1916 1510 de-

316 1558 569 1612 buerunt.
594 1556 745 1609 Tunc
783 1555 926 1608 enim
954 1553 1019 1605 ad
1054 1553 1281 1605 salutem
1313 1549 1642 1612 sufficiebat,
1675 1557 1731 1601 ut
1756 1548 1871 1600 dixi
1898 1587 1912 1611 ,

315 1650 484 1704 Deum
513 1659 714 1702 tantum
746 1659 1109 1716 cognoscere;
1159 1658 1300 1696 nunc
1339 1657 1466 1695 vero
1517 1641 1565 1694 id
1619 1641 1749 1693 satis
1805 1655 1914 1690 non

315 1751 400 1795 est
426 1781 440 1802 .
469 1740 563 1794 sed
591 1740 860 1794 Christum
890 1750 1048 1790 nosse
1079 1744 1310 1805 oportet.
1343 1735 1546 1788 Idcirco
1571 1734 1785 1785 dicebat
1812 1750 1822 1783 :
1855 1733 1916 1784 Si

315 1849 420 1885 non
474 1836 718 1884 venissem
767 1840 814 1882 et
865 1831 1101 1895 loquutus
1127 1829 1337 1896 fuissem
1386 1826 1454 1878 eis
1479 1866 1492 1888 ,
1523 1835 1784 1893 peccatum
1818 1839 1917 1874 non

317 1923 597 1985 haberent;
646 1938 780 1974 nunc
835 1931 1006 1973 autent
1055 1920 1428 1972 excusationem
1479 1934 1581 1969 non
1636 1915 1816 1968 habent
1856 1915 1919 1968 de

317 2024 525 2083 peccato
567 2029 658 2064 suo
686 2010 873 2079 (Joan.
903 2009 992 2064 l5.
1023 2008 1147 2079 22).
1194 2008 1284 2063 Sic
1330 2016 1385 2062 et
1426 2007 1493 2061 de
1522 2007 1645 2059 vita:
1675 2006 1919 2059 instituto

318 2104 636 2173 putandum.
676 2103 825 2155 Tunc
855 2102 1028 2156 c=edcs
1082 2101 1404 2154 homicidam
1439 2100 1730 2168 perdebat,
1779 2113 1920 2153 nunc

319 2195 403 2248 vel
429 2194 581 2246 irasci
615 2192 834 2245 vetitum
886 2199 989 2245 est.
1020 2190 1169 2243 Tunc
1215 2190 1470 2243 moechari
1516 2198 1570 2242 et
1598 2205 1718 2243 cum
1744 2190 1918 2243 aliena

319 2283 544 2336 muliere
588 2279 925 2335 commisceri
968 2279 1285 2349 supplicium
1327 2278 1623 2342 afferebat;
1657 2295 1799 2334 nunc
1828 2296 1919 2332 au-

316 2382 426 2426 tem
459 2372 740 2440 impudicis
783 2370 950 2423 oculis
998 2372 1298 2438 respicere,
1353 2369 1491 2422 idem
1536 2368 1711 2423 all'ert.
1771 2369 1923 2423 Sicut

315 2465 554 2533 cognitio
575 2505 588 2526 ,
623 2463 701 2516 sic
731 2471 785 2515 et
812 2462 914 2514 vita
963 2476 1105 2514 nunc
1159 2461 1438 2514 sublimior
1479 2460 1788 2528 requiritur.
1818 2458 1923 2511 lta-

314 2569 425 2625 que
452 2553 583 2607 nihil
614 2553 907 2606 Prodromo
931 2568 1065 2622 opus
1093 2563 1227 2604 erat.
1251 2552 1524 2618 Alioquin,
1553 2552 1594 2604 si
1624 2552 1656 2604 ii
1677 2552 1766 2620 qui
1801 2560 1921 2618 post

319 2657 550 2699 mortem
595 2644 848 2708 credent,
882 2643 1107 2697 salutem
1155 2643 1535 2710 consequuturi
1563 2651 1715 2706 sunt,
1746 2641 1924 2695 nullus

317 2752 572 2806 umquam
594 2735 808 2804 peribit.
825 2734 1022 2789 Omnes
1039 2735 1182 2788 enim
1204 2743 1327 2786 tunc
1346 2733 1715 2800 pmoitentiam
1740 2743 1922 2803 agent,

317 2837 373 2882 et
398 2827 668 2880 Christum
697 2825 1015 2878 adorabunt.
1042 2824 1195 2890 Quod
1226 2833 1401 2877 autem
1433 2825 1557 2876 illud
1585 2826 1654 2878 sit
1685 2840 1873 2877 verum
1904 2865 1922 2887 ,

319 2917 446 2969 andi
473 2917 692 2969 Paulum
723 2917 1040 2980 dicentem:
1077 2913 1256 2966 Omnis
1285 2916 1458 2982 lingua
1488 2914 1809 2978 conﬁtebitur
1828 2955 1840 2976 ,
1878 2925 1926 2966 et

319 3024 472 3061 omne
517 3024 646 3078 genu
674 3007 901 3075 [lectetur
932 3006 1205 3058 cazlestium
1226 3045 1242 3069 ,
1274 3007 1584 3057 terrestrium
1613 3015 1658 3058 et
1698 2989 1925 3072 inferno-

317 3117 435 3153 rum
467 3100 484 3168 (
513 3100 741 3167 Philipp.
785 3100 840 3151 2.
873 3100 930 3151 11
963 3099 1014 3164 );
1064 3107 1138 3158 et,
1176 3096 1366 3149 Ultima
1405 3098 1611 3149 inimica
1643 3101 1926 3150 destruetur

318 3208 459 3242 mors
488 3188 576 3260 (1.
611 3189 730 3243 Cor.
763 3191 850 3242 15.
875 3190 945 3242 26
967 3191 1006 3258 ).
1036 3187 1142 3241 Sed
1184 3188 1383 3239 nullam
1424 3187 1702 3241 utilitatem
1731 3203 1794 3241 ex
1829 3191 1926 3242 hac

318 3281 652 3349 subjectione
679 3285 1102 3346 consequentur;
1154 3292 1259 3330 non
1314 3277 1457 3330 enim
1493 3291 1565 3330 ex
1599 3279 1735 3330 bona
1779 3279 1929 3329 volu-

323 3383 472 3442 ptate
503 3371 877 3441 proﬁciscitur,
915 3369 1009 3425 sed
1035 3385 1099 3424 ex
1148 3370 1258 3438 ipsa
1309 3384 1510 3432 rerum,
1542 3376 1598 3422 ut
1622 3370 1693 3425 ita
1734 3369 1927 3434 dicam,

323 3465 668 3537 necessitate.

395 3555 449 3607 4.
491 3553 566 3607 Ne
598 3553 706 3613 illa,
743 3567 956 3620 quzeso,
990 3551 1306 3604 inducamus
1347 3550 1506 3604 anilia
1536 3550 1784 3620 dogmata
1812 3592 1826 3615 ,
1875 3560 1929 3603 et

320 3645 570 3699 Judaicas
613 3644 839 3697 tabulas.
875 3641 1008 3695 Audi
1040 3642 1182 3695 enim
1210 3642 1338 3710 quid
1368 3642 1434 3695 de
1471 3641 1554 3694 his
1601 3642 1745 3695 dicat
1793 3642 1928 3694 Pan-

324 3735 451 3787 lus:
497 3733 809 3800 Quicumque
833 3733 965 3785 enim
1005 3732 1114 3785 sine
1162 3733 1268 3802 lege
1315 3744 1622 3800 peccaram,
1670 3735 1779 3785 sine
1821 3734 1930 3801 lege

323 3826 592 3897 peribunt;
620 3825 845 3893 loquens
867 3823 934 3877 de
958 3825 1021 3877 iis
1045 3824 1133 3892 qui
1165 3834 1288 3877 ante
1315 3825 1481 3891 legem
1501 3834 1653 3875 erant
1677 3841 1690 3883 ;
1726 3822 1787 3874 Et
1811 3825 1925 3890 qui-

321 3930 538 3982 cumque
562 3915 612 3966 in
635 3914 743 3982 lege
765 3923 1055 3979 peccarunt,
1077 3928 1166 3980 per
1184 3912 1340 3981 legem
1358 3912 1728 3981 judicabnntnr
1746 3911 1923 3979 (liam.

322 4005 382 4058 Ξ.
419 4003 559 4072 l2);
607 4003 674 4057 de
721 4003 785 4056 iis
837 4004 1084 4055 omnibus
1141 4003 1364 4071 loquens
1410 4003 1500 4070 qui
1543 4012 1662 4069 post
1689 4001 1925 4071 Moyseiu

323 4099 570 4157 inerunt;
606 4106 680 4160 et,
714 4094 967 4161 Quoniam
994 4094 1242 4147 rerelatur
1268 4096 1346 4145 ira
1375 4094 1469 4146 Dei
1508 4096 1571 4147 de
1594 4096 1717 4147 cet-lo
1746 4097 1797 4146 in
1822 4113 1926 4147 om-

324 4205 438 4241 nem
463 4189 767 4258 impietatem
788 4197 836 4240 et
861 4188 1163 4256 injustitium
1190 4186 1450 4238 hominum
1473 4186 1490 4256 (
1516 4185 1665 4238 llam.
1696 4187 1746 4239 1.
1779 4185 1846 4240 18
1868 4186 1885 4255 )
1911 4202 1925 4250 ;

321 4291 402 4345 et,
438 4281 628 4346 Furor,
655 4281 754 4344 ira,
785 4280 1042 4332 tribulatio
1065 4319 1079 4345 ,
1119 4279 1355 4348 angustia
1395 4278 1448 4330 in
1478 4293 1677 4329 omnem
1705 4277 1930 4330 animam

325 4371 544 4424 hominis
597 4372 853 4439 aperantis
896 4371 1086 4422 malum
1112 4408 1126 4428 ,
1182 4368 1355 4420 λιιάωὶ
1403 4369 1621 4434 primum
1674 4377 1719 4420 et
1763 4367 1930 4420 (ii-reci

324 4466 343 4526 (
369 4461 519 4515 llam.
551 4461 605 4514 ἓ.
653 4461 708 4515 8.
741 4462 829 4531 9).
879 4461 940 4514 Et
971 4471 1117 4514 certe
1144 4461 1282 4513 mala
1312 4463 1590 4513 innumera
1619 4459 1759 4527 passi
1807 4471 1929 4516 sunt

325 4552 584 4624 gentiles;
635 4551 777 4621 quod
822 4559 879 4605 et
921 4559 1237 4605 exterarum
1297 4549 1535 4604 historia:
1582 4552 1882 4618 signiﬁcant
1910 4593 1924 4616 ,

327 4656 540 4697 necnon
586 4639 878 4710 Scriptura:
923 4650 1143 4694 nostrae.
1174 4641 1301 4706 Quis
1331 4641 1475 4694 enim
1514 4640 1926 4710 Babyloniorum

325 4747 385 4793 et
412 4734 539 4808 (Eg)
553 4741 786 4806 ptiorum
821 4737 1108 4805 tragmdias
1148 4735 1477 4788 enarravcrit
1498 4733 1520 4784 ἱ)
1545 4733 1697 4800 Quod
1728 4737 1870 4787 enim
1895 4737 1927 4789 ii

324 4830 420 4898 qui
445 4827 721 4884 Christum
751 4844 860 4882 non
888 4837 1152 4882 noverunt
1181 4837 1304 4880 ante
1324 4827 1593 4881 carnalem
1615 4829 1926 4892 adventum,

323 4931 382 4976 et
425 4924 512 4990 qui
543 4921 612 4974 ab
659 4920 971 4991 idololatria.
992 4919 1294 4973 resilientes
1336 4919 1503 4973 ficum
1545 4934 1707 4972 unum
1738 4920 1928 4973 adora—

324 5024 475 5075 runt,
502 5024 569 5067 et‘
585 5014 805 5082 probam
853 5013 1056 5068 duxere
1084 5014 1286 5076 vitam,
1328 5013 1511 5064 omnia
1555 5012 1691 5065 bona
1738 5027 1931 5067 conse-

324 5104 547 5176 quuturi
599 5105 745 5164 sint,
794 5103 919 5158 audi
953 5102 1221 5172 quomodo
1274 5102 1414 5156 dicat
1509 5101 1686 5156 Gloria
1713 5114 1926 5167 autem,

327 5197 494 5248 honor
517 5203 564 5246 et
591 5209 694 5262 pax
719 5195 856 5246 enini
894 5192 1125 5260 aperanti
1171 5192 1354 5244 bonum
1379 5232 1394 5256 ,
1420 5189 1607 5245 luctata
1637 5193 1855 5260 primum
1882 5205 1929 5246 et

326 5284 502 5358 gentili
522 5279 550 5353 ’(
571 5283 723 5338 Rom.
753 5283 806 5335 9..
838 5283 959 5352 10).
996 5281 1185 5336 "iden’
1211 5283 1474 5335 bonorum
1516 5285 1732 5349 prarmia
1762 5284 1925 5335 multa

328 5375 437 5429 illis
463 5389 584 5427 esse
605 5415 619 5438 ,
651 5382 702 5427 et
732 5382 918 5426 contra
950 5371 1267 5424 facientibus
1317 5371 1575 5440 supplicia
1611 5381 1664 5424 et
1693 5387 1878 5440 pinnas
1906 5372 1928 5422 ἐ

327 5464 433 5521 Ubi
460 5481 599 5518 nunc
631 5477 754 5518 sunt
787 5464 820 5516 ii
853 5463 939 5531 qui
963 5461 1264 5531 gehennam
1295 5478 1399 5514 non
1429 5462 1698 5514 credunt?
1724 5461 1853 5514 Nam
1883 5479 1928 5517 SI

323 5565 365 5612 l‘t
397 5558 486 5625 qui
515 5567 637 5608 ante
668 5556 864 5609 Christi
895 5555 1180 5608 adventum
1232 5554 1488 5617 fuerunt,
1520 5555 1607 5621 qui
1638 5568 1704 5607 ne
1731 5569 1926 5608 nomen

330 5647 545 5717 quidem
593 5647 852 5716 gehennae
901 5646 1219 5710 audierunt,
1249 5659 1422 5714 neque
1478 5645 1926 5710 resurrectionis,

331 5751 612 5814 postquam
643 5739 728 5794 hic
754 5752 939 5810 pmnas
966 5737 1227 5793 dederunt
1248 5778 1264 5804 ,
1299 5739 1404 5792 illic
1433 5752 1644 5807 quoque
1701 5740 1926 5807 punien-

2020 441 2259 498 XXXVI.
2303 444 2378 498 al.
2412 441 2682 498 XXXVII.
3498 450 3607 508 418

2030 559 2118 603 tur
2135 563 2339 620 quanto
2354 555 2525 623 magis
2542 571 2642 608 nos
2656 555 2748 622 qui
2765 557 2817 608 in
2843 566 2990 610 tanta
3006 558 3365 626 philosophiae
3382 563 3396 594 ¹
3415 566 3614 617 doctri-

2021 659 2087 697 na
2118 644 2326 700 educati
2358 647 2589 702 sumus?
2643 647 2711 701 Et
2736 661 2839 717 qua
2861 647 3072 702 ratione
3098 690 3113 712 ,
3137 650 3351 718 inquies
3369 693 3385 717 ,
3426 653 3504 708 illi
3529 655 3621 726 qui

2018 734 2152 788 nihil
2177 750 2433 804 umquam
2457 736 2525 791 de
2551 737 2796 806 gehenna
2838 738 3162 803 audierunt,
3217 741 3270 794 in
3316 741 3618 816 gehennam

2021 825 2298 880 incident?
2324 827 2512 882 Dicent
2536 829 2700 892 enim,
2729 828 2783 883 Si
2811 828 3110 898 gehennam
3142 832 3497 887 comminatus
3534 850 3623 891 es-

2024 925 2149 975 ses,
2182 928 2293 982 prae
2328 921 2474 967 metu
2504 923 2869 982 temperanter
2896 916 3244 974 vixissemus.
3288 917 3455 974 Plane
3479 921 3609 991 qui-

2024 1001 2146 1055 dem
2197 1003 2479 1072 (nonne?)
2499 1003 2767 1058 vixissent
2807 1014 2866 1058 ut
2894 1021 2996 1062 nos
3049 1010 3215 1062 vitam
3256 1014 3469 1078 agimus
3513 1011 3610 1081 qui

2020 1097 2259 1166 quotidie
2282 1113 2562 1152 sermones
2585 1099 2652 1153 de
2676 1099 2917 1168 gebenna
2944 1099 3213 1162 audimus,
3243 1117 3413 1168 neque
3445 1114 3623 1157 tamen

2022 1188 2087 1242 iis
2106 1189 2344 1242 animum
2376 1189 2715 1242 adhibemus.
2741 1189 2942 1245 Praeter
2969 1191 3083 1244 haec
3111 1200 3289 1244 autem
3321 1191 3448 1245 illud
3487 1211 3625 1262 quo-

2020 1294 2124 1347 que
2157 1278 2444 1334 dicendum
2473 1291 2592 1345 est,
2636 1296 2761 1336 eum
2807 1282 2896 1350 qui
2955 1277 3307 1350 prteséntibus
3346 1285 3627 1352 suppliciis

2021 1387 2126 1425 non
2161 1374 2439 1435 retinetur,
2471 1373 2639 1426 multo
2663 1375 2840 1428 minus
2877 1374 2978 1426 illis
3016 1376 3368 1430 coercebitur.
3421 1377 3625 1432 Rodio-

2021 1477 2109 1516 res
2134 1461 2276 1515 enim
2331 1462 2735 1532 crassioresque
2765 1463 3012 1518 homines
3058 1467 3410 1533 praisentibus
3458 1469 3628 1537 magis

2022 1563 2074 1606 et
2099 1552 2424 1607 instantibus
2450 1555 2626 1608 solent
2647 1554 2712 1607 ad
2746 1554 3177 1622 resipiscentia'm
3212 1557 3412 1620 vocari,
3464 1572 3624 1626 quam

2024 1645 2088 1698 iis
2117 1660 2239 1713 qua:
2271 1645 2440 1698 multo
2467 1657 2586 1714 post
2626 1654 2867 1712 tempore
2916 1653 3039 1699 sunt
3085 1656 3371 1700 eventura.
3407 1647 3625 1709 Verum,

2025 1737 2258 1806 inquies,
2289 1737 2445 1789 nobis
2495 1739 2667 1804 major
2718 1737 2962 1791 imminet
3011 1745 3204 1801 terror,
3237 1738 3463 1808 ideoque
3505 1753 3626 1792 cum

2024 1827 2128 1881 illis
2155 1843 2259 1881 non
2313 1828 2507 1895 injuste
2550 1837 2726 1881 actum
2765 1828 2894 1881 est?
2946 1827 3293 1896 Nequaquam
3336 1845 3395 1884 se
3442 1844 3529 1884 res
3558 1830 3626 1883 ita

2028 1919 2206 1974 habet.
2237 1919 2420 1973 Primo
2473 1921 2616 1974 enim
2661 1935 2767 1972 non
2803 1917 2960 1973 iidem
3002 1920 3212 1973 labores
3250 1921 3406 1973 nobis
3433 1929 3487 1973 et
3527 1921 3626 1974 illis

2025 2013 2284 2080 propositi
2313 2019 2438 2064 sunt
2462 2028 2475 2073 ;
2507 2010 2599 2065 sed
2632 2012 2802 2063 multo
2831 2010 3066 2077 majores
3095 2004 3270 2065 nobis.
3303 2011 3424 2065 lllos
3448 2023 3627 2066 autem

2027 2102 2114 2169 qui
2146 2102 2378 2168 majores
2409 2102 2710 2168 suscipiunt
2735 2101 2979 2162 labores,
3015 2102 3204 2166 majori
3243 2112 3452 2169 opnotet
3475 2104 3626 2156 ausi-

2030 2193 2101 2244 lio
2144 2192 2266 2244 lrui.
2318 2183 2600 2246 Auxilium
2640 2203 2819 2246 autem
2871 2207 2977 2245 non
3029 2193 3300 2246 modicum
3351 2193 3480 2248 illud
3508 2204 3630 2260 est,

2026 2296 2147 2336 cum
2177 2283 2336 2336 timor
2360 2293 2603 2352 augetur.
2624 2283 2678 2359 Si
2709 2295 2889 2337 autem
2918 2283 2969 2336 id
2997 2284 3116 2352 plus
3139 2299 3304 2352 quam
3336 2285 3404 2337 illi
3438 2286 3633 2362 habea-

2030 2387 2166 2434 mus.
2198 2373 2337 2441 quod
2364 2372 2537 2426 futura
2567 2387 2874 2436 noscamus,
2905 2374 2977 2426 illi
3008 2389 3222 2442 quoque
3252 2375 3301 2427 id
3328 2377 3444 2443 plus
3472 2391 3632 2444 quam

2030 2477 2128 2516 nos
2173 2462 2390 2528 habent,
2427 2463 2567 2532 quod
2598 2479 2770 2534 preme
2817 2465 3060 2534 ingentes
3091 2465 3194 2518 illis
3229 2466 3510 2519 confestim
3545 2467 3632 2520 in-

2030 2553 2291 2607 ferantur.

2099 2645 2314 2699 Iustitia
2338 2644 2451 2708 Dei,
2477 2654 2522 2696 et
2550 2645 2797 2713 puniendi
2826 2645 3055 2697 ratio.-—-
3085 2644 3281 2699 Verum
3307 2645 3449 2700 aliud
3480 2646 3634 2715 quid-

2033 2740 2172 2808 piam
2205 2739 2391 2791 dicunt
2422 2737 2656 2806 plurimi.
2686 2736 2786 2790 Ubi
2810 2745 2890 2790 est
2911 2778 2925 2800 ,
2953 2737 3236 2806 inquiunt,
3263 2737 3466 2803 justitla
3501 2738 3632 2803 Dei,

2033 2828 2276 2895 quando,
2306 2829 2348 2880 si
2378 2827 2496 2895 quis
2528 2827 2614 2879 hic
2642 2837 2857 2894 peccet,
2888 2838 2942 2879 et
2973 2827 3057 2881 hic
3084 2837 3137 2880 et
3162 2827 3271 2881 illic
3294 2843 3479 2896 poenas
3505 2830 3636 2884 dei?

2034 2917 2208 2971 Vultis
2242 2917 2400 2986 igitur
2441 2927 2496 2969 ut
2523 2916 2662 2970 dicta
2699 2927 2874 2969 vestra
2907 2919 2956 2969 in
2991 2918 3308 2971 memoriam
3352 2919 3502 2973 vobis
3545 2935 3637 2974 re—

2033 3025 2240 3072 Vocem,
2276 3025 2341 3062 ne
2371 3009 2508 3062 ultra
2543 3009 2778 3061 laborem
2811 3008 2963 3060 n'ohis
2990 3008 3247 3072 aﬂ'eratis,
3275 3008 3369 3062 sed
3393 3023 3456 3063 ex
3483 3009 3638 3066 vobis

2035 3103 2164 3170 ipsis
2205 3101 2524 3154 solutionem
2574 3101 2754 3154 detis?
2779 3099 2973 3154 Multos
3004 3115 3067 3152 ex
3099 3100 3298 3154 nostris
3323 3101 3536 3165 audivi,
3565 3102 3639 3156 si-

2035 3192 2246 3260 quando
2274 3191 2577 3245 cdiscercnt
2605 3191 2928 3244 homicidam
2956 3191 3187 3258 aliquem
3221 3191 3273 3245 in
3295 3191 3497 3259 judicio
3521 3195 3639 3261 ple-

2034 3299 2162 3335 xum
2192 3285 2390 3346 fuisse,
2414 3298 2534 3333 cum
2567 3280 2930 3348 indignatione
2963 3279 3202 3333 dicentes
3236 3298 3247 3332 :
3282 3281 3519 3351 Triginta
3552 3286 3635 3338 vel

2038 3373 2277 3441 pluribus
2303 3371 2539 3424 caedibus
2561 3410 2575 3434 ,
2606 3371 2902 3424 sceleratus
2931 3370 3023 3423 ille
3042 3410 3056 3434 ,
3086 3371 3308 3438 patratis
3328 3410 3345 3437 ,
3377 3387 3479 3425 una
3518 3382 3639 3426 tan-

2037 3475 2147 3518 tum
2179 3464 2296 3517 vice
2328 3473 2554 3517 mortem
2582 3461 2745 3516 subit.
2781 3461 2845 3514 Et
2885 3462 3100 3515 ubinam
3137 3462 3343 3528 justitia
3375 3463 3502 3517 est?
3535 3464 3640 3518 Vos

2035 3575 2162 3626 ergo
2190 3556 2427 3609 fatemini
2457 3563 2683 3608 mortem
2714 3568 2874 3606 unam
2904 3569 3010 3606 non
3035 3553 3165 3607 satis
3189 3567 3402 3622 semper
3424 3571 3546 3609 esse
3572 3557 3642 3612 ad

2034 3648 2350 3715 supplicium
2397 3646 2741 3713 condignum.
2772 3644 2880 3698 Cur
2909 3659 3038 3712 ergo
3073 3659 3211 3698 nunc
3247 3646 3512 3698 contraria
3542 3645 3642 3699 de-

2034 3737 2297 3792 cernitis?
2325 3736 2457 3802 Quia
2489 3751 2597 3788 non
2627 3735 2695 3788 de
2735 3734 2889 3798 aliis,
2933 3733 3029 3787 sed
3054 3733 3300 3787 de'vobis
3327 3734 3459 3802 ipsis
3493 3734 3641 3802 judi-

2034 3832 2175 3882 cium
2205 3827 2373 3880 lertis.
2423 3826 2514 3880 Sic
2553 3826 2773 3894 praprio
2811 3838 2998 3877 amore
3026 3821 3346 3892 impodimur
3370 3863 3384 3886 ,
3418 3839 3484 3877 ne
3515 3824 3642 3893 quid

2032 3920 2234 3987 justum
2262 3917 2333 3970 sit
2361 3916 2656 3969 videamus.
2693 3913 2895 3966 Idcirco
2922 3928 3044 3966 cum
3076 3912 3144 3966 de
3170 3911 3289 3965 aliis
3314 3911 3640 3979 judicamus,

2035 4011 2437 4063 accuratissime
2489 4021 2602 4060 rem
2648 4004 3004 4071 indagamus;
3055 4017 3177 4056 cum
3219 4017 3347 4056 vero
3377 4004 3443 4057 de
3488 4006 3644 4058 nobis

2038 4100 2168 4169 ipsis
2194 4142 2206 4164 ,
2242 4098 2480 4153 tenebris
2509 4095 2830 4149 inrolvimur
2859 4111 2872 4145 τ
2905 4093 2994 4161 qui
3025 4095 3068 4146 si
3108 4108 3324 4146 causam
3356 4103 3591 4148 nostram
3621 4136 3639 4159 ,

2038 4203 2093 4243 ut
2117 4193 2344 4243 alienam
2374 4189 2782 4255 exploraremus
2805 4225 2819 4248 ,
2852 4184 3061 4236 sincere
3101 4192 3157 4236 et
3194 4185 3310 4238 sine
3351 4185 3455 4237 ulla
3486 4199 3644 4240 acce-

2037 4281 2219 4349 ptione
2240 4277 2502 4332 calculum
2529 4275 2811 4328 ferremus.
2841 4273 3060 4326 Peccata
3090 4280 3285 4341 quippe
3319 4285 3498 4328 nostra
3535 4291 3641 4329 non

2035 4373 2242 4426 duabus
2267 4369 2348 4423 vel
2368 4368 2555 4426 tribus,
2579 4364 2674 4420 sed
2699 4364 2844 4417 mille
2868 4363 3128 4416 mortibus
3153 4364 3310 4432 digna
3330 4373 3472 4416 sunt.
3500 4364 3564 4416 Et
3587 4375 3645 4418 ut

2037 4464 2139 4518 alia
2168 4461 2431 4521 om‘ittam,
2466 4456 2814 4511 recordemur
2832 4463 2959 4522 quot
2991 4463 3043 4506 et
3071 4464 3253 4522 quanti
3279 4454 3531 4521 mysteria
3563 4454 3645 4507 in-

2036 4557 2195 4624 digne
2217 4552 2600 4622 participamus
2635 4564 2662 4613 :_
2682 4547 2757 4600 illi
2792 4561 2920 4599 vero
2949 4546 3038 4614 qui
3068 4545 3145 4597 sic
3178 4545 3532 4613 participant,
3562 4546 3642 4599 rei

2038 4657 2164 4702 sunt
2191 4643 2434 4714 corporis
2465 4653 2518 4696 et
2540 4639 2818 4708 sanguinis
2839 4636 3062 4691 Christi.
3091 4637 3273 4705 Itaque
3299 4650 3421 4689 cum
3447 4637 3515 4690 de
3544 4637 3643 4689 lm-

2036 4737 2226 4792 mirida
2247 4735 2484 4804 loqueris
2505 4772 2518 4793 ,
2551 4729 2723 4799 cogita
2751 4729 2978 4795 leipsum
3013 4726 3336 4779 homicidam
3368 4740 3507 4779 esse.
3547 4727 3641 4783 llle

2039 4842 2268 4892 namque
2314 4827 2584 4878 hominem
2617 4821 2860 4884 occidit,
2917 4829 2972 4872 tu
3020 4833 3149 4873 vero
3195 4819 3383 4872 mortis
3428 4819 3639 4877 Domini

2037 4935 2158 4974 reus
2179 4932 2237 4972 es
2262 4934 2274 4970 τ
2305 4917 2394 4970 ille
2422 4930 2526 4967 non
2559 4912 2938 4983 mysteriorum
2965 4910 3231 4978 particeps
3255 4909 3364 4970 fuit.
3391 4924 3489 4964 nos
3511 4926 3640 4964 νιιςτυ

2036 5025 2186 5066 sacra
2213 5021 2396 5062 mensa
2433 5004 2679 5058 fruimur.
2709 5000 2846 5067 Quid
2891 4999 2959 5054 de
2987 5000 3050 5052 iis
3087 4999 3259 5053 dicam
3282 5042 3295 5065 ,
3323 5003 3410 5069 qui
3447 5001 3641 5055 fratres

2036 5115 2162 5156 suos
2201 5097 2483 5156 mordent.
2515 5094 2810 5155 devorant,
2859 5090 3191 5157 multumque
3239 5091 3428 5142 veneni
3469 5090 3640 5144 etiam

2037 5191 2206 5246 dunt?
2233 5188 2360 5259 quid
2383 5187 2448 5240 de
2469 5185 2558 5238 illo
2586 5187 2676 5252 qui
2703 5183 2882 5235 cibum
2910 5180 3230 5249 pauperibus
3256 5178 3486 5247 abripit?
3509 5181 3638 5233 Nam

2035 5287 2077 5338 si
2107 5285 2151 5338 is
2175 5323 2191 5348 ,
2224 5283 2315 5351 qui
2356 5281 2754 5349 eleemosynam
2787 5290 2894 5328 non
2935 5283 3145 5344 erogat,
3191 5275 3240 5326 id
3272 5274 3391 5326 facit
3421 5315 3435 5336 ,
3468 5276 3636 5329 multo

2035 5375 2206 5443 magis
2237 5373 2325 5425 ille
2354 5371 2442 5441 qui
2474 5370 2646 5423 aliena
2674 5365 2888 5433 abripit.
2923 5365 3062 5429 Quot
3113 5363 3315 5416 luribus
3345 5363 3641 5418 deteriores

2035 5474 2160 5518 sunt
2188 5463 2375 5517 avari?
2406 5468 2536 5530 quot
2567 5456 2851 5512 homicidis
2881 5464 2935 5508 et
2962 5454 3333 5521 sepulcrorum
3367 5454 3641 5510 eﬂossoré-

2037 5557 2137 5610 bus
2165 5555 2377 5623 pejores
2421 5563 2545 5606 sunt
2597 5549 2888 5618 raptores?
2935 5557 3067 5615 quot
3113 5547 3457 5613 reperiuntur
3507 5547 3638 5614 qui,

2037 5655 2317 5718 postquam
2345 5644 2661 5712 spoliarunt,
2681 5641 2748 5693 ad
2772 5639 3119 5708 spoliatorum
3143 5639 3302 5689 ctiam
3325 5640 3638 5710 sanguinem

2039 5738 2292 5794 inhiant?
2319 5736 2498 5799 Absit,
2533 5733 2762 5803 inquies.
2795 5731 2945 5786 Nunc
2975 5730 3128 5790 dicis,
3163 5727 3313 5782 Absit
3342 5747 3355 5793 ;
3387 5742 3509 5783 cum
3539 5729 3642 5782 ini-

2105 5850 2119 5879 ί
2158 5845 2264 5905 Alii,
2309 5843 2570 5907 sapientia'.
