4080 6500
599 469 704 527 ιιο

600 584 793 639 micum
815 576 1038 634 habebis
1056 615 1074 641 ,
1102 583 1212 629 tum
1231 571 1337 636 dic,
1371 570 1556 631 Absit.
1597 583 1662 623 ac
1691 568 1952 623 dictorum
1982 577 2168 619 recor-

597 675 728 729 dare
751 711 767 734 ,
797 677 854 726 et
870 667 1031 723 vitam
1058 674 1199 720 tuam
1226 677 1345 717 cum
1385 675 1574 736 magna
1602 659 1817 713 institue
1858 654 2128 723 diligentia
2150 692 2165 717 ,

595 777 674 819 ne
711 759 1066 817 Sodomorum
1109 755 1244 810 mala
1293 742 1392 806 nos
1430 749 1732 820 excipiant,
1763 763 1831 800 ne
1855 743 2168 800 Gomorrlnn

600 851 741 906 mala
768 851 1061 920 patiamur,
1091 860 1158 900 ne
1185 843 1466 914 Tyriorum
1502 849 1558 896 et
1597 837 1932 894 Sidoniorum
1969 847 2167 922 menas

595 941 826 1005 demus;
874 942 980 994 imo
1019 936 1194 1006 potius
1238 949 1305 989 ne
1328 932 1596 989 Christum
1619 927 1953 984 offendamus
1979 968 1992 989 ,
2024 923 2163 992 quod

597 1031 835 1086 omnium
862 1039 944 1084 est
981 1026 1350 1096 gravissimum
1378 1031 1431 1077 et
1460 1018 1929 1075 terribilissimum.
1958 1014 2090 1069 Nam
2119 1014 2162 1066 si

598 1119 781 1175 multis
799 1117 1037 1187 gehenna
1074 1115 1282 1169 videtur
1307 1110 1560 1165 terribilis
1582 1123 1732 1174 esse,
1774 1121 1881 1159 non
1915 1105 2073 1158 finem
2105 1105 2182 1155 fa-
2230 1117 2236 1123 ·

1334 457 1390 514 S.
1421 451 1700 535 JOANNIS
1731 443 2203 511 CHRYSOSTOMI
2255 444 2572 505 ARCHIEP.
2612 447 3155 506 CONSTANTINOP.

3749 443 3842 503 ﬁt)

2273 563 2412 619 ciam
2439 563 2701 618 clamandi
2733 563 2836 617 hoc
2869 576 2990 618 esse
3016 562 3258 633 gebenna
3299 562 3521 632 gravius
3557 577 3624 620 ac
3645 564 3845 621 terribi-

2272 655 2395 709 lius.
2426 656 2494 710 Et
2529 669 2625 710 vos
2666 657 2735 709 ita
2765 654 2984 710 enectos
3012 670 3134 710 esse
3158 670 3286 725 rogo
3311 673 3326 708 :
3353 655 3434 710 sic
3457 657 3606 711 enim
3635 667 3689 711 et
3711 674 3740 709 a
3764 673 3846 725 ge-

2271 749 2445 801 henna
2474 746 2817 802 liberabimur
2836 786 2852 810 ,
2887 755 2941 799 et
2963 744 3161 800 Christi
3187 746 3356 816 gloria
3385 746 3632 802 fruemur
3659 764 3842 818 :qnam

2270 851 2371 890 nos
2397 850 2586 892 omnes
2611 837 2820 902 assequi
2851 836 3155 906 contingat,
3186 840 3355 907 gratia
3402 848 3458 894 et
3488 840 3842 894 misericordia

2272 927 2480 982 Domini
2517 927 2684 981 nostri
2719 925 2845 980 Jesu
2872 925 3108 992 Christi,
3137 928 3222 981 cui
3253 929 3421 998 gloria
3452 938 3508 984 et
3534 930 3840 1001 imperium,

2269 1017 2322 1071 in
2351 1018 2542 1072 sarcula
2569 1015 2903 1071 saeculorum.
2928 1018 3116 1071 Amen.

1576 1309 1924 1373 HOMILIA
1989 1302 2319 1368 XXXVII.
2365 1301 2452 1363 al.
2500 1301 2858 1364 XXXVIII.

591 1461 720 1517 Cn.
749 1460 837 1516 il.
864 1476 918 1514 v.
944 1460 1000 1513 7.
1039 1455 1156 1511 Illis
1184 1466 1352 1510 autent
1379 1454 1700 1515 abeuntibus,
1731 1451 1877 1520 erepit
1903 1448 2054 1503 Iesus
2081 1445 2164 1498 di-

663 1565 774 1615 rere
811 1551 878 1602 ad
923 1536 1092 1602 turbas
1128 1547 1192 1601 de
1213 1541 1415 1599 Joanne
1435 1563 1453 1598 ι
1486 1544 1622 1610 Quid
1649 1543 1818 1598 existis
1838 1542 1889 1593 in
1915 1540 2165 1592 desertum

661 1635 868 1692 sidere?
906 1635 1204 1689 arundinem
1248 1650 1280 1685 a
1316 1641 1459 1686 vento
1497 1631 1783 1700 agitatam)
1825 1629 1877 1682 ι.
1911 1626 2016 1682 Sed
2042 1624 2166 1690 quid

663 1729 836 1784 existis
884 1726 1092 1781 uidere?
1130 1725 1382 1778 hominem
1429 1722 1664 1776 mollibus
1704 1721 1932 1774 vestitum
1964 1720 1990 1773 γ
2037 1718 2166 1773 Eros

661 1819 747 1884 qui
799 1816 1031 1870 mollibus
1080 1816 1374 1877 satiantur,
1427 1815 1479 1866 in
1527 1813 1756 1866 domibus
1801 1827 1974 1880 regum
2025 1818 2160 1864 sunt.

662 1907 720 1963 9.
749 1906 854 1962 Sed
873 1906 996 1976 quid
1023 1906 1193 1961 existis
1222 1905 1386 1958 uidere
1404 1905 1430 1955 9
1457 1902 1753 1978 prophetam
1775 1902 1801 1955 Ρ
1823 1898 2019 1968 Etiam,
2050 1899 2164 1954 dico

660 1995 816 2060 nobis,
845 2005 892 2049 et
913 1996 1028 2063 plus
1055 1988 1205 2064 quam
1234 1993 1552 2062 prophetam.

662 2088 714 2142 i.
735 2085 963 2141 Christus
978 2085 1227 2154 quamde
1246 2085 1435 2154 [amant
1454 2082 1670 2138 Joannis
1697 2081 1940 2151 Baptista:
1962 2080 2164 2134 adstru-

590 2177 720 2231 ανῆ
737 2186 783 2229 et
804 2176 1300 2247 defenderit—Qum
1315 2175 1380 2227 ad
1399 2174 1688 2243 discipulos
1711 2173 1930 2228 Joannis
1957 2182 2167 2242 specta-

593 2267 722 2324 bant
745 2276 889 2322 recte
908 2267 1148 2320 ordinata
1169 2275 1290 2320 sunt
1313 2282 1328 2330 ;
1350 2265 1532 2333 illique
1551 2265 1924 2326 discesserunt,
1944 2278 1974 2316 a
2000 2263 2163 2332 signis

587 2373 706 2429 qua
730 2356 906 2411 statim
937 2357 1071 2411 facta
1102 2368 1226 2410 sunt
1263 2355 1560 2409 confirmati
1595 2371 1608 2408 :
1637 2353 1872 2409 restabat
1900 2353 2115 2407 demum
2141 2391 2159 2418 ,

592 2456 650 2502 ut
677 2462 797 2518 quae
824 2448 888 2502 ad
919 2447 1096 2517 populi
1121 2447 1425 2517 Opinionem
1457 2446 1790 2516 pertinebant
1817 2451 2164 2504 curarentur.

592 2538 670 2594 Illi
692 2539 886 2608 quippe
911 2539 978 2592 de
1005 2538 1260 2607 magistro
1288 2551 1386 2591 suo
1412 2536 1539 2589 nihil
1569 2549 1726 2602 supra
1765 2535 2027 2588 dictorum
2067 2547 2159 2586 su-

587 2626 962 2696 spicabantur;
995 2627 1145 2680 turba
1169 2641 1294 2680 vero
1322 2626 1522 2694 populi,
1549 2639 1617 2678 ex
1647 2623 2058 2692 interrogatione
2083 2621 2163 2675 di-

593 2718 918 2786 scipulorum
961 2715 1216 2780 Joannis,
1245 2715 1472 2770 absurda
1523 2715 1684 2768 multa
1727 2716 1990 2783 suspicata
2042 2723 2156 2779 est,

584 2806 728 2876 quod
779 2805 1008 2859 nesciret
1055 2819 1156 2874 qua
1208 2812 1388 2859 mente
1432 2803 1522 2858 ille
1565 2802 1854 2871 discipulos
1885 2803 2155 2861 misisset:

584 2894 978 2963 verisimileqne
1006 2903 1088 2948 est
1127 2894 1247 2948 illos
1272 2893 1350 2948 sic
1377 2893 1514 2946 intra
1545 2907 1604 2946 se
1628 2892 1969 2948 ratiocinatos
1994 2904 2115 2946 esse
2141 2907 2156 2945 :

585 2985 688 3054 Qui
735 2993 812 3038 tot
859 2995 1108 3052 tantaque
1138 2983 1446 3038 testificatus
1471 2993 1605 3046 erat,
1632 2997 1774 3037 nunc
1802 2991 2032 3037 mutatus
2058 2983 2159 3035 du-

586 3075 738 3137 bitat,
764 3089 887 3127 num
921 3074 1025 3137 hic,
1057 3089 1180 3126 num
1209 3074 1341 3126 alius
1373 3082 1628 3127 venturus
1653 3072 1754 3125 sit?
1776 3071 1909 3124 Num
1937 3072 2022 3140 qui
2045 3070 2156 3124 haec

583 3165 712 3218 dicit
739 3162 954 3217 dissidia
975 3177 1095 3216 cum
1129 3161 1253 3217 Iesu
1281 3161 1497 3216 movet?
1523 3177 1648 3215 num
1679 3161 1910 3215 timidior
1938 3178 2000 3215 ex
2033 3176 2153 3214 car-

581 3267 706 3306 cere
737 3247 939 3305 lactus?
970 3266 1096 3304 num
1125 3262 1321 3304 temere
1347 3251 1528 3319 priora
1554 3251 1801 3304 dixerat?
1831 3251 1964 3318 Quia
1994 3251 2153 3320 igitur

585 3341 877 3397 verisimile
897 3350 1008 3396 erat
1040 3343 1178 3409 ipsos
1201 3341 1320 3394 talia
1363 3342 1526 3395 multa
1552 3342 1806 3410 suspicari
1832 3382 1848 3406 ,
1877 3341 1995 3396 vide
2018 3357 2151 3410 quo-

583 3433 742 3488 modo
783 3432 994 3486 illorum
1040 3429 1399 3484 inﬁrmitatem
1429 3432 1681 3500 corrigat,
1714 3440 1768 3485 et
1792 3430 1886 3483 bas
1911 3441 2153 3485 amoveat

580 3520 934 3590 Suspiciones.
978 3518 1224 3572 Euntibus
1269 3521 1399 3571 enim
1444 3518 1576 3583 illis,
1609 3519 1942 3588 cmpitdicere
1967 3518 2148 3573 turbis.

579 3608 688 3662 Cur
719 3607 964 3661 Euntibus
992 3608 1092 3661 illis
1111 3607 1137 3660 l
1161 3607 1239 3662 Ne
1263 3607 1535 3661 videretur
1568 3607 1770 3661 adulari
1793 3608 1986 3660 virum.
2017 3608 2150 3660 Dum

580 3705 758 3753 autem
788 3698 965 3766 populi
993 3696 1299 3766 opinionem
1327 3695 1594 3761 emendat,
1623 3696 1766 3750 illius
1792 3697 2148 3765 su5picioncm

578 3798 692 3842 nun
710 3786 926 3841 adducit
956 3787 1008 3840 in
1037 3785 1289 3848 medium,
1312 3785 1404 3841 sed
1433 3786 1745 3839 solutionem
1771 3793 1970 3838 tantum
1997 3784 2149 3839 adert

576 3876 996 3941 ratiociniornm,
1021 3890 1140 3943 quae
1160 3875 1368 3929 illorum
1386 3883 1617 3930 mentem
1641 3874 1940 3938 turbabant,
1969 3883 2149 3929 osten-

576 3966 712 4020 dens
760 3981 818 4019 se
863 3965 1098 4019 omnium
1148 3961 1355 4018 secreta
1404 3979 1747 4031 cognoscere.
1796 3964 1977 4034 Neque
2005 3967 2145 4019 enim

572 4055 704 4110 dicit
718 4055 856 4109 sicut
874 4052 1072 4108 .ludzeis
1087 4051 1296 4107 dicebat
1320 4068 1336 4104 :
1367 4051 1505 4118 Quid
1525 4055 1750 4122 cogitatis
1774 4055 1908 4107 uiola
1932 4053 2143 4121 (Matth.

573 4142 626 4196 9.
657 4143 712 4210 ι)
739 4143 762 4195 l
805 4142 1023 4196 Etiamsi
1058 4141 1200 4194 enim
1243 4140 1564 4208 cogitarent,
1595 4157 1699 4195 non
1728 4158 1792 4196 ex
1821 4144 2146 4214 malignitate

572 4232 903 4302 cogitabant,
936 4230 1029 4286 sed
1060 4230 1199 4299 quod
1230 4245 1291 4284 ea
1321 4244 1442 4297 qua:
1479 4229 1790 4285 dicebantur
1817 4234 2141 4302 ignorarent.

574 4320 700 4376 Ideo
719 4335 823 4374 non
855 4322 1048 4374 acriter
1073 4320 1361 4388 alloquitur
1386 4317 1526 4382 illos,
1556 4319 1650 4372 sed
1677 4321 1886 4374 illorum
1912 4333 2142 4376 mentem

571 4420 775 4467 tantum
815 4411 1071 4479 corrigit,
1120 4409 1490 4478 .loauncmque
1532 4408 1804 4475 defendit,
1855 4412 2146 4482 probatque

571 4502 716 4555 illum
745 4515 849 4554 non
885 4515 912 4552 a
938 4502 1117 4567 priore
1140 4499 1399 4553 sententia
1426 4496 1732 4563 deﬂexisse,
1764 4514 1862 4554 nec
1888 4511 2142 4555 mutatum

571 4588 752 4643 fuisse.
786 4587 968 4656 Neque
991 4588 1133 4642 enim
1159 4596 1260 4651 est,
1291 4585 1481 4655 inquit,
1512 4585 1670 4641 homo
1694 4588 1826 4642 levis
1869 4591 1951 4644 vel
1992 4591 2142 4645 volu-

573 4676 716 4734 bilis.
761 4678 853 4728 sed
895 4678 1093 4737 tit-mus,
1128 4687 1414 4739 constans;
1445 4690 1544 4729 nec
1571 4678 1710 4742 talis,
1737 4681 1824 4748 qui
1861 4680 2050 4747 prodat
2081 4697 2141 4736 ea

568 4780 688 4833 quat
713 4765 812 4818 sibi
844 4763 1148 4817 concredita
1182 4773 1322 4817 sunt.
1360 4765 1479 4818 Ιίωρ
1507 4773 1680 4820 autem
1713 4769 1780 4821 ita
1825 4771 2104 4824 COi'iCittnnl
2126 4813 2141 4837 ,

569 4865 622 4909 et
674 4870 776 4909 non
825 4856 1000 4908 statim
1053 4870 1114 4908 ex
1165 4856 1375 4923 propria
1407 4859 1689 4920 sententia,
1722 4859 1811 4914 sed
1838 4879 1903 4916 ex
1929 4864 2142 4918 illorum

568 4946 870 4998 tmtimonio
901 4945 1150 5013 procedat
1177 4962 1189 4996 :
1221 4959 1322 4996 non
1351 4959 1416 4998 ex
1446 4944 1602 4999 dictis
1631 4958 1829 5003 tantum
1866 4953 2098 5020 ipsorum
2124 4995 2138 5016 .

567 5032 661 5088 sed
693 5041 743 5088 ct
773 5049 838 5085 ex
871 5033 1123 5101 operibus
1150 5032 1439 5086 ostendens
1467 5035 1610 5104 ipsos
1637 5039 1754 5104 ejus
1791 5045 2139 5098 constantiam

568 5125 879 5180 testiﬁcatus
899 5139 1033 5178 esse.
1067 5125 1351 5195 Propterea
1372 5125 1521 5191 dicit,
1551 5128 1686 5194 Quid
1709 5134 1878 5185 existis
1901 5136 1952 5188 in
1981 5137 2140 5190 deser-

570 5227 673 5267 tum
699 5214 906 5268 ridere?
936 5228 995 5268 ac
1026 5221 1069 5267 si
1099 5214 1297 5268 diceret
1322 5257 1334 5278 ,
1367 5216 1476 5270 Cur
1503 5220 1702 5273 relictis
1730 5223 1977 5288 urbibus,
2009 5229 2138 5282 tedi-

567 5304 792 5372 busque.
824 5306 872 5356 in
900 5305 1170 5358 desertum
1198 5309 1520 5362 convenistis
1547 5313 1772 5365 omnes?
1812 5323 1868 5366 ut
1890 5317 2138 5374 miserum

567 5393 850 5463 quemdam
878 5406 931 5447 et
957 5395 1123 5449 levem
1149 5396 1415 5451 hominem
1442 5401 1690 5457 videretis
1711 5404 1733 5455 ?
1753 5402 1856 5459 Sed
1882 5407 1928 5459 id
1956 5421 2137 5463 contra

567 5491 764 5538 metam
797 5485 1054 5537 rationem
1098 5496 1259 5540 esset.
1309 5486 1487 5554 Neque
1518 5491 1656 5544 enim
1698 5494 1765 5546 ita
1805 5498 2040 5565 arguitur
2075 5515 2136 5555 ex

564 5575 655 5630 ilio
680 5581 826 5630 tanto
879 5574 1053 5627 Studio
1077 5617 1090 5639 ,
1134 5589 1238 5643 quo
1285 5575 1334 5628 in
1364 5574 1634 5634 desertum
1656 5586 1961 5638 occurristis
1999 5606 2008 5637 :
2043 5605 2139 5643 nec

566 5677 744 5720 tantus
771 5665 995 5734 populus.
1018 5706 1030 5725 ,
1063 5673 1134 5717 tot
1163 5666 1405 5719 civitates
1443 5681 1561 5720 cum
1595 5679 1744 5724 tanto
1769 5675 1945 5727 studio
1969 5672 2017 5729 in
2044 5678 2136 5731 de-

563 5764 764 5807 scrtum
791 5763 842 5807 et
876 5754 942 5807 ad
970 5753 1252 5810 Iordanem
1283 5755 1489 5811 diflusm
1512 5768 1725 5826 essent,
1766 5763 1865 5818 nisi
1894 5778 2141 5835 magnum

2277 1443 2588 1511 quemdam,
2634 1446 3004 1504 admirandum
3041 1461 3095 1505 et
3139 1455 3630 1508 constantissimum
3680 1457 3842 1508 virum

2273 1549 2368 1588 vos
2396 1535 2604 1590 visuros
2633 1539 2969 1606 sperassrtis.
3000 1541 3181 1612 Neque
3208 1545 3348 1599 enim
3382 1545 3646 1598 calattinm
3668 1547 3844 1600 existis

2273 1626 2444 1679 visum
2469 1667 2485 1690 ,
2517 1643 2546 1679 a
2575 1638 2733 1682 vento
2769 1631 3053 1698 agitatum;
3093 1648 3214 1687 nam
3262 1635 3407 1689 leves
3435 1634 3682 1690 homines
3703 1676 3718 1701 ,
3764 1639 3844 1705 qui

2271 1714 2374 1769 huc
2401 1717 2524 1771 illuc
2564 1718 3051 1786 circumferuntur,
3084 1732 3138 1778 et
3166 1723 3325 1778 modo
3369 1722 3518 1786 lucc.
3561 1725 3722 1779 modo
3764 1727 3844 1779 ills

2271 1803 2477 1871 dicunt,
2529 1808 2580 1862 in
2628 1809 2878 1878 nullaque
2925 1826 2982 1865 re
3023 1813 3343 1878 consistunt,
3373 1815 3581 1869 calamo
3610 1825 3738 1869 sunt
3774 1816 3847 1870 sl-

2270 1895 2442 1950 miles.
2473 1897 2552 1951 Ac
2578 1899 2845 1978 perpende
2876 1902 3146 1969 quomodo
3174 1904 3318 1957 omni
3360 1903 3581 1959 dimissa
3629 1905 3847 1967 malitia.

2267 1983 2337 2039 de
2366 1984 2468 2040 hac
2491 1985 2602 2040 sola
2632 2001 2774 2042 nunc
2793 1999 2933 2058 agat,
2952 2006 3073 2059 quae
3123 1993 3270 2063 ipsos
3300 1991 3564 2059 subierat,
3621 1995 3847 2049 levitatis

2268 2075 2607 2144 suspicione,
2637 2092 2796 2147 quam
2825 2094 3073 2134 amovere
3101 2092 3325 2135 conatur
3378 2082 3485 2136 Sed
3522 2084 3650 2150 quid
3684 2086 3848 2139 existis

2269 2166 2475 2220 uidere?
2503 2168 2752 2222 hominem
2777 2170 3011 2224 mollibus
3038 2175 3264 2226 vestitum
3284 2175 3310 2227 Ρ
3337 2174 3468 2228 Ecce
3505 2177 3594 2244 qui
3622 2178 3849 2231 mollibus

2270 2258 2544 2311 vestiuntur
2567 2299 2580 2322 ,
2629 2261 2679 2312 in
2704 2261 2933 2315 domibus
2965 2279 3149 2331 .regum
3172 2273 3309 2317 sunt.
3338 2265 3490 2330 Quod
3521 2283 3654 2322 vero
3684 2267 3844 2331 dicit,

2267 2356 2351 2400 est
2379 2347 2681 2414 hujusmodi
2715 2365 2727 2401 :
2754 2352 2798 2402 Δ
2823 2350 3000 2420 scipso
3022 2353 3108 2405 ille
3137 2368 3241 2407 non
3273 2356 3525 2410 volubilis
3545 2368 3630 2412 est
3655 2374 3669 2411 :
3693 2357 3848 2428 idque

2266 2449 2362 2488 vos
2401 2435 2716 2492 declarastis
2758 2454 2823 2493 ex
2867 2451 3047 2496 vestro
3074 2457 3201 2513 erga
3246 2444 3394 2498 illum
3435 2447 3639 2500 studio.
3669 2447 3847 2518 Neque

2267 2523 2393 2578 illud
2415 2525 2519 2579 dici
2540 2528 2725 2594 possit,
2751 2530 2896 2582 illum
2915 2531 3038 2584 olim
3062 2545 3392 2588 couStantem
3411 2540 3645 2604 primum
3668 2538 3842 2604 fuisse,

2267 2611 2363 2667 sed
2408 2629 2472 2668 cx
2519 2614 2724 2670 deliciis
2772 2629 2957 2684 postea
3006 2619 3219 2675 mollem
3265 2622 3512 2679 effectura
3544 2639 3684 2681 esse.
3717 2626 3841 2682 Nam

2263 2703 2405 2772 apud
2435 2703 2680 2759 homines
2703 2706 2915 2775 quidam
2947 2708 3024 2763 sic
3048 2720 3359 2777 nascuntur,
3388 2715 3477 2768 alii
3511 2716 3642 2771 tales
3664 2728 3840 2786 postea

2264 2791 2436 2848 fiunt:
2469 2795 2700 2864 exempli
2729 2810 2908 2863 causa,
2931 2799 3067 2852 alius
3093 2808 3282 2856 natura
3310 2817 3403 2856 sua
3435 2807 3723 2861 iracundus
3741 2817 3836 2873 est,

2263 2883 2401 2936 alius
2443 2897 2509 2937 ex
2561 2884 2716 2954 longa
2761 2888 3074 2957 zrgritudine
3121 2893 3174 2945 in
3217 2892 3358 2948 hunc
3404 2898 3572 2951 animi
3598 2899 3834 2953 morbum

2264 2972 2468 3030 incidit.
2493 2976 2578 3028 Sic
2606 2975 2692 3030 alii
2723 2977 3087 3038 inconstantes
3115 2993 3168 3037 et
3193 2985 3335 3040 leves
3366 2999 3554 3042 natura
3580 3006 3674 3044 sua
3698 3001 3830 3055 sunt,

2259 3062 2347 3114 alii
2386 3064 2527 3131 quod
2567 3065 2772 3121 deliciis
2809 3078 2864 3122 et
2903 3070 3158 3139 voluptati
3186 3074 3530 3139 indulserint,
3565 3080 3697 3134 tales
3719 3089 3828 3135 sunt

2257 3154 2450 3208 eli'ecti.
2478 3158 2546 3208 At
2571 3157 2824 3220 Joannes,
2856 3160 3044 3229 inquit,
3064 3178 3182 3217 non
3216 3177 3404 3220 natura
3434 3171 3554 3222 talis
3592 3181 3713 3228 est;
3742 3186 3825 3225 ne-

2260 3258 2366 3312 que
2408 3246 2549 3298 enim
2593 3247 2854 3300 calamum
2904 3251 3087 3304 existis
3117 3253 3321 3319 videre,
3361 3273 3537 3327 neque
3586 3261 3819 3329 voluptati

2258 3331 2470 3386 deditus
2499 3349 2616 3387 eam
2645 3351 2803 3402 quam
2835 3337 3437 3399 habebatanimidotem
3459 3349 3660 3404 amisit.
3685 3350 3817 3415 Quod

2257 3422 2399 3474 enim
2424 3423 2678 3490 voluptati
2711 3438 2816 3479 non
2843 3428 3063 3492 serviat,
3097 3429 3147 3482 id
3175 3445 3405 3500 arguunt
3431 3437 3656 3491 vestitus
3678 3439 3780 3507 ejus
3801 3478 3814 3502 ,

2254 3511 2524 3566 desertum
2550 3554 2564 3577 ,
2591 3530 2798 3572 carcer.
2826 3516 2959 3572 Nam
2986 3518 3031 3572 si
3057 3523 3307 3578 mollibus
3336 3528 3519 3582 vestiri
3543 3530 3778 3584 voluisset
3797 3570 3812 3594 .

2257 3615 2360 3652 non
2389 3603 2654 3655 desertum
2685 3605 2977 3671 coluisset,
3009 3623 3113 3662 non
3148 3625 3417 3666 carcerem
3444 3658 3460 3680 ,
3493 3619 3588 3672 sed
3616 3621 3810 3689 regiam.

2253 3686 2469 3742 Licebat
2498 3691 2640 3744 enim
2669 3693 2741 3746 illi
2767 3735 2781 3758 ,
2812 3695 2855 3747 si
2891 3689 3142 3752 tacuisset
3165 3740 3178 3762 ,
3212 3701 3407 3771 iuge—nti
3460 3706 3558 3760 frui
3612 3686 3810 3767 honore.

2252 3776 2461 3830 Etenim
2511 3791 2673 3848 queui
2718 3781 2957 3838 Herodes
2987 3787 3071 3840 vel
3102 3792 3507 3859 redarguentem
3552 3812 3611 3852 se
3637 3810 3688 3852 et
3711 3799 3811 3853 rin-

2252 3876 2396 3920 ctum
2416 3869 2488 3922 ita
2524 3874 3048 3939 rererebatur,certe
3073 3879 3117 3932 si
3144 3883 3399 3935 tacuisset
3432 3895 3549 3938 erat
3571 3886 3800 3941 adulatu-

2251 3970 2367 4011 rus.
2399 3958 2533 4013 Cum
2574 3977 2704 4032 ergo
2737 3967 2905 4033 gestis
2935 3971 3049 4023 suis
3074 3969 3348 4025 firmitatis
3392 3979 3798 4047 constantiaque

2250 4063 2360 4101 sum
2387 4050 2808 4118 experimentum
2845 4054 3046 4109 dederit
3068 4097 3083 4123 ,
3114 4061 3380 4128 quomodo
3407 4063 3463 4117 in
3498 4069 3629 4122 tales
3652 4068 3806 4138 suspi-

2247 4140 2430 4194 ciones
2447 4142 2570 4210 jure
2599 4143 2796 4197 cadat?

2317 4227 2371 4319 2.
2395 4228 2621 4283 Joannes
2645 4230 2872 4300 Baptista
2895 4234 3009 4303 plus
3025 4253 3174 4316 quam
3198 4242 3442 4310 praplteta
3465 4261 3495 4297 α
3510 4244 3708 4303 Christo
3724 4266 3806 4319 ap.

2250 4318 2485 4411 pellatus,
2503 4336 2554 4372 in
2574 4337 2672 4390 quo
2694 4325 2882 4378 caeteris
2906 4339 3103 4395 privam
3127 4334 3402 4398 prophetis.
3419 4335 3650 4394 Christus
3674 4318 3810 4411 nque

2248 4424 2362 4461 cum
2391 4409 2594 4466 Joanne
2634 4429 2790 4480 neque
2837 4431 2952 4470 cum
2975 4419 3077 4473 alio
3111 4422 3310 4477 homine
3338 4433 3628 4496 comparari
3648 4409 3807 4504 potest.

2247 4527 2317 4538 -
2343 4499 2625 4568 Postquam
2647 4519 2774 4574 ergo
2797 4516 2847 4560 et
2871 4523 2899 4560 εδ
2935 4511 3054 4563 loco
3071 4550 3087 4572 ,
3117 4523 3167 4567 et
3198 4530 3226 4566 a
3258 4518 3494 4574 vestibus
3519 4564 3535 4587 ,
3563 4539 3615 4578 et
3639 4499 3668 4577 a
3692 4540 3810 4580 con-

2249 4603 2412 4647 cursu
2453 4596 2636 4664 pOpuli
2683 4613 2860 4652 mores
2898 4601 3018 4669 ejus
3049 4601 3362 4675 descripsit,
3402 4610 3618 4666 induxit
3650 4622 3818 4682 postia

2251 4684 2585 4750 prophetam.
2613 4687 2750 4741 Cum
2780 4689 3011 4745 dixisset
3033 4693 3202 4760 enim,
3228 4697 3371 4762 Quid
3399 4701 3588 4756 existis
3621 4702 3819 4756 uidere?

2251 4767 2554 4838 Prop/telam
2570 4773 2773 4828 ?Etiam
2797 4775 2908 4828 dico
2932 4779 3086 4843 nobis,
3111 4789 3158 4831 et
3182 4783 3296 4848 plus
3320 4800 3470 4852 quam
3495 4794 3813 4857 prophetam:

2246 4861 2392 4915 addit
2421 4879 2433 4914 :
2470 4864 2551 4918 lt).-
2600 4863 2696 4918 Hic
2727 4878 2796 4920 est
2825 4870 2954 4919 enim
2979 4909 2993 4932 ,
3037 4869 3099 4922 de
3136 4888 3234 4942 quo
3278 4879 3525 4947 scriptam
3548 4892 3621 4936 est
3652 4900 3668 4936 :
3698 4883 3816 4939 Ecce

2247 4954 2386 5006 mitto
2413 4956 2643 5026 angelum
2668 4973 2831 5010 meum
2857 4970 2972 5012 ante
2999 4963 3180 5030 faciem
3206 4975 3343 5018 tuam
3365 5009 3381 5030 ,
3409 4971 3493 5039 qui
3523 4975 3814 5043 prmparnbit

2246 5043 2376 5094 viam
2398 5054 2529 5095 luant
2547 5057 2665 5097 ante
2687 5055 2734 5098 te
2754 5047 2769 5106 l_
2783 5044 3008 5100 Maluch.
3029 5050 3080 5105 5.
3107 5053 3176 5123 ι).
3200 5052 3331 5108 Cum
3352 5059 3497 5124 prius
3517 5060 3810 5117 Judaaurum

2250 5134 2606 5189 testimonium
2628 5137 2961 5205 adduxisset,
2991 5149 3114 5196 tunc
3137 5145 3446 5214 prophetam
3468 5152 3640 5208 εαξη.
3663 5155 3810 5222 Quin-

2245 5223 2350 5278 imo
2375 5224 2652 5281 Iudaicum
2682 5228 2944 5283 calculum
2973 5231 3141 5298 primo
3172 5237 3334 5304 ponit,
3364 5241 3505 5308 quod
3535 5247 3807 5300 maximum

2244 5327 2327 5371 est
2366 5331 2769 5388 argumentum,
2815 5321 3028 5391 quando
3066 5324 3405 5385 inimicorum
3461 5337 3804 5392 testimonium

2244 5409 2501 5464 affertur:
2547 5413 2780 5466 Secundo
2803 5455 2816 5477 ,
2858 5413 3079 5470 Joannis
3113 5417 3306 5486 vitam;
3337 5427 3529 5491 tertio,
3568 5429 3803 5499 judicium

2243 5517 2428 5565 suum;
2480 5513 2691 5571 quatto,
2762 5505 3117 5573 prophetam,
3167 5512 3400 5583 undique
3458 5518 3663 5576 illorum
3721 5534 3800 5575 on

2243 5591 2515 5645 claudens.
2552 5593 2747 5647 Deinde
2772 5610 2837 5648 ne
2856 5596 3095 5652 dicerent
3125 5615 3138 5652 :
3169 5601 3304 5668 Quid
3328 5619 3457 5676 ergo
3486 5611 3530 5662 si
3561 5610 3674 5665 talis
3695 5623 3797 5664 ctuu

2244 5694 2387 5735 esset
2421 5683 2530 5750 jam
2561 5693 2796 5737 tnntatus
2831 5685 2932 5738 sit?
2961 5696 3151 5742 ctetcra
3203 5691 3397 5760 adjecit
3420 5737 3439 5762 ,
3468 5698 3759 5752 vestimenta
3778 5737 3796 5758 .

2246 5785 2536 5841 carcerem,
2557 5784 2610 5830 et
2635 5787 2815 5846 postea
2843 5769 3196 5845 prophetiam.
3214 5781 3406 5839 Postea
3438 5800 3565 5842 vero
3587 5802 3700 5844 cum
3722 5785 3793 5842 di-
