4080 6464
260 405 354 462 εει

256 522 420 576 sisset
443 521 590 575 iitum
620 520 874 591 propheta
905 522 1161 592 majorem
1189 540 1308 581 esse
1328 568 1343 593 ,
1371 526 1607 582 ostendit
1646 528 1694 581 in
1742 542 1850 597 quo

251 611 324 665 sit
369 612 560 682 major.
614 612 671 666 In
723 627 830 681 quo
868 626 996 684 ergo
1039 614 1212 685 major
1239 626 1320 672 est
1347 617 1369 670 ἲ
1395 615 1549 684 Quod
1581 617 1652 671 sit
1684 632 1850 687 prope

249 717 372 756 eum
414 703 503 772 qui
549 702 783 759 advenit.
838 703 972 758 Nam
1019 705 1092 760 ait
1128 723 1140 758 :
1175 707 1374 762 Mittam
1415 709 1652 778 angelum
1683 724 1849 762 meum

247 804 366 848 ante
408 794 592 865 faciem
635 804 772 848 tuam
798 812 816 858 ,-
846 796 895 851 id
928 807 1007 851 est
1032 839 1047 863 ,
1080 811 1247 867 prope
1284 807 1354 854 te.
1385 799 1848 868 Quemadmodum

243 889 390 944 enim
431 887 572 957 apud
613 903 800 967 reges,
833 891 921 960 qui
954 905 1120 961 prope
1150 904 1367 946 currum
1410 893 1692 961 incedunt,
1727 895 1846 951 aliis

243 981 504 1054 dignitate
544 987 777 1059 majores
806 999 933 1046 sunt
961 1007 975 1043 :
1007 992 1086 1046 sic
1113 988 1350 1047 Joannes
1377 1005 1544 1062 prope
1569 989 1842 1048 Christum

242 1073 614 1132 advenientem
654 1079 906 1137 incedere
950 1082 1215 1150 cernitur.
1240 1081 1376 1138 Vide
1406 1083 1676 1154 quomodo
1721 1082 1846 1140 hinc

243 1162 361 1233 ejus
389 1167 765 1224 excellentiam
791 1168 1059 1237 declarat;
1089 1186 1263 1242 neque
1291 1170 1381 1228 hic
1408 1171 1634 1243 gradum
1662 1173 1802 1228 sistit
1822 1213 1838 1235 .

240 1254 337 1310 sed
368 1272 518 1312 suam
547 1271 736 1330 postea
762 1261 916 1316 t'ﬂ‘ert
947 1264 1267 1319 sententiam
1306 1264 1491 1319 dicens
1519 1282 1533 1318 :
1563 1264 1650 1319 ll.
1679 1262 1842 1319 Amen

239 1347 356 1403 dico
399 1352 536 1407 vobis
561 1394 575 1416 ,
629 1369 730 1408 non
768 1357 987 1410 surrexit
1027 1356 1158 1411 inter
1201 1365 1347 1410 natos
1373 1357 1645 1412 mulierum
1674 1359 1843 1429 major

236 1440 442 1498 Joanne
469 1443 721 1518 Baptista.
753 1446 808 1503 Id
830 1458 932 1512 est.
963 1464 1068 1503 non
1098 1450 1305 1521 peperit
1332 1450 1525 1506 mulier
1553 1449 1643 1505 illo
1673 1449 1841 1520 majo-

239 1548 376 1590 rem.
409 1534 617 1593 Sulﬁcit
642 1537 759 1594 lure
797 1541 1090 1607 sententia;
1126 1541 1224 1595 sed
1257 1541 1302 1596 si
1325 1540 1404 1595 vis
1434 1555 1498 1596 ex
1527 1541 1686 1596 rebus
1707 1540 1838 1611 ipsis

236 1625 480 1686 ediscere
502 1673 517 1696 ,
561 1631 842 1688 considera
874 1633 1013 1688 illius
1042 1649 1282 1689 mensam
1303 1676 1318 1698 ,
1360 1635 1559 1690 victum
1585 1676 1600 1702 ,
1641 1634 1838 1690 mentis

235 1719 642 1777 sublimitatem.
675 1722 806 1778 Nam
836 1724 916 1781 sic
942 1724 1175 1790 vivebat,
1204 1741 1267 1780 ac
1293 1726 1337 1780 si
1371 1726 1424 1780 in
1453 1727 1586 1781 cado
1613 1725 1831 1792 fuisset,

235 1819 396 1880 atque
424 1814 756 1869 naturalibus
782 1814 1029 1885 superior
1056 1816 1464 1870 necessitatibus
1485 1858 1499 1882 ,
1531 1814 1832 1870 mirabilem

233 1905 519 1972 quamdam
572 1907 826 1978 carpebat
863 1910 1006 1964 viam
1032 1950 1047 1975 ,
1095 1909 1148 1963 in
1180 1909 1393 1980 hymnis
1421 1920 1475 1964 et
1499 1907 1834 1964 orationibus

232 2003 403 2051 totum
441 2007 651 2070 tempus
697 2000 994 2071 transigcn‘s
1021 2041 1038 2068 ,
1070 2015 1190 2056 cum
1231 2002 1536 2057 mortalium
1577 2003 1828 2069 nemine,

230 2087 328 2142 sed
353 2102 473 2146 cum
504 2090 622 2146 solo
644 2091 755 2147 Deo
774 2090 1037 2162 colloquia
1057 2091 1310 2148 miscens.
1334 2091 1611 2147 Neminem
1633 2093 1832 2163 quippe

227 2196 611 2238 conservorum
631 2192 869 2249 noverat,
889 2197 992 2238 non
1007 2197 1065 2238 se
1080 2183 1514 2254 conSpiciendum
1534 2184 1825 2256 praebebat,

231 2288 337 2327 non
366 2273 502 2329 lacte
531 2273 808 2341 alebatur,
842 2288 950 2328 non
981 2275 1153 2342 lecto,
1187 2290 1292 2330 non
1327 2284 1502 2343 tecto,
1537 2290 1642 2330 non
1681 2275 1824 2339 foro,

229 2377 337 2419 non
383 2365 486 2418 alia
533 2366 781 2436 quapiam
830 2364 1062 2420 humana
1105 2380 1162 2420 re
1202 2365 1506 2432 fruebatur;
1550 2375 1604 2420 et
1648 2375 1823 2420 tamen

226 2469 541 2512 mansuetus
578 2467 694 2513 erat
737 2457 895 2512 simul
936 2466 1097 2528 atque
1135 2459 1447 2514 vehemens.
1487 2457 1627 2513 Audi
1668 2459 1826 2528 igitur

223 2565 347 2604 cum
389 2559 587 2620 quanta
620 2551 986 2606 moderatione
1030 2549 1319 2620 discipulos
1347 2551 1671 2621 alloquatur,
1701 2565 1820 2605 eum

223 2652 419 2710 quanta
444 2642 494 2696 vi
525 2641 756 2706 Judaeos,
789 2658 910 2697 cum
938 2651 1134 2712 quanta
1166 2642 1411 2697 libertate
1439 2657 1640 2711 regem.
1670 2641 1821 2696 Ideo-

221 2747 327 2803 que
352 2732 560 2788 dicebat
592 2733 837 2788 Christus
856 2775 870 2798 ,
905 2733 1025 2786 Non
1051 2735 1270 2790 surrexit
1309 2736 1438 2788 inter
1464 2743 1607 2788 natos
1636 2735 1814 2787 mulie-

216 2839 335 2878 rum
379 2825 544 2895 major
564 2823 767 2879 Joannc
785 2824 1040 2896 Baptista.
1072 2825 1176 2880 Sed
1205 2841 1272 2881 ne
1303 2825 1519 2881 laudum
1553 2825 1816 2896 magnitu-

218 2919 291 2974 do
319 2919 515 2989 aliquid
550 2919 747 2974 erroris
781 2928 1025 2989 pareret,
1057 2934 1192 2975 neve
1221 2917 1391 2973 Judaei
1430 2918 1578 2974 illum
1607 2917 1818 2974 Chrism

217 3026 318 3082 pra
336 3010 570 3077 ferrent,
620 3011 739 3066 vide
781 3011 1049 3082 quomodo
1098 3012 1199 3066 hoc
1245 3012 1636 3068 accommodet.
1685 3013 1815 3066 Nam

215 3105 359 3161 sicut
386 3120 450 3159 ex
491 3104 684 3174 quibus
711 3103 957 3173 discipuli
986 3102 1372 3170 ﬁrmabantur,
1425 3105 1596 3159 turba:
1645 3103 1814 3158 detri-

216 3205 458 3249 mentum
487 3193 856 3264 accipiebant,
886 3193 1056 3249 levem
1085 3193 1235 3248 illum
1275 3207 1395 3249 esse
1428 3202 1674 3264 putantes
1702 3212 1712 3246 :
1737 3195 1815 3249 sic

212 3299 280 3340 ex
310 3286 499 3356 quibus
530 3285 697 3340 turba:
720 3283 1161 3353 emendabantur,
1184 3284 1357 3354 majus
1378 3284 1632 3339 damnum
1663 3299 1816 3338 acce-

212 3375 397 3442 debat,
428 3391 549 3433 cum
571 3391 635 3432 ex
662 3375 818 3431 dictis
848 3375 1106 3446 majorem
1128 3376 1195 3432 de
1221 3376 1312 3432 illo
1333 3391 1492 3448 quam
1514 3377 1581 3432 de
1598 3375 1817 3430 Christo

212 3469 498 3526 sumebant
535 3470 864 3550 opinionem.
902 3468 1029 3523 Illud
1062 3484 1192 3538 ergo
1219 3511 1234 3536 ,
1275 3470 1472 3524 nullam
1504 3469 1814 3538 relinquens

211 3563 594 3634 suspicionem.
649 3560 867 3630 corrigit
909 3559 992 3614 his
1047 3562 1222 3617 verbis
1266 3578 1282 3617 :
1329 3561 1430 3628 Qui
1455 3570 1623 3614 autem
1649 3561 1814 3612 minor

211 3664 286 3710 est
307 3657 365 3709 in
389 3669 548 3725 regno
572 3654 832 3718 calorum,
860 3655 1025 3724 major
1043 3662 1116 3709 est
1143 3653 1255 3707 illo.
1292 3651 1484 3717 Minor,
1517 3651 1810 3708 secundum

210 3756 465 3813 atatem,
511 3755 567 3803 et
608 3747 903 3803 secundum
946 3747 1236 3802 multorum
1286 3745 1592 3816 Opinionem
1631 3762 1644 3799 :
1689 3761 1811 3800 nam

209 3841 459 3897 dicebant
517 3840 691 3910 ipsum
747 3838 967 3895 edacem
1036 3853 1157 3894 esse
1206 3848 1259 3893 et
1333 3838 1443 3892 vini
1513 3847 1810 3908 potatorem

215 3931 433 4001 (Matth.
455 3931 540 3986 ll.
560 3930 670 3998 I9):
687 3940 761 3996 et,
783 3927 970 3984 Nonne
990 3930 1070 3982 hic
1095 3929 1228 4001 fabri
1248 3928 1386 3999 ﬁlius
1402 3938 1471 3983 est
1490 3927 1700 3998 (Matth.
1723 3930 1809 3982 l5.

209 4021 342 4091 55)?
370 4029 532 4092 atque
573 4020 767 4090 ubique
798 4020 974 4089 ipsum
1007 4019 1392 4089 despiciebant.
1430 4018 1566 4087 Quid
1613 4019 1772 4088 igitur
1794 4059 1809 4085 ,

210 4113 456 4184 inquies,
485 4120 827 4183 comparatus
868 4126 989 4166 cum
1017 4110 1225 4167 Joanne
1257 4112 1426 4181 major
1452 4109 1606 4165 erat?
1633 4109 1808 4164 Absit.

211 4206 400 4276 Neque
449 4205 590 4260 enim
638 4203 874 4260 Joannes
917 4202 1130 4273 quando
1174 4202 1343 4267 dicit,
1394 4201 1604 4256 Fortior
1633 4217 1712 4254 me
1739 4211 1811 4256 est

213 4297 432 4370 (Matth.
465 4297 518 4353 5.
565 4296 656 4365 ll)
677 4338 691 4362 ,
720 4296 770 4351 id
798 4295 1157 4365 comparando
1184 4294 1351 4359 dicit;
1381 4308 1554 4365 neque
1583 4292 1808 4361 Paulus,

209 4403 336 4446 cum
363 4392 601 4461 Moysem
649 4388 729 4444 sic
758 4397 1021 4444 memorat
1044 4428 1058 4452 ,
1092 4386 1344 4456 Ampliori
1378 4386 1510 4440 enim
1544 4386 1710 4458 gloria
1731 4386 1811 4440 hic

207 4497 368 4554 quam
389 4479 589 4551 Moyses
609 4479 847 4551 dignatus
864 4487 935 4533 est
961 4477 1145 4550 (Ilebr.
1169 4479 1222 4534 5.
1253 4478 1331 4547 5),
1363 4476 1477 4533 huic
1503 4487 1810 4548 comparate

208 4574 361 4630 dicit.
399 4572 464 4627 Et
487 4573 600 4643 ipse
628 4586 749 4627 cum
779 4571 881 4638 ait,
913 4569 1045 4625 Ecce
1081 4573 1197 4640 plus
1244 4587 1397 4639 quam
1437 4570 1687 4627 Salomon
1728 4572 1811 4624 hic

208 4667 429 4739 (Matth.
465 4665 552 4721 12.
584 4664 705 4736 24),
730 4665 845 4720 tunc
874 4679 978 4720 non
1007 4664 1372 4734 comparando
1398 4664 1546 4720 dicit.
1580 4663 1734 4732 Quod
1764 4665 1806 4720 si

206 4760 575 4818 eoncedamus
625 4759 774 4813 illum
817 4758 932 4813 haec
958 4774 1056 4827 per
1083 4758 1540 4828 comparationem
1569 4759 1771 4813 dixisse
1790 4798 1805 4823 ,

207 4866 303 4906 res
354 4852 424 4905 ita
479 4849 544 4904 ad
593 4848 920 4904 audientium
973 4848 1336 4904 inﬁrmitatem
1402 4850 1804 4905 accommodata

207 4941 399 4996 fuerit.
453 4939 510 4995 In
559 4955 750 5010 magna
804 4940 948 4994 enim
1014 4940 1408 4997 existimatione.
1472 4941 1805 5006 habebatur,

209 5034 472 5103 illumque
507 5047 694 5088 carcer
723 5031 1066 5104 insigniorem
1115 5032 1464 5100 reddiderat,
1503 5049 1711 5090 necnon
1739 5035 1806 5089 li—

206 5127 399 5183 bertas
442 5128 493 5180 in
543 5125 817 5196 arguendo
847 5141 972 5196 rege
996 5166 1012 5193 ,
1041 5135 1199 5197 atque
1231 5127 1282 5182 id
1309 5127 1540 5183 libenter
1564 5143 1594 5181 a
1625 5128 1809 5182 multis

207 5223 292 5278 sic
342 5221 722 5291 accipiebatur.
771 5220 985 5277 Etenim
1039 5220 1204 5276 Vetus
1254 5236 1467 5293 quoque
1529 5221 1808 5292 Scriptura

211 5316 351 5373 solet
394 5315 684 5370 errantium
732 5315 942 5368 animos
989 5313 1284 5369 emendare
1310 5356 1325 5380 ,
1354 5314 1717 5384 comparando
1744 5329 1806 5370 ea

205 5424 333 5481 qua:
366 5405 664 5476 comparari
689 5419 793 5461 non
821 5413 1076 5476 possunt;
1098 5417 1155 5460 ut
1181 5406 1394 5476 quando
1421 5407 1616 5462 dicitur
1642 5426 1655 5462 :
1687 5406 1817 5462 Non'

209 5512 290 5558 est
316 5499 495 5553 similis
540 5498 612 5552 tui
651 5498 703 5552 in
745 5499 864 5564 diis,
910 5496 1129 5552 Domine
1157 5498 1326 5570 (Psal.
1355 5500 1445 5558 83.
1475 5501 1566 5569 8),
1598 5509 1654 5556 et
1681 5518 1805 5556 rur-

212 5608 367 5656 sum,
417 5589 540 5646 Non
581 5600 656 5645 est
694 5591 815 5644 deus
840 5591 969 5645 sicut
1008 5588 1143 5646 Deus
1169 5602 1337 5646 noster
1363 5591 1536 5663 (Psal.
1568 5594 1655 5648 76.
1689 5593 1800 5664 14).

216 5682 411 5738 \‘olunt
455 5691 635 5737 autem
674 5681 889 5752 quidam
921 5680 974 5735 id
1015 5682 1081 5736 de
1123 5683 1380 5750 apostolis
1406 5683 1607 5738 dixisse
1644 5683 1804 5739 Chri-

209 5784 355 5835 stum
420 5770 509 5826 alii
549 5770 615 5826 de
653 5767 893 5846 angelis;
933 5766 1030 5821 sed
1099 5772 1259 5828 male.
1305 5772 1439 5829 Nam
1488 5790 1608 5829 cum
1637 5774 1804 5829 semel

211 5867 426 5942 quidam
457 5882 489 5925 ι
510 5868 732 5924 veritate
762 5866 1081 5936 aberrarint,
1107 5864 1280 5923 solent
1307 5867 1358 5922 in
1391 5866 1583 5923 multos
1606 5867 1796 5925 deduci

1154 405 1217 463 IN
1253 404 1666 465 MATTH/EUM
1707 407 1940 475 lIOSIIL.
1975 407 2236 466 XXXVII.
2281 415 2349 468 al.
2394 414 2678 472 XXXVIII.

3452 423 3558 479 1ῗῖ

1962 536 2196 582 errores.
2227 528 2342 596 Qua
2373 531 2516 585 enim
2544 535 2925 604 consequentia
2960 534 3009 590 id
3038 537 3117 590 vel
3151 541 3218 594 de
3256 542 3515 609 apostolis
3537 584 3552 610 ,

1956 616 2039 672 vel
2069 617 2136 674 de
2159 621 2365 692 angelis
2393 623 2662 681 dixisset?
2685 627 2935 698 Alioquin
2958 644 3106 698 vero,
3135 632 3181 686 si
3203 631 3272 689 de
3294 635 3555 704 apostolis

1954 707 2209 778 dixisset,
2257 715 2384 784 quid
2429 718 2646 774 vetabat
2693 720 2980 790 quominus
3025 724 3370 782 nominaret?
3420 729 3553 784 tium

1952 811 2130 854 autem
2176 801 2244 858 de
2291 807 2468 876 seipse
2501 807 2667 875 dicit,
2693 809 2815 879 jure
2852 825 3136 881 personam
3166 816 3307 871 celat
3337 817 3406 874 ob
3431 832 3551 875 eam

1952 907 2071 960 quae
2095 894 2371 953 obtinebat
2410 901 2716 969 opinionem
2744 919 2760 970 ;
2802 918 2865 960 ae
2901 920 2968 960 ne
2999 905 3275 963 videretur
3300 925 3552 982 magnum

1951 982 2223 1054 quidpiam
2245 987 2315 1045 de
2341 1004 2400 1046 se
2428 991 2608 1049 dicere
2641 1011 2654 1048 :
2685 994 2737 1050 id
2767 995 2909 1067 quod
2938 1012 3085 1069 stepe
3109 998 3382 1056 observat.
3415 1001 3550 1070 Quid

1951 1085 2129 1131 autem
2162 1077 2293 1133 illttd
2322 1091 2425 1150 est,
2457 1081 2525 1137 In
2555 1101 2710 1158 regno
2734 1087 2973 1143 actorum
2996 1089 3023 1142 1’
3051 1089 3107 1145 ln
3139 1091 3542 1161 Spiritualibus,

1948 1179 2002 1223 et
2042 1170 2094 1225 in
2139 1173 2444 1232 cwlestibus
2490 1180 2760 1236 omnibus.
2802 1182 2934 1238 Cum
2982 1192 3162 1240 autem
3211 1187 3377 1254 dicit,
3413 1187 3555 1250 .Nou

1948 1257 2168 1319 surrexit
2198 1262 2340 1317 inter
2373 1279 2522 1326 natos
2559 1274 2829 1328 mulierum
2867 1277 3034 1347 major
3084 1282 3286 1334 Joanne
3307 1322 3323 1348 ,
3354 1280 3550 1336 distin-

1945 1353 2144 1420 guebat
2168 1369 2227 1412 se
2250 1372 2279 1411 a
2306 1357 2534 1429 Joanne,
2559 1373 2614 1418 et
2638 1379 2698 1420 se
2723 1364 3076 1424 subtrahebat
3094 1373 3480 1440 comparationi
3506 1377 3545 1426 ³.

2016 1445 2068 1500 5.
2109 1446 2241 1503 Nam
2273 1450 2319 1506 si
2347 1451 2462 1522 ipse
2488 1455 2630 1511 inter
2656 1467 2810 1514 natos
2839 1460 3123 1518 mulierum
3153 1472 3304 1533 erat,
3349 1476 3403 1520 at
3441 1482 3548 1523 non

1943 1537 2082 1594 sicut
2108 1539 2346 1600 Joannes
2376 1564 2388 1600 :
2419 1563 2594 1620 neque
2622 1551 2765 1608 enim
2811 1553 2975 1611 homo
3015 1566 3219 1614 mittunt
3257 1570 3402 1626 erat,
3447 1569 3548 1617 nec

1942 1630 2080 1685 sicut
2123 1631 2286 1690 homo
2323 1636 2500 1694 editus
2539 1639 2742 1707 luerat,
2791 1645 2887 1701 sed
2930 1649 3193 1716 stupendo
3231 1652 3462 1720 quodam
3494 1664 3545 1709 et

1944 1722 2171 1815 mirabili
2201 1739 2375 1796 partu.
2410 1731 2498 1786 12.
2541 1733 2586 1787 Α
2624 1733 2799 1790 diebus
2825 1748 2991 1793 autem
3018 1739 3236 1797 Joannis
3263 1741 3541 1815 Baptism,

1941 1813 2141 1885 inquit,
2176 1834 2332 1891 usque
2363 1838 2532 1891 nunc,
2576 1841 2788 1898 regnum
2827 1831 3067 1884 (telorum
3104 1833 3202 1886 vim
3243 1813 3454 1906 patitur,
3496 1847 3544 1891 et

1939 1907 2144 1999 violenti
2169 1912 2376 1982 rapiunt
2396 1915 2546 1973 illud.
2572 1917 2638 1973 Et
2657 1935 2762 1989 quo
2789 1931 2972 1990 pacto,
3005 1923 3212 1994 inquies
3231 1968 3246 1994 ,
3273 1928 3386 1984 hzec
3407 1944 3544 1999 pra:-

1939 1995 2253 2056 cedentibus
2275 2004 2586 2062 cohaerent?
2615 2008 2826 2080 Optime
2847 2024 2994 2070 certe
3021 2025 3073 2071 et
3099 2017 3384 2075 admodum
3407 1995 3542 2077 con-

1938 2101 2226 2160 sequenter
2250 2112 2264 2149 :
2287 2099 2484 2154 etenim
2510 2101 2632 2155 hinc
2655 2102 2772 2160 illos
2795 2106 2862 2161 ad
2883 2109 3210 2165 credendum
3232 2113 3281 2165 in
3309 2128 3366 2168 se
3387 2129 3538 2168 eom-

1937 2182 2086 2249 pellit
2114 2193 2168 2239 et
2196 2185 2415 2254 incitat,
2449 2191 2716 2264 simulque
2757 2197 2845 2251 illa
2889 2215 3010 2270 quae
3052 2216 3213 2270 supra
3244 2203 3383 2259 dicta
3415 2217 3537 2260 sunt

1935 2285 1964 2325 a
1993 2272 2199 2342 Joanne
2229 2283 2562 2351 comprobat.
2594 2284 2725 2341 Nam
2754 2289 2797 2343 si
2835 2305 3002 2361 usque
3032 2293 3096 2346 ad
3128 2293 3388 2351 Joannem
3417 2313 3530 2352 om-

1935 2364 2021 2417 nia
2050 2371 2318 2439 eompleta
2347 2385 2490 2440 sunt,
2520 2375 2636 2448 Ego
2661 2393 2778 2434 sum
2806 2385 2897 2453 ‘qui
2921 2387 3123 2442 venio:
3154 2402 3276 2444 nam
3307 2392 3381 2444 ait
3407 2409 3418 2444 :
3448 2393 3534 2445 15.

1935 2455 2130 2551 Omnes
2153 2464 2418 2533 prophetia
2445 2477 2493 2520 et
2532 2469 2616 2523 lea:
2643 2487 2800 2542 usque
2827 2476 2896 2528 ad
2922 2475 3174 2531 Joannem
3202 2483 3535 2551 preplietave-

1928 2560 2065 2641 runt.
2086 2549 2201 2606 Non
2221 2555 2363 2610 enim
2382 2572 2685 2618 cessassent
2703 2567 2998 2634 prophetw,
3015 2569 3114 2623 nisi
3129 2584 3233 2641 ego
3248 2549 3532 2630 venissem.

1929 2637 2071 2695 Nihil
2102 2657 2230 2713 ergo
2261 2647 2395 2701 ultra
2427 2655 2770 2723 exspectetis,
2805 2671 2901 2712 nec
2929 2658 3090 2714 alium
3136 2637 3276 2731 speri
3296 2665 3362 2719 tis
3400 2681 3532 2719 ven-

1929 2737 2125 2788 turum.
2153 2737 2306 2804 Quod
2328 2752 2426 2809 ego
2455 2743 2554 2796 sim
2585 2745 2756 2813 palam
2788 2757 2866 2801 est
2894 2764 2961 2806 ex
2993 2765 3058 2805 eo
3088 2755 3226 2821 quod
3257 2755 3534 2824 propheta:

1926 2827 2207 2916 cessarint,
2229 2840 2281 2883 et
2302 2832 2443 2900 quod
2469 2836 2622 2890 multi
2644 2839 2881 2907 quotidie
2905 2841 3065 2896 ﬁdem
3091 2845 3141 2897 in
3166 2861 3252 2900 me
3275 2847 3486 2916 rapiant
3513 2870 3524 2904 :

1925 2915 1997 2971 ita
2027 2918 2223 2989 quippe
2250 2922 2394 2979 clara
2426 2937 2508 2981 est
2537 2938 2589 2983 et
2618 2933 2925 3000 manifesta,
2959 2946 3015 2989 ut
3055 2952 3173 2992 eam
3206 2915 3355 2995 multi
3384 2942 3524 2996 abri-

1926 3009 2090 3076 piant.
2123 3011 2192 3067 Et
2220 3015 2368 3083 quis.
2398 3034 2603 3087 quieso,
2641 3023 3152 3098 rapuit?'Quotquot
3191 3046 3314 3086 cum
3353 3034 3531 3089 studio

1923 3115 2284 3162 accesserunt.
2343 3111 2501 3167 Aliud
2547 3114 2741 3171 deinde
2787 3118 3039 3174 iudicium
3093 3123 3242 3191 ponit
3284 3125 3471 3183 dicens
3513 3149 3525 3182 :

1925 3196 2010 3249 Μ.
2044 3197 2106 3252 Si
2135 3200 2285 3255 vultis
2313 3205 2563 3274 recipere,
2593 3207 2703 3274 ipse
2728 3219 2801 3262 est
2823 3211 3038 3276 Helias,
3067 3215 3153 3281 qui
3173 3229 3412 3275 venturus
3434 3233 3525 3278 est.

1925 3287 2126 3344 Mittam
2175 3295 2337 3386 enim,
2381 3297 2584 3367 inquit,
2637 3300 2774 3354 vobis
2819 3301 3025 3360 Heliam
3073 3306 3394 3378 Thesbitcm,
3441 3317 3528 3386 qui

1921 3391 2176 3434 convertat
2204 3383 2365 3438 corda
2391 3389 2550 3454 patris
2584 3389 2637 3442 in
2676 3391 2812 3459 ﬁlios
2853 3395 2872 3466 (
2891 3394 3022 3450 Mal.
3055 3399 3106 3452 4.
3153 3398 3243 3470 5).
3281 3401 3375 3458 llic
3405 3383 3487 3459 est
3510 3446 3526 3470 ,

1920 3471 2026 3535 ait,
2061 3471 2236 3527 llelias
2256 3516 2272 3541 ,
2303 3477 2348 3529 si
2373 3479 2660 3535 attendatis
2689 3483 2986 3555 diligenter.
3026 3487 3167 3543 Nam
3196 3493 3411 3560 mittam,
3441 3496 3527 3550 in-

1921 3563 2070 3658 quit,
2105 3566 2341 3636 angelum
2372 3585 2534 3624 meum
2565 3582 2683 3627 ante
2721 3577 2902 3645 faciem
2942 3588 3080 3633 tuam
3116 3581 3294 3652 (Ibid.
3332 3585 3385 3640 5.
3437 3588 3524 3658 1).

1923 3651 2088 3711 Ilectc
2129 3659 2295 3722 dixit,
2345 3659 2404 3716 Si
2445 3663 2593 3716 vultis
2635 3667 2883 3733 recipere,
2927 3671 3217 3727 ostendens
3255 3651 3524 3733 neminem

1924 3749 2188 3804 violenter
2215 3752 2352 3822 cogi.
2385 3752 2501 3807 Non
2543 3769 2706 3826 cogo,
2747 3740 2936 3828 inquit.
2990 3761 3102 3815 lloc
3144 3773 3320 3819 autem
3358 3767 3522 3832 dixit,

1919 3849 2124 3909 gratam
2149 3851 2335 3911 petens
2362 3846 2690 3902 voluntatem
2711 3890 2725 3915 ,
2755 3861 2808 3905 et
2847 3852 3137 3909 ostendens
3173 3855 3312 3911 hunc
3340 3858 3485 3914 illutn
3508 3903 3522 3926 ,

1919 3943 1974 3986 et
2003 3934 2148 3987 illum
2180 3935 2321 3989 hunc
2351 3951 2490 3991 esse.
2535 3939 2710 3993 Ambo
2736 3942 2877 3995 enim
2909 3958 3070 3998 unum
3101 3961 3387 4016 suscepere
3419 3953 3523 4006 mi-

1919 4024 2196 4079 nisterium
2219 4068 2233 4090 ,
2266 4035 2321 4081 et
2347 4044 2707 4098 praecursores
2735 4033 2894 4088 ambo
2921 4034 3154 4092 fuerunt.
3190 4039 3526 4113 Quapropter

1919 4131 2024 4170 non
2063 4117 2375 4187 simpliciter
2404 4118 2568 4183 dixit,
2603 4119 2704 4176 Hic
2734 4133 2807 4177 est
2847 4123 3060 4193 Helias,
3103 4129 3229 4195 sed,
3277 4131 3340 4186 Si
3377 4135 3523 4186 vultis

1917 4209 2171 4277 recipere,
2203 4209 2285 4264 hic
2309 4219 2418 4275 est;
2440 4210 2489 4266 id
2515 4220 2630 4279 est,
2663 4213 2718 4268 Si
2751 4215 2918 4284 proba
2946 4228 3126 4274 mente
3154 4225 3318 4290 gestis
3344 4232 3517 4280 atten-

1917 4299 2073 4354 datis.
2121 4299 2303 4372 Neque
2349 4302 2439 4358 hic
2476 4308 2657 4371 stetit,
2700 4306 2795 4362 sed
2842 4310 3133 4366 ostendens
3172 4312 3522 4385 intelligentia

1916 4407 2038 4448 esse
2067 4408 2236 4463 Opus,
2285 4394 2407 4451 huic
2437 4396 2612 4465 dicto,
2655 4397 2757 4452 Hic
2796 4411 2868 4454 est
2901 4400 3116 4468 Helias,
3155 4406 3245 4476 qui
3289 4419 3523 4465 venturus

1917 4496 2016 4551 est,
2047 4486 2278 4556 adjecit,
2309 4488 2396 4543 15.
2429 4489 2530 4556 Qui
2554 4489 2701 4543 habet
2727 4509 2876 4547 aures
2900 4495 3176 4564 audiendi,
3200 4499 3397 4553 audiat.
3422 4500 3525 4556 Tot

1916 4579 2197 4648 aenigmata
2238 4580 2504 4647 ponebat,
2553 4591 2609 4636 ut
2651 4581 2717 4636 ad
2768 4582 3205 4656 interrogandum
3254 4591 3518 4649 incitaret.

1916 4669 2068 4736 Quod
2112 4669 2155 4724 si
2189 4685 2256 4730 ne
2285 4671 2363 4724 sic
2402 4671 2615 4740 quidem
2648 4675 3004 4745 evigilabant,
3049 4680 3218 4734 multo
3259 4683 3433 4739 minus
3477 4688 3520 4739 si

1916 4763 2060 4817 clara
2091 4771 2146 4816 et
2173 4759 2455 4816 manifesta
2483 4761 2730 4819 fuissent.
2765 4765 2951 4836 Neque
2980 4768 3030 4822 id
3061 4770 3163 4824 dici
3194 4773 3380 4840 possit,
3414 4790 3520 4829 non

1915 4869 2078 4910 ausos
2104 4853 2268 4910 fuisse
2297 4853 2625 4926 interrogare
2648 4897 2663 4922 ,
2696 4857 2780 4912 vel
2811 4857 2956 4913 illum
2990 4859 3151 4917 fuisse
3191 4863 3338 4919 aditu
3376 4863 3521 4921 difﬂ-

1916 4946 2094 5002 cilem.
2125 4944 2258 4999 Nam
2286 4945 2376 5016 qui
2408 4945 2555 5000 illum
2583 4947 2648 5002 de
2682 4949 2877 5004 nullius
2906 4953 3061 5020 pretii
3095 4954 3254 5010 rebus
3285 4956 3522 5014 interro-

1913 5047 2169 5110 gaverant
2217 5046 2686 5107 tentaverantque,
2739 5041 2842 5096 etsi
2892 5045 3200 5099 sexcenties
3255 5049 3520 5117 repulsam

1918 5134 2195 5198 tulissent,
2243 5147 2418 5203 neque
2447 5142 2757 5200 cessarent,
2800 5135 3071 5203 quomodo
3111 5151 3218 5191 non
3264 5137 3414 5193 illum
3455 5142 3522 5194 de

1916 5225 2236 5282 necessariis
2276 5227 2727 5294 interregasscnt,
2764 5226 2806 5279 si
2837 5227 3052 5296 quidem
3093 5229 3335 5285 ediscere
3370 5235 3520 5301 cupi-

1913 5319 2156 5377 vissent?
2193 5319 2249 5376 Si
2284 5317 2352 5374 de
2383 5317 2641 5387 legalibus
2673 5317 3072 5388 interrogabant
3094 5360 3107 5384 ,
3147 5322 3290 5390 quod
3323 5339 3521 5393 prtece~

1915 5425 2061 5487 ptum
2115 5414 2343 5485 primum
2391 5421 2568 5478 esset,
2615 5421 2669 5466 et
2717 5411 2784 5466 de
2829 5412 3124 5476 similibus,
3170 5429 3291 5468 eum
3343 5425 3520 5473 tamen

1914 5508 2057 5562 nulla
2090 5515 2304 5578 urgeret
2331 5506 2654 5573 necessitas,
2685 5505 2956 5576 quomodo
2986 5521 3106 5559 cum
3137 5507 3260 5562 talia
3291 5508 3518 5577 diceret,

1914 5599 1983 5654 de
2027 5597 2220 5668 quibus
2270 5598 2603 5668 respondere
2653 5597 2872 5651 omnino
2916 5595 3189 5665 debebat,
3248 5613 3353 5654 non
3404 5601 3524 5671 ejus

1913 5706 2146 5752 mentem
2188 5692 2594 5765 explorassent?
2638 5706 2760 5745 cum
2809 5689 3040 5744 maxime
3080 5690 3150 5746 ad
3182 5690 3285 5746 hoc
3314 5690 3520 5748 hortari

1977 5812 1990 5844 ί
2033 5809 2114 5858 Alii
2136 5809 2338 5862 habent,
2360 5811 2404 5854 et
2445 5818 2491 5854 se
2515 5799 2821 5853 subtrahebat
2842 5798 3206 5864 comparationi,
3235 5813 3451 5864 quamvis
3472 5811 3522 5856 et

1914 5876 2016 5941 ipse
2037 5867 2325 5952 aemuliere
2344 5873 2465 5919 esset
2487 5872 2640 5917 natus.
