4080 6506
585 466 696 530 ηδ

591 593 643 641 et
675 585 885 640 trahere
914 574 1216 633 videretur?
1241 570 1370 625 Nam
1400 584 1519 624 cum
1550 566 1756 621 diccbat
1775 604 1790 629 ,
1831 561 2044 617 Violenti
2073 576 2158 612 ra-

595 685 739 748 piunt
766 673 927 737 illud,
962 669 1011 725 id
1041 669 1246 730 illorum
1273 662 1532 718 excitabat
1559 659 1824 720 animum;
1853 663 2049 709 etcum
2079 650 2129 704 di

592 743 734 824 reret
756 807 768 830 ,
801 765 900 829 Qui
927 763 1070 815 habet
1110 772 1254 810 aures
1279 751 1548 816 audiendi,
1581 749 1788 811 audiat,
1821 745 2043 814 idipsum
2086 743 2162 793 fa-

593 860 780 913 ciebat.
826 855 913 910 i6.
954 852 1047 908 Cui
1084 858 1245 903 autem
1281 843 1564 899 assimilabo
1593 839 1957 911 generationem
1994 832 2166 886 hanc?

594 950 779 1018 inquit.
812 944 1008 1000 Similis
1036 951 1106 996 est
1134 937 1299 1009 pueris
1325 933 1606 989 sedentibus
1647 931 1696 982 in
1737 931 1874 1000 foro,
1910 933 1956 978 et
1990 923 2163 976 dicen-

593 1014 722 1094 tibus
741 1079 756 1105 ,
788 1039 877 1093 17.
909 1034 1048 1090 Tibia
1074 1030 1334 1085 cecinimus
1363 1024 1498 1078 vobis
1520 1063 1536 1090 ,
1579 1030 1626 1075 et
1663 1036 1762 1074 non
1793 1017 2012 1072 saltastis
2030 1030 2048 1079 ,'
2083 1014 2162 1068 ια.

593 1131 798 1187 mentati
835 1141 1004 1182 sumus
1031 1121 1198 1187 vobis,
1227 1129 1272 1174 et
1297 1133 1396 1172 non
1423 1113 1706 1187 planxistis.

666 1221 848 1276 Christi
885 1226 930 1272 et
970 1213 1186 1270 Joannis
1224 1211 1359 1266 idem
1386 1222 1565 1278 scapus
1593 1211 1790 1256 erat.—
1812 1198 1936 1254 Hatc
1981 1208 2164 1251 rursus

593 1314 835 1369 videnlur
858 1324 886 1363 a
914 1302 1336 1378 prmeedentibus
1364 1315 1466 1354 non
1498 1294 1746 1366 pendere,
1770 1291 1864 1346 sed
1885 1290 1950 1344 ad
1979 1302 2161 1343 eorum

595 1385 820 1461 omnino.
858 1395 1355 1467 seriem'pertinent
1398 1407 1411 1443 :
1452 1387 1646 1444 etenim
1696 1384 1762 1438 ad
1807 1380 2047 1437 eamdem
2089 1378 2163 1432 rei

593 1509 853 1550 summam
883 1496 1159 1560 spectant,
1187 1491 1246 1539 ut
1270 1480 1579 1538 ostendatur
1601 1477 1863 1531 Joannem
1889 1473 1988 1543 ipsi
2030 1483 2162 1524 con-

594 1601 722 1641 sona
744 1583 945 1644 fecisse,
969 1575 1173 1633 etiamsi
1194 1589 1311 1644 quze
1337 1570 1531 1626 ﬂebant
1550 1565 1811 1623 contraria
1830 1564 2164 1632 viderentur:

593 1674 732 1744 quod
758 1674 914 1728 etiam
940 1668 1006 1724 de
1031 1665 1438 1734 interrogatione
1463 1659 1656 1714 dictum
1679 1664 1760 1710 est
1787 1673 1801 1708 :
1829 1651 2166 1720 ostenditque

596 1743 726 1820 nihil
749 1759 1159 1833 praetermissum
1182 1756 1340 1809 fuisse
1361 1766 1541 1806 eorum
1558 1763 1673 1818 qua:
1694 1746 1760 1801 ad
1781 1745 2004 1801 salutem
2027 1743 2172 1812 ipso-

595 1875 708 1912 rum
731 1853 971 1910 conferre
988 1857 1223 1921 possent;
1242 1844 1380 1916 quod
1396 1842 1463 1898 de
1480 1842 1628 1896 vinea
1644 1839 1851 1902 dicebat
1871 1836 2128 1907 pr0pbeta
2150 1852 2162 1888 :

598 1948 734 2014 Quid
761 1946 925 2000 adhuc
945 1942 1126 2013 faciam
1145 1940 1300 1993 vineta
1326 1935 1464 2002 huic,
1494 1932 1628 2004 quod
1656 1947 1754 1985 non
1785 1930 1984 1997 fecerim
2015 1926 2164 1998 (Isai.

594 2038 707 2106 5.4)
722 2037 744 2088 ἲ
761 2036 849 2090 Cui
867 2034 1018 2095 enim,
1036 2031 1126 2094 ait,
1143 2026 1428 2084 assimilabo
1445 2024 1806 2096 generationem
1827 2022 1957 2073 hanc
1973 2021 1997 2071 ?
2014 2018 2168 2073 Simi-

594 2129 658 2183 lis
673 2137 744 2180 est
766 2126 930 2196 pueris
942 2121 1220 2177 sedentibus
1237 2119 1289 2172 in
1305 2119 1439 2188 foro,
1453 2127 1498 2171 et
1515 2113 1809 2177 dicentibus,
1829 2109 1975 2164 Tibia
1995 2110 2170 2164 cecini-

596 2235 705 2271 mus
721 2217 871 2281 vobis,
882 2223 924 2268 et
939 2230 1034 2267 non
1049 2210 1266 2266 saltastis
1280 2225 1297 2263 :
1312 2206 1565 2261 tamentati
1581 2219 1772 2269 sumus,
1791 2212 1836 2255 et
1855 2217 1954 2255 non
1966 2201 2168 2271 planxi-

593 2309 700 2361 stis.
739 2307 821 2360 i8.
869 2302 1012 2358 Venit
1055 2302 1183 2356 enim
1227 2298 1450 2353 Joannes
1478 2312 1634 2365 neque
1661 2295 1993 2355 manducans,
2019 2308 2171 2362 neque

594 2399 782 2463 bibens,
807 2406 850 2451 ct
872 2382 1402 2449 dicurtt:thmonium
1426 2389 1587 2443 habet.
1619 2387 1703 2442 i9.
1731 2385 1873 2440 Venit
1895 2383 2061 2439 Filius
2080 2385 2169 2437 Ito-

594 2491 743 2541 minis
790 2487 1098 2540 manducans
1137 2493 1182 2537 et
1222 2483 1427 2545 bibens,
1473 2489 1519 2532 et
1558 2479 1730 2532 dicunt
1777 2493 1795 2530 :
1846 2475 1975 2530 Ecce
2022 2476 2171 2528 homo

595 2595 751 2633 vorax
775 2588 819 2631 et
845 2576 945 2630 uini
977 2583 1194 2645 potator,
1227 2571 1601 2642 publicanorum
1631 2579 1675 2623 et
1706 2577 2019 2635 peccatorum
2043 2567 2169 2618 ami-

595 2688 702 2726 cus.
735 2670 843 2724 lloc
871 2678 974 2732 est,
998 2666 1272 2722 Contraria
1300 2678 1399 2734 ego
1417 2672 1471 2718 et
1497 2662 1727 2718 Joannes
1748 2660 1830 2713 via
1853 2657 2169 2718 incedimus.

597 2771 652 2815 et
682 2759 907 2829 idipsum
935 2757 1184 2823 facimus,
1211 2769 1274 2809 ac
1298 2755 1343 2808 si
1373 2761 1671 2815 venatores,
1699 2751 1862 2804 feram
1888 2757 2045 2817 captu
2071 2747 2172 2801 dif-

599 2851 790 2905 ficilem
814 2849 1052 2904 videntes
1072 2890 1085 2914 ,
1113 2860 1231 2916 qua
1255 2859 1350 2914 per
1372 2843 1482 2897 vias
1500 2842 1632 2896 duas
1652 2842 1714 2894 ad
1745 2855 1926 2895 casses
1956 2838 2172 2893 tendere

594 2939 791 3011 possit,
823 2948 1096 3007 utramque
1132 2937 1270 2991 viam
1298 2933 1485 3004 singuli
1515 2939 1806 3002 occupent,
1838 2938 1893 2985 et
1918 2929 2051 2984 alter
2080 2944 2175 2998 per

594 3029 914 3085 contrariam
957 3027 1111 3082 alteri
1152 3026 1290 3079 viam
1339 3023 1606 3092 impellat,
1657 3030 1715 3075 ut
1759 3021 1809 3074 in
1860 3020 2175 3075 alterutrum

597 3122 815 3177 omnino
838 3117 1065 3173 decidat.
1099 3116 1322 3184 ReSpice
1359 3113 1500 3169 enim
1540 3113 1838 3166 universum
1878 3126 2045 3181 genus
2075 3109 2174 3162 hu.

596 3228 810 3269 manum
831 3253 844 3274 ,
876 3207 1144 3281 quomodo
1166 3207 1422 3277 jejunium
1454 3205 1622 3260 soleat
1650 3203 1931 3269 admirari,
1968 3216 2174 3257 necnon

597 3307 758 3359 vitam
801 3314 1043 3373 aSperam
1073 3307 1125 3355 et
1156 3295 1595 3369 philosophicam.
1633 3293 1756 3350 ldeo
1785 3293 1863 3348 sic
1890 3292 2175 3349 constituta

597 3411 685 3451 res
730 3396 853 3459 fuit,
898 3401 956 3447 ut
990 3392 1220 3448 Joannes
1256 3397 1287 3443 'a
1332 3388 1500 3460 prima
1529 3396 1684 3443 aetate
1713 3387 1815 3442 hoc
1852 3387 1974 3441 vitae
2009 3401 2178 3456 genus

596 3489 852 3552 duceret,
896 3493 955 3539 ut
998 3500 1115 3554 qua:
1143 3483 1373 3548 diceret,
1405 3481 1528 3536 hinc
1567 3479 1666 3535 ﬁde
1693 3479 1848 3550 digna
1884 3488 2084 3534 essent.
2114 3480 2179 3534 Et

596 3595 695 3646 qua
735 3577 801 3632 de
831 3591 987 3632 causa
1011 3619 1025 3643 ,
1055 3575 1293 3645 inquies,
1321 3572 1562 3628 Christus
1583 3584 1688 3624 non
1712 3569 1952 3625 eamdem
1983 3571 2177 3642 ingres-

593 3691 686 3729 sus
731 3673 866 3726 viam
911 3672 1031 3725 est?
1074 3669 1183 3724 imo
1207 3682 1334 3722 vero
1372 3668 1642 3737 ingressus
1670 3674 1785 3728 est,
1826 3663 2038 3734 quando
2083 3679 2177 3733 per

597 3763 937 3835 quadraginta
967 3761 1080 3815 dies
1105 3759 1358 3830 jejunavit
1383 3797 1397 3822 ,
1439 3765 1493 3811 et
1517 3756 1715 3812 docens
1741 3755 2029 3818 circuibat,
2071 3770 2176 3809 non

602 3857 805 3912 habens
836 3854 923 3909 ubi
956 3863 1108 3922 caput
1143 3851 1422 3906 reclinaret
1453 3868 1462 3902 :
1493 3857 1744 3903 caeterum
1777 3845 1865 3902 ille
1891 3847 1996 3900 alio
2024 3846 2182 3901 modo

607 3949 707 4001 hoc
737 3946 890 4010 fecit,
921 3953 978 3999 ut
1009 3943 1130 3998 inde
1174 3943 1374 3996 lucrum
1416 3938 1528 3993 fieri
1563 3936 1881 4007 provideret.
1922 3936 2052 3990 Nam
2097 3936 2180 3990 id-

603 4040 770 4105 ipsum
798 4044 909 4088 erat
932 4076 945 4099 ,
988 4031 1127 4102 quod
1157 4029 1396 4085 eamdem
1435 4036 1637 4086 teneret
1675 4027 1847 4091 viam;
1881 4027 1988 4080 imo
2028 4028 2182 4096 longe

605 4126 773 4194 majus
799 4133 943 4189 erat,
972 4121 1110 4193 quod
1139 4122 1214 4186 is,
1244 4120 1333 4190 qni
1375 4119 1462 4173 illa
1493 4118 1570 4172 via
1605 4117 1908 4182 incederet,
1939 4119 2180 4172 testimo-

602 4223 691 4279 nio
716 4236 812 4275 suo
837 4220 1008 4290 ipsum
1037 4218 1346 4274 celebraret.
1371 4215 1613 4285 Alioquin
1643 4229 1767 4268 vero
1795 4215 2027 4269 Joannes
2051 4215 2181 4268 nihil

601 4312 741 4367 aliud
770 4326 924 4382 quam
957 4311 1072 4364 vitae
1097 4309 1434 4378 asperitatem
1462 4305 1764 4360 exhibebat.
1796 4306 2007 4361 Nullum
2037 4305 2180 4361 enim

601 4403 807 4470 signum
839 4400 964 4455 fecit
1005 4419 1017 4453 ε
1061 4399 1305 4453 Christus
1331 4411 1458 4451 vero
1483 4405 1538 4449 et
1573 4395 1841 4463 signorum
1872 4403 1926 4449 et
1952 4396 2180 4450 miracu-

603 4494 773 4548 lorum
809 4489 1170 4545 testimonium
1197 4486 1378 4540 habuit
1404 4484 1596 4554 (Joan.
1631 4483 1715 4537 l0.
1749 4484 1808 4538 bl
1838 4483 1876 4554 }.
1922 4483 2181 4538 Joannem

599 4598 727 4653 ergo
757 4583 1063 4650 relinquens
1091 4592 1118 4632 a
1156 4576 1358 4646 jejunio
1394 4575 1688 4638 celebrari,
1735 4574 1822 4628 ille
1863 4575 2181 4628 contrariam

601 4674 738 4727 viam
784 4672 986 4736 tenuit,
1035 4668 1101 4723 ad
1148 4681 1358 4723 mensas
1394 4664 1693 4735 ingrediens
1737 4665 2179 4736 publicanorum,

603 4763 928 4819 manducans
958 4770 1013 4815 et
1037 4760 1243 4814 bibens.

672 4855 724 4908 4.
769 4852 1160 4922 lntcrrogemus
1187 4850 1366 4918 itaque
1393 4847 1606 4903 Judaeos
1654 4864 1666 4899 :
1707 4845 1920 4902 Bonane
1964 4862 2051 4902 res
2099 4856 2181 4903 est

596 4945 854 5017 jejunium
879 4983 894 5008 ,
934 4952 990 4997 et
1030 4939 1375 4996 admiranda?
1405 4937 1545 5008 Ergo
1581 4936 1813 5007 oportuit
1840 4936 2030 4992 Joauni
2061 4952 2180 4993 cre-

600 5043 764 5103 dere,
792 5047 846 5094 et
871 5040 1017 5093 illum
1046 5038 1324 5092 admittere
1348 5079 1363 5102 ,
1397 5035 1614 5105 ejusque
1645 5033 1800 5088 dictis
1841 5047 2046 5103 parere.
2093 5033 2180 5088 Sic

599 5135 741 5190 enim
773 5133 859 5187 illa
898 5131 1057 5186 verba
1097 5144 1193 5183 vos
1231 5128 1296 5183 ad
1336 5127 1515 5182 Jesum
1556 5125 1846 5180 adductura
1885 5135 2054 5180 erant.
2098 5125 2177 5179 Au

599 5239 825 5279 onerosa
854 5233 901 5277 et
935 5221 1065 5276 dura
1096 5235 1180 5275 res
1209 5228 1291 5274 est
1328 5217 1626 5288 jejunium?
1659 5218 1796 5289 Ergo
1818 5217 1942 5272 Jesu
1967 5217 2179 5273 Christo

598 5313 1076 5385 obtemperandum
1106 5321 1219 5367 erat
1238 5353 1252 5377 ,
1282 5311 1486 5381 ipsique
1508 5310 1756 5376 credere,
1799 5311 1889 5381 qui
1916 5319 2175 5365 contraria

603 5404 879 5460 incedebat
909 5404 1010 5458 via.
1038 5403 1141 5458 Per
1169 5410 1445 5470 utramque
1473 5401 1489 5432 ¹
1515 5400 1652 5455 viam
1682 5402 1732 5454 in
1764 5416 1984 5469 regnum
2012 5401 2176 5454 intra-

601 5494 704 5550 tnri
730 5493 912 5548 eratis.
943 5493 1012 5548 At
1041 5493 1113 5546 illi
1143 5491 1292 5562 quasi
1324 5491 1431 5545 fera
1459 5489 1710 5544 immanis
1734 5499 2016 5560 utrumque
2041 5491 2178 5545 male

596 5582 946 5652 accipiebant.
989 5581 1139 5637 Nulla
1175 5596 1300 5650 ergo
1325 5581 1478 5647 culpa
1506 5589 1587 5633 est
1613 5592 1798 5634 eorum
1840 5580 2034 5650 quibus
2073 5597 2174 5635 non

598 5673 861 5731 creditum
885 5681 997 5738 est,
1020 5671 1113 5728 sed
1133 5684 1320 5728 eorum
1347 5676 1547 5724 tantum
1568 5669 1654 5738 qui
1682 5685 1788 5724 non
1814 5668 2171 5725 crediderunt.

598 5766 767 5822 Nemo
787 5765 924 5817 enim
944 5763 1203 5820 contraria
1224 5762 1378 5818 simul
1401 5761 1681 5830 vituperet,
1701 5769 1757 5816 ut
1781 5775 1953 5832 neque
1975 5756 2171 5817 lauder.

661 5871 678 5908 ι
711 5872 921 5931 quidam,
948 5886 1031 5934 per
1056 5871 1348 5922 attautrm.

1311 459 1365 514 S.
1405 452 1676 514 JOANNIS
1710 445 2177 507 CHRYSOSTOMI
2218 445 2533 501 AltClllEP.
2575 437 3104 500 CONSTANTINOP.

3755 435 3850 495 διεό

2276 558 2429 611 \‘erbi
2455 559 2620 627 gratia
2640 599 2652 621 ,
2683 557 2771 626 qui
2801 558 2972 609 virum
3003 553 3227 608 hilarem
3256 567 3318 606 ac
3347 552 3633 606 remissum
3663 565 3846 619 appro-

2271 648 2391 711 bat,
2421 663 2664 702 severum
2693 646 2774 701 vel
2802 645 3085 700 barbarum
3125 659 3230 697 non
3259 641 3572 712 approbabit
3603 660 3615 694 :
3645 642 3733 710 qui
3769 657 3850 695 sc-

2271 753 2447 792 vcrum
2479 737 2686 802 laudat,
2725 736 2901 790 laetum
2937 751 3038 789 non
3072 734 3324 788 laudabit.
3359 732 3476 787 Non
3507 742 3683 800 potest
3716 734 3851 785 enim

2270 837 2323 881 et
2349 828 2462 882 lucc
2489 837 2544 882 et
2575 827 2662 881 illa
2706 826 2859 882 simul
2891 825 3171 895 approbari
3204 825 3489 878 sententia.
3524 823 3754 892 Ideoque
3789 825 3856 876 ait

2273 921 2391 986 ille,
2440 919 2580 974 Tibia
2618 920 2888 973 cecinimus
2914 919 3070 985 vobis,
3109 927 3153 970 et
3194 933 3294 970 non
3325 917 3580 978 saltastis;
3613 917 3714 969 hoc
3741 924 3819 968 est
3841 955 3854 974 ,

2272 1014 2566 1068 Remissam
2594 1012 2808 1068 exhibui
2845 1014 3041 1078 vitam,
3073 1019 3128 1066 et
3171 1025 3277 1064 non
3317 1007 3757 1076 obtemperastis;
3786 1017 3857 1071 et,

2270 1102 2554 1156 Lamentati
2595 1119 2801 1168 sumus,
2841 1113 2888 1156 et
2926 1119 3026 1156 non
3058 1101 3326 1171 planxistis
3348 1117 3367 1165 ;
3407 1099 3456 1154 id
3486 1110 3600 1166 est,
3631 1098 3862 1152 Joannes

2270 1208 2508 1250 severam
2537 1204 2588 1249 et
2608 1210 2824 1264 gravem
2854 1195 3012 1247 vitam
3041 1193 3316 1262 amplexus
3342 1201 3445 1256 est,
3475 1202 3528 1245 et
3555 1205 3659 1244 neu
3692 1199 3863 1244 atten-

2271 1286 2442 1342 distis.
2473 1287 2588 1342 Non
2619 1286 2782 1352 dixit,
2811 1287 2924 1357 Ego
2954 1286 3096 1340 illam
3124 1325 3138 1350 ,
3170 1285 3261 1340 ille
3301 1283 3438 1338 hanc
3467 1284 3628 1336 vitam
3660 1281 3810 1336 duxit
3847 1300 3860 1334 :

2271 1381 2364 1436 sed
2391 1381 2511 1450 quia
2539 1382 2814 1451 utriusque
2836 1396 2936 1434 una
2963 1390 3074 1435 erat
3105 1379 3390 1444 sententia,
3415 1378 3512 1432 etsi
3535 1376 3711 1430 studia
3734 1391 3862 1431 coa-

2274 1471 2465 1537 traria,
2496 1471 2616 1526 ideo
2668 1471 2968 1527 Communia
3018 1482 3164 1540 gesta
3215 1470 3342 1526 dicit
3384 1485 3522 1527 esse.
3554 1468 3684 1524 Nam
3727 1467 3867 1540 quod

2271 1562 2593 1616 contrariam
2622 1563 2778 1617 iniret
2804 1563 2941 1616 viam
2965 1602 2979 1627 ,
3021 1577 3084 1616 ex
3128 1562 3331 1630 majore
3355 1562 3638 1617 concordia
3673 1561 3868 1616 factum

2272 1661 2353 1708 est
2373 1693 2387 1719 ,
2417 1669 2534 1724 qua:
2559 1653 2806 1709 eumdem
2836 1653 3111 1722 spectabat
3140 1652 3318 1706 linem.
3360 1651 3529 1719 Quam
3562 1666 3692 1722 ergo
3717 1651 3867 1705 deiu-

2273 1762 2399 1817 ceps
2427 1746 2794 1802 defensionem
2826 1745 3098 1799 habeatis?
3130 1744 3252 1798 Ideo
3279 1743 3553 1813 subjunxit
3587 1762 3599 1794 :
3633 1743 3698 1796 Et
3714 1744 3871 1812 justi-

2274 1839 2426 1908 ﬁcata
2451 1847 2522 1891 est
2551 1836 2799 1907 sapientia
2825 1852 2857 1888 a
2886 1836 3006 1903 ﬁliis
3045 1835 3185 1899 suis;
3231 1834 3330 1888 hoc
3360 1842 3444 1888 est
3466 1875 3480 1899 ,
3509 1833 3732 1887 Etiamsi
3776 1846 3871 1886 vos

2274 1947 2378 1986 non
2406 1929 2919 1999 obtemperaveritis,
2940 1937 2994 1981 at
3014 1943 3099 1982 me
3121 1928 3257 1981 ultra
3285 1927 3559 1981 criminari
3589 1942 3696 1980 non
3719 1935 3870 1996 pote-

2275 2024 2408 2077 ritis.
2438 2023 2589 2088 Quod
2621 2021 2687 2076 de
2718 2021 2874 2076 Patre
2900 2019 3028 2074 dicit
3055 2019 3311 2089 propheta
3347 2036 3360 2072 :
3398 2018 3466 2072 Ut
3494 2020 3792 2088 iusti/iceris
3819 2021 3870 2073 in

2271 2115 2581 2171 sermonibus
2607 2113 2890 2185 tuis(Psal.
2922 2113 3010 2168 50.
3046 2111 3120 2181 6).
3149 2112 3289 2167 Deus
3309 2111 3451 2167 enim
3480 2111 3713 2178 etiamsi,
3745 2111 3874 2166 dum

2275 2207 2443 2262 nostri
2469 2222 2648 2261 curam
2679 2207 2848 2276 gerit,
2891 2204 3023 2260 nihil
3049 2205 3293 2274 perﬁciat
3315 2244 3329 2269 ,
3363 2219 3455 2258 sua
3491 2214 3670 2258 tamen
3697 2206 3872 2259 omnia

2234 2360 2236 2362 τ
2277 2298 2490 2368 implet,
2522 2300 2593 2352 ita
2620 2285 2676 2351 6t
2702 2311 2768 2351 ne
2798 2296 3013 2366 quidem
3041 2295 3281 2350 umbram
3312 2295 3668 2350 dubitationis
3697 2296 3871 2366 impu-

2275 2389 2522 2444 dentibus
2553 2388 2912 2458 improbisqne
2942 2388 3225 2457 relinquat.
3254 2386 3310 2442 Si
3341 2402 3469 2441 vero
3508 2387 3756 2457 exempla
3786 2388 3872 2441 illa

2274 2481 2466 2552 quibus
2481 2481 2650 2536 utitur
2670 2480 2788 2534 vilia
2807 2481 2913 2534 sint
2931 2489 2983 2533 et
3001 2480 3349 2550 incomposita
3361 2523 3373 2544 ,
3398 2494 3465 2533 ne
3481 2479 3725 2543 mireris;
3749 2494 3866 2533 nam

2277 2574 2340 2629 ad
2372 2574 2676 2630 auditorum
2705 2572 3069 2628 infirmitatem
3101 2586 3221 2627 sese
3246 2571 3479 2640 aptabat.
3513 2571 3792 2642 Siquidem
3822 2582 3874 2625 et

2281 2665 2528 2722 Ezechiel
2562 2664 2726 2719 multa
2757 2663 2911 2718 affert
2939 2664 3183 2733 exempla
3214 2664 3319 2718 illis
3347 2674 3668 2734 Opportuna,
3694 2673 3747 2717 et
3783 2661 3874 2716 Dei

2281 2755 2558 2824 majestate
2587 2755 2799 2824 indigna
2831 2752 3058 2823 (Βακὰ.
3099 2753 3132 2806 4
3172 2763 3220 2808 et
3258 2753 3324 2808 16
3350 2753 3388 2823 ).
3438 2753 3633 2808 Verum
3678 2763 3732 2808 et
3777 2753 3878 2806 hoc

2278 2850 2436 2904 etiam
2463 2847 2677 2918 dignum
2707 2855 2790 2902 est
2818 2847 2982 2917 ipsius
3010 2845 3362 2916 providentia.
3393 2831 3684 2901 Considera
3717 2861 3879 2916 porro

2279 2940 2397 2994 illos
2423 2939 2581 2993 etiam
2618 2938 2834 2993 aliunde
2877 2938 2930 2992 in
2968 2938 3264 2993 contrarias
3288 2937 3618 2992 circumferri
3652 2946 3876 2991 senten-

2282 3032 2403 3085 tias.
2430 3029 2562 3084 Nam
2583 3045 2702 3084 cum
2723 3029 2980 3084 Joannem
3011 3029 3269 3084 dixissent
3287 3029 3613 3084 daemonium
3655 3029 3872 3093 habere,

2283 3138 2388 3176 non
2420 3122 2507 3177 hic
2532 3130 2797 3178 steterunt
2817 3163 2830 3187 ,
2865 3121 2961 3177 sed
2990 3121 3091 3176 hoc
3117 3121 3288 3191 ipsum
3318 3120 3384 3175 de
3410 3121 3626 3176 Christo
3666 3131 3882 3176 contra.

2282 3214 2367 3269 rio
2393 3213 2553 3269 modo
2577 3213 2786 3268 vivente
2816 3213 3065 3269 dixerunt
3106 3231 3118 3266 :
3162 3214 3238 3268 sic
3262 3228 3475 3283 semper
3503 3215 3554 3268 in
3581 3214 3882 3268 sententias

2281 3318 2464 3359 secum
2490 3313 2784 3373 pugnantes
2827 3302 3225 3358 deferebantur.
3274 3303 3443 3357 Lucas
3483 3319 3611 3358 vero
3645 3317 3764 3357 cum
3799 3302 3882 3357 his

2281 3395 2443 3451 aliam
2470 3410 2683 3466 quoque
2724 3395 2982 3464 majorem
3022 3394 3176 3450 affert
3214 3410 3398 3451 eorum
3448 3396 3882 3459 accusationem,

2282 3487 2510 3542 dicens:
2554 3485 2826 3542 Publiceni
2870 3487 3002 3540 enim
3041 3488 3445 3557 justiﬁcaverunt
3491 3487 3881 3553 [Μυκηναί-

2288 3579 2477 3646 pientes
2504 3576 2758 3647 baptisma
2800 3578 3018 3632 Joannis
3048 3577 3211 3648 (Luc.
3245 3579 3293 3631 7.
3325 3577 3395 3633 29
3416 3579 3455 3650 ).
3485 3577 3637 3634 Tunc
3662 3580 3882 3634 demum

2285 3667 2584 3722 civitatibus
2618 3668 2942 3737 exprobrat,
2987 3683 3106 3721 cum
3133 3668 3418 3737 justificala
3449 3668 3546 3724 fuit
3572 3671 3832 3740 sapientia
3862 3713 3878 3733 ,

2287 3757 2498 3827 quando
2516 3757 2692 3812 omnia
2715 3757 2935 3827 impleta
2963 3757 3125 3812 fuisse
3144 3758 3549 3813 demonstravit.
3576 3760 3712 3828 Quia
3739 3762 3881 3815 enim

2288 3849 2338 3902 id
2371 3865 2473 3903 non
2516 3836 2778 3919 persuasit
2819 3849 2953 3913 illis,
2999 3850 3224 3903 miseros
3257 3851 3374 3906 illos
3416 3852 3702 3920 praedicat;
3744 3853 3882 3923 quod

2288 3941 2438 4011 pejus
2458 3949 2539 3996 est
2559 3955 2719 4010 quam
2734 3941 2779 3995 si
2799 3943 3259 4011 perterre’aceret.
3285 3942 3495 3998 Etenim
3513 3955 3566 3999 et
3587 3944 3882 4000 doctrinam

2285 4033 2527 4087 adhibuit
2565 4042 2622 4087 et
2661 4033 2937 4086 miracula.
2969 4033 3102 4101 Quia
3132 4049 3264 4090 vero
3293 4034 3344 4088 in
3372 4034 3557 4091 eadem
3592 4038 3881 4092 increduii-

2289 4133 2393 4178 tate
2419 4132 2762 4190 manserunt,
2792 4123 3007 4201 demum
3030 4126 3341 4194 exprobrat.
3387 4126 3477 4182 20.
3523 4125 3670 4182 Tunc
3712 4130 3878 4190 enim,

2285 4213 2392 4279 ait,
2419 4211 2571 4267 Jesus
2600 4216 2748 4283 erepit
2776 4215 3082 4284 exprobrare
3111 4216 3417 4281 civitatibus,
3445 4218 3497 4270 in
3528 4219 3708 4287 quibus
3737 4220 3882 4286 facta

2289 4311 2486 4378 fuerant
2531 4307 2764 4378 plurima:
2800 4307 3006 4360 virtutes
3037 4308 3181 4378 ejus,
3226 4309 3346 4366 auia
3394 4310 3739 4376 paenitentiam
3780 4329 3882 4365 non

2285 4408 2489 4466 egerant
2514 4439 2527 4461 ,
2562 4398 2732 4450 dicens
2765 4397 2896 4450 :Ql.
2943 4397 3026 4451 Va:
3055 4399 3144 4453 tibi
3175 4399 3466 4465 Cborasin;
3497 4418 3568 4457 ec
3593 4403 3680 4456 tibi
3723 4403 3878 4458 Beth-

2287 4487 2452 4541 saidu.
2499 4487 2698 4542 Deinde
2748 4495 2803 4540 ut
2847 4487 3020 4544 discas
3064 4504 3156 4544 eos
3187 4505 3293 4544 non
3338 4500 3525 4547 natura
3557 4493 3689 4549 tales
3717 4509 3838 4550 esse
3864 4537 3880 4560 ,

2288 4595 2480 4633 nomen
2511 4580 2660 4634 urbis
2705 4581 2841 4634 illius
2880 4582 3067 4651 ponit,
3112 4583 3255 4639 unde
3293 4585 3529 4655 quinque
3571 4588 3883 4657 prodierant

2286 4671 2530 4740 apostoli.
2555 4671 2683 4725 Nam
2711 4672 2984 4742 Philippus
3010 4681 3064 4728 et
3092 4674 3204 4728 (luo
3227 4675 3312 4728 illa
3333 4678 3754 4748 corypbmorum
3786 4696 3880 4751 μοι

2288 4762 2364 4815 ria
2397 4763 2468 4832 (a)
2503 4762 2622 4829 inde
2646 4774 2817 4818 erant.
2852 4765 2983 4827 Quia
3025 4766 3070 4818 si
3107 4767 3158 4819 in
3207 4764 3340 4836 Tyro
3381 4776 3427 4821 et
3475 4768 3671 4824 Sidone
3697 4813 3712 4834 ,
3764 4773 3879 4837 ait,

2286 4855 2436 4923 factae
2465 4855 2672 4924 fuissent
2700 4856 2924 4917 virtutes,
2958 4872 3070 4922 qum
3090 4857 3142 4908 in
3166 4857 3300 4910 vobis
3327 4856 3479 4928 facile
3504 4873 3641 4927 sunt,
3673 4863 3794 4917 olim
3825 4866 3877 4919 in

2285 4960 2430 4997 sacco
2465 4956 2512 4998 et
2543 4947 2704 4999 cinere
2733 4948 3075 5015 paenitentiam
3103 4949 3338 5019 egissent.
3385 4949 3478 5007 2‘2.
3520 4949 3878 5011 Verumtamen

2285 5035 2396 5087 dico
2424 5036 2580 5100 vobis,
2610 5033 2744 5107 Tyro
2772 5047 2818 5092 et
2849 5036 3035 5092 Sidoni
3061 5039 3320 5095 remissius
3347 5042 3441 5112 erit
3467 5042 3632 5107 indie
3665 5045 3874 5117 jadiaii,

2283 5141 2434 5195 quam
2458 5126 2611 5180 vobis.
2641 5127 2729 5182 235.
2755 5127 2823 5182 Et
2849 5138 2903 5182 tu
2923 5129 3271 5199 Capernaum,
3300 5147 3590 5206 questusque
3606 5138 3684 5190 ad
3700 5141 3879 5194 celata

2283 5218 2505 5270 excitata
2535 5234 2618 5283 es,
2661 5236 2817 5290 usque
2851 5220 2921 5273 ad
2957 5221 3213 5290 infernum
3242 5222 3512 5282 descendas
3543 5244 3563 5283 :
3604 5229 3722 5298 quia
3750 5229 3798 5284 si
3823 5231 3876 5284 in

2284 5306 2523 5361 Sodomis
2551 5311 2698 5378 factm
2726 5310 2936 5380 fuissent
2961 5313 3190 5380 virtutes,
3219 5329 3332 5382 qua
3357 5315 3508 5383 facta:
3530 5326 3649 5371 sunt
3691 5317 3742 5372 in
3787 5329 3838 5375 te
3856 5359 3875 5386 ,

2281 5400 2582 5476 mansissent
2611 5400 2780 5471 utique
2809 5400 2875 5453 ad
2903 5401 3034 5456 hanc
3063 5402 3216 5456 diem.
3246 5400 3339 5458 ει.
3378 5402 3731 5464 Verumtamen
3758 5411 3874 5465 diu

2281 5489 2418 5544 vobis
2442 5530 2457 5553 ,
2499 5491 2616 5560 quia
2657 5501 2803 5545 terra
2830 5491 3170 5548 Sodomorum
3206 5496 3464 5553 remissius
3485 5498 3580 5553 erit
3603 5500 3658 5554 ὰ
3685 5500 3766 5554 die
3781 5502 3872 5574 jus

2281 5578 2404 5632 dicii
2425 5620 2438 5645 ,
2470 5596 2622 5648 quant
2653 5579 2758 5634 tibi.
2786 5577 2900 5635 Nion
2929 5583 3044 5637 sine
3065 5597 3226 5638 causa
3253 5583 3484 5643 Sodoma
3511 5589 3750 5659 apponit,
3777 5590 3874 5648 sed

2283 5679 2340 5725 ut
2363 5681 2552 5743 augeat
2571 5673 2990 5730 accusationem.
3013 5673 3260 5746 Magnum
3287 5678 3484 5751 quippe
3509 5681 3760 5754 neqnitic
3782 5697 3872 5740 as-

2346 5813 2428 5890 ta)‘
2580 5813 2944 5890 permittam-um
2966 5819 3097 5880 paria
3117 5825 3250 5878 sunt,
3269 5823 3446 5870 Petrus
3463 5828 3515 5873 et
3539 5822 3778 5890 uirus,
3798 5833 3876 5878 Ja-

2282 5875 2432 5924 cobus
2453 5883 2503 5924 ct
2523 5882 2747 5926 Joannes.
