4080 6476
264 421 369 477 I35

256 542 573 603 gumentmn
606 539 708 596 est,
732 514 850 583 cum
873 541 980 581 non
1004 525 1165 580 modo
1188 522 1559 595 praesentibus,
1583 518 1677 577 sed
1700 521 1863 576 etiam

260 629 324 682 iis
346 624 436 698 qui
458 625 585 679 olim
609 622 823 678 fuerunt
841 618 1117 675 sceleratis
1138 616 1434 672 deteriores
1453 630 1574 671 esse
1593 613 1859 669 videntur.

257 719 350 773 Sic
373 725 429 774 et
454 717 579 771 alibi
611 716 756 784 ipsos
788 711 1111 768 condemnat
1150 708 1550 778 comparatione
1577 706 1712 762 facta
1740 721 1863 761 cum

260 808 514 864 Ninivitis
536 815 589 861 et
623 820 745 861 cum
784 805 969 875 regina
998 802 1179 858 Austri
1215 800 1425 874 (.llattlt.
1463 801 1555 856 12.
1587 800 1678 855 di.
1710 797 1810 871 ιε)
1844 816 1858 854 :

258 914 444 956 verum
476 898 581 954 illic
622 898 686 953 iis
725 898 812 967 qui
856 904 1003 952 recte
1044 893 1320 959 fecerunt,
1370 894 1459 949 hic
1501 906 1633 948 vero
1666 892 1731 946 iis
1772 891 1860 962 qui

257 990 402 1045 male
421 997 644 1060 egerunt
672 988 817 1058 ipsos
841 995 1138 1056 comparat,
1165 983 1307 1055 quod
1336 985 1493 1055 longe
1518 984 1733 1055 gravius
1756 991 1857 1039 est.

259 1081 415 1135 llunc
434 1094 645 1150 quoque
672 1076 958 1134 damnandi
987 1075 1201 1131 modum
1223 1075 1369 1130 novit
1392 1074 1668 1141 Ezechiel;
1696 1087 1861 1141 quare

256 1171 394 1225 dixit
416 1168 765 1242 Jerosolymre
796 1186 809 1221 :
850 1166 1160 1229 Justiﬁcasti
1189 1182 1384 1222 sorores
1406 1176 1519 1220 tua:
1548 1166 1600 1220 in
1627 1164 1861 1220 omnibus

256 1264 472 1333 peccatis
496 1266 596 1317 tuis
626 1261 849 1333 (Ezeclt.
902 1260 981 1316 16.
1029 1261 1088 1315 51
1123 1260 1160 1328 ).
1194 1259 1295 1315 Sic
1339 1259 1537 1331 ubique
1581 1258 1635 1313 in
1677 1254 1858 1313 Veteri

254 1356 603 1411 Testamento
633 1354 685 1408 in
716 1352 799 1407 his
826 1351 1028 1408 versari
1057 1353 1210 1406 solet.
1244 1350 1426 1422 Neque
1458 1350 1544 1405 hic
1580 1349 1739 1406 finem
1779 1350 1859 1405 di-

254 1446 411 1503 cendi
441 1445 586 1512 facit,
618 1444 713 1501 sed
748 1445 996 1499 timorem
1022 1451 1179 1513 auget
1203 1441 1389 1496 dicens
1412 1480 1427 1506 ,
1456 1441 1699 1512 graviora
1730 1454 1857 1510 pas-

253 1552 411 1593 suros
440 1536 561 1591 illos
585 1551 704 1591 esse
722 1576 737 1603 ,
765 1550 926 1606 quam
950 1532 1256 1589 Sodomitas
1282 1542 1337 1590 et
1361 1531 1577 1605 Tyrios.
1604 1531 1681 1587 lta
1711 1532 1858 1603 ipsos

252 1630 490 1700 undique
519 1629 788 1695 concitat,
822 1638 1022 1682 etcum
1064 1627 1295 1684 miseros
1320 1625 1611 1699 praedicat,
1642 1636 1697 1683 ct
1732 1640 1855 1682 cum

257 1718 649 1790 pi-rterrcfacit.

330 1812 384 1866 5.
415 1809 758 1878 Hospitalitas
781 1808 1181 1863 commendatur.
1214 1806 1401 1864 Contra
1426 1809 1710 1864 meretricia
1733 1825 1858 1864 can-

254 1903 376 1956 tica.
419 1932 491 1942 —
530 1901 658 1956 Πωο
685 1915 901 1971 quoque
933 1916 1029 1955 nos
1060 1901 1358 1955 audiamus.
1393 1900 1576 1971 Neque
1602 1902 1744 1957 enim
1772 1901 1856 1955 in-

251 1990 491 2047 credulis
537 1998 739 2046 iantum
766 2033 781 2059 ,
819 1990 913 2045 sed
954 1992 1113 2045 etiam
1147 1992 1301 2045 nobis
1330 1992 1543 2061 gravius
1580 1993 1858 2048 constituit

251 2082 572 2151 supplicium
594 2123 607 2147 ,
640 2096 800 2152 quam
832 2079 1123 2135 Sodomitis
1148 2123 1161 2146 ,
1194 2080 1294 2135 nisi
1328 2079 1637 2152 peregrinos
1664 2081 1730 2137 ad
1758 2096 1856 2139 nos

251 2176 530 2229 venientes
563 2174 892 2244 excipiamus
915 2217 929 2239 ,
956 2188 1075 2228 cum
1106 2173 1264 2229 etiam
1292 2173 1567 2244 pulverem
1596 2181 1857 2230 excutere

247 2267 503 2337 jusserit;
553 2282 619 2324 ac
652 2267 775 2338 jure
802 2266 1012 2321 merito.
1060 2265 1137 2321 llli
1178 2281 1446 2336 namque,
1478 2268 1579 2323 etsi
1620 2267 1857 2338 graviter

254 2368 545 2428 peccarunt
569 2401 582 2424 ,
616 2368 669 2413 at
698 2367 822 2414 ante
851 2360 1023 2429 legem
1050 2370 1103 2413 et
1131 2360 1356 2429 gratiam
1384 2359 1516 2428 lapsi
1548 2368 1710 2424 sunt;
1756 2374 1855 2415 nos

251 2464 382 2504 vero
411 2451 496 2519 qui
539 2459 656 2519 post
694 2459 891 2503 tantam
939 2450 1092 2504 nobis
1124 2448 1412 2504 cxhibitam
1444 2465 1627 2504 curam
1670 2466 1855 2519 pecca-

250 2557 373 2594 mus
395 2581 409 2605 ,
438 2555 538 2610 qua
570 2540 772 2595 erimus
814 2540 968 2594 venia
1000 2540 1143 2607 digni
1172 2581 1187 2605 ,
1217 2540 1307 2609 qui
1346 2548 1549 2594 tantum
1582 2540 1851 2610 hospitum
1880 2594 1885 2597 Ἴ

248 2632 432 2687 odium
465 2630 781 2687 exhibemus
807 2670 823 2697 ,
866 2630 1157 2701 egenisque
1192 2640 1409 2700 portas,
1438 2639 1488 2685 et
1514 2641 1640 2687 ante
1673 2643 1854 2701 portas

245 2738 407 2778 aures
452 2722 792 2778 claudimus?
838 2737 938 2777 nec
976 2722 1139 2779 modo
1177 2722 1498 2794 pauperibus
1524 2766 1537 2789 ,
1569 2722 1664 2778 sed
1691 2723 1853 2780 etiam

247 2816 380 2885 ipsis
408 2816 701 2885 apostolis?
730 2812 854 2870 idco
880 2815 1020 2870 enim
1049 2816 1398 2886 pauperibus,
1424 2817 1548 2886 quia
1574 2817 1850 2884 apostolis.

244 2910 384 2963 Cum
406 2909 549 2964 enim
581 2909 777 2979 legitur
804 2903 1034 2973 Paulus;
1062 2922 1162 2963 nec
1194 2916 1247 2962 tu
1275 2907 1537 2974 attendis;
1568 2922 1687 2963 cum
1718 2923 1855 2978 pra:-

245 3001 391 3056 dicat
418 3000 688 3067 Joannes,
721 3008 774 3055 et
819 3009 873 3054 tu
918 3014 1024 3054 non
1059 2999 1212 3053 audis
1242 3017 1255 3051 :
1282 2998 1620 3068 quandonam
1655 3014 1855 3069 paupe-

244 3108 361 3148 rem
391 3092 757 3171 recipieshqui
785 3092 1091 3161 apostolum
1121 3107 1226 3145 non
1254 3091 1482 3161 recipis?
1508 3089 1576 3145 llt
1601 3092 1779 3161 itaque
1799 3099 1854 3146 ct

246 3186 332 3240 his
360 3185 524 3249 mdes,
556 3194 611 3240 et
640 3185 745 3239 illis
772 3198 930 3240 aures
959 3192 1218 3253 perpetuo
1246 3191 1444 3251 aperta:
1472 3184 1599 3249 sint,
1633 3186 1849 3238 sordem

242 3292 461 3331 omnem
505 3276 575 3330 ab
613 3276 835 3331 auribus
875 3278 1068 3330 anima:
1109 3289 1485 3345 cxpurgemus.
1526 3274 1677 3330 Sicut
1705 3275 1849 3329 enim

242 3368 435 3425 sordes
458 3377 512 3422 ct
538 3368 697 3422 limus
719 3382 874 3423 aures
900 3367 1164 3437 corporis,
1190 3367 1267 3420 sic
1292 3366 1593 3423 meretricia
1621 3367 1847 3432 cantica,

244 3462 534 3517 srecnlares
573 3460 907 3515 narrationes
927 3506 940 3523 ,
968 3459 1169 3525 debita,
1203 3473 1482 3514 sermones
1512 3458 1579 3513 de
1609 3474 1767 3512 usura
1798 3466 1853 3512 ei.

243 3564 430 3608 mutuo
455 3595 470 3619 ,
510 3552 679 3624 magis
705 3566 865 3621 quam
898 3551 1098 3619 quasvis
1127 3551 1313 3605 sordes
1344 3564 1503 3605 aures
1530 3549 1722 3604 anima!
1751 3550 1846 3603 nh-

247 3652 463 3709 turunt;
496 3644 604 3699 imo
634 3658 739 3697 non
772 3644 1027 3697 obturant
1057 3642 1236 3708 modo,
1270 3642 1363 3696 sed
1395 3640 1699 3695 immundus
1731 3641 1851 3695 red-

243 3736 398 3789 dunt.
431 3734 561 3789 Nam
594 3738 681 3805 qui
734 3735 833 3789 ista
872 3744 1086 3787 narrant
1110 3774 1125 3798 ,
1160 3732 1342 3785 fimum
1376 3732 1427 3785 iu
1460 3746 1615 3786 aures
1646 3740 1850 3786 vestras

245 3827 511 3896 iujieiunt.
556 3828 631 3881 Ac
653 3825 793 3895 quod
815 3824 1069 3879 barbarus
1088 3823 1179 3879 ille
1194 3823 1619 3877 comminabatur
1634 3823 1736 3877 dici
1756 3840 1850 3877 lla.‘

246 3920 389 3973 (Imm
403 3919 530 3971 detis
553 3927 743 3971 stercus
784 3926 1017 3981 vestrum,
1047 3926 1151 3969 etc.
1187 3914 1205 3985 (
1240 3914 1363 3968 Isai.
1396 3912 1481 3968 56.
1512 3913 1617 3985 l2)
1650 3933 1662 3969 :
1691 3915 1766 3968 sic
1799 3922 1850 3967 et

248 4011 336 4065 isti
364 4026 469 4064 nnn
500 4009 681 4071 verbo.
715 4007 808 4063 sed
835 4008 1086 4078 operibus
1116 4022 1179 4061 eo
1208 4022 1300 4060 vos
1324 4005 1612 4069 deducunt,
1646 4014 1700 4059 ut
1732 4005 1848 4059 haec

245 4100 591 4165 sustineatis;
623 4100 731 4153 imo
755 4107 809 4153 et
840 4099 995 4168 longe
1022 4098 1253 4168 gravius.
1285 4097 1493 4151 Etenim
1526 4097 1612 4150 illa
1640 4096 1846 4151 cantica

247 4195 333 4246 his
376 4196 531 4258 lange
577 4188 798 4245 fcediora
830 4198 955 4243 sunt
999 4206 1010 4241 :
1056 4189 1303 4258 quodque
1332 4188 1567 4242 deterius
1593 4195 1704 4249 e~t,
1742 4202 1845 4239 non

248 4280 410 4336 modo
434 4280 547 4335 haec
579 4282 802 4334 moleste
834 4294 939 4333 non
973 4278 1149 4345 lenis,
1182 4280 1275 4333 sed
1304 4279 1461 4331 etiam
1494 4277 1696 4342 ridetis,
1727 4293 1847 4331 cum

247 4381 521 4442 oporteret
548 4372 816 4429 exsecrari
848 4386 910 4425 ac
945 4372 1143 4440 fugere.
1178 4370 1327 4439 Quod
1362 4372 1404 4424 si
1432 4371 1544 4424 haec
1572 4369 1850 4423 abomina-

248 4466 375 4518 liilia
405 4478 509 4519 non
537 4471 678 4528 sunt,
709 4461 973 4516 descende
1006 4463 1055 4515 in
1084 4462 1431 4525 orchestram,
1468 4462 1677 4514 imitare
1707 4459 1847 4528 qurd

248 4556 468 4621 laudas;
515 4557 621 4609 imo
646 4554 730 4607 adi
763 4570 881 4608 eum
907 4554 994 4623 qui
1024 4554 1162 4607 hunc
1192 4554 1355 4607 risum
1383 4554 1598 4607 excitat.
1649 4553 1845 4606 Verum

251 4649 301 4703 td
334 4662 618 4717 numquam
649 4645 821 4700 facere
847 4646 1010 4699 ausis.
1043 4646 1145 4699 Cur
1172 4661 1298 4716 ergo
1329 4647 1401 4698 illa
1433 4655 1631 4699 tantum
1663 4646 1847 4699 tribuis

251 4746 510 4791 honorem
536 4738 556 4788 ἳ
583 4737 742 4805 Atqui
770 4735 1079 4791 Graecorum
1114 4738 1257 4806 lvch
1287 4736 1583 4805 descriptm,
1620 4737 1737 4789 illos
1764 4738 1846 4791 in-

248 4830 419 4881 fames
451 4826 631 4881 haberi
668 4828 849 4881 volunt
881 4846 893 4881 :
924 4837 977 4880 tu
1020 4842 1147 4879 vero
1192 4828 1308 4881 ilios
1342 4842 1459 4880 cum
1495 4834 1601 4882 tota
1633 4829 1847 4882 civitate

249 4919 446 4987 recipis
467 4957 481 4981 ,
529 4920 678 4986 quasi
708 4918 907 4986 legatus
934 4920 948 4948 ¹
980 4928 1034 4972 et
1061 4919 1225 4971 duces
1245 4960 1259 4979 ,
1294 4934 1584 4987 omnesque
1614 4933 1805 4973 evocas
1829 4959 1844 4983 ,

248 5023 309 5064 ttt
357 5010 537 5061 limum
584 5010 634 5061 in
675 5009 892 5061 auribus
934 5009 1213 5077 accipiant.
1281 5010 1356 5061 Ac
1402 5023 1587 5062 servus
1632 5009 1844 5077 quidem

249 5118 392 5167 tuus,
424 5102 467 5156 si
502 5101 623 5169 quid
654 5110 839 5170 turpe.
873 5110 922 5155 te
952 5100 1232 5165 audiente,
1266 5100 1527 5168 lovjuatnr,
1561 5102 1703 5154 mille
1732 5102 1846 5168 pla-

248 5209 344 5259 gas
372 5194 561 5261 accipit
586 5208 600 5257 ;
631 5200 682 5245 ct
710 5193 751 5245 si
786 5191 923 5245 tilius
943 5233 955 5256 ,
985 5192 1027 5245 si
1060 5206 1212 5256 uxor,
1240 5192 1283 5244 si
1317 5192 1556 5262 quisquis
1580 5192 1717 5247 alius
1748 5192 1848 5246 huc

250 5287 409 5341 faciat
433 5327 446 5350 ,
480 5300 589 5337 rem
633 5284 774 5335 illam
806 5297 963 5336 vocas
992 5283 1367 5337 contumeliam
1401 5300 1413 5333 :
1442 5284 1484 5336 si
1520 5299 1644 5337 vero
1676 5283 1847 5334 humi-

251 5393 347 5431 ncs
382 5376 702 5428 verbm-ones
735 5383 785 5425 ct
825 5374 1013 5442 ahjecti
1057 5383 1105 5427 te
1132 5384 1321 5427 vocent
1348 5415 1362 5437 ,
1398 5384 1452 5426 ut
1486 5383 1652 5439 i'tt'p'a
1689 5374 1845 5425 wrha

248 5468 461 5533 audias,
496 5481 597 5519 non
633 5465 790 5518 modo
820 5481 924 5518 non
954 5465 1265 5534 indignaris,
1297 5466 1391 5519 sed
1428 5466 1574 5518 etiam
1606 5466 1801 5533 gtlttclt‘s
1828 5509 1842 5530 ,

252 5560 456 5614 laudas.
489 5557 690 5623 Ecquid
719 5556 843 5610 huic
869 5556 1149 5609 dementire
1175 5572 1268 5623 par
1294 5554 1518 5608 fuerit”?
1544 5556 1647 5607 Sed
1675 5556 1845 5623 turpia

253 5648 623 5719 hujuscemodi
669 5664 773 5701 nun
818 5646 1088 5715 loqueris?
1135 5646 1335 5715 lie.qu
1379 5647 1498 5699 hinc
1531 5648 1661 5700 lucri
1684 5648 1707 5698 2’
1739 5647 1845 5699 lliiO

318 5786 333 5814 ι
372 5784 583 5839 Quidam.
608 5780 744 5835 quasi
768 5780 1083 5830 consiliarios.

316 5844 340 5871 ⁸
372 5844 585 5893 Mamili
610 5845 793 5891 hui-ent
820 5857 829 5891 :
860 5842 1039 5901 Erquiaf
1065 5842 1152 5891 Ιηη·
1177 5839 1415 5890 clementia:
1430 5842 1565 5901 pejus
1588 5840 1733 5901 fuerit
1759 5840 1782 5887 ."

1089 408 1155 466 IN
1193 356 1602 473 ΜΑἸἼΊΙέυΜ
1642 405 1873 465 llOlllL.
1914 402 2185 461 XXXVII.
2224 407 2297 462 al.
2339 406 2631 463 XXXVIII:

3473 415 3579 473 ωδ

1972 533 2103 573 vero
2122 517 2263 575 unde
2286 519 2485 590 liqueat
2506 530 2556 576 te
2578 534 2685 577 non
2706 520 2890 591 loqui?
2909 520 2966 578 Si
2988 522 3131 579 enim
3154 522 3270 581 hinc
3289 540 3581 597 numquam

1971 605 2281 677 proferres,
2315 624 2420 665 non
2463 610 2672 668 rideres
2712 612 2939 668 audiens
2962 653 2979 680 ,
3011 629 3187 684 neque
3228 626 3379 672 tanto
3402 618 3583 673 studio

1968 712 2219 755 cnrrcres
2245 699 2313 754 ad
2343 715 2529 756 vocem
2557 717 2679 772 qua
2706 712 2759 758 te
2783 703 3053 760 dedecore
3076 704 3261 762 allicit.
3312 707 3405 765 Dic
3434 710 3580 767 enim

1972 789 2101 844 mihi
2129 830 2143 856 ,
2170 790 2445 861 gaudcsne
2472 792 2697 849 audiens
2738 792 3143 865 hlasphemias?
3170 812 3348 853 annon
3375 799 3578 857 exhor-

1969 881 2156 948 reseis,
2181 890 2237 937 et
2259 896 2419 938 aures
2441 882 2723 939 obstruis?
2753 885 2867 955 Ego
2891 896 3039 943 certe
3061 887 3111 941 id
3136 897 3285 958 puto.
3307 887 3419 945 Cur
3440 890 3580 948 hoc?

1966 970 2099 1040 Quia
2140 978 2194 1027 tu
2238 988 2525 1045 numquam
2565 974 2927 1045 blasphemas.
2974 976 3207 1048 ldipsum
3240 978 3401 1037 facito
3432 982 3579 1039 circa

1968 1063 2139 1135 turpia
2170 1065 2263 1120 illa
2296 1066 2480 1121 verba.
2531 1069 2597 1122 Et
2626 1068 2672 1123 si
2697 1069 2775 1123 vis
2806 1069 2962 1125 nobis
2990 1069 3134 1126 clare
3163 1070 3535 1131 demonstrare
3557 1117 3573 1141 ,

1967 1166 2018 1211 te
2042 1172 2146 1213 non
2169 1158 2409 1229 gaudere
2429 1160 2555 1214 dum
2581 1161 2753 1233 turpia
2774 1162 3044 1226 dicuntur.
3069 1179 3136 1220 ne
3155 1165 3339 1221 auditu
3360 1166 3575 1238 quidem

1966 1247 2054 1302 illa
2082 1251 2241 1305 feras.
2275 1251 2626 1317 Quandonam
2656 1254 2856 1324 probus
2883 1254 2964 1310 vir
2986 1270 3109 1313 esse
3137 1258 3358 1327 poteris,
3392 1260 3445 1336 in
3475 1259 3578 1317 hu-

1960 1340 2197 1409 jusmodi
2225 1344 2469 1415 turpibus
2495 1346 2778 1402 audiendis
2797 1346 3099 1404 enutritus?
3122 1352 3463 1421 quandonam
3486 1370 3578 1410 ca-

1963 1435 2164 1492 stitatis
2192 1437 2421 1493 sudores
2460 1437 2601 1493 ferre
2643 1440 2846 1509 poteris
2870 1480 2885 1503 ,
2912 1439 2995 1495 sic
3033 1442 3285 1511 paulatim
3321 1444 3576 1503 difﬂuens

1962 1541 2027 1582 ex
2074 1528 2182 1583 risu
2208 1571 2223 1597 ,
2254 1529 2501 1585 cantibus
2523 1572 2539 1596 ,
2572 1540 2626 1585 ct
2676 1532 2853 1587 verbis
2882 1532 3193 1589 obscenis?
3233 1535 3367 1592 Nam
3411 1539 3456 1593 si
3485 1539 3572 1596 vix

1962 1619 2139 1673 anima
2166 1660 2180 1684 ,
2213 1636 2333 1690 qua!
2356 1620 2426 1676 ab
2456 1620 2541 1676 his
2567 1622 2818 1678 onmibus
2841 1638 2903 1679 se
2933 1638 3119 1693 puram
3146 1637 3325 1682 servat
3348 1668 3364 1693 ,
3397 1636 3575 1698 potest

1963 1724 2085 1765 esse
2112 1709 2335 1767 honesta
2366 1722 2418 1767 et
2449 1722 2615 1780 casta,
2644 1721 2845 1784 quanto
2868 1714 3044 1770 minus
3071 1716 3267 1787 poterit
3294 1732 3416 1788 qua:
3458 1718 3575 1776 lucc

1961 1800 2150 1858 audire
2172 1803 2349 1859 solet?
2378 1806 2460 1859 An
2487 1804 2725 1871 nescitis,
2758 1820 2855 1860 nos
2875 1806 2942 1861 ad
2976 1806 3267 1877 nequitiam
3292 1809 3573 1879 proniores

1962 1896 2122 1951 esse?
2145 1896 2281 1953 Cum
2308 1906 2485 1952 autem
2516 1898 2631 1953 haec
2660 1897 2714 1954 in
2740 1907 2913 1954 artem
2935 1908 2989 1954 et
3012 1914 3148 1970 epus
3168 1911 3569 1969 convertamus,

1961 1988 2233 2056 quomodo
2276 1988 2549 2045 fornacem
2599 1989 2745 2044 illam
2788 1988 3025 2059 effugere
3072 1992 3409 2060 poterimus?
3454 1993 3570 2050 Non

1960 2078 2155 2133 audisti
2176 2080 2303 2149 quid
2328 2080 2458 2136 dicit
2480 2080 2697 2148 Paulus,
2730 2079 2962 2137 Gaudete
2983 2082 3035 2136 in
3060 2080 3279 2139 Domino
3307 2082 3567 2156 (Philipp.

1961 2170 2014 2225 4.
2043 2170 2078 2225 4
2097 2171 2156 2242 )?
2180 2172 2296 2226 Non
2325 2171 2481 2240 dixit,
2515 2171 2572 2227 In
2602 2172 2835 2229 diabolo.

2035 2263 2084 2317 6.
2126 2262 2465 2320 Thcatrorum
2491 2266 2786 2337 spectacula
2818 2282 2973 2338 quam
2999 2267 3248 2324 damnosa
3286 2279 3337 2324 et
3377 2272 3567 2343 turpia.

1959 2353 2278 2420 -—Quando
2306 2356 2466 2427 igitur
2489 2356 2677 2411 audire
2708 2357 2927 2412 Paulum
2968 2359 3206 2429 poteris?
3250 2358 3478 2427 Quando
3518 2362 3572 2418 in

1960 2458 2176 2499 sensum
2221 2447 2405 2501 venire
2458 2456 2800 2517 peccatorum
2827 2488 2844 2512 ,
2885 2448 2974 2518 qui
3025 2462 3091 2503 ex
3134 2453 3441 2519 spectaculo
3481 2452 3574 2509 illo

1960 2534 2143 2591 ebrius
2167 2551 2385 2606 semper
2409 2536 2515 2592 es?
2562 2536 2714 2605 Quod
2744 2538 2885 2593 enim
2915 2539 3022 2594 hue
3051 2555 3263 2596 veneris
3282 2584 3296 2609 ,
3338 2559 3445 2598 non
3476 2547 3575 2599 nti—

1960 2642 2081 2681 rum
2123 2642 2223 2684 nec
2268 2644 2519 2700 magnum
2558 2640 2676 2697 cst;
2726 2631 2836 2687 imo
2872 2632 3051 2702 potius
3082 2634 3280 2689 mirum
3308 2644 3409 2693 est.
3455 2637 3572 2694 lluc

1959 2718 2102 2773 enim
2139 2728 2193 2774 et
2234 2720 2473 2789 segniter
2511 2730 2566 2775 et
2605 2722 2979 2791 perfunctorie.
3006 2726 3191 2791 venis;
3234 2726 3361 2783 illuc
3388 2739 3570 2786 autem

1958 2826 2157 2881 magno
2194 2811 2373 2868 studio
2403 2822 2457 2869 et
2496 2815 2677 2869 animo
2708 2816 2964 2871 accurris.
2998 2817 3160 2888 quue
3189 2821 3361 2890 palam
3392 2831 3476 2877 est
3503 2839 3570 2879 ex
3610 2824 3629 2845 ³

1958 2900 2024 2954 iis
2052 2916 2172 2972 quin
2202 2902 2423 2958 domum
2444 2904 2617 2960 refers
2638 2946 2653 2970 ,
2681 2920 2803 2961 cum
2834 2906 2958 2963 inde
2984 2909 3215 2965 recedis.
3244 2912 3455 2969 Etenim
3483 2914 3570 2970 lu-

1958 2992 2070 3045 tum
2100 2991 2255 3049 vobis
2294 2994 2404 3049 illic
2446 2993 2681 3051 infusum
2714 3012 2810 3067 per
2840 2998 3005 3054 verba
3031 3041 3046 3065 ,
3075 3000 3283 3065 cantica
3310 3044 3325 3069 ,
3356 3003 3522 3060 risum
3550 3046 3569 3074 ,

1958 3084 2151 3154 singuli
2172 3085 2392 3141 domum
2416 3090 2731 3157 reportatis;
2756 3090 2863 3143 imo
2888 3105 2993 3145 non
3023 3092 3074 3146 in
3096 3092 3314 3149 domum
3339 3104 3568 3167 tantum,

1957 3175 2052 3230 sed
2080 3176 2133 3229 in
2164 3188 2399 3233 mentem
2434 3189 2667 3234 vestram
2696 3180 2948 3235 inducitis
2977 3200 2991 3237 :
3020 3191 3074 3238 et
3099 3184 3170 3239 ab
3196 3185 3261 3241 iis
3289 3202 3410 3257 qua:
3434 3187 3571 3245 abo-

1959 3268 2253 3323 minatione
2297 3268 2457 3340 digna
2504 3285 2608 3326 non
2652 3280 2817 3339 sunt,
2864 3275 3160 3341 averteris;
3209 3276 3575 3337 abominanda

1957 3373 2086 3412 vero
2114 3374 2220 3411 non
2253 3358 2377 3413 odio
2406 3359 2587 3425 habes,
2626 3363 2733 3415 imo
2755 3362 2954 3433 diligis.
2988 3364 3131 3421 Multi
3155 3376 3303 3422 certe
3331 3384 3362 3423 a
3391 3372 3574 3441 scpqu

1956 3450 2061 3501 cris
2100 3447 2386 3503 redeuntes
2426 3463 2548 3505 sese
2587 3451 2849 3518 abluunt;
2878 3468 2908 3506 a
2942 3453 3163 3511 theatris
3200 3472 3328 3514 vero
3366 3463 3569 3519 reversi

1957 3555 2064 3593 non
2088 3550 2327 3609 gemunt,
2352 3558 2457 3599 non
2480 3542 2835 3615 lacrymarum
2861 3544 3036 3602 fontes
3057 3548 3337 3606 ell‘uudnnt
3355 3570 3370 3619 ;
3389 3569 3571 3625 quam-

1956 3647 2116 3702 quam
2165 3643 2412 3691 mortuus
2460 3650 2566 3690 non
2612 3636 2681 3690 sit
2725 3636 3077 3694 immundus:
3118 3654 3396 3712 peccatum
3440 3662 3570 3704 vero

1961 3737 2159 3786 tantam
2193 3727 2460 3783 maculam
2489 3739 2768 3799 aSpergat,
2799 3742 2855 3784 ut
2886 3747 2953 3787 ne
2983 3733 3133 3791 mille
3161 3737 3379 3807 quidem
3409 3739 3571 3797 fonti-

1957 3815 2055 3869 bus
2086 3820 2254 3886 possit
2277 3819 2446 3883 ablui,
2475 3819 2569 3873 sed
2598 3820 2728 3875 solis
2758 3821 3011 3892 lacrymis
3034 3832 3088 3879 et
3114 3826 3566 3888 confessionibus.

1954 3906 2059 3963 Sed
2093 3925 2250 3963 nemo
2276 3910 2542 3965 maculam
2572 3909 2941 3981 hujuscemodi
2970 3918 3149 3972 sentit.
3180 3918 3311 3986 Quia
3340 3922 3482 3976 enim
3505 3939 3567 3979 ea

1956 4014 2074 4069 quae
2108 4000 2340 4055 timenda
2373 4010 2553 4056 essent
2579 4019 2685 4055 non
2723 4004 2973 4059 timemus
3000 4047 3013 4071 ,
3043 4022 3104 4063 ea
3132 4053 3147 4077 ,
3181 4026 3298 4081 qua:
3333 4012 3566 4069 tintenda

1956 4110 2061 4147 non
2090 4103 2214 4147 sunt
2239 4136 2251 4158 ,
2285 4095 2593 4149 metuimus.
2630 4096 2761 4163 Quis
2787 4106 2966 4153 autem
3002 4101 3089 4153 ille
3120 4106 3417 4172 strepitus?
3445 4110 3569 4177 quis

1958 4185 2238 4249 tumuitus,
2268 4185 2355 4255 qui
2384 4188 2605 4241 satanici
2640 4189 2910 4245 clamores
2958 4198 3013 4245 et
3042 4191 3289 4249 diabolici
3320 4196 3570 4255 habitus?

1956 4278 2105 4331 Alius
2128 4277 2339 4345 juvenis
2362 4294 2486 4333 cum
2514 4279 2618 4346 sit,
2653 4295 2861 4335 comam
2893 4290 3035 4337 retro
3062 4283 3337 4341 reductam
3364 4287 3526 4345 habet
3549 4332 3567 4357 ,

1956 4377 2010 4421 ct
2055 4377 2298 4421 naturam
2342 4369 2510 4438 ipsam
2548 4370 2823 4425 effeminat
2862 4384 3079 4441 aspectu
3105 4416 3119 4440 ,
3154 4377 3334 4432 habitu
3360 4419 3374 4442 ,
3409 4382 3571 4435 vcsti-

1957 4458 2153 4512 tncntis
2173 4502 2185 4521 ,
2220 4459 2435 4513 demunt
2464 4462 2712 4516 omnibus
2733 4504 2746 4525 ,
2780 4462 3117 4534 formamque
3144 4476 3346 4523 tenera:
3376 4470 3570 4539 puella:

1959 4553 2189 4607 all'c-ctat.
2242 4555 2389 4606 Alius
2426 4570 2553 4607 vero
2583 4556 2845 4624 quispiam
2885 4573 3045 4611 senex
3076 4600 3089 4624 ,
3118 4575 3149 4614 e
3177 4563 3449 4618 contrario
3480 4580 3571 4620 ea-

1959 4648 2095 4714 pillis
2129 4646 2381 4698 novacula
2412 4646 2640 4712 abrasis,
2674 4647 2891 4701 renibus
2926 4650 3247 4717 succinctus,
3280 4665 3573 4725 postquam.

1959 4739 2213 4805 ptulureu:
2260 4750 2382 4792 ante
2427 4740 2651 4809 capillos
2691 4740 2939 4806 succidit,
2974 4752 3079 4797 stat
3109 4745 3172 4797 ad
3216 4746 3396 4815 alapas
3425 4751 3549 4804 aeci

1958 4831 2177 4900 piendas
2220 4841 2273 4886 ct
2323 4833 2389 4885 ad
2434 4832 2611 4885 omnia
2652 4833 2875 4887 dicenda
2928 4834 3277 4905 facundaque
3325 4851 3561 4908 paratus.

1958 4922 2203 4975 Mulieres
2246 4933 2423 4976 autem
2471 4924 2615 4978 nudo
2658 4925 2869 4992 capite,
2914 4927 3059 4980 omni
3112 4929 3277 4983 misso
3320 4930 3561 4997 rubore,

1956 5024 2097 5066 sraut
2120 5016 2372 5082 populum
2396 5015 2749 5084 alleqncntes,
2778 5025 2983 5071 tantum
3007 5019 3252 5073 videlicet
3280 5022 3564 5091 impuden-

1960 5108 2043 5157 tia:
2076 5106 2311 5159 studium
2346 5107 2602 5162 habentes
2625 5148 2639 5172 ,
2670 5123 2992 5179 omnemque
3025 5112 3369 5177 petulantiam
3400 5125 3452 5168 et
3482 5116 3561 5170 la-

1955 5196 2180 5249 sciviam
2208 5197 2255 5249 in
2286 5197 2586 5250 auditorum
2617 5199 2823 5251 animos
2850 5199 3205 5255 inlundeutes.
3240 5201 3371 5257 Illud
3396 5221 3558 5261 unum

1957 5289 2189 5341 studium
2222 5288 2439 5352 habent,
2474 5297 2529 5341 ut
2557 5290 2857 5344 castitatem
2887 5307 3101 5345 omnem
3134 5293 3387 5348 radicitus
3417 5298 3563 5353 evel-

1959 5379 2089 5444 lani,
2124 5392 2366 5433 natumut
2396 5382 2702 5450 deturpeut,
2738 5382 2862 5435 mali
2889 5382 3148 5437 diemonis
3178 5389 3565 5455 concupiscen-

1958 5474 2082 5524 tiam
2136 5471 2412 5541 expleant.
2467 5471 2599 5525 Nam
2652 5473 2738 5526 hic
2782 5473 2942 5526 verba
2995 5476 3246 5531 obscaena
3277 5519 3290 5539 ,
3351 5477 3561 5535 habitus

1957 5564 2161 5617 ridiculi
2192 5606 2203 5629 ,
2249 5574 2465 5617 tonsura
2507 5566 2696 5619 similis
2722 5608 2736 5631 ,
2782 5567 3022 5621 incessus
3048 5609 3061 5629 ,
3106 5578 3329 5624 vestitus
3353 5613 3368 5635 ,
3417 5588 3513 5625 vox
3543 5615 3561 5639 ,

1956 5654 2323 5708 membrorum
2352 5656 2622 5715 mollities.
2656 5658 2932 5711 oculorum
2966 5658 3315 5726 inversionis,
3347 5661 3559 5729 ηειυιω,

1958 5746 2117 5809 tibim,
2146 5748 2386 5799 dramata
2408 5790 2424 5811 ,
2456 5758 2791 5817 argumenta,
2825 5751 3112 5819 omniaque
3142 5752 3353 5805 demum
3382 5764 3564 5812 extre-

1956 5854 2057 5891 ma:
2089 5836 2318 5891 lascivia:
2346 5840 2495 5909 plena
2529 5851 2669 5894 sunt.
2703 5840 3053 5910 Quandunam
3076 5882 3089 5905 ,
3124 5859 3334 5911 quwso,
3372 5846 3563 5912 rt-sipi.
