4080 6514
591 406 691 460 827

585 538 734 589 sees,
763 537 880 577 cum
912 529 1112 576 tantum
1146 521 1236 576 tibi
1265 521 1622 577 fornicationis
1648 521 1890 591 poculum
1922 517 2164 573 infundat

583 613 823 667 diabolus
841 653 856 678 ,
880 620 1063 682 totque
1089 612 1508 680 intemperantia:
1533 613 1726 667 calices
1752 610 2004 666 misceat?
2030 607 2160 664 Nam

583 705 689 758 illic
731 703 1112 758 fornicationes
1135 745 1150 770 ,
1194 703 1447 756 adulteria
1473 744 1488 768 ,
1523 704 1784 758 mulieres
1826 702 2119 772 prostituta:
2141 742 2157 766 ,

585 796 680 851 viri
712 795 989 850 muliebria
1020 795 1279 865 patientes
1300 835 1316 859 ,
1344 795 1570 864 juvenes
1598 793 1788 848 molles
1812 833 1826 857 ,
1859 792 2032 846 omnia
2062 791 2161 844 ini-

578 876 779 958 qttitate
827 889 982 958 plena
1007 927 1023 952 ,
1065 885 1384 956 portentosis
1429 886 1587 941 rebus
1626 899 1687 940 ac
1727 883 1996 954 prodigiis.
2041 882 2156 936 Non

579 996 708 1050 ergo
731 979 799 1034 de
829 977 1130 1046 hujusmodi
1169 977 1326 1032 rebus
1363 977 1540 1032 ridere
1577 977 1820 1031 sedentes
1846 982 2115 1044 Oporteret
2138 1014 2153 1039 ,

578 1072 670 1125 sed
701 1069 980 1140 lacrymari
1004 1080 1057 1124 et
1089 1069 1453 1138 ingemiscere.
1484 1068 1618 1135 Quid
1648 1067 1841 1137 igitur?
1867 1082 1932 1121 an
1961 1066 2154 1121 orche-

577 1173 738 1217 stram
763 1163 1092 1226 elaudemus,
1120 1162 1342 1231 inquies,
1368 1168 1420 1214 et
1443 1160 1594 1229 jussu
1617 1167 1710 1214 tuo
1734 1160 1909 1213 omnia
1935 1157 2157 1213 subver—

578 1254 790 1309 tentur?
828 1253 985 1308 Nunc
1010 1261 1156 1308 certe
1185 1251 1360 1305 omnia
1391 1250 1644 1306 subversa
1684 1258 1825 1304 sunt.
1874 1249 2151 1305 Undenam

576 1346 610 1400 ii
652 1346 740 1414 qui
783 1346 979 1415 nuptiis
1007 1344 1226 1399 insidias
1268 1344 1492 1413 parant?
1525 1357 1700 1397 nonne
1729 1342 1795 1396 ab
1824 1341 1923 1397 hac
1952 1341 2155 1395 scena?

576 1437 722 1493 Unde
765 1439 798 1491 ii
829 1437 919 1506 qui
959 1436 1219 1491 thalamos
1258 1434 1552 1489 eiI'odiunt?
1583 1447 1759 1487 nonne
1785 1433 1853 1486 ab
1877 1431 2148 1486 orchestra

573 1532 699 1586 illa?
735 1545 912 1585 nonne
957 1529 1078 1582 hinc
1115 1528 1211 1582 viri
1251 1527 1502 1580 uxoribus
1537 1534 1659 1578 sunt
1691 1523 1941 1578 molesti?
1973 1536 2150 1576 nonne

573 1623 695 1675 hinc
720 1636 750 1674 a
779 1620 906 1673 viris
934 1633 1126 1672 uxores
1154 1614 1562 1686 despiciuntur?
1589 1628 1764 1668 nonne
1793 1612 1917 1666 hinc
1954 1610 2147 1667 moechi

572 1712 828 1782 plurimi?
860 1710 1038 1776 Itaque
1077 1707 1167 1776 qui
1211 1706 1385 1760 omnia
1429 1705 1722 1768 subvertit,
1767 1703 1810 1757 is
1853 1710 1935 1757 est
1963 1701 2049 1771 qui
2081 1701 2147 1755 ad

572 1803 832 1857 theatrum
863 1798 1066 1868 pergit,
1096 1797 1290 1867 quique
1315 1810 1528 1864 gravem
1561 1794 1892 1865 tyrannidem
1925 1791 2141 1846 inducit.

569 1893 928 1964 Nequaquam,
960 1890 1183 1959 inquies,
1213 1887 1305 1942 sed
1334 1888 1384 1942 id
1411 1889 1552 1942 bono
1582 1888 1756 1957 legum
1783 1885 1968 1940 ordine
1995 1885 2143 1939 insti-

570 1995 737 2039 tutum
760 1993 859 2039 est.
888 1980 1018 2036 Nam
1040 1981 1289 2035 mulieres
1309 1979 1574 2049 abripere,
1600 1991 1791 2048 pueros
1809 1973 2145 2031 contumeliis

567 2078 818 2132 adhibere
836 2115 850 2140 ,
883 2073 1070 2129 domos
1099 2081 1340 2127 evertere
1360 2113 1375 2137 ,
1408 2071 1522 2125 htee
1551 2075 1619 2125 ad
1646 2071 1764 2124 illos
1791 2079 2031 2139 spectant
2056 2068 2145 2136 qui

565 2182 715 2222 arces
754 2175 1033 2234 occupant.
1083 2163 1149 2216 Et
1192 2163 1311 2231 quis
1353 2161 1592 2216 moechus
1617 2203 1629 2226 ,
1663 2161 1867 2229 inquies
1892 2201 1906 2225 ,
1946 2174 2008 2214 ex
2062 2159 2144 2212 his

564 2255 878 2328 spectaculis
923 2254 1086 2308 factus
1129 2253 1252 2307 est?
1300 2251 1410 2306 Iino
1451 2252 1567 2320 quis
1592 2265 1715 2306 .non
1758 2250 2040 2305 moechus?
2087 2249 2141 2304 Si

564 2349 746 2404 liceret
786 2343 1095 2400 nominatim
1129 2341 1319 2397 ell'erre
1343 2381 1357 2405 ,
1387 2341 1567 2397 dicere
1615 2341 1811 2410 possim
1844 2351 1972 2409 quot
2001 2340 2141 2394 viros

563 2439 676 2491 hinc
707 2436 775 2490 ab
802 2434 1051 2490 uxoribus
1083 2433 1464 2504 sequestrarint
1487 2474 1502 2500 ,
1531 2441 1584 2488 et
1607 2441 1738 2502 quot
1764 2435 2000 2500 captivos
2031 2445 2143 2484 me-

561 2530 782 2583 retrices
811 2526 914 2578 illae
944 2525 1214 2592 ceperint,
1243 2538 1468 2593 quorum
1498 2523 1627 2578 alios
1657 2539 1686 2578 a
1717 2524 1976 2593 conjugali
2005 2524 2140 2578 lecto

558 2619 910 2681 abduxerunt,
933 2615 1066 2670 alios
1090 2629 1157 2669 ne
1180 2628 1373 2668 uxores
1392 2612 1649 2668 ducerent
1671 2612 1977 2668 etl'ecernut.
2003 2612 2137 2680 Quid

560 2711 758 2781 igitur?
800 2725 982 2780 quaeso
1011 2727 1023 2762 :
1055 2711 1264 2778 legesne
1291 2722 1476 2762 omnes
1502 2707 1845 2761 evertemus?
1889 2707 2138 2772 Quinimo

477 2819 488 2832 ι
560 2801 780 2858 theatris
793 2801 994 2856 eversis
1013 2801 1187 2868 legum
1205 2798 1651 2868 transgressiones
1670 2797 1980 2852 evertimus.
2003 2798 2135 2853 Nam

557 2893 643 2961 qui
680 2892 925 2946 civitates
964 2889 1304 2958 pessumdant
1329 2928 1342 2951 ,
1379 2903 1447 2942 ex
1489 2888 1676 2944 borutn
1711 2905 1933 2944 numero
1962 2901 2086 2946 sunt
2118 2909 2132 2944 :

558 2985 682 3040 hinc
708 2984 996 3039 seditiones
1024 2991 1076 3039 et
1104 2981 1548 3052 perturbationes.
1588 2983 1719 3038 Nam
1747 2985 1834 3054 qui
1867 2985 1918 3039 in
1947 2985 2030 3040 his
2057 2987 2134 3041 lu-

555 3075 637 3129 dis
677 3075 919 3139 aluntur,
952 3074 1146 3142 quique
1189 3087 1373 3127 vocem
1421 3075 1617 3129 ventris
1654 3090 1810 3130 causa
1858 3077 2134 3143 vendunt,

553 3179 777 3234 quorum
793 3178 928 3232 opus
944 3162 1280 3232 ofﬁciumque
1296 3174 1378 3219 est
1394 3166 1643 3228 clamare,
1663 3176 1713 3218 et
1730 3166 1937 3234 quidvis
1955 3168 2132 3222 absur-

552 3257 676 3310 dum
707 3254 913 3319 facere;
947 3254 998 3307 hi
1031 3254 1257 3308 maxime
1294 3265 1418 3309 sunt
1449 3258 1536 3324 qui
1569 3257 1788 3325 populos
1817 3261 2126 3326 concitant,

551 3348 639 3414 qui
665 3346 918 3399 tumultus
938 3343 989 3398 in
1015 3345 1229 3398 urbibus
1254 3343 1470 3398 faciunt.
1493 3345 1580 3400 Jun
1599 3359 1752 3400 anius
1774 3349 1912 3402 enim
1935 3350 2124 3417 otiosa,

550 3438 601 3491 in
631 3435 776 3490 hisce
801 3435 956 3489 malis
984 3434 1227 3500 educata,
1257 3434 1365 3488 fera
1391 3437 1570 3503 quavis
1599 3439 1774 3492 acrior
1802 3438 2052 3493 efﬁcitur.

618 3529 669 3579 7.
717 3525 988 3580 Undenam
1014 3565 1027 3588 ,
1059 3539 1240 3591 quaeso
1265 3565 1279 3589 ,
1308 3526 1758 3594 prteStigiatorcs?
1793 3545 1970 3584 nonne
2003 3530 2126 3585 inde

547 3616 980 3686 proficiscuntur,
1011 3624 1067 3669 ut
1096 3614 1346 3684 populum
1378 3627 1651 3670 vacantem
1681 3626 1880 3674 temere
1911 3619 2124 3673 inﬂatu-

543 3714 712 3770 ment,
746 3705 901 3774 idque
927 3705 1120 3759 faciant
1151 3713 1207 3758 ut
1233 3720 1298 3758 ex
1332 3707 1641 3760 tumultibus
1669 3709 1946 3764 Saltatores
1972 3711 2123 3765 bonis

542 3797 802 3860 fruantur,
833 3804 887 3848 et
927 3796 1236 3850 meretrices
1270 3794 1510 3850 honestis
1549 3797 1861 3852 mulieribus
1891 3800 2116 3867 impedi-

539 3897 722 3943 mento
752 3887 894 3940 sint?
925 3886 976 3940 In
1025 3893 1228 3940 tantum
1254 3886 1399 3940 enim
1437 3887 1682 3942 maleficii
1721 3905 1887 3958 genus
1932 3908 2117 3960 perve-

537 3983 706 4044 niunt,
730 3988 786 4033 ut
806 3986 1132 4033 mortuorum
1156 3992 1273 4032 ossa
1293 3992 1512 4036 movere
1531 3994 1633 4032 non
1653 3979 1910 4035 dubitent.
1933 3983 2116 4039 Nonne

539 4087 651 4127 ntec
677 4071 799 4126 inde
831 4071 948 4124 ideo
969 4069 1232 4135 oriuntur,
1256 4070 1393 4139 quod
1419 4070 1485 4123 ad
1512 4071 1654 4124 illum
1677 4073 1871 4126 diaboli
1894 4076 2111 4131 chorum

535 4171 774 4232 sumptus
792 4163 1096 4216 innumeros
1117 4174 1429 4214 consumere
1449 4164 1743 4229 cogantur?
1762 4165 1995 4220 Lascivia
2019 4184 2109 4222 auo

534 4261 638 4305 teni
672 4251 827 4314 unde,
856 4265 1063 4304 necnon
1096 4249 1232 4303 mala
1259 4249 1574 4302 innumera?
1603 4251 1785 4305 Viden'
1811 4263 1860 4306 te
1883 4271 1999 4309 esse
2021 4259 2107 4324 qui

529 4344 687 4395 vitam
715 4341 996 4394 humanam
1026 4341 1225 4395 evertis
1243 4379 1258 4404 ,
1287 4339 1410 4395 dum
1436 4341 1501 4395 ad
1530 4341 1643 4396 haec
1671 4344 1969 4411 pertrahis?
2001 4346 2110 4416 Ego

529 4446 654 4486 vero
680 4446 794 4485 rem
822 4429 1200 4485 destruendam
1232 4445 1451 4488 censeo.
1475 4432 1740 4487 Tollamus
1767 4451 1893 4505 ergo
1919 4438 2108 4493 orche-

527 4530 709 4587 stram,
740 4520 960 4589 inquies.
987 4520 1200 4577 Utinam
1223 4521 1334 4576 tolli
1356 4532 1569 4591 posset;
1597 4524 1702 4578 imo
1732 4541 1879 4591 vero,
1914 4529 1956 4582 si
1987 4531 2103 4583 vul-

527 4614 591 4666 tis
617 4655 631 4676 ,
663 4613 801 4682 quod
833 4611 898 4668 ad
929 4621 1162 4668 ucstram
1193 4623 1393 4684 partem
1425 4612 1643 4679 attinet.
1682 4620 1788 4686 jam
1817 4622 2021 4675 sublata
2049 4634 2101 4678 et

523 4704 775 4758 subversa
802 4711 901 4756 est.
936 4704 1178 4759 Attamen
1211 4721 1316 4760 non
1345 4706 1442 4760 hoc
1470 4707 1648 4775 jubeo.
1683 4708 1919 4764 Stantem
1954 4713 2095 4768 illam

521 4808 623 4845 non
668 4791 1050 4857 frequentatam
1097 4793 1339 4859 reddite,
1383 4812 1499 4864 qua:
1549 4797 1716 4865 major
1756 4798 1869 4853 laus
1912 4813 2090 4869 esset,

518 4896 671 4950 quam
689 4881 921 4939 diruere.
947 4883 999 4938 Si
1023 4899 1126 4938 non
1143 4884 1296 4950 alios,
1319 4885 1567 4941 barbaros
1588 4890 1770 4942 saltem
1793 4894 2089 4961 imitamini,

1797 5046 1930 5056 “—

1362 407 1417 462 s.
1457 404 1731 462 JOANNlS
1768 399 2242 460 CllRYSOS'I‘OMl
2285 365 3179 479 Attentquconsrixrtxor.

3755 411 3848 467 128

2270 526 2357 589 qul
2387 518 2689 588 hujusmodi
2715 521 3002 590 spectaculi
3028 516 3350 590 turpitudine
3377 531 3582 575 carent.
3608 520 3737 589 Qum
3758 539 3848 578 no-

2267 607 2348 662 bis
2378 608 2535 680 igitur
2557 607 2807 678 deinceps
2837 611 3108 665 excusatio
3140 611 3240 666 erit
3263 652 3278 673 .
3307 625 3427 666 eum
3466 626 3565 667 nos
3605 613 3847 667 caelorum

2265 700 2442 763 cives,
2490 698 2914 754 Cberubinorum
2952 699 3119 755 choro
3160 700 3448 771 adscripti,
3493 705 3802 772 angelorum
3831 712 3849 734 δ

2264 799 2542 847 consortes
2561 832 2574 857 ,
2600 793 2842 848 barbaris
2873 793 2970 848 hac
3002 794 3055 848 in
3082 809 3140 849 re
3168 796 3378 864 pejores
3403 797 3575 851 simus
3594 838 3608 862 ,
3636 812 3756 851 cum
3786 797 3848 852 li-

2261 889 2382 935 ceat
2411 891 2692 937 sescentas
2717 883 2849 937 alias
2879 883 2962 937 his
2988 883 3218 953 majores
3245 885 3541 956 voluptates
3573 886 3848 955 reperire?

2261 972 2317 1028 Si
2344 974 2424 1028 vis
2447 974 2589 1028 enim
2619 975 2853 1029 animum
2886 988 3132 1031 recreare
3157 1017 3170 1039 ,
3200 977 3333 1031 vade
3369 977 3436 1031 ad
3471 979 3708 1048 pomaria
3735 1021 3750 1044 ,
3785 977 3848 1032 ad

2261 1065 2501 1131 ﬂuvium,
2527 1066 2592 1122 ad
2619 1077 2838 1137 stagna:
2865 1067 3050 1123 hortos
3075 1069 3460 1137 contemplare.
3493 1071 3706 1125 cicadas
3732 1070 3848 1124 audi

2258 1168 2546 1224 canentes;
2588 1171 2879 1230 martyrum
2910 1161 3152 1230 sepulcra
3182 1161 3457 1230 frequenta
3487 1203 3501 1225 ,
3535 1163 3622 1216 ubi
3655 1178 3846 1233 corpo-

2259 1251 2332 1304 ris
2359 1249 2605 1304 valetudo
2626 1289 2641 1315 ,
2687 1252 2879 1305 anima:
2917 1252 3150 1319 utilitas,
3199 1252 3435 1322 nihilque
3461 1252 3679 1319 damni,
3711 1255 3847 1308 nulla

2259 1350 2378 1412 post
2405 1341 2600 1396 factum
2629 1343 2962 1412 pmnitentia,
2993 1354 3051 1399 ut
3081 1354 3200 1413 post
3231 1346 3321 1401 illa
3350 1347 3673 1415 spectacula.
3703 1346 3843 1401 Uxo-

2255 1447 2369 1487 rem
2399 1431 2562 1488 habes
2581 1441 2634 1487 et
2655 1432 2791 1488 filios
2813 1450 2826 1488 :
2851 1450 2970 1505 qute
2997 1436 3240 1504 voluptas
3265 1435 3385 1490 huic
3415 1451 3511 1506 par
3531 1437 3656 1491 θειῖ
3679 1437 3848 1492 Ilabes

2254 1523 2468 1578 domum
2498 1533 2552 1579 et
2580 1525 2779 1580 amicos
2811 1543 2822 1578 :
2859 1527 2971 1580 hzec
2995 1527 3250 1596 jucunda,
3279 1536 3328 1581 ct
3349 1543 3471 1582 cum
3497 1530 3844 1596 temperantia

2253 1630 2502 1685 magnum
2543 1616 2747 1670 lucrum
2791 1617 3018 1686 pariunt.
3074 1617 3210 1684 Quid
3250 1618 3424 1682 enim,
3456 1634 3639 1689 quaeso
3669 1662 3682 1682 ,
3728 1619 3848 1673 filiis

2247 1706 2573 1775 jucundius?
2599 1706 2722 1776 quid
2760 1723 2926 1762 uxore
2954 1708 3160 1762 dulcius
3197 1709 3262 1763 iis
3281 1751 3295 1772 ,
3326 1709 3415 1778 qui
3445 1710 3726 1765 continere
3754 1726 3846 1764 vo-

2255 1795 2406 1850 lunt?
2429 1796 2620 1852 Fertur
2646 1798 2995 1853 barbarorum
3019 1798 3217 1853 dictum
3246 1800 3576 1870 philosophia
3605 1803 3843 1872 plenum.

2252 1885 2382 1941 Nam
2408 1886 2478 1942 de
2508 1885 2726 1943 theatris
2755 1888 2858 1943 illis
2885 1889 3102 1958 iniquis,
3127 1900 3180 1944 et
3205 1890 3272 1945 de
3303 1892 3604 1960 importuna
3639 1895 3728 1948 illa
3756 1910 3845 1948 vo-

2250 1978 2450 2046 luptate
2489 1978 2765 2035 audientes
2806 1978 3056 2034 dicebant
3092 1998 3105 2035 :
3141 1979 3368 2035 Romani
3411 1997 3473 2036 ac
3517 1983 3564 2037 si
3609 1982 3751 2038 ﬁlios
3793 1995 3842 2040 et

2253 2082 2445 2123 uxores
2474 2084 2579 2123 non
2624 2070 2914 2140 haberent,
2959 2071 3053 2125 has
3093 2073 3465 2141 excogitavere
3493 2073 3797 2144 voluptates
3828 2092 3844 2130 :

2249 2159 2441 2228 quibus
2468 2159 2773 2222 ostendunt,
2804 2161 2933 2214 nihil
2963 2160 3170 2215 dulcius
3196 2177 3317 2216 esse
3349 2162 3470 2217 ﬁliis
3500 2173 3554 2218 et
3579 2180 3769 2230 uxore,
3798 2167 3846 2220 si

2247 2250 2364 2320 quis
2392 2250 2613 2304 honeste
2639 2252 2816 2305 vivere
2842 2252 2986 2305 velit.
3016 2252 3152 2319 Quid
3183 2267 3312 2322 ergo
3337 2254 3381 2306 si
3411 2256 3728 2318 ostendam,
3759 2259 3839 2310 in-

2245 2343 2416 2411 quies,
2442 2343 2574 2396 nihil
2595 2343 2772 2397 damni
2795 2358 2862 2397 ex
2893 2342 2995 2398 hac
3023 2343 3316 2414 frequentia
3345 2347 3845 2415 emergereHJerte

2247 2433 2330 2487 vel
2359 2432 2458 2486 hoc
2487 2433 2658 2501 ipsum
2687 2433 2940 2489 damnum
2957 2444 3059 2500 est,
3085 2435 3200 2490 sine
3223 2451 3384 2492 causa
3404 2451 3468 2491 ac
3485 2447 3684 2492 temere
3708 2447 3840 2492 tem-

2246 2539 2344 2592 pus
2385 2525 2654 2580 insumere
2678 2565 2692 2589 ,
2738 2533 2792 2580 et
2831 2527 2949 2581 aliis
2987 2525 3306 2582 olfendiculo
3335 2543 3478 2583 esse.
3523 2527 3654 2582 Nam
3698 2528 3743 2582 si
3785 2539 3839 2584 tu

2244 2616 2495 2671 damnum
2527 2633 2632 2672 non
2662 2617 2902 2688 patiaris,
2935 2618 3094 2672 alium
3126 2619 3286 2688 hujus
3313 2620 3604 2688 spectaculi
3631 2621 3837 2676 studio-

2241 2708 2436 2761 siorem
2463 2707 2660 2763 reddis.
2683 2707 2964 2774 Quomodo
2982 2719 3158 2763 autem
3182 2710 3436 2764 damnum
3457 2726 3560 2763 non
3589 2713 3834 2779 patiaris,

2240 2798 2328 2866 qui
2357 2795 2560 2866 pratbes
2592 2796 2674 2850 his
2701 2798 3019 2866 spectaculis
3048 2799 3431 2855 occasionem?
3461 2799 3592 2854 Nam
3625 2804 3833 2870 νηδυ-

2239 2890 2429 2956 giator,
2464 2897 2745 2956 corruptus
2778 2904 2944 2958 puer,
2975 2887 3260 2943 fornicaria
3292 2889 3504 2954 mulier,
3535 2905 3832 2959 omnesque

2242 2977 2316 3030 illi
2343 2977 2589 3033 diabolici
2620 2978 2768 3033 chori
2800 2980 2853 3032 in
2881 2988 3039 3048 caput
3068 2987 3212 3034 tuum
3243 2995 3458 3036 causam
3499 2983 3830 3050 spectaculo-

2240 3083 2356 3123 rum
2380 3079 2647 3139 regerunt.
2667 3069 3125 3139 Quemadmodum
3143 3073 3282 3126 enim
3307 3073 3351 3126 si
3375 3084 3702 3142 spectatores
3723 3092 3829 3130 non

2237 3172 2416 3216 essent
2440 3202 2455 3229 ,
2487 3177 2585 3217 nec
2614 3173 2795 3218 essent
2837 3165 2924 3232 qui
2957 3163 3111 3218 ludos
3135 3164 3439 3234 bujnsmodi
3468 3166 3824 3222 exhiberem;

2235 3254 2313 3308 sic
2353 3254 2474 3324 quia
2517 3264 2845 3324 spectatores
2887 3265 3010 3310 sunt
3036 3295 3051 3320 ,
3095 3265 3150 3310 et
3195 3257 3294 3325 ipsi
3339 3267 3610 3327 gestorum
3653 3261 3826 3330 ignem

2233 3349 2551 3416 partiuntur.
2573 3348 2753 3416 Itaque
2773 3348 2893 3402 licet
2916 3348 3030 3402 sine
3049 3349 3307 3402 castitatis
3329 3350 3612 3418 dispendio
3631 3352 3679 3406 id
3698 3368 3824 3422 age-

2231 3451 2338 3501 res,
2369 3436 2418 3490 id
2446 3436 2586 3506 quod
2613 3445 2758 3492 certe
2789 3437 2900 3492 fieri
2934 3437 3150 3508 nequit,
3184 3439 3408 3493 aliorum
3438 3451 3613 3496 tamen
3644 3444 3824 3510 perni.

2231 3528 2328 3581 eiei
2357 3541 2546 3595 graves
2576 3526 2726 3581 dabis
2757 3543 2940 3596 poenas
2962 3569 2976 3590 ,
3004 3529 3118 3583 sive
3149 3531 3502 3598 spectantium
3525 3573 3538 3595 ,
3563 3534 3674 3587 sive
3700 3550 3823 3602 spe-

2230 3616 2432 3670 ctacula
2487 3614 2777 3669 edentiutn.
2825 3619 2998 3687 Atque
3041 3619 3108 3671 ad
3154 3621 3453 3673 castitatem
3503 3623 3817 3676 servandam

2227 3709 2397 3775 majus
2426 3710 2630 3762 lucrum
2667 3710 2884 3764 fecisses
2906 3751 2920 3776 ,
2958 3712 3003 3765 si
3045 3713 3136 3765 illo
3165 3729 3270 3767 non
3305 3716 3563 3770 venisses.
3593 3716 3648 3772 Si
3674 3720 3813 3772 enim

2225 3809 2402 3853 castus
2434 3815 2576 3855 nunc
2603 3802 2663 3855 e's
2689 3841 2703 3863 ,
2735 3801 2902 3855 multo
2926 3804 3123 3858 castior
3149 3820 3296 3860 esses
3322 3808 3366 3860 si
3393 3810 3696 3875 spectacula
3726 3810 3811 3865 illa

2226 3893 2464 3947 vitasses.
2491 3892 2565 3948 Ne
2588 3894 2764 3964 itaque
2785 3895 3040 3952 inutiliter
3060 3901 3466 3968 contendamus,
3495 3920 3667 3974 neque
3691 3907 3811 3960 inu-

2223 3987 2342 4040 tiles
2365 3984 2704 4041 defensiones
2731 3990 3114 4058 excogitemus.
3146 3991 3258 4046 Una
3292 3992 3531 4050 defensio
3561 4009 3614 4051 et
3645 4015 3808 4053 exeu-

2219 4078 2352 4132 satio
2379 4087 2480 4142 est,
2509 4078 2551 4132 si
2586 4078 2845 4148 fugiamus
2877 4080 3147 4136 fornacem
3180 4083 3578 4153 Babylonicam,
3611 4091 3654 4142 si
3689 4106 3806 4157 pro-

2217 4169 2301 4223 cul
2339 4170 2406 4222 ab
2442 4169 2687 4239 Egyptia
2728 4172 3011 4226 meretrice
3056 4172 3309 4243 degamus
3332 4219 3345 4240 ,
3379 4179 3590 4234 etiamsi
3635 4182 3806 4237 nudos

2216 4267 2460 4326 oporteat
2494 4259 2560 4310 ab
2591 4258 2678 4312 illa
2709 4260 2964 4329 etfugere.
3008 4262 3081 4317 fta
3112 4266 3254 4319 enim
3284 4277 3338 4322 et
3368 4269 3532 4321 multa
3562 4273 3804 4327 fruemur

2216 4350 2504 4418 voluptate,
2533 4352 2852 4406 conscientia
2888 4369 2985 4409 nos
3012 4371 3115 4409 non
3146 4369 3448 4426 accusante,
3479 4375 3797 4431 przesentcm

2213 4441 2371 4495 vitam
2411 4451 2554 4496 caste
2592 4458 2806 4512 agemus
2832 4486 2845 4510 ,
2890 4445 3167 4516 futuraque
3207 4448 3341 4504 bona
3384 4467 3792 4523 consequemur.

2210 4532 2379 4600 gratia
2407 4544 2460 4586 et
2489 4531 2809 4602 benignitate
2843 4536 3047 4590 Domini
3088 4544 3253 4593 nostri
3291 4540 3416 4596 Iesu
3441 4542 3674 4609 Christi,
3709 4563 3792 4602 cui

2207 4622 2372 4691 gloria
2403 4632 2456 4677 et
2482 4623 2781 4694 imperium,
2812 4643 2952 4681 nunc
2978 4639 3032 4683 et
3054 4645 3286 4699 semper,
3310 4618 3361 4686 et
3387 4633 3437 4687 iu
3470 4639 3663 4691 saecula
3694 4653 3794 4694 sa:-

2204 4713 2462 4768 culorum.
2495 4715 2678 4771 Amen.

2265 4849 2281 4878 ¹
2317 4847 2530 4920 Nonnulli
2553 4850 2762 4920 habent,
2786 4852 3202 4920 m'chunqelortmt,
3228 4869 3328 4916 pro,
3355 4859 3653 4920 ιεηςεέονιιηε.
3682 4870 3783 4912 stox

2197 4909 2364 4970 iidem,
2386 4910 2599 4960 balearis
2624 4912 2714 4960 Iwc
2736 4913 2786 4962 in
2809 4927 2861 4961 re
2881 4909 3067 4976 pejores
3091 4909 3353 4965 uideantur.

2969 5056 3308 5068 Μ

3393 5061 3737 5073 ---ο

1538 5117 1878 5181 ΗΟΜΠᾸΑ
1920 5125 2272 5188 XXXVIII.
2318 5127 2402 5187 aI.
2445 5129 2750 5190 XXXIX.

509 5251 632 5308 Car.
667 5254 750 5305 II.
775 5268 826 5307 ν.
855 5253 944 5306 25.
977 5251 1040 5306 In
1068 5254 1154 5306 illo
1181 5264 1398 5321 tempore
1423 5259 1725 5324 respondens
1746 5260 1894 5317 Iesus
1919 5269 2078 5321 dixit:

577 5342 830 5405 Conﬁleor
858 5342 962 5404 (ibi,
993 5342 1161 5407 Pater,
1188 5342 1398 5395 Domine
1419 5349 1528 5399 σα·ιὶ
1550 5357 1590 5399 et
1614 5359 1786 5413 (εῖναι,
1819 5356 1935 5419 quia
1963 5358 2076 5410 abs-

573 5432 788 5484 condisti
813 5436 917 5486 [nec
938 5451 967 5484 a
994 5433 1299 5502 sapientibus
1325 5446 1370 5486 et
1405 5440 1743 5502 prudentibus.
1780 5455 1824 5495 et
1852 5449 2077 5501 revelain

571 5538 626 5571 ea
663 5522 901 5588 parvulis.
947 5523 1035 5576 26.
1081 5523 1165 5576 Ita
1190 5567 1203 5592 ,
1244 5524 1417 5591 Pater,
1453 5531 1567 5597 quia
1604 5533 1796 5602 sicfuit
1835 5537 2071 5603 placitum

565 5623 682 5663 ante
707 5622 770 5663 ιε.

568 5703 617 5754 I.
639 5700 769 5755 Vide
799 5713 925 5769 quot
953 5707 1266 5774 quantisque
1292 5709 1460 5763 modis
1491 5711 1606 5764 illo;
1637 5714 1698 5767 ad
1725 5715 1877 5770 fidem
1902 5718 2064 5774 dedu-

493 5797 596 5842 cat.
627 5790 802 5844 Primo
828 5832 841 5857 ,
876 5809 964 5861 per
990 5795 1203 5850 Joannis
1237 5798 1430 5851 Iaudes.
1461 5801 1591 5857 Nam
1624 5819 1741 5858 cum
1775 5810 2063 5865 ostendcrit

2187 5285 2304 5324 eum
2347 5285 2593 5340 magnum
2632 5273 3032 5347 mirabilemque
3061 5295 3178 5333 esse
3203 5322 3215 5342 ,
3241 5283 3358 5348 ejus
3386 5284 3526 5340 dicta
3554 5298 3609 5342 et
3635 5287 3768 5343 fact:

2188 5360 2289 5413 lide
2321 5361 2478 5428 digna
2510 5377 2626 5416 esse
2656 5367 2930 5433 probavit,
2964 5383 3059 5436 per
3088 5387 3203 5438 qua:
3237 5373 3352 5426 illus
3379 5375 3441 5427 ad
3474 5378 3555 5429 sui
3583 5382 3765 5448 cogni-

2184 5450 2375 5503 tionem
2396 5454 2631 5507 attraxit.
2657 5455 2920 5523 Secundo,
2947 5461 3085 5529 quod
3113 5464 3324 5529 dixerit,
3359 5465 3586 5536 Regnum
3612 5478 3760 5526 aeto-

2179 5558 2290 5594 rum
2319 5544 2414 5596 vim
2452 5548 2661 5612 patitur,
2697 5559 2740 5600 et
2771 5552 2972 5604 violenti
3005 5554 3210 5621 rapiunt
3247 5558 3378 5608 illud
3405 5561 3422 5628 (
3449 5558 3629 5614 Matth.
3677 5565 3761 5618 11.

2181 5628 2299 5702 12).
2337 5634 2444 5688 Hoc
2489 5639 2625 5690 enim
2672 5642 2934 5694 it;:'.tantis
2965 5653 3013 5696 et
3053 5645 3372 5713 impellentis
3411 5660 3512 5702 est.
3549 5650 3759 5718 Tertio,

2177 5726 2312 5793 quod
2342 5727 2784 5783 demonsttaverit
2819 5734 3188 5802 prriphetarum
3225 5737 3363 5791 dicta
3403 5743 3580 5794 omnia
3611 5757 3758 5797 com-

2174 5818 2308 5886 pleta
2337 5836 2473 5877 esse.
2507 5821 2634 5876 Nam
2669 5822 2788 5877 hinc
2831 5826 3132 5882 declaratur
3159 5830 3328 5899 ipsum
3360 5831 3426 5884 ab
3455 5832 3555 5886 illis
3594 5832 3760 5890 fuisse

3233 5966 3278 5975 ..ρ
