  <div class='ocr_page' id='page_1' title='image "/cluster/home/n/w/nwhite01/storage/ocr_20150623/57/uva.x004697226/364.png"; bbox 0 0 4080 6470; ppageno 0'>
   <div class='ocr_carea' id='block_1_1' title="bbox 289 435 398 490">
    <p class='ocr_par' dir='ltr' id='par_1_1' title="bbox 289 435 398 490">
     <span class='ocr_line' id='line_1_1' title="bbox 289 435 398 490; baseline -0.009 0"><span class='ocrx_word' id='word_1_1' title='bbox 289 435 398 490; x_wconf 68' lang='grc' dir='ltr'><strong>εει)</strong></span> 
     </span>
    </p>
   </div>
   <div class='ocr_carea' id='block_1_2' title="bbox 291 527 1882 616">
    <p class='ocr_par' dir='ltr' id='par_1_2' title="bbox 291 527 1882 616">
     <span class='ocr_line' id='line_1_2' title="bbox 291 527 1882 616; baseline -0.015 -13"><span class='ocrx_word' id='word_1_2' title='bbox 291 545 724 616; x_wconf 61' lang='lat' dir='ltr'><strong>praenuntiatum.</strong></span> <span class='ocrx_word' id='word_1_3' title='bbox 746 541 964 608; x_wconf 86' lang='lat' dir='ltr'><strong>Quarto,</strong></span> <span class='ocrx_word' id='word_1_4' title='bbox 981 535 1123 608; x_wconf 87' lang='lat' dir='ltr'><strong>quod</strong></span> <span class='ocrx_word' id='word_1_5' title='bbox 1141 535 1435 592; x_wconf 89' lang='lat' dir='ltr'><strong>ostenderit</strong></span> <span class='ocrx_word' id='word_1_6' title='bbox 1454 533 1630 587; x_wconf 99' lang='lat' dir='ltr'><strong>omnia</strong></span> <span class='ocrx_word' id='word_1_7' title='bbox 1645 529 1713 583; x_wconf 90' lang='lat' dir='ltr'><strong>ab</strong></span> <span class='ocrx_word' id='word_1_8' title='bbox 1730 543 1788 583; x_wconf 90' lang='lat' dir='ltr'><strong>se</strong></span> <span class='ocrx_word' id='word_1_9' title='bbox 1802 527 1882 580; x_wconf 84' lang='lat' dir='ltr'><strong>t&#39;a-</strong></span> 
     </span>
    </p>
   </div>
   <div class='ocr_carea' id='block_1_3' title="bbox 287 627 1886 708">
    <p class='ocr_par' dir='ltr' id='par_1_3' title="bbox 287 627 1886 708">
     <span class='ocr_line' id='line_1_3' title="bbox 287 627 1886 708; baseline -0.013 -13"><span class='ocrx_word' id='word_1_10' title='bbox 287 651 368 695; x_wconf 88' lang='lat' dir='ltr'><strong>cta</strong></span> <span class='ocrx_word' id='word_1_11' title='bbox 392 652 513 693; x_wconf 85' lang='lat' dir='ltr'><strong>esse</strong></span> <span class='ocrx_word' id='word_1_12' title='bbox 529 652 648 708; x_wconf 75' lang='lat' dir='ltr'><strong>qua:</strong></span> <span class='ocrx_word' id='word_1_13' title='bbox 670 637 782 691; x_wconf 90' lang='lat' dir='ltr'><strong>tieri</strong></span> <span class='ocrx_word' id='word_1_14' title='bbox 799 630 1096 702; x_wconf 90' lang='lat' dir='ltr'><strong>oportebat,</strong></span> <span class='ocrx_word' id='word_1_15' title='bbox 1116 627 1329 699; x_wconf 78' lang='lat' dir='ltr'><strong>quando</strong></span> <span class='ocrx_word' id='word_1_16' title='bbox 1349 634 1405 681; x_wconf 89' lang='lat' dir='ltr'><strong>et</strong></span> <span class='ocrx_word' id='word_1_17' title='bbox 1426 637 1708 694; x_wconf 90' lang='lat' dir='ltr'><strong>puerorum</strong></span> <span class='ocrx_word' id='word_1_18' title='bbox 1732 636 1886 690; x_wconf 76' lang='lat' dir='ltr'><strong>para-</strong></span> 
     </span>
    </p>
   </div>
   <div class='ocr_carea' id='block_1_4' title="bbox 290 713 1881 792">
    <p class='ocr_par' dir='ltr' id='par_1_4' title="bbox 290 713 1881 792">
     <span class='ocr_line' id='line_1_4' title="bbox 290 713 1881 792; baseline -0.013 -8"><span class='ocrx_word' id='word_1_19' title='bbox 290 730 464 784; x_wconf 89' lang='lat' dir='ltr'><strong>bolam</strong></span> <span class='ocrx_word' id='word_1_20' title='bbox 488 727 824 784; x_wconf 85' lang='lat' dir='ltr'><strong>memoravit.</strong></span> <span class='ocrx_word' id='word_1_21' title='bbox 841 723 1057 792; x_wconf 84' lang='lat' dir='ltr'><strong>Quinto,</strong></span> <span class='ocrx_word' id='word_1_22' title='bbox 1077 736 1194 774; x_wconf 90' lang='lat' dir='ltr'><strong>cum</strong></span> <span class='ocrx_word' id='word_1_23' title='bbox 1215 717 1501 773; x_wconf 79' lang='lat' dir='ltr'><strong>incredulis</strong></span> <span class='ocrx_word' id='word_1_24' title='bbox 1520 713 1881 783; x_wconf 70' lang='lat' dir='ltr'><strong>exprobrat-it,</strong></span> 
     </span>
    </p>
   </div>
   <div class='ocr_carea' id='block_1_5' title="bbox 289 804 1882 889">
    <p class='ocr_par' dir='ltr' id='par_1_5' title="bbox 289 804 1882 889">
     <span class='ocr_line' id='line_1_5' title="bbox 289 804 1882 889; baseline -0.011 -15"><span class='ocrx_word' id='word_1_25' title='bbox 289 823 583 876; x_wconf 86' lang='lat' dir='ltr'><strong>terroribus</strong></span> <span class='ocrx_word' id='word_1_26' title='bbox 596 829 753 889; x_wconf 88' lang='lat' dir='ltr'><strong>atque</strong></span> <span class='ocrx_word' id='word_1_27' title='bbox 770 817 928 870; x_wconf 85' lang='lat' dir='ltr'><strong>minis</strong></span> <span class='ocrx_word' id='word_1_28' title='bbox 943 813 1156 869; x_wconf 90' lang='lat' dir='ltr'><strong>additis.</strong></span> <span class='ocrx_word' id='word_1_29' title='bbox 1174 811 1357 872; x_wconf 78' lang='lat' dir='ltr'><strong>Sexto,</strong></span> <span class='ocrx_word' id='word_1_30' title='bbox 1376 823 1495 863; x_wconf 91' lang='lat' dir='ltr'><strong>cum</strong></span> <span class='ocrx_word' id='word_1_31' title='bbox 1515 823 1610 878; x_wconf 87' lang='lat' dir='ltr'><strong>pro</strong></span> <span class='ocrx_word' id='word_1_32' title='bbox 1623 804 1882 861; x_wconf 41' lang='lat' dir='ltr'><strong>credenti.</strong></span> 
     </span>
    </p>
   </div>
   <div class='ocr_carea' id='block_1_6' title="bbox 289 895 1878 980">
    <p class='ocr_par' dir='ltr' id='par_1_6' title="bbox 289 895 1878 980">
     <span class='ocr_line' id='line_1_6' title="bbox 289 895 1878 980; baseline -0.011 -16"><span class='ocrx_word' id='word_1_33' title='bbox 289 911 388 964; x_wconf 90' lang='lat' dir='ltr'><strong>bus</strong></span> <span class='ocrx_word' id='word_1_34' title='bbox 409 911 606 980; x_wconf 76' lang='lat' dir='ltr'><strong>gratias</strong></span> <span class='ocrx_word' id='word_1_35' title='bbox 626 909 751 978; x_wconf 90' lang='lat' dir='ltr'><strong>agit.</strong></span> <span class='ocrx_word' id='word_1_36' title='bbox 777 905 905 960; x_wconf 82' lang='lat' dir='ltr'><strong>Nam</strong></span> <span class='ocrx_word' id='word_1_37' title='bbox 925 904 1073 968; x_wconf 88' lang='lat' dir='ltr'><strong>illud,</strong></span> <span class='ocrx_word' id='word_1_38' title='bbox 1093 901 1469 969; x_wconf 80' lang='lat' dir='ltr'><strong>Conﬁteortibi,</strong></span> <span class='ocrx_word' id='word_1_39' title='bbox 1498 898 1582 952; x_wconf 87' lang='lat' dir='ltr'><strong>hic</strong></span> <span class='ocrx_word' id='word_1_40' title='bbox 1596 895 1878 965; x_wconf 78' lang='lat' dir='ltr'><strong>signiﬁcat,</strong></span> 
     </span>
    </p>
   </div>
   <div class='ocr_carea' id='block_1_7' title="bbox 285 985 1884 1069">
    <p class='ocr_par' dir='ltr' id='par_1_7' title="bbox 285 985 1884 1069">
     <span class='ocr_line' id='line_1_7' title="bbox 285 985 1884 1069; baseline -0.011 -13"><span class='ocrx_word' id='word_1_41' title='bbox 285 1001 498 1056; x_wconf 85' lang='lat' dir='ltr'><strong>Gratias</strong></span> <span class='ocrx_word' id='word_1_42' title='bbox 522 1015 623 1069; x_wconf 84' lang='lat' dir='ltr'><strong>ago</strong></span> <span class='ocrx_word' id='word_1_43' title='bbox 652 999 742 1052; x_wconf 90' lang='lat' dir='ltr'><strong>tibi</strong></span> <span class='ocrx_word' id='word_1_44' title='bbox 766 1015 780 1053; x_wconf 87' lang='grc'>;</span> <span class='ocrx_word' id='word_1_45' title='bbox 805 997 1016 1052; x_wconf 87' lang='lat' dir='ltr'><strong>Gratias</strong></span> <span class='ocrx_word' id='word_1_46' title='bbox 1045 1010 1165 1065; x_wconf 91' lang='lat' dir='ltr'><strong>ago,</strong></span> <span class='ocrx_word' id='word_1_47' title='bbox 1190 993 1379 1061; x_wconf 85' lang='lat' dir='ltr'><strong>inquit,</strong></span> <span class='ocrx_word' id='word_1_48' title='bbox 1414 991 1546 1057; x_wconf 84' lang='lat' dir='ltr'><strong>Quia</strong></span> <span class='ocrx_word' id='word_1_49' title='bbox 1576 985 1884 1043; x_wconf 72' lang='lat' dir='ltr'><strong>abscondisti</strong></span> 
     </span>
    </p>
   </div>
   <div class='ocr_carea' id='block_1_8' title="bbox 287 1079 1881 1162">
    <p class='ocr_par' dir='ltr' id='par_1_8' title="bbox 287 1079 1881 1162">
     <span class='ocr_line' id='line_1_8' title="bbox 287 1079 1881 1162; baseline -0.009 -16"><span class='ocrx_word' id='word_1_50' title='bbox 287 1095 437 1148; x_wconf 69' lang='lat' dir='ltr'><strong>[mea</strong></span> <span class='ocrx_word' id='word_1_51' title='bbox 452 1092 760 1162; x_wconf 71' lang='lat' dir='ltr'><strong>sapientibus</strong></span> <span class='ocrx_word' id='word_1_52' title='bbox 783 1101 826 1143; x_wconf 90' lang='lat' dir='ltr'><strong>et</strong></span> <span class='ocrx_word' id='word_1_53' title='bbox 844 1087 1191 1162; x_wconf 77' lang='lat' dir='ltr'><strong>prudentibus.</strong></span> <span class='ocrx_word' id='word_1_54' title='bbox 1210 1083 1346 1150; x_wconf 85' lang='lat' dir='ltr'><strong>Quid</strong></span> <span class='ocrx_word' id='word_1_55' title='bbox 1373 1082 1569 1152; x_wconf 81' lang='lat' dir='ltr'><strong>igitur?</strong></span> <span class='ocrx_word' id='word_1_56' title='bbox 1586 1097 1651 1134; x_wconf 93' lang='lat' dir='ltr'><strong>an</strong></span> <span class='ocrx_word' id='word_1_57' title='bbox 1675 1079 1742 1134; x_wconf 86' lang='lat' dir='ltr'><strong>de</strong></span> <span class='ocrx_word' id='word_1_58' title='bbox 1761 1093 1881 1146; x_wconf 85' lang='lat' dir='ltr'><strong>per-</strong></span> 
     </span>
    </p>
   </div>
   <div class='ocr_carea' id='block_1_9' title="bbox 286 1170 1879 1254">
    <p class='ocr_par' dir='ltr' id='par_1_9' title="bbox 286 1170 1879 1254">
     <span class='ocr_line' id='line_1_9' title="bbox 286 1170 1879 1254; baseline -0.011 -15"><span class='ocrx_word' id='word_1_59' title='bbox 286 1185 427 1240; x_wconf 87' lang='lat' dir='ltr'><strong>nicie</strong></span> <span class='ocrx_word' id='word_1_60' title='bbox 453 1183 642 1254; x_wconf 88' lang='lat' dir='ltr'><strong>gaudet</strong></span> <span class='ocrx_word' id='word_1_61' title='bbox 665 1224 680 1248; x_wconf 92' lang='lat'><strong>,</strong></span> <span class='ocrx_word' id='word_1_62' title='bbox 713 1191 764 1237; x_wconf 92' lang='lat' dir='ltr'><strong>et</strong></span> <span class='ocrx_word' id='word_1_63' title='bbox 789 1180 928 1252; x_wconf 92' lang='lat' dir='ltr'><strong>quod</strong></span> <span class='ocrx_word' id='word_1_64' title='bbox 960 1180 1033 1234; x_wconf 87' lang='lat' dir='ltr'><strong>illi</strong></span> <span class='ocrx_word' id='word_1_65' title='bbox 1062 1178 1178 1233; x_wconf 69' lang='lat' dir='ltr'><strong>ha&#39;c</strong></span> <span class='ocrx_word' id='word_1_66' title='bbox 1207 1173 1490 1230; x_wconf 80' lang='lat' dir='ltr'><strong>noverint?</strong></span> <span class='ocrx_word' id='word_1_67' title='bbox 1520 1172 1764 1227; x_wconf 82' lang='lat' dir='ltr'><strong>Minime:</strong></span> <span class='ocrx_word' id='word_1_68' title='bbox 1787 1170 1879 1226; x_wconf 86' lang='lat' dir='ltr'><strong>scd</strong></span> 
     </span>
    </p>
   </div>
   <div class='ocr_carea' id='block_1_10' title="bbox 287 1264 1882 1343">
    <p class='ocr_par' dir='ltr' id='par_1_10' title="bbox 287 1264 1882 1343">
     <span class='ocr_line' id='line_1_10' title="bbox 287 1264 1882 1343; baseline -0.01 -10"><span class='ocrx_word' id='word_1_69' title='bbox 287 1277 403 1332; x_wconf 76' lang='lat' dir='ltr'><strong>lucc</strong></span> <span class='ocrx_word' id='word_1_70' title='bbox 423 1285 506 1332; x_wconf 86' lang='lat' dir='ltr'><strong>est</strong></span> <span class='ocrx_word' id='word_1_71' title='bbox 528 1275 715 1330; x_wconf 87' lang='lat' dir='ltr'><strong>salutis</strong></span> <span class='ocrx_word' id='word_1_72' title='bbox 742 1277 825 1329; x_wconf 92' lang='lat' dir='ltr'><strong>via</strong></span> <span class='ocrx_word' id='word_1_73' title='bbox 853 1273 1075 1343; x_wconf 90' lang='lat' dir='ltr'><strong>optima,</strong></span> <span class='ocrx_word' id='word_1_74' title='bbox 1104 1279 1159 1325; x_wconf 92' lang='lat' dir='ltr'><strong>ut</strong></span> <span class='ocrx_word' id='word_1_75' title='bbox 1187 1270 1274 1343; x_wconf 82' lang='lat' dir='ltr'><strong>qui</strong></span> <span class='ocrx_word' id='word_1_76' title='bbox 1305 1276 1585 1338; x_wconf 82' lang='lat' dir='ltr'><strong>reSpuunt.</strong></span> <span class='ocrx_word' id='word_1_77' title='bbox 1612 1274 1668 1319; x_wconf 87' lang='lat' dir='ltr'><strong>et</strong></span> <span class='ocrx_word' id='word_1_78' title='bbox 1698 1264 1882 1318; x_wconf 90' lang='lat' dir='ltr'><strong>nolunt</strong></span> 
     </span>
    </p>
   </div>
   <div class='ocr_carea' id='block_1_11' title="bbox 285 1356 1878 1439">
    <p class='ocr_par' dir='ltr' id='par_1_11' title="bbox 285 1356 1878 1439">
     <span class='ocr_line' id='line_1_11' title="bbox 285 1356 1878 1439; baseline -0.008 -15"><span class='ocrx_word' id='word_1_79' title='bbox 285 1384 346 1424; x_wconf 91' lang='lat' dir='ltr'><strong>ea</strong></span> <span class='ocrx_word' id='word_1_80' title='bbox 363 1384 483 1439; x_wconf 71' lang='lat' dir='ltr'><strong>qum</strong></span> <span class='ocrx_word' id='word_1_81' title='bbox 497 1367 743 1421; x_wconf 91' lang='lat' dir='ltr'><strong>dicuntur</strong></span> <span class='ocrx_word' id='word_1_82' title='bbox 759 1367 1048 1434; x_wconf 84' lang='lat' dir='ltr'><strong>suscipere,</strong></span> <span class='ocrx_word' id='word_1_83' title='bbox 1066 1356 1380 1433; x_wconf 36' lang='lat' dir='ltr'><strong>nullo&#39;pacto</strong></span> <span class='ocrx_word' id='word_1_84' title='bbox 1393 1372 1670 1431; x_wconf 84' lang='lat' dir='ltr'><strong>cegantur,</strong></span> <span class='ocrx_word' id='word_1_85' title='bbox 1687 1367 1742 1412; x_wconf 91' lang='lat' dir='ltr'><strong>ut</strong></span> <span class='ocrx_word' id='word_1_86' title='bbox 1757 1360 1878 1430; x_wconf 86' lang='lat' dir='ltr'><strong>quia</strong></span> 
     </span>
    </p>
   </div>
   <div class='ocr_carea' id='block_1_12' title="bbox 283 1455 1878 1518">
    <p class='ocr_par' dir='ltr' id='par_1_12' title="bbox 283 1455 1878 1518">
     <span class='ocr_line' id='line_1_12' title="bbox 283 1455 1878 1518; baseline -0.004 -6"><span class='ocrx_word' id='word_1_87' title='bbox 283 1459 457 1514; x_wconf 90' lang='lat' dir='ltr'><strong>vocati</strong></span> <span class='ocrx_word' id='word_1_88' title='bbox 483 1476 587 1514; x_wconf 92' lang='lat' dir='ltr'><strong>non</strong></span> <span class='ocrx_word' id='word_1_89' title='bbox 615 1458 868 1513; x_wconf 90' lang='lat' dir='ltr'><strong>meliores</strong></span> <span class='ocrx_word' id='word_1_90' title='bbox 890 1457 1012 1512; x_wconf 80' lang='lat' dir='ltr'><strong>facti</strong></span> <span class='ocrx_word' id='word_1_91' title='bbox 1049 1465 1194 1518; x_wconf 88' lang='lat' dir='ltr'><strong>sunt,</strong></span> <span class='ocrx_word' id='word_1_92' title='bbox 1219 1455 1312 1509; x_wconf 91' lang='lat' dir='ltr'><strong>sed</strong></span> <span class='ocrx_word' id='word_1_93' title='bbox 1337 1455 1641 1510; x_wconf 88' lang='lat' dir='ltr'><strong>reciderunt</strong></span> <span class='ocrx_word' id='word_1_94' title='bbox 1666 1463 1720 1508; x_wconf 90' lang='lat' dir='ltr'><strong>et</strong></span> <span class='ocrx_word' id='word_1_95' title='bbox 1749 1468 1878 1506; x_wconf 85' lang='lat' dir='ltr'><strong>con-</strong></span> 
     </span>
    </p>
   </div>
   <div class='ocr_carea' id='block_1_13' title="bbox 285 1543 1882 1619">
    <p class='ocr_par' dir='ltr' id='par_1_13' title="bbox 285 1543 1882 1619">
     <span class='ocr_line' id='line_1_13' title="bbox 285 1543 1882 1619; baseline -0.006 -14"><span class='ocrx_word' id='word_1_96' title='bbox 285 1558 638 1619; x_wconf 87' lang='lat' dir='ltr'><strong>tempserunt,</strong></span> <span class='ocrx_word' id='word_1_97' title='bbox 657 1549 797 1618; x_wconf 90' lang='lat' dir='ltr'><strong>quod</strong></span> <span class='ocrx_word' id='word_1_98' title='bbox 816 1565 872 1602; x_wconf 88' lang='lat' dir='ltr'><strong>se</strong></span> <span class='ocrx_word' id='word_1_99' title='bbox 890 1549 1117 1617; x_wconf 89' lang='lat' dir='ltr'><strong>rejeetos</strong></span> <span class='ocrx_word' id='word_1_100' title='bbox 1132 1548 1371 1612; x_wconf 89' lang='lat' dir='ltr'><strong>videant,</strong></span> <span class='ocrx_word' id='word_1_101' title='bbox 1393 1547 1442 1599; x_wconf 93' lang='lat' dir='ltr'><strong>in</strong></span> <span class='ocrx_word' id='word_1_102' title='bbox 1462 1545 1652 1599; x_wconf 89' lang='lat' dir='ltr'><strong>horum</strong></span> <span class='ocrx_word' id='word_1_103' title='bbox 1673 1543 1882 1599; x_wconf 87' lang='lat' dir='ltr'><strong>deside-</strong></span> 
     </span>
    </p>
   </div>
   <div class='ocr_carea' id='block_1_14' title="bbox 284 1635 1878 1709">
    <p class='ocr_par' dir='ltr' id='par_1_14' title="bbox 284 1635 1878 1709">
     <span class='ocr_line' id='line_1_14' title="bbox 284 1635 1878 1709; baseline -0.004 -14"><span class='ocrx_word' id='word_1_104' title='bbox 284 1641 422 1695; x_wconf 85' lang='lat' dir='ltr'><strong>rium</strong></span> <span class='ocrx_word' id='word_1_105' title='bbox 442 1639 793 1708; x_wconf 70' lang='lat' dir='ltr'><strong>adducantur.</strong></span> <span class='ocrx_word' id='word_1_106' title='bbox 816 1637 889 1693; x_wconf 86' lang='lat' dir='ltr'><strong>lta</strong></span> <span class='ocrx_word' id='word_1_107' title='bbox 909 1641 1050 1693; x_wconf 90' lang='lat' dir='ltr'><strong>enim</strong></span> <span class='ocrx_word' id='word_1_108' title='bbox 1079 1639 1135 1705; x_wconf 92' lang='lat' dir='ltr'><strong>ii,</strong></span> <span class='ocrx_word' id='word_1_109' title='bbox 1159 1638 1248 1709; x_wconf 87' lang='lat' dir='ltr'><strong>qui</strong></span> <span class='ocrx_word' id='word_1_110' title='bbox 1275 1638 1510 1691; x_wconf 90' lang='lat' dir='ltr'><strong>animum</strong></span> <span class='ocrx_word' id='word_1_111' title='bbox 1537 1635 1878 1700; x_wconf 85' lang='lat' dir='ltr'><strong>adhiberent,</strong></span> 
     </span>
    </p>
   </div>
   <div class='ocr_carea' id='block_1_15' title="bbox 284 1727 1877 1798">
    <p class='ocr_par' dir='ltr' id='par_1_15' title="bbox 284 1727 1877 1798">
     <span class='ocr_line' id='line_1_15' title="bbox 284 1727 1877 1798; baseline -0.005 -12"><span class='ocrx_word' id='word_1_112' title='bbox 284 1731 635 1786; x_wconf 82' lang='lat' dir='ltr'><strong>studiosiores</strong></span> <span class='ocrx_word' id='word_1_113' title='bbox 665 1729 824 1785; x_wconf 81' lang='lat' dir='ltr'><strong>futuri</strong></span> <span class='ocrx_word' id='word_1_114' title='bbox 856 1738 1028 1784; x_wconf 85' lang='lat' dir='ltr'><strong>erant.</strong></span> <span class='ocrx_word' id='word_1_115' title='bbox 1060 1728 1192 1784; x_wconf 82' lang='lat' dir='ltr'><strong>Nam</strong></span> <span class='ocrx_word' id='word_1_116' title='bbox 1221 1729 1361 1798; x_wconf 91' lang='lat' dir='ltr'><strong>quod</strong></span> <span class='ocrx_word' id='word_1_117' title='bbox 1386 1743 1447 1782; x_wconf 90' lang='lat' dir='ltr'><strong>ea</strong></span> <span class='ocrx_word' id='word_1_118' title='bbox 1474 1728 1604 1796; x_wconf 82' lang='lat' dir='ltr'><strong>ipsis</strong></span> <span class='ocrx_word' id='word_1_119' title='bbox 1627 1727 1877 1781; x_wconf 64' lang='lat' dir='ltr'><strong>reveleno</strong></span> 
     </span>
    </p>
   </div>
   <div class='ocr_carea' id='block_1_16' title="bbox 285 1817 1881 1892">
    <p class='ocr_par' dir='ltr' id='par_1_16' title="bbox 285 1817 1881 1892">
     <span class='ocr_line' id='line_1_16' title="bbox 285 1817 1881 1892; baseline -0.003 -15"><span class='ocrx_word' id='word_1_120' title='bbox 285 1831 392 1886; x_wconf 86' lang='lat' dir='ltr'><strong>tur,</strong></span> <span class='ocrx_word' id='word_1_121' title='bbox 416 1822 466 1876; x_wconf 90' lang='lat' dir='ltr'><strong>id</strong></span> <span class='ocrx_word' id='word_1_122' title='bbox 493 1823 615 1891; x_wconf 90' lang='lat' dir='ltr'><strong>jure</strong></span> <span class='ocrx_word' id='word_1_123' title='bbox 639 1822 887 1892; x_wconf 76' lang='lat' dir='ltr'><strong>gaudium</strong></span> <span class='ocrx_word' id='word_1_124' title='bbox 921 1821 1092 1892; x_wconf 89' lang='lat' dir='ltr'><strong>pariat</strong></span> <span class='ocrx_word' id='word_1_125' title='bbox 1118 1839 1130 1875; x_wconf 92' lang='lat'>:</span> <span class='ocrx_word' id='word_1_126' title='bbox 1159 1819 1301 1892; x_wconf 88' lang='lat' dir='ltr'><strong>quod</strong></span> <span class='ocrx_word' id='word_1_127' title='bbox 1331 1834 1460 1875; x_wconf 87' lang='lat' dir='ltr'><strong>vero</strong></span> <span class='ocrx_word' id='word_1_128' title='bbox 1486 1817 1881 1874; x_wconf 83' lang='lat' dir='ltr'><strong>abscondantur</strong></span> 
     </span>
    </p>
   </div>
   <div class='ocr_carea' id='block_1_17' title="bbox 283 1908 1880 1983">
    <p class='ocr_par' dir='ltr' id='par_1_17' title="bbox 283 1908 1880 1983">
     <span class='ocr_line' id='line_1_17' title="bbox 283 1908 1880 1983; baseline -0.004 -16"><span class='ocrx_word' id='word_1_129' title='bbox 283 1913 408 1977; x_wconf 85' lang='lat' dir='ltr'><strong>illis,</strong></span> <span class='ocrx_word' id='word_1_130' title='bbox 441 1929 544 1966; x_wconf 90' lang='lat' dir='ltr'><strong>non</strong></span> <span class='ocrx_word' id='word_1_131' title='bbox 569 1913 784 1983; x_wconf 88' lang='lat' dir='ltr'><strong>gaudio,</strong></span> <span class='ocrx_word' id='word_1_132' title='bbox 814 1911 907 1968; x_wconf 89' lang='lat' dir='ltr'><strong>sed</strong></span> <span class='ocrx_word' id='word_1_133' title='bbox 938 1912 1189 1983; x_wconf 84' lang='lat' dir='ltr'><strong>lacrymis</strong></span> <span class='ocrx_word' id='word_1_134' title='bbox 1219 1909 1436 1980; x_wconf 87' lang='lat' dir='ltr'><strong>dignum</strong></span> <span class='ocrx_word' id='word_1_135' title='bbox 1464 1918 1564 1964; x_wconf 88' lang='lat' dir='ltr'><strong>est.</strong></span> <span class='ocrx_word' id='word_1_136' title='bbox 1592 1908 1726 1963; x_wconf 87' lang='lat' dir='ltr'><strong>Illud</strong></span> <span class='ocrx_word' id='word_1_137' title='bbox 1751 1922 1880 1962; x_wconf 91' lang='lat' dir='ltr'><strong>vero</strong></span> 
     </span>
    </p>
   </div>
   <div class='ocr_carea' id='block_1_18' title="bbox 283 1999 1879 2076">
    <p class='ocr_par' dir='ltr' id='par_1_18' title="bbox 283 1999 1879 2076">
     <span class='ocr_line' id='line_1_18' title="bbox 283 1999 1879 2076; baseline -0.003 -18"><span class='ocrx_word' id='word_1_138' title='bbox 283 2003 431 2068; x_wconf 75' lang='lat' dir='ltr'><strong>facit,</strong></span> <span class='ocrx_word' id='word_1_139' title='bbox 457 2004 580 2058; x_wconf 89' lang='lat' dir='ltr'><strong>dum</strong></span> <span class='ocrx_word' id='word_1_140' title='bbox 611 2004 938 2076; x_wconf 85' lang='lat' dir='ltr'><strong>lacrymatur</strong></span> <span class='ocrx_word' id='word_1_141' title='bbox 965 2003 1227 2058; x_wconf 86' lang='lat' dir='ltr'><strong>miserans</strong></span> <span class='ocrx_word' id='word_1_142' title='bbox 1250 2002 1546 2056; x_wconf 87' lang='lat' dir='ltr'><strong>civitatem.</strong></span> <span class='ocrx_word' id='word_1_143' title='bbox 1581 1999 1695 2055; x_wconf 89' lang='lat' dir='ltr'><strong>Non</strong></span> <span class='ocrx_word' id='word_1_144' title='bbox 1720 2000 1879 2070; x_wconf 92' lang='lat' dir='ltr'><strong>igitur</strong></span> 
     </span>
    </p>
   </div>
   <div class='ocr_carea' id='block_1_19' title="bbox 283 2091 1876 2164">
    <p class='ocr_par' dir='ltr' id='par_1_19' title="bbox 283 2091 1876 2164">
     <span class='ocr_line' id='line_1_19' title="bbox 283 2091 1876 2164; baseline -0.003 -16"><span class='ocrx_word' id='word_1_145' title='bbox 283 2093 404 2148; x_wconf 90' lang='lat' dir='ltr'><strong>ideo</strong></span> <span class='ocrx_word' id='word_1_146' title='bbox 435 2093 666 2164; x_wconf 86' lang='lat' dir='ltr'><strong>gaudet,</strong></span> <span class='ocrx_word' id='word_1_147' title='bbox 697 2093 789 2148; x_wconf 89' lang='lat' dir='ltr'><strong>sed</strong></span> <span class='ocrx_word' id='word_1_148' title='bbox 827 2092 967 2162; x_wconf 89' lang='lat' dir='ltr'><strong>quod</strong></span> <span class='ocrx_word' id='word_1_149' title='bbox 1009 2107 1071 2145; x_wconf 89' lang='lat' dir='ltr'><strong>ea</strong></span> <span class='ocrx_word' id='word_1_150' title='bbox 1102 2106 1220 2161; x_wconf 71' lang='lat' dir='ltr'><strong>qua:</strong></span> <span class='ocrx_word' id='word_1_151' title='bbox 1251 2091 1520 2161; x_wconf 90' lang='lat' dir='ltr'><strong>sapientes</strong></span> <span class='ocrx_word' id='word_1_152' title='bbox 1565 2105 1670 2144; x_wconf 91' lang='lat' dir='ltr'><strong>non</strong></span> <span class='ocrx_word' id='word_1_153' title='bbox 1707 2103 1876 2144; x_wconf 85' lang='lat' dir='ltr'><strong>nove-</strong></span> 
     </span>
    </p>
   </div>
   <div class='ocr_carea' id='block_1_20' title="bbox 281 2179 1878 2254">
    <p class='ocr_par' dir='ltr' id='par_1_20' title="bbox 281 2179 1878 2254">
     <span class='ocr_line' id='line_1_20' title="bbox 281 2179 1878 2254; baseline -0.003 -16"><span class='ocrx_word' id='word_1_154' title='bbox 281 2195 428 2248; x_wconf 89' lang='lat' dir='ltr'><strong>runt,</strong></span> <span class='ocrx_word' id='word_1_155' title='bbox 459 2185 553 2254; x_wconf 86' lang='lat' dir='ltr'><strong>ipsi</strong></span> <span class='ocrx_word' id='word_1_156' title='bbox 587 2183 856 2248; x_wconf 76' lang='lat' dir='ltr'><strong>noverint,</strong></span> <span class='ocrx_word' id='word_1_157' title='bbox 887 2190 944 2236; x_wconf 92' lang='lat' dir='ltr'><strong>ut</strong></span> <span class='ocrx_word' id='word_1_158' title='bbox 970 2197 1091 2236; x_wconf 92' lang='lat' dir='ltr'><strong>cum</strong></span> <span class='ocrx_word' id='word_1_159' title='bbox 1123 2182 1249 2250; x_wconf 69' lang='lat' dir='ltr'><strong>dicit</strong></span> <span class='ocrx_word' id='word_1_160' title='bbox 1280 2181 1473 2236; x_wconf 79' lang='lat' dir='ltr'><strong>Paulus</strong></span> <span class='ocrx_word' id='word_1_161' title='bbox 1502 2197 1516 2233; x_wconf 90' lang='lat'><strong>:</strong></span> <span class='ocrx_word' id='word_1_162' title='bbox 1547 2179 1754 2235; x_wconf 75' lang='lat' dir='ltr'><strong>Gratias</strong></span> <span class='ocrx_word' id='word_1_163' title='bbox 1781 2195 1878 2250; x_wconf 84' lang='lat' dir='ltr'><strong>ago</strong></span> 
     </span>
    </p>
   </div>
   <div class='ocr_carea' id='block_1_21' title="bbox 282 2269 1881 2343">
    <p class='ocr_par' dir='ltr' id='par_1_21' title="bbox 282 2269 1881 2343">
     <span class='ocr_line' id='line_1_21' title="bbox 282 2269 1881 2343; baseline -0.002 -16"><span class='ocrx_word' id='word_1_164' title='bbox 282 2273 395 2327; x_wconf 85' lang='lat' dir='ltr'><strong>Deo</strong></span> <span class='ocrx_word' id='word_1_165' title='bbox 420 2318 433 2340; x_wconf 96' lang='lat'><strong>,</strong></span> <span class='ocrx_word' id='word_1_166' title='bbox 463 2275 701 2343; x_wconf 80' lang='lat' dir='ltr'><strong>quoniam</strong></span> <span class='ocrx_word' id='word_1_167' title='bbox 733 2274 899 2341; x_wconf 79' lang='lat' dir='ltr'><strong>fuistis</strong></span> <span class='ocrx_word' id='word_1_168' title='bbox 927 2273 1054 2327; x_wconf 73' lang='lat' dir='ltr'><strong>senii</strong></span> <span class='ocrx_word' id='word_1_169' title='bbox 1089 2273 1281 2340; x_wconf 80' lang='lat' dir='ltr'><strong>peccati</strong></span> <span class='ocrx_word' id='word_1_170' title='bbox 1305 2313 1320 2338; x_wconf 92' lang='lat'><strong>,</strong></span> <span class='ocrx_word' id='word_1_171' title='bbox 1355 2269 1590 2325; x_wconf 86' lang='lat' dir='ltr'><strong>obedistis</strong></span> <span class='ocrx_word' id='word_1_172' title='bbox 1620 2281 1788 2324; x_wconf 86' lang='lat' dir='ltr'><strong>autem</strong></span> <span class='ocrx_word' id='word_1_173' title='bbox 1817 2286 1881 2324; x_wconf 69' lang='lat' dir='ltr'><strong>ex</strong></span> 
     </span>
    </p>
   </div>
   <div class='ocr_carea' id='block_1_22' title="bbox 281 2359 1872 2433">
    <p class='ocr_par' dir='ltr' id='par_1_22' title="bbox 281 2359 1872 2433">
     <span class='ocr_line' id='line_1_22' title="bbox 281 2359 1872 2433; baseline -0.004 -14"><span class='ocrx_word' id='word_1_174' title='bbox 281 2365 434 2419; x_wconf 81' lang='lat' dir='ltr'><strong>corde</strong></span> <span class='ocrx_word' id='word_1_175' title='bbox 464 2365 513 2417; x_wconf 90' lang='lat' dir='ltr'><strong>in</strong></span> <span class='ocrx_word' id='word_1_176' title='bbox 546 2381 694 2433; x_wconf 82' lang='lat' dir='ltr'><strong>quant</strong></span> <span class='ocrx_word' id='word_1_177' title='bbox 726 2365 899 2416; x_wconf 82' lang='lat' dir='ltr'><strong>traditi</strong></span> <span class='ocrx_word' id='word_1_178' title='bbox 926 2364 1043 2417; x_wconf 84' lang='lat' dir='ltr'><strong>estis</strong></span> <span class='ocrx_word' id='word_1_179' title='bbox 1073 2367 1292 2433; x_wconf 73' lang='lat' dir='ltr'><strong>formam</strong></span> <span class='ocrx_word' id='word_1_180' title='bbox 1321 2362 1566 2415; x_wconf 80' lang='lat' dir='ltr'><strong>doctrina:</strong></span> <span class='ocrx_word' id='word_1_181' title='bbox 1592 2360 1609 2430; x_wconf 97' lang='lat'>(</span> <span class='ocrx_word' id='word_1_182' title='bbox 1634 2359 1786 2413; x_wconf 84' lang='lat' dir='ltr'><strong>Rom.</strong></span> <span class='ocrx_word' id='word_1_183' title='bbox 1819 2361 1872 2414; x_wconf 87' lang='lat'><strong>6.</strong></span> 
     </span>
    </p>
   </div>
   <div class='ocr_carea' id='block_1_23' title="bbox 283 2451 1879 2525">
    <p class='ocr_par' dir='ltr' id='par_1_23' title="bbox 283 2451 1879 2525">
     <span class='ocr_line' id='line_1_23' title="bbox 283 2451 1879 2525; baseline -0.004 -15"><span class='ocrx_word' id='word_1_184' title='bbox 283 2457 349 2510; x_wconf 80' lang='lat' dir='ltr'><strong>l7</strong></span> <span class='ocrx_word' id='word_1_185' title='bbox 369 2456 410 2523; x_wconf 92' lang='lat'><strong>).</strong></span> <span class='ocrx_word' id='word_1_186' title='bbox 439 2453 552 2508; x_wconf 82' lang='lat' dir='ltr'><strong>Non</strong></span> <span class='ocrx_word' id='word_1_187' title='bbox 583 2471 711 2525; x_wconf 87' lang='lat' dir='ltr'><strong>ergo</strong></span> <span class='ocrx_word' id='word_1_188' title='bbox 743 2455 936 2509; x_wconf 83' lang='lat' dir='ltr'><strong>Paulus</strong></span> <span class='ocrx_word' id='word_1_189' title='bbox 962 2462 1242 2523; x_wconf 82' lang='lat' dir='ltr'><strong>propterea</strong></span> <span class='ocrx_word' id='word_1_190' title='bbox 1277 2453 1493 2522; x_wconf 81' lang='lat' dir='ltr'><strong>gaudet,</strong></span> <span class='ocrx_word' id='word_1_191' title='bbox 1525 2451 1666 2522; x_wconf 92' lang='lat' dir='ltr'><strong>quod</strong></span> <span class='ocrx_word' id='word_1_192' title='bbox 1697 2460 1879 2506; x_wconf 79' lang='lat' dir='ltr'><strong>essent</strong></span> 
     </span>
    </p>
   </div>
   <div class='ocr_carea' id='block_1_24' title="bbox 281 2541 1876 2616">
    <p class='ocr_par' dir='ltr' id='par_1_24' title="bbox 281 2541 1876 2616">
     <span class='ocr_line' id='line_1_24' title="bbox 281 2541 1876 2616; baseline -0.003 -16"><span class='ocrx_word' id='word_1_193' title='bbox 281 2547 421 2600; x_wconf 84' lang='lat' dir='ltr'><strong>servi</strong></span> <span class='ocrx_word' id='word_1_194' title='bbox 454 2546 694 2616; x_wconf 89' lang='lat' dir='ltr'><strong>peccati,</strong></span> <span class='ocrx_word' id='word_1_195' title='bbox 733 2545 826 2601; x_wconf 91' lang='lat' dir='ltr'><strong>sed</strong></span> <span class='ocrx_word' id='word_1_196' title='bbox 866 2544 1008 2616; x_wconf 90' lang='lat' dir='ltr'><strong>quod</strong></span> <span class='ocrx_word' id='word_1_197' title='bbox 1046 2545 1179 2598; x_wconf 83' lang='lat' dir='ltr'><strong>tales</strong></span> <span class='ocrx_word' id='word_1_198' title='bbox 1209 2558 1328 2598; x_wconf 92' lang='lat' dir='ltr'><strong>cum</strong></span> <span class='ocrx_word' id='word_1_199' title='bbox 1361 2551 1541 2597; x_wconf 85' lang='lat' dir='ltr'><strong>essent</strong></span> <span class='ocrx_word' id='word_1_200' title='bbox 1565 2584 1580 2608; x_wconf 94' lang='lat'><strong>,</strong></span> <span class='ocrx_word' id='word_1_201' title='bbox 1621 2550 1698 2596; x_wconf 90' lang='lat' dir='ltr'><strong>tot</strong></span> <span class='ocrx_word' id='word_1_202' title='bbox 1738 2541 1876 2596; x_wconf 88' lang='lat' dir='ltr'><strong>bona</strong></span> 
     </span>
    </p>
   </div>
   <div class='ocr_carea' id='block_1_25' title="bbox 283 2634 1871 2706">
    <p class='ocr_par' dir='ltr' id='par_1_25' title="bbox 283 2634 1871 2706">
     <span class='ocr_line' id='line_1_25' title="bbox 283 2634 1871 2706; baseline -0.003 -16"><span class='ocrx_word' id='word_1_203' title='bbox 283 2636 497 2690; x_wconf 80' lang='lat' dir='ltr'><strong>tandem</strong></span> <span class='ocrx_word' id='word_1_204' title='bbox 535 2635 642 2689; x_wconf 90' lang='lat' dir='ltr'><strong>sint</strong></span> <span class='ocrx_word' id='word_1_205' title='bbox 679 2634 1016 2706; x_wconf 78' lang='lat' dir='ltr'><strong>consequuti.</strong></span> <span class='ocrx_word' id='word_1_206' title='bbox 1061 2634 1344 2703; x_wconf 83' lang='lat' dir='ltr'><strong>Sapientes</strong></span> <span class='ocrx_word' id='word_1_207' title='bbox 1382 2645 1559 2688; x_wconf 89' lang='lat' dir='ltr'><strong>autem</strong></span> <span class='ocrx_word' id='word_1_208' title='bbox 1607 2634 1692 2687; x_wconf 74' lang='lat' dir='ltr'><strong>hic</strong></span> <span class='ocrx_word' id='word_1_209' title='bbox 1723 2646 1871 2688; x_wconf 62' lang='lat' dir='ltr'><strong>vocnt</strong></span> 
     </span>
    </p>
   </div>
   <div class='ocr_carea' id='block_1_26' title="bbox 281 2723 1878 2794">
    <p class='ocr_par' dir='ltr' id='par_1_26' title="bbox 281 2723 1878 2794">
     <span class='ocr_line' id='line_1_26' title="bbox 281 2723 1878 2794; baseline 0 -15"><span class='ocrx_word' id='word_1_210' title='bbox 281 2726 486 2780; x_wconf 80' lang='lat' dir='ltr'><strong>scribas</strong></span> <span class='ocrx_word' id='word_1_211' title='bbox 513 2735 568 2780; x_wconf 90' lang='lat' dir='ltr'><strong>et</strong></span> <span class='ocrx_word' id='word_1_212' title='bbox 598 2724 914 2780; x_wconf 66' lang='lat' dir='ltr'><strong>Pharisa&#39;os.</strong></span> <span class='ocrx_word' id='word_1_213' title='bbox 946 2724 1074 2779; x_wconf 72' lang='lat' dir='ltr'><strong>[lare</strong></span> <span class='ocrx_word' id='word_1_214' title='bbox 1106 2741 1265 2794; x_wconf 86' lang='lat' dir='ltr'><strong>porro</strong></span> <span class='ocrx_word' id='word_1_215' title='bbox 1291 2725 1454 2790; x_wconf 89' lang='lat' dir='ltr'><strong>dicit,</strong></span> <span class='ocrx_word' id='word_1_216' title='bbox 1489 2733 1546 2778; x_wconf 87' lang='lat' dir='ltr'><strong>ut</strong></span> <span class='ocrx_word' id='word_1_217' title='bbox 1582 2723 1878 2792; x_wconf 82' lang='lat' dir='ltr'><strong>discipulus</strong></span> 
     </span>
    </p>
   </div>
   <div class='ocr_carea' id='block_1_27' title="bbox 280 2815 1872 2886">
    <p class='ocr_par' dir='ltr' id='par_1_27' title="bbox 280 2815 1872 2886">
     <span class='ocr_line' id='line_1_27' title="bbox 280 2815 1872 2886; baseline -0.003 -16"><span class='ocrx_word' id='word_1_218' title='bbox 280 2815 574 2870; x_wconf 81' lang='lat' dir='ltr'><strong>alacriores</strong></span> <span class='ocrx_word' id='word_1_219' title='bbox 595 2816 800 2879; x_wconf 87' lang='lat' dir='ltr'><strong>reddat,</strong></span> <span class='ocrx_word' id='word_1_220' title='bbox 835 2825 888 2870; x_wconf 86' lang='lat' dir='ltr'><strong>et</strong></span> <span class='ocrx_word' id='word_1_221' title='bbox 909 2815 1183 2882; x_wconf 81' lang='lat' dir='ltr'><strong>ostendat,</strong></span> <span class='ocrx_word' id='word_1_222' title='bbox 1206 2823 1401 2886; x_wconf 80' lang='lat' dir='ltr'><strong>quanta</strong></span> <span class='ocrx_word' id='word_1_223' title='bbox 1426 2815 1742 2883; x_wconf 88' lang='lat' dir='ltr'><strong>cOnsequuli</strong></span> <span class='ocrx_word' id='word_1_224' title='bbox 1771 2815 1872 2868; x_wconf 90' lang='lat' dir='ltr'><strong>sint</strong></span> 
     </span>
    </p>
   </div>
   <div class='ocr_carea' id='block_1_28' title="bbox 282 2905 1877 2977">
    <p class='ocr_par' dir='ltr' id='par_1_28' title="bbox 282 2905 1877 2977">
     <span class='ocr_line' id='line_1_28' title="bbox 282 2905 1877 2977; baseline -0.002 -17"><span class='ocrx_word' id='word_1_225' title='bbox 282 2909 600 2977; x_wconf 87' lang='lat' dir='ltr'><strong>piscatores,</strong></span> <span class='ocrx_word' id='word_1_226' title='bbox 629 2921 657 2958; x_wconf 87' lang='lat' dir='ltr'><strong>a</strong></span> <span class='ocrx_word' id='word_1_227' title='bbox 686 2905 877 2976; x_wconf 81' lang='lat' dir='ltr'><strong>quibus</strong></span> <span class='ocrx_word' id='word_1_228' title='bbox 905 2906 979 2961; x_wconf 90' lang='lat' dir='ltr'><strong>illi</strong></span> <span class='ocrx_word' id='word_1_229' title='bbox 1006 2921 1196 2961; x_wconf 89' lang='lat' dir='ltr'><strong>omnes</strong></span> <span class='ocrx_word' id='word_1_230' title='bbox 1221 2905 1554 2962; x_wconf 78' lang='lat' dir='ltr'><strong>exciderunt.</strong></span> <span class='ocrx_word' id='word_1_231' title='bbox 1585 2905 1720 2959; x_wconf 90' lang='lat' dir='ltr'><strong>Cum</strong></span> <span class='ocrx_word' id='word_1_232' title='bbox 1747 2918 1877 2958; x_wconf 87' lang='lat' dir='ltr'><strong>vero</strong></span> 
     </span>
    </p>
   </div>
   <div class='ocr_carea' id='block_1_29' title="bbox 280 2994 1878 3062">
    <p class='ocr_par' dir='ltr' id='par_1_29' title="bbox 280 2994 1878 3062">
     <span class='ocr_line' id='line_1_29' title="bbox 280 2994 1878 3062; baseline -0.002 -13"><span class='ocrx_word' id='word_1_233' title='bbox 280 2997 553 3062; x_wconf 78' lang='lat' dir='ltr'><strong>sapientes</strong></span> <span class='ocrx_word' id='word_1_234' title='bbox 583 3006 732 3050; x_wconf 87' lang='lat' dir='ltr'><strong>vocat</strong></span> <span class='ocrx_word' id='word_1_235' title='bbox 765 2995 904 3060; x_wconf 86' lang='lat' dir='ltr'><strong>illos,</strong></span> <span class='ocrx_word' id='word_1_236' title='bbox 936 3012 1039 3049; x_wconf 92' lang='lat' dir='ltr'><strong>non</strong></span> <span class='ocrx_word' id='word_1_237' title='bbox 1068 2994 1136 3050; x_wconf 87' lang='lat' dir='ltr'><strong>de</strong></span> <span class='ocrx_word' id='word_1_238' title='bbox 1164 3010 1284 3049; x_wconf 88' lang='lat' dir='ltr'><strong>vera</strong></span> <span class='ocrx_word' id='word_1_239' title='bbox 1308 3003 1362 3048; x_wconf 91' lang='lat' dir='ltr'><strong>ct</strong></span> <span class='ocrx_word' id='word_1_240' title='bbox 1387 2994 1634 3049; x_wconf 86' lang='lat' dir='ltr'><strong>laudabili</strong></span> <span class='ocrx_word' id='word_1_241' title='bbox 1666 2994 1878 3060; x_wconf 85' lang='lat' dir='ltr'><strong>sapien-</strong></span> 
     </span>
    </p>
   </div>
   <div class='ocr_carea' id='block_1_30' title="bbox 283 3083 1876 3154">
    <p class='ocr_par' dir='ltr' id='par_1_30' title="bbox 283 3083 1876 3154">
     <span class='ocr_line' id='line_1_30' title="bbox 283 3083 1876 3154; baseline -0.002 -15"><span class='ocrx_word' id='word_1_242' title='bbox 283 3089 352 3139; x_wconf 90' lang='lat' dir='ltr'><strong>tia</strong></span> <span class='ocrx_word' id='word_1_243' title='bbox 384 3087 638 3154; x_wconf 73' lang='lat' dir='ltr'><strong>leqnitur,</strong></span> <span class='ocrx_word' id='word_1_244' title='bbox 662 3085 752 3141; x_wconf 88' lang='lat' dir='ltr'><strong>sed</strong></span> <span class='ocrx_word' id='word_1_245' title='bbox 784 3085 851 3140; x_wconf 90' lang='lat' dir='ltr'><strong>de</strong></span> <span class='ocrx_word' id='word_1_246' title='bbox 880 3086 964 3139; x_wconf 90' lang='lat' dir='ltr'><strong>illa</strong></span> <span class='ocrx_word' id='word_1_247' title='bbox 993 3101 1148 3154; x_wconf 89' lang='lat' dir='ltr'><strong>quam</strong></span> <span class='ocrx_word' id='word_1_248' title='bbox 1183 3084 1501 3138; x_wconf 74' lang='lat' dir='ltr'><strong>videbantur</strong></span> <span class='ocrx_word' id='word_1_249' title='bbox 1526 3098 1591 3137; x_wconf 75' lang='lat' dir='ltr'><strong>ex</strong></span> <span class='ocrx_word' id='word_1_250' title='bbox 1613 3083 1876 3152; x_wconf 87' lang='lat' dir='ltr'><strong>gravitate</strong></span> 
     </span>
    </p>
   </div>
   <div class='ocr_carea' id='block_1_31' title="bbox 281 3173 1872 3244">
    <p class='ocr_par' dir='ltr' id='par_1_31' title="bbox 281 3173 1872 3244">
     <span class='ocr_line' id='line_1_31' title="bbox 281 3173 1872 3244; baseline -0.006 -10"><span class='ocrx_word' id='word_1_251' title='bbox 281 3178 618 3244; x_wconf 58' lang='lat' dir='ltr'><strong>consequuti.</strong></span> <span class='ocrx_word' id='word_1_252' title='bbox 655 3177 855 3233; x_wconf 88' lang='lat' dir='ltr'><strong>Idcirco</strong></span> <span class='ocrx_word' id='word_1_253' title='bbox 884 3193 989 3230; x_wconf 69' lang='lat' dir='ltr'><strong>non</strong></span> <span class='ocrx_word' id='word_1_254' title='bbox 1020 3177 1183 3238; x_wconf 82' lang='lat' dir='ltr'><strong>dixit,</strong></span> <span class='ocrx_word' id='word_1_255' title='bbox 1222 3176 1489 3230; x_wconf 79' lang='lat' dir='ltr'><strong>Revelasti</strong></span> <span class='ocrx_word' id='word_1_256' title='bbox 1517 3175 1722 3238; x_wconf 87' lang='lat' dir='ltr'><strong>stultis,</strong></span> <span class='ocrx_word' id='word_1_257' title='bbox 1756 3173 1872 3238; x_wconf 86' lang='lat' dir='ltr'><strong>sed,</strong></span> 
     </span>
    </p>
   </div>
   <div class='ocr_carea' id='block_1_32' title="bbox 289 3266 1877 3336">
    <p class='ocr_par' dir='ltr' id='par_1_32' title="bbox 289 3266 1877 3336">
     <span class='ocr_line' id='line_1_32' title="bbox 289 3266 1877 3336; baseline -0.003 -12"><span class='ocrx_word' id='word_1_258' title='bbox 289 3271 409 3324; x_wconf 73' lang='lat' dir='ltr'><strong>Part</strong></span> <span class='ocrx_word' id='word_1_259' title='bbox 427 3270 523 3323; x_wconf 89' lang='lat' dir='ltr'><strong>ulis</strong></span> <span class='ocrx_word' id='word_1_260' title='bbox 546 3286 563 3324; x_wconf 72' lang='grc' dir='ltr'><em>ς</em></span> <span class='ocrx_word' id='word_1_261' title='bbox 587 3271 810 3324; x_wconf 88' lang='lat' dir='ltr'><strong>sinceris</strong></span> <span class='ocrx_word' id='word_1_262' title='bbox 841 3271 1043 3324; x_wconf 86' lang='lat' dir='ltr'><strong>scilicet</strong></span> <span class='ocrx_word' id='word_1_263' title='bbox 1066 3283 1127 3321; x_wconf 91' lang='lat' dir='ltr'><strong>ae</strong></span> <span class='ocrx_word' id='word_1_264' title='bbox 1145 3268 1478 3336; x_wconf 88' lang='lat' dir='ltr'><strong>simplicibus</strong></span> <span class='ocrx_word' id='word_1_265' title='bbox 1502 3287 1511 3318; x_wconf 91' lang='lat'>:</span> <span class='ocrx_word' id='word_1_266' title='bbox 1539 3266 1877 3335; x_wconf 84' lang='lat' dir='ltr'><strong>ostenditque</strong></span> 
     </span>
    </p>
   </div>
   <div class='ocr_carea' id='block_1_33' title="bbox 282 3358 1873 3429">
    <p class='ocr_par' dir='ltr' id='par_1_33' title="bbox 282 3358 1873 3429">
     <span class='ocr_line' id='line_1_33' title="bbox 282 3358 1873 3429; baseline -0.004 -14"><span class='ocrx_word' id='word_1_267' title='bbox 282 3362 405 3416; x_wconf 87' lang='lat' dir='ltr'><strong>illos</strong></span> <span class='ocrx_word' id='word_1_268' title='bbox 426 3377 531 3414; x_wconf 82' lang='lat' dir='ltr'><strong>non</strong></span> <span class='ocrx_word' id='word_1_269' title='bbox 562 3363 731 3414; x_wconf 70' lang='lat' dir='ltr'><strong>solum</strong></span> <span class='ocrx_word' id='word_1_270' title='bbox 755 3360 894 3428; x_wconf 90' lang='lat' dir='ltr'><strong>quod</strong></span> <span class='ocrx_word' id='word_1_271' title='bbox 922 3359 1064 3429; x_wconf 80' lang='lat' dir='ltr'><strong>digni</strong></span> <span class='ocrx_word' id='word_1_272' title='bbox 1096 3375 1199 3414; x_wconf 90' lang='lat' dir='ltr'><strong>non</strong></span> <span class='ocrx_word' id='word_1_273' title='bbox 1229 3368 1428 3421; x_wconf 80' lang='lat' dir='ltr'><strong>essent,</strong></span> <span class='ocrx_word' id='word_1_274' title='bbox 1459 3358 1550 3410; x_wconf 81' lang='lat' dir='ltr'><strong>sed</strong></span> <span class='ocrx_word' id='word_1_275' title='bbox 1570 3360 1689 3425; x_wconf 82' lang='lat' dir='ltr'><strong>jure</strong></span> <span class='ocrx_word' id='word_1_276' title='bbox 1715 3358 1873 3412; x_wconf 88' lang='lat' dir='ltr'><strong>etiam</strong></span> 
     </span>
    </p>
   </div>
   <div class='ocr_carea' id='block_1_34' title="bbox 282 3447 1875 3519">
    <p class='ocr_par' dir='ltr' id='par_1_34' title="bbox 282 3447 1875 3519">
     <span class='ocr_line' id='line_1_34' title="bbox 282 3447 1875 3519; baseline -0.005 -12"><span class='ocrx_word' id='word_1_277' title='bbox 282 3455 398 3508; x_wconf 67' lang='lat' dir='ltr'><strong>luteo</strong></span> <span class='ocrx_word' id='word_1_278' title='bbox 427 3468 531 3506; x_wconf 88' lang='lat' dir='ltr'><strong>non</strong></span> <span class='ocrx_word' id='word_1_279' title='bbox 563 3467 680 3516; x_wconf 82' lang='lat' dir='ltr'><strong>esse</strong></span> <span class='ocrx_word' id='word_1_280' title='bbox 707 3453 926 3519; x_wconf 59' lang='lat' dir='ltr'><strong>adeptos</strong></span> <span class='ocrx_word' id='word_1_281' title='bbox 955 3469 966 3504; x_wconf 92' lang='lat'><strong>:</strong></span> <span class='ocrx_word' id='word_1_282' title='bbox 999 3464 1202 3517; x_wconf 58' lang='grc' dir='ltr'><strong>ηυδε-ιω</strong></span> <span class='ocrx_word' id='word_1_283' title='bbox 1231 3465 1322 3517; x_wconf 88' lang='lat' dir='ltr'><strong>per</strong></span> <span class='ocrx_word' id='word_1_284' title='bbox 1351 3449 1527 3503; x_wconf 89' lang='lat' dir='ltr'><strong>omnia</strong></span> <span class='ocrx_word' id='word_1_285' title='bbox 1555 3447 1728 3511; x_wconf 88' lang='lat' dir='ltr'><strong>docet,</strong></span> <span class='ocrx_word' id='word_1_286' title='bbox 1764 3461 1818 3500; x_wconf 90' lang='lat' dir='ltr'><strong>ut</strong></span> <span class='ocrx_word' id='word_1_287' title='bbox 1846 3461 1875 3499; x_wconf 91' lang='lat' dir='ltr'><strong>a</strong></span> 
     </span>
    </p>
   </div>
   <div class='ocr_carea' id='block_1_35' title="bbox 281 3534 1877 3612">
    <p class='ocr_par' dir='ltr' id='par_1_35' title="bbox 281 3534 1877 3612">
     <span class='ocr_line' id='line_1_35' title="bbox 281 3534 1877 3612; baseline -0.004 -14"><span class='ocrx_word' id='word_1_288' title='bbox 281 3543 532 3612; x_wconf 83' lang='lat' dir='ltr'><strong>superbia</strong></span> <span class='ocrx_word' id='word_1_289' title='bbox 565 3534 857 3612; x_wconf 65' lang='lat' dir='ltr'><strong>fugiamus.</strong></span> <span class='ocrx_word' id='word_1_290' title='bbox 889 3540 980 3596; x_wconf 86' lang='lat' dir='ltr'><strong>sed</strong></span> <span class='ocrx_word' id='word_1_291' title='bbox 1013 3540 1408 3609; x_wconf 87' lang='lat' dir='ltr'><strong>simplicitatem</strong></span> <span class='ocrx_word' id='word_1_292' title='bbox 1434 3547 1720 3593; x_wconf 88' lang='lat' dir='ltr'><strong>sectemur.</strong></span> <span class='ocrx_word' id='word_1_293' title='bbox 1753 3537 1877 3592; x_wconf 87' lang='lat' dir='ltr'><strong>ldco</strong></span> 
     </span>
    </p>
   </div>
   <div class='ocr_carea' id='block_1_36' title="bbox 283 3619 1876 3702">
    <p class='ocr_par' dir='ltr' id='par_1_36' title="bbox 283 3619 1876 3702">
     <span class='ocr_line' id='line_1_36' title="bbox 283 3619 1876 3702; baseline -0.004 -14"><span class='ocrx_word' id='word_1_294' title='bbox 283 3634 480 3688; x_wconf 88' lang='lat' dir='ltr'><strong>Paulus</strong></span> <span class='ocrx_word' id='word_1_295' title='bbox 509 3623 620 3686; x_wconf 69' lang='lat' dir='ltr'><strong>lucc</strong></span> <span class='ocrx_word' id='word_1_296' title='bbox 650 3632 886 3702; x_wconf 89' lang='lat' dir='ltr'><strong>pluribus</strong></span> <span class='ocrx_word' id='word_1_297' title='bbox 912 3629 1231 3700; x_wconf 85' lang='lat' dir='ltr'><strong>ampliﬁcat,</strong></span> <span class='ocrx_word' id='word_1_298' title='bbox 1256 3619 1336 3682; x_wconf 82' lang='lat' dir='ltr'><strong>ita</strong></span> <span class='ocrx_word' id='word_1_299' title='bbox 1365 3630 1607 3684; x_wconf 85' lang='lat' dir='ltr'><strong>seribens</strong></span> <span class='ocrx_word' id='word_1_300' title='bbox 1634 3645 1647 3680; x_wconf 92' lang='lat'><strong>:</strong></span> <span class='ocrx_word' id='word_1_301' title='bbox 1675 3628 1734 3683; x_wconf 88' lang='lat' dir='ltr'><strong>Si</strong></span> <span class='ocrx_word' id='word_1_302' title='bbox 1763 3631 1876 3698; x_wconf 84' lang='lat' dir='ltr'><strong>quis</strong></span> 
     </span>
    </p>
   </div>
   <div class='ocr_carea' id='block_1_37' title="bbox 282 3723 1872 3791">
    <p class='ocr_par' dir='ltr' id='par_1_37' title="bbox 282 3723 1872 3791">
     <span class='ocr_line' id='line_1_37' title="bbox 282 3723 1872 3791; baseline -0.004 -12"><span class='ocrx_word' id='word_1_303' title='bbox 282 3727 337 3779; x_wconf 81' lang='lat' dir='ltr'><strong>in</strong></span> <span class='ocrx_word' id='word_1_304' title='bbox 365 3725 498 3778; x_wconf 78' lang='lat' dir='ltr'><strong>vobis</strong></span> <span class='ocrx_word' id='word_1_305' title='bbox 525 3725 717 3778; x_wconf 79' lang='lat' dir='ltr'><strong>videtur</strong></span> <span class='ocrx_word' id='word_1_306' title='bbox 733 3726 783 3776; x_wconf 88' lang='lat' dir='ltr'><strong>in</strong></span> <span class='ocrx_word' id='word_1_307' title='bbox 800 3725 893 3776; x_wconf 81' lang='lat' dir='ltr'><strong>ltoc</strong></span> <span class='ocrx_word' id='word_1_308' title='bbox 913 3724 1098 3776; x_wconf 76' lang='lat' dir='ltr'><strong>sazculo</strong></span> <span class='ocrx_word' id='word_1_309' title='bbox 1120 3726 1320 3791; x_wconf 80' lang='lat' dir='ltr'><strong>sapiens</strong></span> <span class='ocrx_word' id='word_1_310' title='bbox 1342 3739 1466 3784; x_wconf 78' lang='lat' dir='ltr'><strong>esse,</strong></span> <span class='ocrx_word' id='word_1_311' title='bbox 1490 3723 1534 3775; x_wconf 89' lang='lat' dir='ltr'><strong>is</strong></span> <span class='ocrx_word' id='word_1_312' title='bbox 1559 3723 1650 3788; x_wconf 77' lang='lat' dir='ltr'><strong>ﬁat</strong></span> <span class='ocrx_word' id='word_1_313' title='bbox 1668 3724 1872 3783; x_wconf 83' lang='lat' dir='ltr'><strong>stultus,</strong></span> 
     </span>
    </p>
   </div>
   <div class='ocr_carea' id='block_1_38' title="bbox 284 3814 1876 3888">
    <p class='ocr_par' dir='ltr' id='par_1_38' title="bbox 284 3814 1876 3888">
     <span class='ocr_line' id='line_1_38' title="bbox 284 3814 1876 3888; baseline -0.003 -17"><span class='ocrx_word' id='word_1_314' title='bbox 284 3829 338 3872; x_wconf 82' lang='lat' dir='ltr'><strong>ut</strong></span> <span class='ocrx_word' id='word_1_315' title='bbox 381 3818 580 3884; x_wconf 82' lang='lat' dir='ltr'><strong>sapiens</strong></span> <span class='ocrx_word' id='word_1_316' title='bbox 617 3817 858 3886; x_wconf 52' lang='lat' dir='ltr'><strong>eﬁuiatur</strong></span> <span class='ocrx_word' id='word_1_317' title='bbox 891 3815 979 3888; x_wconf 77' lang='lat' dir='ltr'><strong>(l.</strong></span> <span class='ocrx_word' id='word_1_318' title='bbox 1009 3814 1126 3869; x_wconf 88' lang='lat' dir='ltr'><strong>Cor.</strong></span> <span class='ocrx_word' id='word_1_319' title='bbox 1164 3815 1216 3866; x_wconf 79' lang='grc'><strong>5.</strong></span> <span class='ocrx_word' id='word_1_320' title='bbox 1255 3815 1376 3883; x_wconf 86' lang='grc'><strong>18).</strong></span> <span class='ocrx_word' id='word_1_321' title='bbox 1419 3814 1505 3869; x_wconf 86' lang='lat' dir='ltr'><strong>Sic</strong></span> <span class='ocrx_word' id='word_1_322' title='bbox 1535 3815 1676 3869; x_wconf 92' lang='lat' dir='ltr'><strong>enim</strong></span> <span class='ocrx_word' id='word_1_323' title='bbox 1706 3815 1876 3884; x_wconf 85' lang='lat' dir='ltr'><strong>gratia</strong></span> 
     </span>
    </p>
   </div>
   <div class='ocr_carea' id='block_1_39' title="bbox 285 3904 1876 3973">
    <p class='ocr_par' dir='ltr' id='par_1_39' title="bbox 285 3904 1876 3973">
     <span class='ocr_line' id='line_1_39' title="bbox 285 3904 1876 3973; baseline -0.004 -11"><span class='ocrx_word' id='word_1_324' title='bbox 285 3909 380 3962; x_wconf 88' lang='lat' dir='ltr'><strong>Dei</strong></span> <span class='ocrx_word' id='word_1_325' title='bbox 412 3908 828 3961; x_wconf 88' lang='lat' dir='ltr'><strong>demonstratur.</strong></span> <span class='ocrx_word' id='word_1_326' title='bbox 863 3905 970 3960; x_wconf 91' lang='lat' dir='ltr'><strong>Cur</strong></span> <span class='ocrx_word' id='word_1_327' title='bbox 996 3915 1171 3958; x_wconf 91' lang='lat' dir='ltr'><strong>autem</strong></span> <span class='ocrx_word' id='word_1_328' title='bbox 1205 3905 1346 3958; x_wconf 80' lang='lat' dir='ltr'><strong>Patri</strong></span> <span class='ocrx_word' id='word_1_329' title='bbox 1377 3904 1572 3973; x_wconf 83' lang='lat' dir='ltr'><strong>gratias</strong></span> <span class='ocrx_word' id='word_1_330' title='bbox 1599 3905 1730 3973; x_wconf 85' lang='lat' dir='ltr'><strong>agit.</strong></span> <span class='ocrx_word' id='word_1_331' title='bbox 1754 3919 1876 3958; x_wconf 87' lang='lat' dir='ltr'><strong>eum</strong></span> 
     </span>
    </p>
   </div>
   <div class='ocr_carea' id='block_1_40' title="bbox 289 3995 1866 4068">
    <p class='ocr_par' dir='ltr' id='par_1_40' title="bbox 289 3995 1866 4068">
     <span class='ocr_line' id='line_1_40' title="bbox 289 3995 1866 4068; baseline -0.008 -12"><span class='ocrx_word' id='word_1_332' title='bbox 289 4000 396 4056; x_wconf 85' lang='lat' dir='ltr'><strong>huc</strong></span> <span class='ocrx_word' id='word_1_333' title='bbox 424 4000 538 4068; x_wconf 90' lang='lat' dir='ltr'><strong>ipse</strong></span> <span class='ocrx_word' id='word_1_334' title='bbox 574 3997 801 4053; x_wconf 81' lang='lat' dir='ltr'><strong>iecerit?</strong></span> <span class='ocrx_word' id='word_1_335' title='bbox 833 3997 896 4052; x_wconf 84' lang='lat' dir='ltr'><strong>Ut</strong></span> <span class='ocrx_word' id='word_1_336' title='bbox 930 3995 1095 4051; x_wconf 90' lang='lat' dir='ltr'><strong>Deum</strong></span> <span class='ocrx_word' id='word_1_337' title='bbox 1130 4005 1398 4064; x_wconf 88' lang='lat' dir='ltr'><strong>precatur,</strong></span> <span class='ocrx_word' id='word_1_338' title='bbox 1434 4009 1685 4063; x_wconf 86' lang='lat' dir='ltr'><strong>magnam</strong></span> <span class='ocrx_word' id='word_1_339' title='bbox 1711 4007 1866 4053; x_wconf 82' lang='lat' dir='ltr'><strong>suam</strong></span> 
     </span>
    </p>
   </div>
   <div class='ocr_carea' id='block_1_41' title="bbox 291 4079 1865 4162">
    <p class='ocr_par' dir='ltr' id='par_1_41' title="bbox 291 4079 1865 4162">
     <span class='ocr_line' id='line_1_41' title="bbox 291 4079 1865 4162; baseline -0.006 -14"><span class='ocrx_word' id='word_1_340' title='bbox 291 4079 426 4162; x_wconf 68' lang='lat' dir='ltr'><strong>erga</strong></span> <span class='ocrx_word' id='word_1_341' title='bbox 475 4109 571 4148; x_wconf 88' lang='lat' dir='ltr'><strong>nos</strong></span> <span class='ocrx_word' id='word_1_342' title='bbox 610 4093 888 4147; x_wconf 88' lang='lat' dir='ltr'><strong>caritatem</strong></span> <span class='ocrx_word' id='word_1_343' title='bbox 923 4092 1228 4154; x_wconf 86' lang='lat' dir='ltr'><strong>declarans,</strong></span> <span class='ocrx_word' id='word_1_344' title='bbox 1278 4091 1355 4143; x_wconf 89' lang='lat' dir='ltr'><strong>sic</strong></span> <span class='ocrx_word' id='word_1_345' title='bbox 1378 4099 1430 4143; x_wconf 87' lang='lat' dir='ltr'><strong>et</strong></span> <span class='ocrx_word' id='word_1_346' title='bbox 1469 4089 1671 4159; x_wconf 80' lang='lat' dir='ltr'><strong>gratias</strong></span> <span class='ocrx_word' id='word_1_347' title='bbox 1715 4087 1865 4157; x_wconf 85' lang='lat' dir='ltr'><strong>agit:</strong></span> 
     </span>
    </p>
   </div>
   <div class='ocr_carea' id='block_1_42' title="bbox 293 4180 1872 4252">
    <p class='ocr_par' dir='ltr' id='par_1_42' title="bbox 293 4180 1872 4252">
     <span class='ocr_line' id='line_1_42' title="bbox 293 4180 1872 4252; baseline -0.006 -12"><span class='ocrx_word' id='word_1_348' title='bbox 293 4201 420 4240; x_wconf 88' lang='lat' dir='ltr'><strong>nam</strong></span> <span class='ocrx_word' id='word_1_349' title='bbox 453 4184 586 4237; x_wconf 90' lang='lat' dir='ltr'><strong>illud</strong></span> <span class='ocrx_word' id='word_1_350' title='bbox 626 4200 833 4252; x_wconf 76' lang='lat' dir='ltr'><strong>magna:</strong></span> <span class='ocrx_word' id='word_1_351' title='bbox 865 4183 1110 4237; x_wconf 85' lang='lat' dir='ltr'><strong>caritatis</strong></span> <span class='ocrx_word' id='word_1_352' title='bbox 1139 4193 1220 4234; x_wconf 82' lang='lat' dir='ltr'><strong>est</strong></span> <span class='ocrx_word' id='word_1_353' title='bbox 1261 4180 1556 4244; x_wconf 89' lang='lat' dir='ltr'><strong>indicium;</strong></span> <span class='ocrx_word' id='word_1_354' title='bbox 1599 4189 1653 4233; x_wconf 88' lang='lat' dir='ltr'><strong>et</strong></span> <span class='ocrx_word' id='word_1_355' title='bbox 1686 4188 1872 4232; x_wconf 81' lang='lat' dir='ltr'><strong>osten-</strong></span> 
     </span>
    </p>
   </div>
   <div class='ocr_carea' id='block_1_43' title="bbox 288 4272 1873 4346">
    <p class='ocr_par' dir='ltr' id='par_1_43' title="bbox 288 4272 1873 4346">
     <span class='ocr_line' id='line_1_43' title="bbox 288 4272 1873 4346; baseline -0.004 -15"><span class='ocrx_word' id='word_1_356' title='bbox 288 4279 409 4342; x_wconf 87' lang='lat' dir='ltr'><strong>dit,</strong></span> <span class='ocrx_word' id='word_1_357' title='bbox 460 4279 578 4330; x_wconf 87' lang='lat' dir='ltr'><strong>illos</strong></span> <span class='ocrx_word' id='word_1_358' title='bbox 626 4295 732 4330; x_wconf 90' lang='lat' dir='ltr'><strong>non</strong></span> <span class='ocrx_word' id='word_1_359' title='bbox 779 4295 806 4330; x_wconf 88' lang='lat' dir='ltr'><strong>a</strong></span> <span class='ocrx_word' id='word_1_360' title='bbox 844 4279 1036 4346; x_wconf 77' lang='lat' dir='ltr'><strong>seipso&#39;</strong></span> <span class='ocrx_word' id='word_1_361' title='bbox 1064 4275 1262 4333; x_wconf 87' lang='lat' dir='ltr'><strong>solum,</strong></span> <span class='ocrx_word' id='word_1_362' title='bbox 1300 4275 1391 4327; x_wconf 82' lang='lat' dir='ltr'><strong>sed</strong></span> <span class='ocrx_word' id='word_1_363' title='bbox 1439 4274 1601 4326; x_wconf 88' lang='lat' dir='ltr'><strong>etiam</strong></span> <span class='ocrx_word' id='word_1_364' title='bbox 1634 4288 1664 4325; x_wconf 70' lang='grc' dir='ltr'><strong>ιι</strong></span> <span class='ocrx_word' id='word_1_365' title='bbox 1714 4272 1873 4325; x_wconf 83' lang='lat' dir='ltr'><strong>Patre</strong></span> 
     </span>
    </p>
   </div>
   <div class='ocr_carea' id='block_1_44' title="bbox 288 4364 1880 4437">
    <p class='ocr_par' dir='ltr' id='par_1_44' title="bbox 288 4364 1880 4437">
     <span class='ocr_line' id='line_1_44' title="bbox 288 4364 1880 4437; baseline -0.006 -14"><span class='ocrx_word' id='word_1_366' title='bbox 288 4368 572 4424; x_wconf 82' lang='lat' dir='ltr'><strong>excidisse.</strong></span> <span class='ocrx_word' id='word_1_367' title='bbox 607 4367 736 4422; x_wconf 77' lang='lat' dir='ltr'><strong>Nam</strong></span> <span class='ocrx_word' id='word_1_368' title='bbox 776 4367 916 4437; x_wconf 91' lang='lat' dir='ltr'><strong>quod</strong></span> <span class='ocrx_word' id='word_1_369' title='bbox 945 4366 1081 4422; x_wconf 77' lang='lat' dir='ltr'><strong>dixit</strong></span> <span class='ocrx_word' id='word_1_370' title='bbox 1107 4365 1380 4434; x_wconf 88' lang='lat' dir='ltr'><strong>discipulis</strong></span> <span class='ocrx_word' id='word_1_371' title='bbox 1403 4406 1419 4432; x_wconf 92' lang='lat'><strong>,</strong></span> <span class='ocrx_word' id='word_1_372' title='bbox 1450 4364 1624 4417; x_wconf 83' lang='lat' dir='ltr'><strong>Nolite</strong></span> <span class='ocrx_word' id='word_1_373' title='bbox 1648 4375 1880 4417; x_wconf 85' lang='lat' dir='ltr'><strong>sanctum</strong></span> 
     </span>
    </p>
   </div>
   <div class='ocr_carea' id='block_1_45' title="bbox 289 4453 1879 4526">
    <p class='ocr_par' dir='ltr' id='par_1_45' title="bbox 289 4453 1879 4526">
     <span class='ocr_line' id='line_1_45' title="bbox 289 4453 1879 4526; baseline -0.006 -15"><span class='ocrx_word' id='word_1_374' title='bbox 289 4461 413 4512; x_wconf 84' lang='lat' dir='ltr'><strong>dare</strong></span> <span class='ocrx_word' id='word_1_375' title='bbox 443 4458 647 4510; x_wconf 86' lang='lat' dir='ltr'><strong>canibus</strong></span> <span class='ocrx_word' id='word_1_376' title='bbox 677 4455 900 4526; x_wconf 80' lang='lat' dir='ltr'><strong>(Matth.</strong></span> <span class='ocrx_word' id='word_1_377' title='bbox 929 4458 980 4510; x_wconf 83' lang='lat'><strong>7.</strong></span> <span class='ocrx_word' id='word_1_378' title='bbox 1014 4456 1118 4525; x_wconf 85' lang='lat'><strong>6),</strong></span> <span class='ocrx_word' id='word_1_379' title='bbox 1151 4456 1200 4508; x_wconf 92' lang='lat' dir='ltr'><strong>id</strong></span> <span class='ocrx_word' id='word_1_380' title='bbox 1225 4456 1333 4523; x_wconf 91' lang='lat' dir='ltr'><strong>jam</strong></span> <span class='ocrx_word' id='word_1_381' title='bbox 1369 4456 1512 4524; x_wconf 89' lang='lat' dir='ltr'><strong>prius</strong></span> <span class='ocrx_word' id='word_1_382' title='bbox 1545 4455 1631 4506; x_wconf 88' lang='lat' dir='ltr'><strong>ille</strong></span> <span class='ocrx_word' id='word_1_383' title='bbox 1657 4453 1879 4506; x_wconf 77' lang='lat' dir='ltr'><strong>fecerat.</strong></span> 
     </span>
    </p>
   </div>
   <div class='ocr_carea' id='block_1_46' title="bbox 293 4548 1876 4620">
    <p class='ocr_par' dir='ltr' id='par_1_46' title="bbox 293 4548 1876 4620">
     <span class='ocr_line' id='line_1_46' title="bbox 293 4548 1876 4620; baseline -0.006 -12"><span class='ocrx_word' id='word_1_384' title='bbox 293 4552 495 4608; x_wconf 87' lang='lat' dir='ltr'><strong>Deinde</strong></span> <span class='ocrx_word' id='word_1_385' title='bbox 513 4568 605 4620; x_wconf 88' lang='lat' dir='ltr'><strong>per</strong></span> <span class='ocrx_word' id='word_1_386' title='bbox 622 4552 737 4605; x_wconf 70' lang='lat' dir='ltr'><strong>hare</strong></span> <span class='ocrx_word' id='word_1_387' title='bbox 756 4549 989 4606; x_wconf 85' lang='lat' dir='ltr'><strong>ostendit</strong></span> <span class='ocrx_word' id='word_1_388' title='bbox 1004 4557 1057 4604; x_wconf 91' lang='lat' dir='ltr'><strong>et</strong></span> <span class='ocrx_word' id='word_1_389' title='bbox 1079 4564 1228 4603; x_wconf 85' lang='lat' dir='ltr'><strong>suam</strong></span> <span class='ocrx_word' id='word_1_390' title='bbox 1253 4558 1304 4602; x_wconf 90' lang='lat' dir='ltr'><strong>et</strong></span> <span class='ocrx_word' id='word_1_391' title='bbox 1328 4548 1496 4601; x_wconf 81' lang='lat' dir='ltr'><strong>Patris</strong></span> <span class='ocrx_word' id='word_1_392' title='bbox 1517 4549 1840 4602; x_wconf 83' lang='lat' dir='ltr'><strong>voluntatem</strong></span> <span class='ocrx_word' id='word_1_393' title='bbox 1864 4563 1876 4598; x_wconf 92' lang='lat'>:</span> 
     </span>
    </p>
   </div>
   <div class='ocr_carea' id='block_1_47' title="bbox 289 4641 1880 4716">
    <p class='ocr_par' dir='ltr' id='par_1_47' title="bbox 289 4641 1880 4716">
     <span class='ocr_line' id='line_1_47' title="bbox 289 4641 1880 4716; baseline -0.007 -14"><span class='ocrx_word' id='word_1_394' title='bbox 289 4662 465 4711; x_wconf 78' lang='lat' dir='ltr'><strong>suam,</strong></span> <span class='ocrx_word' id='word_1_395' title='bbox 489 4645 626 4716; x_wconf 87' lang='lat' dir='ltr'><strong>quod</strong></span> <span class='ocrx_word' id='word_1_396' title='bbox 652 4646 846 4715; x_wconf 79' lang='lat' dir='ltr'><strong>gratias</strong></span> <span class='ocrx_word' id='word_1_397' title='bbox 869 4654 988 4713; x_wconf 82' lang='lat' dir='ltr'><strong>agat</strong></span> <span class='ocrx_word' id='word_1_398' title='bbox 1011 4653 1063 4696; x_wconf 90' lang='lat' dir='ltr'><strong>et</strong></span> <span class='ocrx_word' id='word_1_399' title='bbox 1087 4643 1313 4712; x_wconf 75' lang='lat' dir='ltr'><strong>gaudeat</strong></span> <span class='ocrx_word' id='word_1_400' title='bbox 1334 4642 1400 4695; x_wconf 89' lang='lat' dir='ltr'><strong>de</strong></span> <span class='ocrx_word' id='word_1_401' title='bbox 1428 4657 1482 4694; x_wconf 93' lang='lat' dir='ltr'><strong>re</strong></span> <span class='ocrx_word' id='word_1_402' title='bbox 1503 4651 1647 4710; x_wconf 84' lang='lat' dir='ltr'><strong>gesta</strong></span> <span class='ocrx_word' id='word_1_403' title='bbox 1672 4658 1684 4703; x_wconf 88' lang='lat'>;</span> <span class='ocrx_word' id='word_1_404' title='bbox 1711 4641 1880 4693; x_wconf 80' lang='lat' dir='ltr'><strong>Patris</strong></span> 
     </span>
    </p>
   </div>
   <div class='ocr_carea' id='block_1_48' title="bbox 291 4731 1878 4801">
    <p class='ocr_par' dir='ltr' id='par_1_48' title="bbox 291 4731 1878 4801">
     <span class='ocr_line' id='line_1_48' title="bbox 291 4731 1878 4801; baseline -0.004 -10"><span class='ocrx_word' id='word_1_405' title='bbox 291 4753 441 4800; x_wconf 87' lang='lat' dir='ltr'><strong>vero,</strong></span> <span class='ocrx_word' id='word_1_406' title='bbox 472 4746 527 4790; x_wconf 89' lang='lat' dir='ltr'><strong>ut</strong></span> <span class='ocrx_word' id='word_1_407' title='bbox 555 4736 819 4798; x_wconf 85' lang='lat' dir='ltr'><strong>ostendat,</strong></span> <span class='ocrx_word' id='word_1_408' title='bbox 847 4736 991 4788; x_wconf 90' lang='lat' dir='ltr'><strong>illum</strong></span> <span class='ocrx_word' id='word_1_409' title='bbox 1020 4749 1124 4788; x_wconf 91' lang='lat' dir='ltr'><strong>non</strong></span> <span class='ocrx_word' id='word_1_410' title='bbox 1156 4743 1395 4801; x_wconf 70' lang='lat' dir='ltr'><strong>rogatum</strong></span> <span class='ocrx_word' id='word_1_411' title='bbox 1425 4731 1524 4784; x_wconf 85' lang='lat' dir='ltr'><strong>hoc</strong></span> <span class='ocrx_word' id='word_1_412' title='bbox 1550 4731 1760 4791; x_wconf 74' lang='lat' dir='ltr'><strong>iecisse.</strong></span> <span class='ocrx_word' id='word_1_413' title='bbox 1787 4731 1878 4784; x_wconf 81' lang='lat' dir='ltr'><strong>sed</strong></span> 
     </span>
    </p>
   </div>
   <div class='ocr_carea' id='block_1_49' title="bbox 289 4823 1882 4899">
    <p class='ocr_par' dir='ltr' id='par_1_49' title="bbox 289 4823 1882 4899">
     <span class='ocr_line' id='line_1_49' title="bbox 289 4823 1882 4899; baseline -0.008 -13"><span class='ocrx_word' id='word_1_414' title='bbox 289 4838 481 4899; x_wconf 79' lang='lat' dir='ltr'><strong>Sponte</strong></span> <span class='ocrx_word' id='word_1_415' title='bbox 520 4842 609 4882; x_wconf 92' lang='lat' dir='ltr'><strong>sua</strong></span> <span class='ocrx_word' id='word_1_416' title='bbox 649 4843 718 4881; x_wconf 87' lang='lat' dir='ltr'><strong>eo</strong></span> <span class='ocrx_word' id='word_1_417' title='bbox 753 4827 987 4880; x_wconf 88' lang='lat' dir='ltr'><strong>animum</strong></span> <span class='ocrx_word' id='word_1_418' title='bbox 1024 4826 1332 4896; x_wconf 78' lang='lat' dir='ltr'><strong>appulisse;</strong></span> <span class='ocrx_word' id='word_1_419' title='bbox 1375 4839 1494 4876; x_wconf 85' lang='lat' dir='ltr'><strong>nam</strong></span> <span class='ocrx_word' id='word_1_420' title='bbox 1528 4824 1636 4888; x_wconf 86' lang='lat' dir='ltr'><strong>ait,</strong></span> <span class='ocrx_word' id='word_1_421' title='bbox 1672 4823 1759 4877; x_wconf 76' lang='lat' dir='ltr'><strong>Sit</strong></span> <span class='ocrx_word' id='word_1_422' title='bbox 1788 4823 1882 4890; x_wconf 79' lang='lat' dir='ltr'><strong>fuit</strong></span> 
     </span>
    </p>
   </div>
   <div class='ocr_carea' id='block_1_50' title="bbox 291 4915 1882 4990">
    <p class='ocr_par' dir='ltr' id='par_1_50' title="bbox 291 4915 1882 4990">
     <span class='ocr_line' id='line_1_50' title="bbox 291 4915 1882 4990; baseline -0.005 -16"><span class='ocrx_word' id='word_1_423' title='bbox 291 4920 534 4990; x_wconf 83' lang='lat' dir='ltr'><strong>placitum</strong></span> <span class='ocrx_word' id='word_1_424' title='bbox 554 4929 666 4971; x_wconf 89' lang='lat' dir='ltr'><strong>ante</strong></span> <span class='ocrx_word' id='word_1_425' title='bbox 690 4929 768 4981; x_wconf 87' lang='lat' dir='ltr'><strong>te;</strong></span> <span class='ocrx_word' id='word_1_426' title='bbox 796 4918 846 4971; x_wconf 93' lang='lat' dir='ltr'><strong>id</strong></span> <span class='ocrx_word' id='word_1_427' title='bbox 866 4929 966 4981; x_wconf 78' lang='lat' dir='ltr'><strong>est,</strong></span> <span class='ocrx_word' id='word_1_428' title='bbox 994 4918 1064 4970; x_wconf 82' lang='lat' dir='ltr'><strong>Ita</strong></span> <span class='ocrx_word' id='word_1_429' title='bbox 1092 4918 1182 4970; x_wconf 89' lang='lat' dir='ltr'><strong>tibi</strong></span> <span class='ocrx_word' id='word_1_430' title='bbox 1209 4915 1421 4984; x_wconf 88' lang='lat' dir='ltr'><strong>placuit.</strong></span> <span class='ocrx_word' id='word_1_431' title='bbox 1447 4915 1552 4968; x_wconf 86' lang='lat' dir='ltr'><strong>Cur</strong></span> <span class='ocrx_word' id='word_1_432' title='bbox 1575 4929 1752 4967; x_wconf 89' lang='lat' dir='ltr'><strong>autem</strong></span> <span class='ocrx_word' id='word_1_433' title='bbox 1780 4915 1882 4968; x_wconf 89' lang='lat' dir='ltr'><strong>illis</strong></span> 
     </span>
    </p>
   </div>
   <div class='ocr_carea' id='block_1_51' title="bbox 293 5007 1881 5072">
    <p class='ocr_par' dir='ltr' id='par_1_51' title="bbox 293 5007 1881 5072">
     <span class='ocr_line' id='line_1_51' title="bbox 293 5007 1881 5072; baseline -0.006 -5"><span class='ocrx_word' id='word_1_434' title='bbox 293 5011 603 5067; x_wconf 87' lang='lat' dir='ltr'><strong>abscondita</strong></span> <span class='ocrx_word' id='word_1_435' title='bbox 639 5009 851 5071; x_wconf 73' lang='lat' dir='ltr'><strong>fuerint,</strong></span> <span class='ocrx_word' id='word_1_436' title='bbox 883 5009 1004 5063; x_wconf 89' lang='lat' dir='ltr'><strong>audi</strong></span> <span class='ocrx_word' id='word_1_437' title='bbox 1038 5009 1258 5063; x_wconf 90' lang='lat' dir='ltr'><strong>Paulum</strong></span> <span class='ocrx_word' id='word_1_438' title='bbox 1286 5008 1550 5062; x_wconf 86' lang='lat' dir='ltr'><strong>dicentem</strong></span> <span class='ocrx_word' id='word_1_439' title='bbox 1584 5023 1596 5060; x_wconf 93' lang='lat'>:</span> <span class='ocrx_word' id='word_1_440' title='bbox 1629 5007 1881 5072; x_wconf 87' lang='lat' dir='ltr'><strong>Quoniam</strong></span> 
     </span>
    </p>
   </div>
   <div class='ocr_carea' id='block_1_52' title="bbox 292 5099 1884 5176">
    <p class='ocr_par' dir='ltr' id='par_1_52' title="bbox 292 5099 1884 5176">
     <span class='ocr_line' id='line_1_52' title="bbox 292 5099 1884 5176; baseline -0.004 -18"><span class='ocrx_word' id='word_1_441' title='bbox 292 5114 567 5176; x_wconf 60' lang='lat' dir='ltr'><strong>querentes</strong></span> <span class='ocrx_word' id='word_1_442' title='bbox 591 5105 846 5173; x_wconf 57' lang='lat' dir='ltr'><strong>proin-iam</strong></span> <span class='ocrx_word' id='word_1_443' title='bbox 867 5104 1120 5172; x_wconf 86' lang='lat' dir='ltr'><strong>justitiam</strong></span> <span class='ocrx_word' id='word_1_444' title='bbox 1144 5112 1376 5165; x_wconf 83' lang='lat' dir='ltr'><strong>statuere,</strong></span> <span class='ocrx_word' id='word_1_445' title='bbox 1401 5101 1618 5172; x_wconf 71' lang='lat' dir='ltr'><strong>justitia:</strong></span> <span class='ocrx_word' id='word_1_446' title='bbox 1648 5099 1740 5152; x_wconf 85' lang='lat' dir='ltr'><strong>Dei</strong></span> <span class='ocrx_word' id='word_1_447' title='bbox 1764 5099 1884 5152; x_wconf 82' lang='lat' dir='ltr'><strong>sub-</strong></span> 
     </span>
    </p>
   </div>
   <div class='ocr_carea' id='block_1_53' title="bbox 295 5190 1886 5265">
    <p class='ocr_par' dir='ltr' id='par_1_53' title="bbox 295 5190 1886 5265">
     <span class='ocr_line' id='line_1_53' title="bbox 295 5190 1886 5265; baseline -0.004 -16"><span class='ocrx_word' id='word_1_448' title='bbox 295 5197 412 5258; x_wconf 83' lang='lat' dir='ltr'><strong>iecti</strong></span> <span class='ocrx_word' id='word_1_449' title='bbox 453 5213 551 5248; x_wconf 89' lang='lat' dir='ltr'><strong>non</strong></span> <span class='ocrx_word' id='word_1_450' title='bbox 593 5198 793 5265; x_wconf 79' lang='lat' dir='ltr'><strong>[uerunt</strong></span> <span class='ocrx_word' id='word_1_451' title='bbox 823 5192 1008 5262; x_wconf 84' lang='lat' dir='ltr'><strong>(Rom.</strong></span> <span class='ocrx_word' id='word_1_452' title='bbox 1047 5193 1130 5247; x_wconf 77' lang='grc'><strong>10.</strong></span> <span class='ocrx_word' id='word_1_453' title='bbox 1163 5195 1196 5246; x_wconf 77' lang='grc'><strong>5</strong></span> <span class='ocrx_word' id='word_1_454' title='bbox 1218 5195 1255 5262; x_wconf 90' lang='grc'><strong>).</strong></span> <span class='ocrx_word' id='word_1_455' title='bbox 1294 5190 1568 5260; x_wconf 88' lang='lat' dir='ltr'><strong>Perpende</strong></span> <span class='ocrx_word' id='word_1_456' title='bbox 1599 5191 1756 5260; x_wconf 89' lang='lat' dir='ltr'><strong>igitur</strong></span> <span class='ocrx_word' id='word_1_457' title='bbox 1781 5205 1886 5259; x_wconf 94' lang='lat' dir='ltr'><strong>quo</strong></span> 
     </span>
    </p>
   </div>
   <div class='ocr_carea' id='block_1_54' title="bbox 295 5281 1885 5350">
    <p class='ocr_par' dir='ltr' id='par_1_54' title="bbox 295 5281 1885 5350">
     <span class='ocr_line' id='line_1_54' title="bbox 295 5281 1885 5350; baseline -0.003 -13"><span class='ocrx_word' id='word_1_458' title='bbox 295 5285 682 5339; x_wconf 33' lang='lat' dir='ltr'><strong>aﬁ&#39;ectuvfuisse</strong></span> <span class='ocrx_word' id='word_1_459' title='bbox 723 5283 1010 5350; x_wconf 78' lang='lat' dir='ltr'><strong>discipulos</strong></span> <span class='ocrx_word' id='word_1_460' title='bbox 1050 5284 1335 5337; x_wconf 87' lang='lat' dir='ltr'><strong>verisimile</strong></span> <span class='ocrx_word' id='word_1_461' title='bbox 1367 5291 1487 5347; x_wconf 88' lang='lat' dir='ltr'><strong>est,</strong></span> <span class='ocrx_word' id='word_1_462' title='bbox 1524 5281 1638 5334; x_wconf 71' lang='lat' dir='ltr'><strong>hcce</strong></span> <span class='ocrx_word' id='word_1_463' title='bbox 1665 5282 1885 5334; x_wconf 84' lang='lat' dir='ltr'><strong>audien-</strong></span> 
     </span>
    </p>
   </div>
   <div class='ocr_carea' id='block_1_55' title="bbox 301 5373 1882 5444">
    <p class='ocr_par' dir='ltr' id='par_1_55' title="bbox 301 5373 1882 5444">
     <span class='ocr_line' id='line_1_55' title="bbox 301 5373 1882 5444; baseline -0.004 -15"><span class='ocrx_word' id='word_1_464' title='bbox 301 5388 418 5440; x_wconf 89' lang='lat' dir='ltr'><strong>tes;</strong></span> <span class='ocrx_word' id='word_1_465' title='bbox 452 5376 592 5444; x_wconf 89' lang='lat' dir='ltr'><strong>quod</strong></span> <span class='ocrx_word' id='word_1_466' title='bbox 639 5390 829 5444; x_wconf 89' lang='lat' dir='ltr'><strong>nempe</strong></span> <span class='ocrx_word' id='word_1_467' title='bbox 867 5374 951 5426; x_wconf 85' lang='lat' dir='ltr'><strong>ilia</strong></span> <span class='ocrx_word' id='word_1_468' title='bbox 985 5390 1101 5442; x_wconf 80' lang='lat' dir='ltr'><strong>qn.e</strong></span> <span class='ocrx_word' id='word_1_469' title='bbox 1141 5373 1411 5440; x_wconf 82' lang='lat' dir='ltr'><strong>sapientes</strong></span> <span class='ocrx_word' id='word_1_470' title='bbox 1453 5388 1554 5425; x_wconf 91' lang='lat' dir='ltr'><strong>non</strong></span> <span class='ocrx_word' id='word_1_471' title='bbox 1589 5382 1882 5435; x_wconf 85' lang='lat' dir='ltr'><strong>noverant,</strong></span> 
     </span>
    </p>
   </div>
   <div class='ocr_carea' id='block_1_56' title="bbox 301 5466 1888 5539">
    <p class='ocr_par' dir='ltr' id='par_1_56' title="bbox 301 5466 1888 5539">
     <span class='ocr_line' id='line_1_56' title="bbox 301 5466 1888 5539; baseline -0.004 -17"><span class='ocrx_word' id='word_1_472' title='bbox 301 5469 398 5539; x_wconf 70' lang='lat' dir='ltr'><strong>ipsi</strong></span> <span class='ocrx_word' id='word_1_473' title='bbox 429 5468 693 5529; x_wconf 84' lang='lat' dir='ltr'><strong>noverint,</strong></span> <span class='ocrx_word' id='word_1_474' title='bbox 729 5467 1078 5534; x_wconf 84' lang='lat' dir='ltr'><strong>noverintque</strong></span> <span class='ocrx_word' id='word_1_475' title='bbox 1112 5466 1311 5534; x_wconf 87' lang='lat' dir='ltr'><strong>parvuli</strong></span> <span class='ocrx_word' id='word_1_476' title='bbox 1346 5475 1641 5528; x_wconf 83' lang='lat' dir='ltr'><strong>manentes,</strong></span> <span class='ocrx_word' id='word_1_477' title='bbox 1678 5469 1888 5532; x_wconf 65' lang='lat' dir='ltr'><strong>lieoque</strong></span> 
     </span>
    </p>
   </div>
   <div class='ocr_carea' id='block_1_57' title="bbox 301 5557 1888 5627">
    <p class='ocr_par' dir='ltr' id='par_1_57' title="bbox 301 5557 1888 5627">
     <span class='ocr_line' id='line_1_57' title="bbox 301 5557 1888 5627; baseline -0.003 -13"><span class='ocrx_word' id='word_1_478' title='bbox 301 5562 574 5614; x_wconf 81' lang='lat' dir='ltr'><strong>revelaute</strong></span> <span class='ocrx_word' id='word_1_479' title='bbox 642 5558 812 5613; x_wconf 84' lang='lat' dir='ltr'><strong>Lucas</strong></span> <span class='ocrx_word' id='word_1_480' title='bbox 867 5557 1015 5627; x_wconf 83' lang='lat' dir='ltr'><strong>(Cap.</strong></span> <span class='ocrx_word' id='word_1_481' title='bbox 1049 5559 1130 5611; x_wconf 88' lang='lat' dir='ltr'><strong>l0.</strong></span> <span class='ocrx_word' id='word_1_482' title='bbox 1164 5575 1209 5609; x_wconf 87' lang='lat' dir='ltr'><strong>v.</strong></span> <span class='ocrx_word' id='word_1_483' title='bbox 1239 5559 1319 5609; x_wconf 80' lang='grc' dir='ltr'><strong>Π.</strong></span> <span class='ocrx_word' id='word_1_484' title='bbox 1361 5557 1446 5620; x_wconf 73' lang='lat' dir='ltr'><strong>2i)</strong></span> <span class='ocrx_word' id='word_1_485' title='bbox 1476 5572 1600 5607; x_wconf 74' lang='lat' dir='ltr'><strong>vero</strong></span> <span class='ocrx_word' id='word_1_486' title='bbox 1633 5557 1789 5616; x_wconf 76' lang='lat' dir='ltr'><strong>dicit,</strong></span> <span class='ocrx_word' id='word_1_487' title='bbox 1838 5560 1888 5610; x_wconf 90' lang='lat' dir='ltr'><strong>in</strong></span> 
     </span>
    </p>
   </div>
   <div class='ocr_carea' id='block_1_58' title="bbox 305 5649 1889 5718">
    <p class='ocr_par' dir='ltr' id='par_1_58' title="bbox 305 5649 1889 5718">
     <span class='ocr_line' id='line_1_58' title="bbox 305 5649 1889 5718; baseline -0.003 -14"><span class='ocrx_word' id='word_1_488' title='bbox 305 5652 391 5704; x_wconf 72' lang='lat' dir='ltr'><strong>Eiia</strong></span> <span class='ocrx_word' id='word_1_489' title='bbox 423 5651 571 5710; x_wconf 87' lang='lat' dir='ltr'><strong>hora,</strong></span> <span class='ocrx_word' id='word_1_490' title='bbox 602 5665 702 5718; x_wconf 87' lang='lat' dir='ltr'><strong>qua</strong></span> <span class='ocrx_word' id='word_1_491' title='bbox 733 5658 994 5702; x_wconf 82' lang='lat' dir='ltr'><strong>venerunt</strong></span> <span class='ocrx_word' id='word_1_492' title='bbox 1023 5649 1349 5715; x_wconf 73' lang='lat' dir='ltr'><strong>septuaginta</strong></span> <span class='ocrx_word' id='word_1_493' title='bbox 1384 5666 1391 5698; x_wconf 92' lang='lat' dir='ltr'><strong>i</strong></span> <span class='ocrx_word' id='word_1_494' title='bbox 1423 5649 1684 5699; x_wconf 81' lang='lat' dir='ltr'><strong>untiantes</strong></span> <span class='ocrx_word' id='word_1_495' title='bbox 1711 5650 1794 5703; x_wconf 86' lang='lat' dir='ltr'><strong>illa</strong></span> <span class='ocrx_word' id='word_1_496' title='bbox 1825 5651 1889 5701; x_wconf 86' lang='lat' dir='ltr'><strong>de.</strong></span> 
     </span>
    </p>
   </div>
   <div class='ocr_carea' id='block_1_59' title="bbox 302 5738 1893 5804">
    <p class='ocr_par' dir='ltr' id='par_1_59' title="bbox 302 5738 1893 5804">
     <span class='ocr_line' id='line_1_59' title="bbox 302 5738 1893 5804; baseline -0.003 -8"><span class='ocrx_word' id='word_1_497' title='bbox 302 5742 669 5800; x_wconf 82' lang='lat' dir='ltr'><strong>daemonibus.</strong></span> <span class='ocrx_word' id='word_1_498' title='bbox 703 5751 827 5792; x_wconf 86' lang='lat' dir='ltr'><strong>tunc</strong></span> <span class='ocrx_word' id='word_1_499' title='bbox 855 5740 1204 5792; x_wconf 61' lang='lat' dir='ltr'><strong>CSStll‘mESSC</strong></span> <span class='ocrx_word' id='word_1_500' title='bbox 1232 5748 1283 5790; x_wconf 89' lang='lat' dir='ltr'><strong>et</strong></span> <span class='ocrx_word' id='word_1_501' title='bbox 1313 5738 1398 5789; x_wconf 83' lang='lat' dir='ltr'><strong>illa</strong></span> <span class='ocrx_word' id='word_1_502' title='bbox 1428 5738 1624 5789; x_wconf 79' lang='lat' dir='ltr'><strong>dixisse</strong></span> <span class='ocrx_word' id='word_1_503' title='bbox 1649 5777 1661 5798; x_wconf 95' lang='lat'><strong>,</strong></span> <span class='ocrx_word' id='word_1_504' title='bbox 1697 5754 1811 5804; x_wconf 63' lang='lat' dir='ltr'><strong>quas</strong></span> <span class='ocrx_word' id='word_1_505' title='bbox 1841 5751 1893 5792; x_wconf 72' lang='lat' dir='ltr'><strong>ili.</strong></span> 
     </span>
    </p>
   </div>
   <div class='ocr_carea' id='block_1_60' title="bbox 305 5826 1889 5892">
    <p class='ocr_par' dir='ltr' id='par_1_60' title="bbox 305 5826 1889 5892">
     <span class='ocr_line' id='line_1_60' title="bbox 305 5826 1889 5892; baseline -0.003 -5"><span class='ocrx_word' id='word_1_506' title='bbox 305 5831 654 5888; x_wconf 72' lang='lat' dir='ltr'><strong>studiosiores</strong></span> <span class='ocrx_word' id='word_1_507' title='bbox 704 5830 823 5883; x_wconf 89' lang='lat' dir='ltr'><strong>illos</strong></span> <span class='ocrx_word' id='word_1_508' title='bbox 874 5829 1206 5892; x_wconf 83' lang='lat' dir='ltr'><strong>reddebant,</strong></span> <span class='ocrx_word' id='word_1_509' title='bbox 1249 5829 1314 5881; x_wconf 90' lang='lat' dir='ltr'><strong>ita</strong></span> <span class='ocrx_word' id='word_1_510' title='bbox 1362 5831 1424 5880; x_wconf 83' lang='lat' dir='ltr'><strong>ad</strong></span> <span class='ocrx_word' id='word_1_511' title='bbox 1471 5826 1889 5882; x_wconf 82' lang='lat' dir='ltr'><strong>moderationem</strong></span> 
     </span>
    </p>
   </div>
   <div class='ocr_carea' id='block_1_61' title="bbox 1209 413 2718 481">
    <p class='ocr_par' dir='ltr' id='par_1_61' title="bbox 1209 413 2718 481">
     <span class='ocr_line' id='line_1_61' title="bbox 1209 413 2718 481; baseline -0.005 -1"><span class='ocrx_word' id='word_1_512' title='bbox 1209 424 1272 481; x_wconf 75' lang='grc' dir='ltr'><strong>ΙΝ</strong></span> <span class='ocrx_word' id='word_1_513' title='bbox 1311 417 1720 478; x_wconf 71' lang='grc' dir='ltr'><strong>ΜᾹΤΤΙΙᾹΞΠΜ</strong></span> <span class='ocrx_word' id='word_1_514' title='bbox 1762 413 1989 471; x_wconf 73' lang='lat' dir='ltr'><strong>HOMIL.</strong></span> <span class='ocrx_word' id='word_1_515' title='bbox 2033 415 2321 473; x_wconf 71' lang='lat' dir='ltr'><strong>XXXVIII.</strong></span> <span class='ocrx_word' id='word_1_516' title='bbox 2365 418 2432 473; x_wconf 91' lang='lat' dir='ltr'><strong>al.</strong></span> <span class='ocrx_word' id='word_1_517' title='bbox 2480 418 2718 474; x_wconf 69' lang='lat' dir='ltr'><strong>XXXIX.</strong></span> 
     </span>
    </p>
   </div>
   <div class='ocr_carea' id='block_1_62' title="bbox 3483 419 3591 475">
    <p class='ocr_par' dir='ltr' id='par_1_62' title="bbox 3483 419 3591 475">
     <span class='ocr_line' id='line_1_62' title="bbox 3483 419 3591 475; baseline 0.009 -1"><span class='ocrx_word' id='word_1_518' title='bbox 3483 419 3591 475; x_wconf 60' lang='lat'><strong>‘30</strong></span> 
     </span>
    </p>
   </div>
   <div class='ocr_carea' id='block_1_63' title="bbox 1995 526 3583 600">
    <p class='ocr_par' dir='ltr' id='par_1_63' title="bbox 1995 526 3583 600">
     <span class='ocr_line' id='line_1_63' title="bbox 1995 526 3583 600; baseline 0.004 -20"><span class='ocrx_word' id='word_1_519' title='bbox 1995 526 2368 600; x_wconf 80' lang='lat' dir='ltr'><strong>disponebant.</strong></span> <span class='ocrx_word' id='word_1_520' title='bbox 2395 534 2526 599; x_wconf 80' lang='lat' dir='ltr'><strong>Quia</strong></span> <span class='ocrx_word' id='word_1_521' title='bbox 2553 533 2696 586; x_wconf 88' lang='lat' dir='ltr'><strong>enim</strong></span> <span class='ocrx_word' id='word_1_522' title='bbox 2715 531 2998 587; x_wconf 83' lang='lat' dir='ltr'><strong>verisimile</strong></span> <span class='ocrx_word' id='word_1_523' title='bbox 3020 541 3134 587; x_wconf 88' lang='lat' dir='ltr'><strong>erat</strong></span> <span class='ocrx_word' id='word_1_524' title='bbox 3157 532 3280 588; x_wconf 84' lang='lat' dir='ltr'><strong>illos</strong></span> <span class='ocrx_word' id='word_1_525' title='bbox 3305 531 3468 587; x_wconf 88' lang='lat' dir='ltr'><strong>altum</strong></span> <span class='ocrx_word' id='word_1_526' title='bbox 3494 545 3583 586; x_wconf 85' lang='lat' dir='ltr'><strong>sa-</strong></span> 
     </span>
    </p>
   </div>
   <div class='ocr_carea' id='block_1_64' title="bbox 1994 623 3580 693">
    <p class='ocr_par' dir='ltr' id='par_1_64' title="bbox 1994 623 3580 693">
     <span class='ocr_line' id='line_1_64' title="bbox 1994 623 3580 693; baseline 0.002 -18"><span class='ocrx_word' id='word_1_527' title='bbox 1994 635 2121 690; x_wconf 88' lang='lat' dir='ltr'><strong>pere</strong></span> <span class='ocrx_word' id='word_1_528' title='bbox 2145 664 2158 684; x_wconf 93' lang='lat'><strong>,</strong></span> <span class='ocrx_word' id='word_1_529' title='bbox 2192 623 2330 691; x_wconf 92' lang='lat' dir='ltr'><strong>quod</strong></span> <span class='ocrx_word' id='word_1_530' title='bbox 2358 624 2632 678; x_wconf 69' lang='lat' dir='ltr'><strong>dmmonas</strong></span> <span class='ocrx_word' id='word_1_531' title='bbox 2673 624 2969 692; x_wconf 88' lang='lat' dir='ltr'><strong>pellerent,</strong></span> <span class='ocrx_word' id='word_1_532' title='bbox 3014 623 3138 679; x_wconf 91' lang='lat' dir='ltr'><strong>hinc</strong></span> <span class='ocrx_word' id='word_1_533' title='bbox 3168 624 3290 678; x_wconf 89' lang='lat' dir='ltr'><strong>illos</strong></span> <span class='ocrx_word' id='word_1_534' title='bbox 3320 624 3580 693; x_wconf 84' lang='lat' dir='ltr'><strong>reprimit.</strong></span> 
     </span>
    </p>
   </div>
   <div class='ocr_carea' id='block_1_65' title="bbox 1994 712 3582 786">
    <p class='ocr_par' dir='ltr' id='par_1_65' title="bbox 1994 712 3582 786">
     <span class='ocr_line' id='line_1_65' title="bbox 1994 712 3582 786; baseline 0.002 -21"><span class='ocrx_word' id='word_1_535' title='bbox 1994 712 2266 767; x_wconf 72' lang='lat' dir='ltr'><strong>lievelatio</strong></span> <span class='ocrx_word' id='word_1_536' title='bbox 2288 715 2430 769; x_wconf 77' lang='lat' dir='ltr'><strong>enim</strong></span> <span class='ocrx_word' id='word_1_537' title='bbox 2449 723 2566 770; x_wconf 86' lang='lat' dir='ltr'><strong>crat</strong></span> <span class='ocrx_word' id='word_1_538' title='bbox 2591 714 2717 769; x_wconf 89' lang='lat' dir='ltr'><strong>illud</strong></span> <span class='ocrx_word' id='word_1_539' title='bbox 2736 716 2876 786; x_wconf 88' lang='lat' dir='ltr'><strong>quod</strong></span> <span class='ocrx_word' id='word_1_540' title='bbox 2904 713 3100 769; x_wconf 80' lang='lat' dir='ltr'><strong>factum</strong></span> <span class='ocrx_word' id='word_1_541' title='bbox 3125 715 3317 782; x_wconf 83' lang='lat' dir='ltr'><strong>fuerat,</strong></span> <span class='ocrx_word' id='word_1_542' title='bbox 3338 729 3443 769; x_wconf 92' lang='lat' dir='ltr'><strong>non</strong></span> <span class='ocrx_word' id='word_1_543' title='bbox 3472 722 3582 769; x_wconf 74' lang='lat' dir='ltr'><strong>stu-</strong></span> 
     </span>
    </p>
   </div>
   <div class='ocr_carea' id='block_1_66' title="bbox 1991 804 2310 863">
    <p class='ocr_par' dir='ltr' id='par_1_66' title="bbox 1991 804 2310 863">
     <span class='ocr_line' id='line_1_66' title="bbox 1991 804 2310 863; baseline 0.013 -4"><span class='ocrx_word' id='word_1_544' title='bbox 1991 804 2064 860; x_wconf 90' lang='lat' dir='ltr'><strong>dii</strong></span> <span class='ocrx_word' id='word_1_545' title='bbox 2091 805 2310 863; x_wconf 76' lang='lat' dir='ltr'><strong>fructus.</strong></span> 
     </span>
    </p>
   </div>
   <div class='ocr_carea' id='block_1_67' title="bbox 2058 895 3581 971">
    <p class='ocr_par' dir='ltr' id='par_1_67' title="bbox 2058 895 3581 971">
     <span class='ocr_line' id='line_1_67' title="bbox 2058 895 3581 971; baseline 0.003 -23"><span class='ocrx_word' id='word_1_546' title='bbox 2058 895 2113 948; x_wconf 76' lang='grc'><strong>2.</strong></span> <span class='ocrx_word' id='word_1_547' title='bbox 2146 895 2375 967; x_wconf 81' lang='lat' dir='ltr'><strong>Ideoque</strong></span> <span class='ocrx_word' id='word_1_548' title='bbox 2401 899 2590 954; x_wconf 67' lang='lat' dir='ltr'><strong>scribae</strong></span> <span class='ocrx_word' id='word_1_549' title='bbox 2621 908 2674 953; x_wconf 91' lang='lat' dir='ltr'><strong>et</strong></span> <span class='ocrx_word' id='word_1_550' title='bbox 2701 899 2999 968; x_wconf 85' lang='lat' dir='ltr'><strong>sapientes,</strong></span> <span class='ocrx_word' id='word_1_551' title='bbox 3029 901 3120 971; x_wconf 89' lang='lat' dir='ltr'><strong>qui</strong></span> <span class='ocrx_word' id='word_1_552' title='bbox 3149 915 3208 956; x_wconf 88' lang='lat' dir='ltr'><strong>se</strong></span> <span class='ocrx_word' id='word_1_553' title='bbox 3238 898 3493 970; x_wconf 86' lang='lat' dir='ltr'><strong>putabant</strong></span> <span class='ocrx_word' id='word_1_554' title='bbox 3516 913 3581 952; x_wconf 71' lang='lat' dir='ltr'><strong>ex</strong></span> 
     </span>
    </p>
   </div>
   <div class='ocr_carea' id='block_1_68' title="bbox 1989 987 3579 1064">
    <p class='ocr_par' dir='ltr' id='par_1_68' title="bbox 1989 987 3579 1064">
     <span class='ocr_line' id='line_1_68' title="bbox 1989 987 3579 1064; baseline 0.002 -22"><span class='ocrx_word' id='word_1_555' title='bbox 1989 987 2180 1056; x_wconf 87' lang='lat' dir='ltr'><strong>seipsis</strong></span> <span class='ocrx_word' id='word_1_556' title='bbox 2207 990 2494 1058; x_wconf 86' lang='lat' dir='ltr'><strong>prudentes</strong></span> <span class='ocrx_word' id='word_1_557' title='bbox 2514 1007 2653 1056; x_wconf 85' lang='lat' dir='ltr'><strong>esse,</strong></span> <span class='ocrx_word' id='word_1_558' title='bbox 2682 991 2752 1046; x_wconf 92' lang='lat' dir='ltr'><strong>ob</strong></span> <span class='ocrx_word' id='word_1_559' title='bbox 2778 1002 3039 1048; x_wconf 88' lang='lat' dir='ltr'><strong>tumorem</strong></span> <span class='ocrx_word' id='word_1_560' title='bbox 3065 993 3338 1064; x_wconf 87' lang='lat' dir='ltr'><strong>proprium</strong></span> <span class='ocrx_word' id='word_1_561' title='bbox 3366 991 3579 1046; x_wconf 78' lang='lat' dir='ltr'><strong>excide-</strong></span> 
     </span>
    </p>
   </div>
   <div class='ocr_carea' id='block_1_69' title="bbox 1990 1079 3579 1149">
    <p class='ocr_par' dir='ltr' id='par_1_69' title="bbox 1990 1079 3579 1149">
     <span class='ocr_line' id='line_1_69' title="bbox 1990 1079 3579 1149; baseline 0.003 -16"><span class='ocrx_word' id='word_1_562' title='bbox 1990 1088 2131 1134; x_wconf 88' lang='lat' dir='ltr'><strong>runt.</strong></span> <span class='ocrx_word' id='word_1_563' title='bbox 2161 1079 2214 1135; x_wconf 90' lang='lat' dir='ltr'><strong>Si</strong></span> <span class='ocrx_word' id='word_1_564' title='bbox 2247 1081 2422 1149; x_wconf 87' lang='lat' dir='ltr'><strong>itaque</strong></span> <span class='ocrx_word' id='word_1_565' title='bbox 2451 1083 2499 1136; x_wconf 91' lang='lat' dir='ltr'><strong>id</strong></span> <span class='ocrx_word' id='word_1_566' title='bbox 2533 1083 2637 1138; x_wconf 90' lang='lat' dir='ltr'><strong>illis</strong></span> <span class='ocrx_word' id='word_1_567' title='bbox 2664 1084 2784 1138; x_wconf 85' lang='lat' dir='ltr'><strong>ideo</strong></span> <span class='ocrx_word' id='word_1_568' title='bbox 2814 1083 3184 1138; x_wconf 89' lang='lat' dir='ltr'><strong>absconditum</strong></span> <span class='ocrx_word' id='word_1_569' title='bbox 3214 1090 3330 1148; x_wconf 70' lang='lat' dir='ltr'><strong>est,</strong></span> <span class='ocrx_word' id='word_1_570' title='bbox 3364 1083 3579 1144; x_wconf 73' lang='lat' dir='ltr'><strong>timete.</strong></span> 
     </span>
    </p>
   </div>
   <div class='ocr_carea' id='block_1_70' title="bbox 1989 1169 3580 1242">
    <p class='ocr_par' dir='ltr' id='par_1_70' title="bbox 1989 1169 3580 1242">
     <span class='ocr_line' id='line_1_70' title="bbox 1989 1169 3580 1242; baseline 0.001 -20"><span class='ocrx_word' id='word_1_571' title='bbox 1989 1169 2191 1239; x_wconf 88' lang='lat' dir='ltr'><strong>inquit,</strong></span> <span class='ocrx_word' id='word_1_572' title='bbox 2225 1181 2274 1224; x_wconf 90' lang='lat' dir='ltr'><strong>et</strong></span> <span class='ocrx_word' id='word_1_573' title='bbox 2319 1172 2521 1242; x_wconf 88' lang='lat' dir='ltr'><strong>parvuli</strong></span> <span class='ocrx_word' id='word_1_574' title='bbox 2557 1183 2786 1228; x_wconf 86' lang='lat' dir='ltr'><strong>manete.</strong></span> <span class='ocrx_word' id='word_1_575' title='bbox 2819 1173 2871 1228; x_wconf 91' lang='lat' dir='ltr'><strong>ld</strong></span> <span class='ocrx_word' id='word_1_576' title='bbox 2901 1174 3043 1228; x_wconf 89' lang='lat' dir='ltr'><strong>enim</strong></span> <span class='ocrx_word' id='word_1_577' title='bbox 3075 1173 3251 1229; x_wconf 76' lang='lat' dir='ltr'><strong>eﬁ&#39;ecit</strong></span> <span class='ocrx_word' id='word_1_578' title='bbox 3282 1181 3331 1226; x_wconf 90' lang='lat' dir='ltr'><strong>ut</strong></span> <span class='ocrx_word' id='word_1_579' title='bbox 3371 1172 3580 1227; x_wconf 86' lang='lat' dir='ltr'><strong>revela-</strong></span> 
     </span>
    </p>
   </div>
   <div class='ocr_carea' id='block_1_71' title="bbox 1989 1260 3581 1332">
    <p class='ocr_par' dir='ltr' id='par_1_71' title="bbox 1989 1260 3581 1332">
     <span class='ocr_line' id='line_1_71' title="bbox 1989 1260 3581 1332; baseline 0.001 -18"><span class='ocrx_word' id='word_1_580' title='bbox 1989 1261 2133 1314; x_wconf 89' lang='lat' dir='ltr'><strong>tione</strong></span> <span class='ocrx_word' id='word_1_581' title='bbox 2161 1260 2466 1316; x_wconf 79' lang='lat' dir='ltr'><strong>lrueremini</strong></span> <span class='ocrx_word' id='word_1_582' title='bbox 2489 1305 2501 1326; x_wconf 88' lang='lat'><strong>,</strong></span> <span class='ocrx_word' id='word_1_583' title='bbox 2533 1275 2589 1318; x_wconf 90' lang='lat' dir='ltr'><strong>ut</strong></span> <span class='ocrx_word' id='word_1_584' title='bbox 2617 1281 2679 1320; x_wconf 77' lang='lat' dir='ltr'><strong>ex</strong></span> <span class='ocrx_word' id='word_1_585' title='bbox 2703 1265 2977 1320; x_wconf 90' lang='lat' dir='ltr'><strong>contrario</strong></span> <span class='ocrx_word' id='word_1_586' title='bbox 3001 1265 3130 1318; x_wconf 86' lang='lat' dir='ltr'><strong>vitio</strong></span> <span class='ocrx_word' id='word_1_587' title='bbox 3156 1264 3256 1318; x_wconf 88' lang='lat' dir='ltr'><strong>hac</strong></span> <span class='ocrx_word' id='word_1_588' title='bbox 3287 1263 3359 1317; x_wconf 92' lang='lat' dir='ltr'><strong>illi</strong></span> <span class='ocrx_word' id='word_1_589' title='bbox 3394 1263 3581 1332; x_wconf 81' lang='lat' dir='ltr'><strong>privati</strong></span> 
     </span>
    </p>
   </div>
   <div class='ocr_carea' id='block_1_72' title="bbox 1986 1337 3586 1420">
    <p class='ocr_par' dir='ltr' id='par_1_72' title="bbox 1986 1337 3586 1420">
     <span class='ocr_line' id='line_1_72' title="bbox 1986 1337 3586 1420; baseline 0.004 -19"><span class='ocrx_word' id='word_1_590' title='bbox 1986 1359 2129 1402; x_wconf 89' lang='lat' dir='ltr'><strong>sunt.</strong></span> <span class='ocrx_word' id='word_1_591' title='bbox 2152 1350 2285 1406; x_wconf 80' lang='lat' dir='ltr'><strong>Nam</strong></span> <span class='ocrx_word' id='word_1_592' title='bbox 2313 1368 2432 1408; x_wconf 88' lang='lat' dir='ltr'><strong>cum</strong></span> <span class='ocrx_word' id='word_1_593' title='bbox 2460 1353 2606 1420; x_wconf 91' lang='lat' dir='ltr'><strong>dicit,</strong></span> <span class='ocrx_word' id='word_1_594' title='bbox 2635 1355 2904 1418; x_wconf 85' lang='lat' dir='ltr'><strong>Revelasti,</strong></span> <span class='ocrx_word' id='word_1_595' title='bbox 2925 1371 3029 1407; x_wconf 90' lang='lat' dir='ltr'><strong>non</strong></span> <span class='ocrx_word' id='word_1_596' title='bbox 3053 1363 3219 1408; x_wconf 86' lang='lat' dir='ltr'><strong>totum</strong></span> <span class='ocrx_word' id='word_1_597' title='bbox 3243 1369 3305 1408; x_wconf 76' lang='lat' dir='ltr'><strong>ex</strong></span> <span class='ocrx_word' id='word_1_598' title='bbox 3329 1354 3436 1408; x_wconf 84' lang='lat' dir='ltr'><strong>Deo</strong></span> <span class='ocrx_word' id='word_1_599' title='bbox 3454 1337 3586 1408; x_wconf 63' lang='lat' dir='ltr'><strong>esse</strong></span> 
     </span>
    </p>
   </div>
   <div class='ocr_carea' id='block_1_73' title="bbox 1986 1443 3586 1509">
    <p class='ocr_par' dir='ltr' id='par_1_73' title="bbox 1986 1443 3586 1509">
     <span class='ocr_line' id='line_1_73' title="bbox 1986 1443 3586 1509; baseline 0.002 -15"><span class='ocrx_word' id='word_1_600' title='bbox 1986 1444 2197 1503; x_wconf 82' lang='lat' dir='ltr'><strong>asserit,</strong></span> <span class='ocrx_word' id='word_1_601' title='bbox 2232 1443 2324 1498; x_wconf 88' lang='lat' dir='ltr'><strong>sed</strong></span> <span class='ocrx_word' id='word_1_602' title='bbox 2357 1445 2494 1498; x_wconf 90' lang='lat' dir='ltr'><strong>sicut</strong></span> <span class='ocrx_word' id='word_1_603' title='bbox 2520 1461 2639 1498; x_wconf 90' lang='lat' dir='ltr'><strong>eum</strong></span> <span class='ocrx_word' id='word_1_604' title='bbox 2670 1445 2862 1499; x_wconf 86' lang='lat' dir='ltr'><strong>Paulus</strong></span> <span class='ocrx_word' id='word_1_605' title='bbox 2889 1444 3035 1509; x_wconf 88' lang='lat' dir='ltr'><strong>dicit,</strong></span> <span class='ocrx_word' id='word_1_606' title='bbox 3059 1443 3293 1497; x_wconf 81' lang='lat' dir='ltr'><strong>Tradidit</strong></span> <span class='ocrx_word' id='word_1_607' title='bbox 3316 1457 3401 1498; x_wconf 84' lang='lat' dir='ltr'><strong>eos</strong></span> <span class='ocrx_word' id='word_1_608' title='bbox 3426 1444 3477 1496; x_wconf 86' lang='lat' dir='ltr'><strong>in</strong></span> <span class='ocrx_word' id='word_1_609' title='bbox 3505 1459 3586 1497; x_wconf 85' lang='lat' dir='ltr'><strong>re-</strong></span> 
     </span>
    </p>
   </div>
   <div class='ocr_carea' id='block_1_74' title="bbox 1987 1532 3579 1606">
    <p class='ocr_par' dir='ltr' id='par_1_74' title="bbox 1987 1532 3579 1606">
     <span class='ocr_line' id='line_1_74' title="bbox 1987 1532 3579 1606; baseline 0.003 -22"><span class='ocrx_word' id='word_1_610' title='bbox 1987 1533 2198 1601; x_wconf 81' lang='lat' dir='ltr'><strong>prebunt</strong></span> <span class='ocrx_word' id='word_1_611' title='bbox 2215 1553 2437 1600; x_wconf 86' lang='lat' dir='ltr'><strong>sensum,</strong></span> <span class='ocrx_word' id='word_1_612' title='bbox 2459 1546 2504 1589; x_wconf 86' lang='lat' dir='ltr'><strong>et</strong></span> <span class='ocrx_word' id='word_1_613' title='bbox 2521 1538 2784 1590; x_wconf 75' lang='lat' dir='ltr'><strong>excrecavit</strong></span> <span class='ocrx_word' id='word_1_614' title='bbox 2803 1535 3188 1606; x_wconf 79' lang='lat' dir='ltr'><strong>intelligentiam</strong></span> <span class='ocrx_word' id='word_1_615' title='bbox 3205 1550 3378 1587; x_wconf 86' lang='lat' dir='ltr'><strong>eorum</strong></span> <span class='ocrx_word' id='word_1_616' title='bbox 3400 1532 3579 1602; x_wconf 81' lang='lat' dir='ltr'><strong>(Rom.</strong></span> 
     </span>
    </p>
   </div>
   <div class='ocr_carea' id='block_1_75' title="bbox 1990 1623 3582 1695">
    <p class='ocr_par' dir='ltr' id='par_1_75' title="bbox 1990 1623 3582 1695">
     <span class='ocr_line' id='line_1_75' title="bbox 1990 1623 3582 1695; baseline -0.003 -15"><span class='ocrx_word' id='word_1_617' title='bbox 1990 1628 2039 1680; x_wconf 86' lang='lat' dir='ltr'><strong>l.</strong></span> <span class='ocrx_word' id='word_1_618' title='bbox 2071 1625 2175 1695; x_wconf 72' lang='lat'><strong>‘28)</strong></span> <span class='ocrx_word' id='word_1_619' title='bbox 2201 1666 2213 1688; x_wconf 89' lang='lat'><strong>,</strong></span> <span class='ocrx_word' id='word_1_620' title='bbox 2245 1641 2354 1680; x_wconf 89' lang='lat' dir='ltr'><strong>non</strong></span> <span class='ocrx_word' id='word_1_621' title='bbox 2383 1627 2530 1679; x_wconf 91' lang='lat' dir='ltr'><strong>illum</strong></span> <span class='ocrx_word' id='word_1_622' title='bbox 2567 1627 2680 1679; x_wconf 72' lang='lat' dir='ltr'><strong>hac</strong></span> <span class='ocrx_word' id='word_1_623' title='bbox 2710 1627 2886 1679; x_wconf 90' lang='lat' dir='ltr'><strong>omnia</strong></span> <span class='ocrx_word' id='word_1_624' title='bbox 2931 1626 3120 1681; x_wconf 78' lang='lat' dir='ltr'><strong>iecisse</strong></span> <span class='ocrx_word' id='word_1_625' title='bbox 3155 1624 3453 1692; x_wconf 87' lang='lat' dir='ltr'><strong>signiﬁcat,</strong></span> <span class='ocrx_word' id='word_1_626' title='bbox 3488 1623 3582 1676; x_wconf 86' lang='lat' dir='ltr'><strong>sed</strong></span> 
     </span>
    </p>
   </div>
   <div class='ocr_carea' id='block_1_76' title="bbox 1987 1697 3558 1785">
    <p class='ocr_par' dir='ltr' id='par_1_76' title="bbox 1987 1697 3558 1785">
     <span class='ocr_line' id='line_1_76' title="bbox 1987 1697 3558 1785; baseline -0.006 -15"><span class='ocrx_word' id='word_1_627' title='bbox 1987 1718 2108 1770; x_wconf 90' lang='lat' dir='ltr'><strong>illos</strong></span> <span class='ocrx_word' id='word_1_628' title='bbox 2136 1717 2224 1785; x_wconf 85' lang='lat' dir='ltr'><strong>qui</strong></span> <span class='ocrx_word' id='word_1_629' title='bbox 2251 1731 2465 1771; x_wconf 82' lang='lat' dir='ltr'><strong>cauSam</strong></span> <span class='ocrx_word' id='word_1_630' title='bbox 2495 1697 2833 1784; x_wconf 52' lang='lat' dir='ltr'><strong>priebueruut</strong></span> <span class='ocrx_word' id='word_1_631' title='bbox 2861 1734 2872 1767; x_wconf 82' lang='lat'><strong>2</strong></span> <span class='ocrx_word' id='word_1_632' title='bbox 2907 1716 2974 1768; x_wconf 90' lang='lat' dir='ltr'><strong>ita</strong></span> <span class='ocrx_word' id='word_1_633' title='bbox 3003 1725 3055 1769; x_wconf 92' lang='lat' dir='ltr'><strong>et</strong></span> <span class='ocrx_word' id='word_1_634' title='bbox 3088 1709 3322 1767; x_wconf 84' lang='lat' dir='ltr'><strong>hicillud</strong></span> <span class='ocrx_word' id='word_1_635' title='bbox 3337 1708 3436 1773; x_wconf 88' lang='lat' dir='ltr'><strong>ait,</strong></span> <span class='ocrx_word' id='word_1_636' title='bbox 3455 1709 3558 1763; x_wconf 81' lang='lat' dir='ltr'><strong>Abs</strong></span> 
     </span>
    </p>
   </div>
   <div class='ocr_carea' id='block_1_77' title="bbox 1972 1803 3588 1874">
    <p class='ocr_par' dir='ltr' id='par_1_77' title="bbox 1972 1803 3588 1874">
     <span class='ocr_line' id='line_1_77' title="bbox 1972 1803 3588 1874; baseline -0.003 -15"><span class='ocrx_word' id='word_1_637' title='bbox 1972 1803 2509 1872; x_wconf 84' lang='lat' dir='ltr'><strong>condisti.Quiacnim</strong></span> <span class='ocrx_word' id='word_1_638' title='bbox 2539 1807 2690 1871; x_wconf 77' lang='lat' dir='ltr'><strong>dixit,</strong></span> <span class='ocrx_word' id='word_1_639' title='bbox 2721 1805 2977 1874; x_wconf 78' lang='lat' dir='ltr'><strong>Conﬁteor</strong></span> <span class='ocrx_word' id='word_1_640' title='bbox 2999 1805 3106 1865; x_wconf 87' lang='lat' dir='ltr'><strong>tibi,</strong></span> <span class='ocrx_word' id='word_1_641' title='bbox 3131 1805 3252 1874; x_wconf 87' lang='lat' dir='ltr'><strong>quia</strong></span> <span class='ocrx_word' id='word_1_642' title='bbox 3274 1803 3588 1856; x_wconf 79' lang='lat' dir='ltr'><strong>abscondisti</strong></span> 
     </span>
    </p>
   </div>
   <div class='ocr_carea' id='block_1_78' title="bbox 1984 1895 3585 1968">
    <p class='ocr_par' dir='ltr' id='par_1_78' title="bbox 1984 1895 3585 1968">
     <span class='ocr_line' id='line_1_78' title="bbox 1984 1895 3585 1968; baseline -0.004 -16"><span class='ocrx_word' id='word_1_643' title='bbox 1984 1900 2107 1963; x_wconf 89' lang='lat' dir='ltr'><strong>illis,</strong></span> <span class='ocrx_word' id='word_1_644' title='bbox 2132 1911 2173 1954; x_wconf 82' lang='lat' dir='ltr'><strong>et</strong></span> <span class='ocrx_word' id='word_1_645' title='bbox 2198 1899 2428 1953; x_wconf 77' lang='lat' dir='ltr'><strong>ret&#39;elasti</strong></span> <span class='ocrx_word' id='word_1_646' title='bbox 2448 1916 2506 1952; x_wconf 81' lang='lat' dir='ltr'><strong>ea</strong></span> <span class='ocrx_word' id='word_1_647' title='bbox 2528 1900 2770 1968; x_wconf 73' lang='lat' dir='ltr'><strong>parvulis,</strong></span> <span class='ocrx_word' id='word_1_648' title='bbox 2799 1913 2865 1952; x_wconf 88' lang='lat' dir='ltr'><strong>ne</strong></span> <span class='ocrx_word' id='word_1_649' title='bbox 2893 1909 3045 1968; x_wconf 85' lang='lat' dir='ltr'><strong>putes</strong></span> <span class='ocrx_word' id='word_1_650' title='bbox 3073 1897 3242 1966; x_wconf 87' lang='lat' dir='ltr'><strong>ipsum</strong></span> <span class='ocrx_word' id='word_1_651' title='bbox 3275 1895 3375 1949; x_wconf 90' lang='lat' dir='ltr'><strong>hac</strong></span> <span class='ocrx_word' id='word_1_652' title='bbox 3394 1895 3585 1947; x_wconf 84' lang='lat' dir='ltr'><strong>virtute</strong></span> 
     </span>
    </p>
   </div>
   <div class='ocr_carea' id='block_1_79' title="bbox 1987 1987 3584 2063">
    <p class='ocr_par' dir='ltr' id='par_1_79' title="bbox 1987 1987 3584 2063">
     <span class='ocr_line' id='line_1_79' title="bbox 1987 1987 3584 2063; baseline -0.008 -15"><span class='ocrx_word' id='word_1_653' title='bbox 1987 1994 2249 2063; x_wconf 88' lang='lat' dir='ltr'><strong>privatum</strong></span> <span class='ocrx_word' id='word_1_654' title='bbox 2276 2034 2291 2056; x_wconf 93' lang='lat'><strong>,</strong></span> <span class='ocrx_word' id='word_1_655' title='bbox 2325 2007 2444 2046; x_wconf 91' lang='lat' dir='ltr'><strong>cum</strong></span> <span class='ocrx_word' id='word_1_656' title='bbox 2479 1991 2606 2044; x_wconf 84' lang='lat' dir='ltr'><strong>illud</strong></span> <span class='ocrx_word' id='word_1_657' title='bbox 2637 1990 2850 2045; x_wconf 84' lang='lat' dir='ltr'><strong>efﬁcere</strong></span> <span class='ocrx_word' id='word_1_658' title='bbox 2888 2007 2994 2043; x_wconf 89' lang='lat' dir='ltr'><strong>non</strong></span> <span class='ocrx_word' id='word_1_659' title='bbox 3033 1997 3213 2058; x_wconf 78' lang='lat' dir='ltr'><strong>posset</strong></span> <span class='ocrx_word' id='word_1_660' title='bbox 3237 2028 3250 2054; x_wconf 92' lang='lat'><strong>,</strong></span> <span class='ocrx_word' id='word_1_661' title='bbox 3280 1987 3358 2039; x_wconf 89' lang='lat' dir='ltr'><strong>sic</strong></span> <span class='ocrx_word' id='word_1_662' title='bbox 3385 1987 3584 2056; x_wconf 85' lang='lat' dir='ltr'><strong>gratias</strong></span> 
     </span>
    </p>
   </div>
   <div class='ocr_carea' id='block_1_80' title="bbox 1983 2076 3581 2154">
    <p class='ocr_par' dir='ltr' id='par_1_80' title="bbox 1983 2076 3581 2154">
     <span class='ocr_line' id='line_1_80' title="bbox 1983 2076 3581 2154; baseline -0.007 -18"><span class='ocrx_word' id='word_1_663' title='bbox 1983 2098 2164 2154; x_wconf 85' lang='lat' dir='ltr'><strong>agere,</strong></span> <span class='ocrx_word' id='word_1_664' title='bbox 2189 2083 2369 2152; x_wconf 81' lang='lat' dir='ltr'><strong>adjicit</strong></span> <span class='ocrx_word' id='word_1_665' title='bbox 2391 2101 2403 2135; x_wconf 88' lang='lat'>:</span> <span class='ocrx_word' id='word_1_666' title='bbox 2426 2081 2516 2136; x_wconf 74' lang='lat'><strong>27.</strong></span> <span class='ocrx_word' id='word_1_667' title='bbox 2541 2080 2722 2134; x_wconf 86' lang='lat' dir='ltr'><strong>Omnia</strong></span> <span class='ocrx_word' id='word_1_668' title='bbox 2740 2078 2862 2132; x_wconf 81' lang='lat' dir='ltr'><strong>ini/ti</strong></span> <span class='ocrx_word' id='word_1_669' title='bbox 2882 2079 3069 2132; x_wconf 84' lang='lat' dir='ltr'><strong>tradita</strong></span> <span class='ocrx_word' id='word_1_670' title='bbox 3088 2087 3205 2132; x_wconf 90' lang='lat' dir='ltr'><strong>sunt</strong></span> <span class='ocrx_word' id='word_1_671' title='bbox 3226 2093 3255 2129; x_wconf 92' lang='lat' dir='ltr'><strong>a</strong></span> <span class='ocrx_word' id='word_1_672' title='bbox 3285 2076 3435 2128; x_wconf 81' lang='lat' dir='ltr'><strong>Patre</strong></span> <span class='ocrx_word' id='word_1_673' title='bbox 3453 2090 3581 2127; x_wconf 86' lang='lat' dir='ltr'><strong>meo.</strong></span> 
     </span>
    </p>
   </div>
   <div class='ocr_carea' id='block_1_81' title="bbox 1984 2167 3585 2244">
    <p class='ocr_par' dir='ltr' id='par_1_81' title="bbox 1984 2167 3585 2244">
     <span class='ocr_line' id='line_1_81' title="bbox 1984 2167 3585 2244; baseline -0.008 -15"><span class='ocrx_word' id='word_1_674' title='bbox 1984 2175 2065 2229; x_wconf 80' lang='lat' dir='ltr'><strong>Ad</strong></span> <span class='ocrx_word' id='word_1_675' title='bbox 2104 2189 2196 2228; x_wconf 89' lang='lat' dir='ltr'><strong>cos</strong></span> <span class='ocrx_word' id='word_1_676' title='bbox 2227 2189 2351 2229; x_wconf 70' lang='lat' dir='ltr'><strong>vrro</strong></span> <span class='ocrx_word' id='word_1_677' title='bbox 2377 2175 2465 2244; x_wconf 89' lang='lat' dir='ltr'><strong>qui</strong></span> <span class='ocrx_word' id='word_1_678' title='bbox 2500 2173 2834 2234; x_wconf 65' lang='lat' dir='ltr'><strong>ltetabantur,</strong></span> <span class='ocrx_word' id='word_1_679' title='bbox 2864 2169 3005 2241; x_wconf 89' lang='lat' dir='ltr'><strong>quod</strong></span> <span class='ocrx_word' id='word_1_680' title='bbox 3045 2170 3319 2223; x_wconf 65' lang='lat' dir='ltr'><strong>dwmoncs</strong></span> <span class='ocrx_word' id='word_1_681' title='bbox 3359 2167 3460 2220; x_wconf 90' lang='lat' dir='ltr'><strong>sibi</strong></span> <span class='ocrx_word' id='word_1_682' title='bbox 3496 2182 3585 2234; x_wconf 84' lang='lat' dir='ltr'><strong>pa-</strong></span> 
     </span>
    </p>
   </div>
   <div class='ocr_carea' id='block_1_82' title="bbox 1984 2258 3585 2333">
    <p class='ocr_par' dir='ltr' id='par_1_82' title="bbox 1984 2258 3585 2333">
     <span class='ocr_line' id='line_1_82' title="bbox 1984 2258 3585 2333; baseline -0.007 -12"><span class='ocrx_word' id='word_1_683' title='bbox 1984 2275 2165 2322; x_wconf 88' lang='lat' dir='ltr'><strong>rerent</strong></span> <span class='ocrx_word' id='word_1_684' title='bbox 2185 2306 2198 2330; x_wconf 91' lang='lat'><strong>,</strong></span> <span class='ocrx_word' id='word_1_685' title='bbox 2225 2265 2362 2333; x_wconf 86' lang='lat' dir='ltr'><strong>Quid</strong></span> <span class='ocrx_word' id='word_1_686' title='bbox 2397 2265 2686 2329; x_wconf 78' lang='lat' dir='ltr'><strong>miramini,</strong></span> <span class='ocrx_word' id='word_1_687' title='bbox 2717 2263 2918 2330; x_wconf 89' lang='lat' dir='ltr'><strong>inquit,</strong></span> <span class='ocrx_word' id='word_1_688' title='bbox 2943 2261 2986 2316; x_wconf 91' lang='lat' dir='ltr'><strong>si</strong></span> <span class='ocrx_word' id='word_1_689' title='bbox 3010 2260 3285 2315; x_wconf 70' lang='lat' dir='ltr'><strong>dtemones</strong></span> <span class='ocrx_word' id='word_1_690' title='bbox 3315 2258 3464 2312; x_wconf 84' lang='lat' dir='ltr'><strong>vobis</strong></span> <span class='ocrx_word' id='word_1_691' title='bbox 3492 2271 3585 2311; x_wconf 83' lang='lat' dir='ltr'><strong>ee-</strong></span> 
     </span>
    </p>
   </div>
   <div class='ocr_carea' id='block_1_83' title="bbox 1984 2348 3582 2434">
    <p class='ocr_par' dir='ltr' id='par_1_83' title="bbox 1984 2348 3582 2434">
     <span class='ocr_line' id='line_1_83' title="bbox 1984 2348 3582 2434; baseline -0.008 -21"><span class='ocrx_word' id='word_1_692' title='bbox 1984 2358 2150 2434; x_wconf 78' lang='lat' dir='ltr'><strong>dant?</strong></span> <span class='ocrx_word' id='word_1_693' title='bbox 2172 2358 2359 2413; x_wconf 89' lang='lat' dir='ltr'><strong>Omnia</strong></span> <span class='ocrx_word' id='word_1_694' title='bbox 2391 2372 2506 2411; x_wconf 84' lang='lat' dir='ltr'><strong>mea</strong></span> <span class='ocrx_word' id='word_1_695' title='bbox 2537 2365 2680 2417; x_wconf 83' lang='lat' dir='ltr'><strong>sunt,</strong></span> <span class='ocrx_word' id='word_1_696' title='bbox 2715 2354 2901 2408; x_wconf 83' lang='lat' dir='ltr'><strong>Omnia</strong></span> <span class='ocrx_word' id='word_1_697' title='bbox 2931 2353 3055 2405; x_wconf 84' lang='lat' dir='ltr'><strong>mihi</strong></span> <span class='ocrx_word' id='word_1_698' title='bbox 3076 2351 3419 2404; x_wconf 83' lang='lat' dir='ltr'><strong>tradita&#39;sunt.</strong></span> <span class='ocrx_word' id='word_1_699' title='bbox 3447 2348 3582 2404; x_wconf 88' lang='lat' dir='ltr'><strong>Cum</strong></span> 
     </span>
    </p>
   </div>
   <div class='ocr_carea' id='block_1_84' title="bbox 1983 2443 3581 2512">
    <p class='ocr_par' dir='ltr' id='par_1_84' title="bbox 1983 2443 3581 2512">
     <span class='ocr_line' id='line_1_84' title="bbox 1983 2443 3581 2512; baseline -0.007 -7"><span class='ocrx_word' id='word_1_700' title='bbox 1983 2460 2162 2507; x_wconf 89' lang='lat' dir='ltr'><strong>autem</strong></span> <span class='ocrx_word' id='word_1_701' title='bbox 2193 2451 2470 2512; x_wconf 85' lang='lat' dir='ltr'><strong>audieris,</strong></span> <span class='ocrx_word' id='word_1_702' title='bbox 2516 2449 2646 2501; x_wconf 84' lang='lat' dir='ltr'><strong>Milu&#39;</strong></span> <span class='ocrx_word' id='word_1_703' title='bbox 2688 2447 2877 2500; x_wconf 84' lang='lat' dir='ltr'><strong>tradita</strong></span> <span class='ocrx_word' id='word_1_704' title='bbox 2916 2455 3068 2509; x_wconf 87' lang='lat' dir='ltr'><strong>sunt,</strong></span> <span class='ocrx_word' id='word_1_705' title='bbox 3118 2444 3244 2498; x_wconf 88' lang='lat' dir='ltr'><strong>niltil</strong></span> <span class='ocrx_word' id='word_1_706' title='bbox 3289 2443 3581 2496; x_wconf 89' lang='lat' dir='ltr'><strong>humanum</strong></span> 
     </span>
    </p>
   </div>
   <div class='ocr_carea' id='block_1_85' title="bbox 1983 2533 3580 2612">
    <p class='ocr_par' dir='ltr' id='par_1_85' title="bbox 1983 2533 3580 2612">
     <span class='ocr_line' id='line_1_85' title="bbox 1983 2533 3580 2612; baseline -0.009 -14"><span class='ocrx_word' id='word_1_707' title='bbox 1983 2543 2291 2612; x_wconf 85' lang='lat' dir='ltr'><strong>su5piceris.</strong></span> <span class='ocrx_word' id='word_1_708' title='bbox 2326 2541 2401 2595; x_wconf 78' lang='lat' dir='ltr'><strong>Nc</strong></span> <span class='ocrx_word' id='word_1_709' title='bbox 2429 2539 2570 2593; x_wconf 87' lang='lat' dir='ltr'><strong>enim</strong></span> <span class='ocrx_word' id='word_1_710' title='bbox 2598 2539 2732 2592; x_wconf 91' lang='lat' dir='ltr'><strong>duos</strong></span> <span class='ocrx_word' id='word_1_711' title='bbox 2763 2551 2869 2593; x_wconf 89' lang='lat' dir='ltr'><strong>non</strong></span> <span class='ocrx_word' id='word_1_712' title='bbox 2901 2535 3110 2606; x_wconf 86' lang='lat' dir='ltr'><strong>genitos</strong></span> <span class='ocrx_word' id='word_1_713' title='bbox 3130 2534 3262 2589; x_wconf 87' lang='lat' dir='ltr'><strong>deos</strong></span> <span class='ocrx_word' id='word_1_714' title='bbox 3285 2533 3580 2594; x_wconf 75' lang='lat' dir='ltr'><strong>existimes,</strong></span> 
     </span>
    </p>
   </div>
   <div class='ocr_carea' id='block_1_86' title="bbox 1984 2628 3586 2705">
    <p class='ocr_par' dir='ltr' id='par_1_86' title="bbox 1984 2628 3586 2705">
     <span class='ocr_line' id='line_1_86' title="bbox 1984 2628 3586 2705; baseline -0.007 -16"><span class='ocrx_word' id='word_1_715' title='bbox 1984 2637 2123 2691; x_wconf 86' lang='lat' dir='ltr'><strong>hanc</strong></span> <span class='ocrx_word' id='word_1_716' title='bbox 2163 2635 2309 2705; x_wconf 90' lang='lat' dir='ltr'><strong>ponit</strong></span> <span class='ocrx_word' id='word_1_717' title='bbox 2356 2634 2666 2688; x_wconf 86' lang='lat' dir='ltr'><strong>dictionem.</strong></span> <span class='ocrx_word' id='word_1_718' title='bbox 2712 2630 2844 2686; x_wconf 84' lang='lat' dir='ltr'><strong>Nam</strong></span> <span class='ocrx_word' id='word_1_719' title='bbox 2889 2630 3030 2700; x_wconf 88' lang='lat' dir='ltr'><strong>quod</strong></span> <span class='ocrx_word' id='word_1_720' title='bbox 3073 2628 3236 2683; x_wconf 85' lang='lat' dir='ltr'><strong>simul</strong></span> <span class='ocrx_word' id='word_1_721' title='bbox 3275 2628 3490 2698; x_wconf 79' lang='lat' dir='ltr'><strong>genitus</strong></span> <span class='ocrx_word' id='word_1_722' title='bbox 3532 2635 3586 2679; x_wconf 86' lang='lat' dir='ltr'><strong>et</strong></span> 
     </span>
    </p>
   </div>
   <div class='ocr_carea' id='block_1_87' title="bbox 1981 2718 3267 2792">
    <p class='ocr_par' dir='ltr' id='par_1_87' title="bbox 1981 2718 3267 2792">
     <span class='ocr_line' id='line_1_87' title="bbox 1981 2718 3267 2792; baseline -0.009 -10"><span class='ocrx_word' id='word_1_723' title='bbox 1981 2728 2222 2782; x_wconf 88' lang='lat' dir='ltr'><strong>Omnium</strong></span> <span class='ocrx_word' id='word_1_724' title='bbox 2255 2727 2510 2780; x_wconf 87' lang='lat' dir='ltr'><strong>Dominus</strong></span> <span class='ocrx_word' id='word_1_725' title='bbox 2537 2725 2626 2788; x_wconf 90' lang='lat' dir='ltr'><strong>sit,</strong></span> <span class='ocrx_word' id='word_1_726' title='bbox 2657 2737 2800 2792; x_wconf 71' lang='lat' dir='ltr'><strong>smpe</strong></span> <span class='ocrx_word' id='word_1_727' title='bbox 2826 2722 2951 2776; x_wconf 88' lang='lat' dir='ltr'><strong>alibi</strong></span> <span class='ocrx_word' id='word_1_728' title='bbox 2983 2718 3267 2790; x_wconf 83' lang='lat' dir='ltr'><strong>signiﬁcat.</strong></span> 
     </span>
    </p>
   </div>
   <div class='ocr_carea' id='block_1_88' title="bbox 2056 2808 3582 2891">
    <p class='ocr_par' dir='ltr' id='par_1_88' title="bbox 2056 2808 3582 2891">
     <span class='ocr_line' id='line_1_88' title="bbox 2056 2808 3582 2891; baseline -0.01 -16"><span class='ocrx_word' id='word_1_729' title='bbox 2056 2821 2104 2875; x_wconf 83' lang='lat' dir='ltr'><em>F</em></span> <span class='ocrx_word' id='word_1_730' title='bbox 2105 2822 2222 2876; x_wconf 86' lang='lat' dir='ltr'><strong>ilius</strong></span> <span class='ocrx_word' id='word_1_731' title='bbox 2251 2819 2476 2891; x_wconf 84' lang='lat' dir='ltr'><strong>ejusdem</strong></span> <span class='ocrx_word' id='word_1_732' title='bbox 2502 2835 2616 2870; x_wconf 80' lang='lat' dir='ltr'><strong>cum</strong></span> <span class='ocrx_word' id='word_1_733' title='bbox 2647 2815 2800 2870; x_wconf 86' lang='lat' dir='ltr'><strong>Patre</strong></span> <span class='ocrx_word' id='word_1_734' title='bbox 2824 2813 3136 2868; x_wconf 63' lang='lat' dir='ltr'><strong>substantiae.</strong></span> <span class='ocrx_word' id='word_1_735' title='bbox 3166 2810 3398 2864; x_wconf 81' lang='lat' dir='ltr'><strong>Marcion</strong></span> <span class='ocrx_word' id='word_1_736' title='bbox 3425 2808 3582 2862; x_wconf 79' lang='lat' dir='ltr'><strong>obiter</strong></span> 
     </span>
    </p>
   </div>
   <div class='ocr_carea' id='block_1_89' title="bbox 1981 2900 3580 2981">
    <p class='ocr_par' dir='ltr' id='par_1_89' title="bbox 1981 2900 3580 2981">
     <span class='ocr_line' id='line_1_89' title="bbox 1981 2900 3580 2981; baseline -0.009 -16"><span class='ocrx_word' id='word_1_737' title='bbox 1981 2913 2248 2981; x_wconf 78' lang='lat' dir='ltr'><strong>refellitur.</strong></span> <span class='ocrx_word' id='word_1_738' title='bbox 2278 2909 2551 2963; x_wconf 80' lang='lat' dir='ltr'><strong>Humilitas</strong></span> <span class='ocrx_word' id='word_1_739' title='bbox 2588 2915 2748 2960; x_wconf 85' lang='lat' dir='ltr'><strong>mater</strong></span> <span class='ocrx_word' id='word_1_740' title='bbox 2790 2914 2862 2959; x_wconf 88' lang='lat' dir='ltr'><strong>est</strong></span> <span class='ocrx_word' id='word_1_741' title='bbox 2915 2904 3080 2958; x_wconf 88' lang='lat' dir='ltr'><strong>omnis</strong></span> <span class='ocrx_word' id='word_1_742' title='bbox 3135 2900 3489 2971; x_wconf 75' lang='lat' dir='ltr'><strong>pltilosOpItire.</strong></span> <span class='ocrx_word' id='word_1_743' title='bbox 3515 2929 3580 2938; x_wconf 90' lang='lat'><strong>—-</strong></span> 
     </span>
    </p>
   </div>
   <div class='ocr_carea' id='block_1_90' title="bbox 1984 2989 3582 3072">
    <p class='ocr_par' dir='ltr' id='par_1_90' title="bbox 1984 2989 3582 3072">
     <span class='ocr_line' id='line_1_90' title="bbox 1984 2989 3582 3072; baseline -0.008 -16"><span class='ocrx_word' id='word_1_744' title='bbox 1984 3003 2152 3069; x_wconf 83' lang='lat' dir='ltr'><strong>Majus</strong></span> <span class='ocrx_word' id='word_1_745' title='bbox 2180 3000 2449 3072; x_wconf 86' lang='lat' dir='ltr'><strong>quidpiam</strong></span> <span class='ocrx_word' id='word_1_746' title='bbox 2495 2998 2690 3054; x_wconf 88' lang='lat' dir='ltr'><strong>deinde</strong></span> <span class='ocrx_word' id='word_1_747' title='bbox 2730 2997 2877 3062; x_wconf 87' lang='lat' dir='ltr'><strong>dicit,</strong></span> <span class='ocrx_word' id='word_1_748' title='bbox 2915 3005 3254 3063; x_wconf 89' lang='lat' dir='ltr'><strong>mentemque</strong></span> <span class='ocrx_word' id='word_1_749' title='bbox 3287 2989 3582 3047; x_wconf 88' lang='lat' dir='ltr'><strong>tuamdiri-</strong></span> 
     </span>
    </p>
   </div>
   <div class='ocr_carea' id='block_1_91' title="bbox 1977 3083 3587 3162">
    <p class='ocr_par' dir='ltr' id='par_1_91' title="bbox 1977 3083 3587 3162">
     <span class='ocr_line' id='line_1_91' title="bbox 1977 3083 3587 3162; baseline -0.007 -15"><span class='ocrx_word' id='word_1_750' title='bbox 1977 3094 2051 3162; x_wconf 78' lang='lat' dir='ltr'><strong>git</strong></span> <span class='ocrx_word' id='word_1_751' title='bbox 2084 3095 2097 3124; x_wconf 86' lang='grc'>¹</span> <span class='ocrx_word' id='word_1_752' title='bbox 2126 3110 2138 3143; x_wconf 90' lang='lat'><strong>:</strong></span> <span class='ocrx_word' id='word_1_753' title='bbox 2172 3092 2235 3146; x_wconf 83' lang='lat' dir='ltr'><strong>Et</strong></span> <span class='ocrx_word' id='word_1_754' title='bbox 2254 3109 2398 3145; x_wconf 82' lang='lat' dir='ltr'><strong>nemo</strong></span> <span class='ocrx_word' id='word_1_755' title='bbox 2420 3092 2555 3144; x_wconf 83' lang='lat' dir='ltr'><strong>novit</strong></span> <span class='ocrx_word' id='word_1_756' title='bbox 2587 3089 2798 3153; x_wconf 81' lang='lat' dir='ltr'><strong>Filium,</strong></span> <span class='ocrx_word' id='word_1_757' title='bbox 2837 3088 2934 3141; x_wconf 86' lang='lat' dir='ltr'><strong>nisi</strong></span> <span class='ocrx_word' id='word_1_758' title='bbox 2967 3085 3162 3149; x_wconf 85' lang='lat' dir='ltr'><strong>Pater;</strong></span> <span class='ocrx_word' id='word_1_759' title='bbox 3189 3101 3345 3151; x_wconf 82' lang='lat' dir='ltr'><strong>neque</strong></span> <span class='ocrx_word' id='word_1_760' title='bbox 3378 3083 3587 3136; x_wconf 82' lang='lat' dir='ltr'><strong>Putrem</strong></span> 
     </span>
    </p>
   </div>
   <div class='ocr_carea' id='block_1_92' title="bbox 1981 3176 3588 3252">
    <p class='ocr_par' dir='ltr' id='par_1_92' title="bbox 1981 3176 3588 3252">
     <span class='ocr_line' id='line_1_92' title="bbox 1981 3176 3588 3252; baseline -0.006 -16"><span class='ocrx_word' id='word_1_761' title='bbox 1981 3186 2095 3252; x_wconf 85' lang='lat' dir='ltr'><strong>quis</strong></span> <span class='ocrx_word' id='word_1_762' title='bbox 2121 3185 2276 3249; x_wconf 80' lang='lat' dir='ltr'><strong>novit,</strong></span> <span class='ocrx_word' id='word_1_763' title='bbox 2300 3184 2397 3237; x_wconf 86' lang='lat' dir='ltr'><strong>nisi</strong></span> <span class='ocrx_word' id='word_1_764' title='bbox 2418 3182 2602 3236; x_wconf 83' lang='lat' dir='ltr'><strong>Filius.</strong></span> <span class='ocrx_word' id='word_1_765' title='bbox 2624 3181 2848 3234; x_wconf 80' lang='lat' dir='ltr'><strong>Videtur</strong></span> <span class='ocrx_word' id='word_1_766' title='bbox 2874 3187 3051 3232; x_wconf 89' lang='lat' dir='ltr'><strong>autem</strong></span> <span class='ocrx_word' id='word_1_767' title='bbox 3079 3179 3161 3241; x_wconf 88' lang='lat' dir='ltr'><strong>iis,</strong></span> <span class='ocrx_word' id='word_1_768' title='bbox 3181 3177 3270 3247; x_wconf 90' lang='lat' dir='ltr'><strong>qui</strong></span> <span class='ocrx_word' id='word_1_769' title='bbox 3300 3191 3412 3231; x_wconf 88' lang='lat' dir='ltr'><strong>rem</strong></span> <span class='ocrx_word' id='word_1_770' title='bbox 3437 3176 3588 3246; x_wconf 86' lang='lat' dir='ltr'><strong>igno-</strong></span> 
     </span>
    </p>
   </div>
   <div class='ocr_carea' id='block_1_93' title="bbox 1985 3268 3586 3344">
    <p class='ocr_par' dir='ltr' id='par_1_93' title="bbox 1985 3268 3586 3344">
     <span class='ocr_line' id='line_1_93' title="bbox 1985 3268 3586 3344; baseline -0.007 -11"><span class='ocrx_word' id='word_1_771' title='bbox 1985 3287 2124 3344; x_wconf 89' lang='lat' dir='ltr'><strong>rant,</strong></span> <span class='ocrx_word' id='word_1_772' title='bbox 2150 3278 2267 3331; x_wconf 75' lang='lat' dir='ltr'><strong>lucc</strong></span> <span class='ocrx_word' id='word_1_773' title='bbox 2307 3291 2413 3330; x_wconf 92' lang='lat' dir='ltr'><strong>non</strong></span> <span class='ocrx_word' id='word_1_774' title='bbox 2446 3275 2654 3329; x_wconf 82' lang='lat' dir='ltr'><strong>haerere</strong></span> <span class='ocrx_word' id='word_1_775' title='bbox 2683 3271 3089 3342; x_wconf 73' lang='lat' dir='ltr'><strong>superioribus:</strong></span> <span class='ocrx_word' id='word_1_776' title='bbox 3120 3278 3173 3323; x_wconf 84' lang='lat' dir='ltr'><strong>at</strong></span> <span class='ocrx_word' id='word_1_777' title='bbox 3199 3270 3363 3323; x_wconf 86' lang='lat' dir='ltr'><strong>multa</strong></span> <span class='ocrx_word' id='word_1_778' title='bbox 3394 3280 3470 3321; x_wconf 90' lang='lat' dir='ltr'><strong>est</strong></span> <span class='ocrx_word' id='word_1_779' title='bbox 3508 3268 3586 3322; x_wconf 87' lang='lat' dir='ltr'><strong>in-</strong></span> 
     </span>
    </p>
   </div>
   <div class='ocr_carea' id='block_1_94' title="bbox 1984 3359 3588 3431">
    <p class='ocr_par' dir='ltr' id='par_1_94' title="bbox 1984 3359 3588 3431">
     <span class='ocr_line' id='line_1_94' title="bbox 1984 3359 3588 3431; baseline -0.006 -9"><span class='ocrx_word' id='word_1_780' title='bbox 1984 3379 2063 3422; x_wconf 86' lang='lat' dir='ltr'><strong>ter</strong></span> <span class='ocrx_word' id='word_1_781' title='bbox 2086 3369 2198 3421; x_wconf 77' lang='lat' dir='ltr'><strong>h-cc</strong></span> <span class='ocrx_word' id='word_1_782' title='bbox 2222 3365 2591 3421; x_wconf 83' lang='lat' dir='ltr'><strong>consonantia.</strong></span> <span class='ocrx_word' id='word_1_783' title='bbox 2617 3363 2753 3431; x_wconf 86' lang='lat' dir='ltr'><strong>Quia</strong></span> <span class='ocrx_word' id='word_1_784' title='bbox 2799 3364 2941 3417; x_wconf 90' lang='lat' dir='ltr'><strong>enim</strong></span> <span class='ocrx_word' id='word_1_785' title='bbox 2970 3361 3196 3426; x_wconf 78' lang='lat' dir='ltr'><strong>dixerat,</strong></span> <span class='ocrx_word' id='word_1_786' title='bbox 3228 3359 3414 3413; x_wconf 85' lang='lat' dir='ltr'><strong>Omnia</strong></span> <span class='ocrx_word' id='word_1_787' title='bbox 3462 3359 3588 3412; x_wconf 78' lang='lat' dir='ltr'><strong>mihi</strong></span> 
     </span>
    </p>
   </div>
   <div class='ocr_carea' id='block_1_95' title="bbox 1983 3449 3585 3522">
    <p class='ocr_par' dir='ltr' id='par_1_95' title="bbox 1983 3449 3585 3522">
     <span class='ocr_line' id='line_1_95' title="bbox 1983 3449 3585 3522; baseline -0.006 -10"><span class='ocrx_word' id='word_1_788' title='bbox 1983 3461 2168 3512; x_wconf 87' lang='lat' dir='ltr'><strong>tradita</strong></span> <span class='ocrx_word' id='word_1_789' title='bbox 2208 3468 2324 3512; x_wconf 86' lang='lat' dir='ltr'><strong>sunt</strong></span> <span class='ocrx_word' id='word_1_790' title='bbox 2363 3475 2394 3510; x_wconf 81' lang='grc' dir='ltr'><em>α</em></span> <span class='ocrx_word' id='word_1_791' title='bbox 2435 3456 2590 3509; x_wconf 83' lang='lat' dir='ltr'><strong>Patre</strong></span> <span class='ocrx_word' id='word_1_792' title='bbox 2612 3471 2742 3520; x_wconf 87' lang='lat' dir='ltr'><strong>meo,</strong></span> <span class='ocrx_word' id='word_1_793' title='bbox 2767 3452 3039 3522; x_wconf 89' lang='lat' dir='ltr'><strong>subjungit</strong></span> <span class='ocrx_word' id='word_1_794' title='bbox 3070 3469 3082 3504; x_wconf 92' lang='lat'>:</span> <span class='ocrx_word' id='word_1_795' title='bbox 3120 3451 3322 3520; x_wconf 80' lang='lat' dir='ltr'><strong>Ecquid</strong></span> <span class='ocrx_word' id='word_1_796' title='bbox 3365 3449 3585 3514; x_wconf 86' lang='lat' dir='ltr'><strong>mirum,</strong></span> 
     </span>
    </p>
   </div>
   <div class='ocr_carea' id='block_1_96' title="bbox 1981 3539 3586 3611">
    <p class='ocr_par' dir='ltr' id='par_1_96' title="bbox 1981 3539 3586 3611">
     <span class='ocr_line' id='line_1_96' title="bbox 1981 3539 3586 3611; baseline -0.01 -6"><span class='ocrx_word' id='word_1_797' title='bbox 1981 3551 2025 3605; x_wconf 87' lang='lat' dir='ltr'><strong>si</strong></span> <span class='ocrx_word' id='word_1_798' title='bbox 2069 3551 2308 3604; x_wconf 86' lang='lat' dir='ltr'><strong>omnium</strong></span> <span class='ocrx_word' id='word_1_799' title='bbox 2351 3549 2452 3602; x_wconf 85' lang='lat' dir='ltr'><strong>sint</strong></span> <span class='ocrx_word' id='word_1_800' title='bbox 2483 3545 2759 3611; x_wconf 85' lang='lat' dir='ltr'><strong>Dominus,</strong></span> <span class='ocrx_word' id='word_1_801' title='bbox 2801 3560 2920 3598; x_wconf 88' lang='lat' dir='ltr'><strong>cum</strong></span> <span class='ocrx_word' id='word_1_802' title='bbox 2951 3542 3092 3596; x_wconf 87' lang='lat' dir='ltr'><strong>aliud</strong></span> <span class='ocrx_word' id='word_1_803' title='bbox 3126 3540 3297 3611; x_wconf 81' lang='lat' dir='ltr'><strong>majus</strong></span> <span class='ocrx_word' id='word_1_804' title='bbox 3333 3539 3586 3604; x_wconf 85' lang='lat' dir='ltr'><strong>habeam,</strong></span> 
     </span>
    </p>
   </div>
   <div class='ocr_carea' id='block_1_97' title="bbox 1983 3631 3586 3712">
    <p class='ocr_par' dir='ltr' id='par_1_97' title="bbox 1983 3631 3586 3712">
     <span class='ocr_line' id='line_1_97' title="bbox 1983 3631 3586 3712; baseline -0.009 -15"><span class='ocrx_word' id='word_1_805' title='bbox 1983 3641 2122 3712; x_wconf 90' lang='lat' dir='ltr'><strong>quod</strong></span> <span class='ocrx_word' id='word_1_806' title='bbox 2151 3640 2367 3696; x_wconf 82' lang='lat' dir='ltr'><strong>Patrem</strong></span> <span class='ocrx_word' id='word_1_807' title='bbox 2397 3651 2735 3709; x_wconf 86' lang='lat' dir='ltr'><strong>cognoscam,</strong></span> <span class='ocrx_word' id='word_1_808' title='bbox 2763 3646 2816 3692; x_wconf 88' lang='lat' dir='ltr'><strong>et</strong></span> <span class='ocrx_word' id='word_1_809' title='bbox 2838 3633 3079 3704; x_wconf 84' lang='lat' dir='ltr'><strong>ejusdem</strong></span> <span class='ocrx_word' id='word_1_810' title='bbox 3103 3649 3223 3687; x_wconf 88' lang='lat' dir='ltr'><strong>cum</strong></span> <span class='ocrx_word' id='word_1_811' title='bbox 3253 3647 3316 3687; x_wconf 88' lang='lat' dir='ltr'><strong>eo</strong></span> <span class='ocrx_word' id='word_1_812' title='bbox 3337 3631 3586 3687; x_wconf 81' lang='lat' dir='ltr'><strong>substan-</strong></span> 
     </span>
    </p>
   </div>
   <div class='ocr_carea' id='block_1_98' title="bbox 1986 3722 3583 3796">
    <p class='ocr_par' dir='ltr' id='par_1_98' title="bbox 1986 3722 3583 3796">
     <span class='ocr_line' id='line_1_98' title="bbox 1986 3722 3583 3796; baseline -0.008 -8"><span class='ocrx_word' id='word_1_813' title='bbox 1986 3737 2070 3788; x_wconf 72' lang='lat' dir='ltr'><strong>tia:</strong></span> <span class='ocrx_word' id='word_1_814' title='bbox 2100 3733 2248 3787; x_wconf 90' lang='lat' dir='ltr'><strong>sim?</strong></span> <span class='ocrx_word' id='word_1_815' title='bbox 2286 3722 2495 3786; x_wconf 78' lang='lat' dir='ltr'><strong>Etenim</strong></span> <span class='ocrx_word' id='word_1_816' title='bbox 2529 3729 2629 3783; x_wconf 84' lang='lat' dir='ltr'><strong>hoc</strong></span> <span class='ocrx_word' id='word_1_817' title='bbox 2657 3727 2917 3783; x_wconf 88' lang='lat' dir='ltr'><strong>occultius</strong></span> <span class='ocrx_word' id='word_1_818' title='bbox 2949 3726 3214 3796; x_wconf 83' lang='lat' dir='ltr'><strong>signiﬁcat</strong></span> <span class='ocrx_word' id='word_1_819' title='bbox 3253 3740 3318 3777; x_wconf 78' lang='lat' dir='ltr'><strong>ex</strong></span> <span class='ocrx_word' id='word_1_820' title='bbox 3349 3739 3413 3777; x_wconf 93' lang='lat' dir='ltr'><strong>co</strong></span> <span class='ocrx_word' id='word_1_821' title='bbox 3443 3723 3583 3793; x_wconf 89' lang='lat' dir='ltr'><strong>quod</strong></span> 
     </span>
    </p>
   </div>
   <div class='ocr_carea' id='block_1_99' title="bbox 1985 3813 3584 3892">
    <p class='ocr_par' dir='ltr' id='par_1_99' title="bbox 1985 3813 3584 3892">
     <span class='ocr_line' id='line_1_99' title="bbox 1985 3813 3584 3892; baseline -0.009 -12"><span class='ocrx_word' id='word_1_822' title='bbox 1985 3826 2135 3880; x_wconf 90' lang='lat' dir='ltr'><strong>solus</strong></span> <span class='ocrx_word' id='word_1_823' title='bbox 2167 3824 2341 3892; x_wconf 86' lang='lat' dir='ltr'><strong>ipsum</strong></span> <span class='ocrx_word' id='word_1_824' title='bbox 2391 3827 2697 3892; x_wconf 88' lang='lat' dir='ltr'><strong>cognoscat.</strong></span> <span class='ocrx_word' id='word_1_825' title='bbox 2730 3819 2863 3872; x_wconf 76' lang='lat' dir='ltr'><strong>Cum</strong></span> <span class='ocrx_word' id='word_1_826' title='bbox 2893 3818 3036 3872; x_wconf 71' lang='lat' dir='ltr'><strong>enim</strong></span> <span class='ocrx_word' id='word_1_827' title='bbox 3070 3816 3218 3880; x_wconf 71' lang='lat' dir='ltr'><strong>dicit,</strong></span> <span class='ocrx_word' id='word_1_828' title='bbox 3254 3813 3418 3867; x_wconf 74' lang='lat' dir='ltr'><strong>Nemo</strong></span> <span class='ocrx_word' id='word_1_829' title='bbox 3448 3816 3584 3867; x_wconf 81' lang='lat' dir='ltr'><strong>norit</strong></span> 
     </span>
    </p>
   </div>
   <div class='ocr_carea' id='block_1_100' title="bbox 1988 3906 3584 3981">
    <p class='ocr_par' dir='ltr' id='par_1_100' title="bbox 1988 3906 3584 3981">
     <span class='ocr_line' id='line_1_100' title="bbox 1988 3906 3584 3981; baseline -0.006 -11"><span class='ocrx_word' id='word_1_830' title='bbox 1988 3916 2198 3970; x_wconf 84' lang='lat' dir='ltr'><strong>Patrem</strong></span> <span class='ocrx_word' id='word_1_831' title='bbox 2217 3916 2312 3969; x_wconf 88' lang='lat' dir='ltr'><strong>nisi</strong></span> <span class='ocrx_word' id='word_1_832' title='bbox 2335 3913 2520 3974; x_wconf 80' lang='lat' dir='ltr'><strong>Filius,</strong></span> <span class='ocrx_word' id='word_1_833' title='bbox 2551 3911 2653 3966; x_wconf 88' lang='lat' dir='ltr'><strong>hoc</strong></span> <span class='ocrx_word' id='word_1_834' title='bbox 2680 3910 2962 3981; x_wconf 85' lang='lat' dir='ltr'><strong>signiﬁcat.</strong></span> <span class='ocrx_word' id='word_1_835' title='bbox 2998 3909 3064 3961; x_wconf 83' lang='lat' dir='ltr'><strong>Et</strong></span> <span class='ocrx_word' id='word_1_836' title='bbox 3096 3907 3220 3962; x_wconf 86' lang='lat' dir='ltr'><strong>vide</strong></span> <span class='ocrx_word' id='word_1_837' title='bbox 3245 3906 3584 3978; x_wconf 88' lang='lat' dir='ltr'><strong>quandonam</strong></span> 
     </span>
    </p>
   </div>
   <div class='ocr_carea' id='block_1_101' title="bbox 1986 3997 3583 4071">
    <p class='ocr_par' dir='ltr' id='par_1_101' title="bbox 1986 3997 3583 4071">
     <span class='ocr_line' id='line_1_101' title="bbox 1986 3997 3583 4071; baseline -0.009 -9"><span class='ocrx_word' id='word_1_838' title='bbox 1986 4009 2101 4062; x_wconf 65' lang='lat' dir='ltr'><strong>haec</strong></span> <span class='ocrx_word' id='word_1_839' title='bbox 2126 4008 2288 4060; x_wconf 87' lang='lat' dir='ltr'><strong>dicat.</strong></span> <span class='ocrx_word' id='word_1_840' title='bbox 2314 4006 2446 4060; x_wconf 89' lang='lat' dir='ltr'><strong>Cum</strong></span> <span class='ocrx_word' id='word_1_841' title='bbox 2479 4020 2670 4071; x_wconf 87' lang='lat' dir='ltr'><strong>nempe</strong></span> <span class='ocrx_word' id='word_1_842' title='bbox 2702 4015 2981 4070; x_wconf 71' lang='lat' dir='ltr'><strong>perapera</strong></span> <span class='ocrx_word' id='word_1_843' title='bbox 3012 4000 3125 4068; x_wconf 88' lang='lat' dir='ltr'><strong>ejus</strong></span> <span class='ocrx_word' id='word_1_844' title='bbox 3156 3999 3446 4067; x_wconf 75' lang='lat' dir='ltr'><strong>potenti..m</strong></span> <span class='ocrx_word' id='word_1_845' title='bbox 3474 3997 3583 4050; x_wconf 79' lang='lat' dir='ltr'><strong>cla-</strong></span> 
     </span>
    </p>
   </div>
   <div class='ocr_carea' id='block_1_102' title="bbox 1985 4088 3583 4158">
    <p class='ocr_par' dir='ltr' id='par_1_102' title="bbox 1985 4088 3583 4158">
     <span class='ocr_line' id='line_1_102' title="bbox 1985 4088 3583 4158; baseline -0.008 -4"><span class='ocrx_word' id='word_1_846' title='bbox 1985 4117 2042 4154; x_wconf 86' lang='lat' dir='ltr'><strong>re</strong></span> <span class='ocrx_word' id='word_1_847' title='bbox 2068 4100 2484 4153; x_wconf 85' lang='lat' dir='ltr'><strong>demonstratam</strong></span> <span class='ocrx_word' id='word_1_848' title='bbox 2514 4096 2792 4157; x_wconf 88' lang='lat' dir='ltr'><strong>haberent,</strong></span> <span class='ocrx_word' id='word_1_849' title='bbox 2816 4107 2936 4148; x_wconf 89' lang='lat' dir='ltr'><strong>cum</strong></span> <span class='ocrx_word' id='word_1_850' title='bbox 2967 4107 3072 4144; x_wconf 91' lang='lat' dir='ltr'><strong>non</strong></span> <span class='ocrx_word' id='word_1_851' title='bbox 3094 4091 3253 4144; x_wconf 90' lang='lat' dir='ltr'><strong>modo</strong></span> <span class='ocrx_word' id='word_1_852' title='bbox 3285 4091 3458 4158; x_wconf 69' lang='lat' dir='ltr'><strong>ipsum</strong></span> <span class='ocrx_word' id='word_1_853' title='bbox 3485 4088 3583 4141; x_wconf 53' lang='lat' dir='ltr'><strong>tui.</strong></span> 
     </span>
    </p>
   </div>
   <div class='ocr_carea' id='block_1_103' title="bbox 1984 4180 3583 4258">
    <p class='ocr_par' dir='ltr' id='par_1_103' title="bbox 1984 4180 3583 4258">
     <span class='ocr_line' id='line_1_103' title="bbox 1984 4180 3583 4258; baseline -0.007 -13"><span class='ocrx_word' id='word_1_854' title='bbox 1984 4190 2160 4246; x_wconf 84' lang='lat' dir='ltr'><strong>racola</strong></span> <span class='ocrx_word' id='word_1_855' title='bbox 2193 4198 2487 4258; x_wconf 78' lang='lat' dir='ltr'><strong>patrantcm</strong></span> <span class='ocrx_word' id='word_1_856' title='bbox 2515 4187 2788 4248; x_wconf 84' lang='lat' dir='ltr'><strong>vidissent,</strong></span> <span class='ocrx_word' id='word_1_857' title='bbox 2806 4184 2900 4238; x_wconf 87' lang='lat' dir='ltr'><strong>sed</strong></span> <span class='ocrx_word' id='word_1_858' title='bbox 2929 4184 3024 4252; x_wconf 91' lang='lat' dir='ltr'><strong>ipsi</strong></span> <span class='ocrx_word' id='word_1_859' title='bbox 3047 4198 3258 4252; x_wconf 84' lang='lat' dir='ltr'><strong>quoque</strong></span> <span class='ocrx_word' id='word_1_860' title='bbox 3288 4185 3336 4235; x_wconf 91' lang='lat' dir='ltr'><strong>iu</strong></span> <span class='ocrx_word' id='word_1_861' title='bbox 3368 4180 3583 4234; x_wconf 88' lang='lat' dir='ltr'><strong>nomine</strong></span> 
     </span>
    </p>
   </div>
   <div class='ocr_carea' id='block_1_104' title="bbox 1987 4274 3582 4353">
    <p class='ocr_par' dir='ltr' id='par_1_104' title="bbox 1987 4274 3582 4353">
     <span class='ocr_line' id='line_1_104' title="bbox 1987 4274 3582 4353; baseline -0.008 -16"><span class='ocrx_word' id='word_1_862' title='bbox 1987 4284 2154 4353; x_wconf 73' lang='lat' dir='ltr'><strong>ipsius</strong></span> <span class='ocrx_word' id='word_1_863' title='bbox 2190 4291 2333 4334; x_wconf 88' lang='lat' dir='ltr'><strong>tanta</strong></span> <span class='ocrx_word' id='word_1_864' title='bbox 2378 4280 2538 4332; x_wconf 86' lang='lat' dir='ltr'><strong>cdere</strong></span> <span class='ocrx_word' id='word_1_865' title='bbox 2577 4277 2891 4347; x_wconf 88' lang='lat' dir='ltr'><strong>potuissent.</strong></span> <span class='ocrx_word' id='word_1_866' title='bbox 2927 4274 3157 4337; x_wconf 86' lang='lat' dir='ltr'><strong>Deinde,</strong></span> <span class='ocrx_word' id='word_1_867' title='bbox 3192 4275 3312 4343; x_wconf 85' lang='lat' dir='ltr'><strong>quia</strong></span> <span class='ocrx_word' id='word_1_868' title='bbox 3351 4274 3582 4343; x_wconf 73' lang='lat' dir='ltr'><strong>dixerat,</strong></span> 
     </span>
    </p>
   </div>
   <div class='ocr_carea' id='block_1_105' title="bbox 1987 4353 3581 4440">
    <p class='ocr_par' dir='ltr' id='par_1_105' title="bbox 1987 4353 3581 4440">
     <span class='ocr_line' id='line_1_105' title="bbox 1987 4353 3581 4440; baseline -0.006 -11"><span class='ocrx_word' id='word_1_869' title='bbox 1987 4373 2241 4429; x_wconf 75' lang='lat' dir='ltr'><strong>Revelasti</strong></span> <span class='ocrx_word' id='word_1_870' title='bbox 2267 4389 2325 4426; x_wconf 86' lang='lat' dir='ltr'><strong>ea</strong></span> <span class='ocrx_word' id='word_1_871' title='bbox 2359 4369 2601 4440; x_wconf 77' lang='lat' dir='ltr'><strong>parvulis,</strong></span> <span class='ocrx_word' id='word_1_872' title='bbox 2635 4368 2868 4423; x_wconf 87' lang='lat' dir='ltr'><strong>ostendit</strong></span> <span class='ocrx_word' id='word_1_873' title='bbox 2911 4367 3009 4420; x_wconf 89' lang='lat' dir='ltr'><strong>hoc</strong></span> <span class='ocrx_word' id='word_1_874' title='bbox 3038 4367 3195 4420; x_wconf 89' lang='lat' dir='ltr'><strong>etiam</strong></span> <span class='ocrx_word' id='word_1_875' title='bbox 3227 4365 3292 4417; x_wconf 88' lang='lat' dir='ltr'><strong>ad</strong></span> <span class='ocrx_word' id='word_1_876' title='bbox 3326 4380 3384 4418; x_wconf 87' lang='lat' dir='ltr'><strong>se.</strong></span> <span class='ocrx_word' id='word_1_877' title='bbox 3417 4353 3581 4433; x_wconf 75' lang='lat' dir='ltr'><strong>perii-</strong></span> 
     </span>
    </p>
   </div>
   <div class='ocr_carea' id='block_1_106' title="bbox 1989 4457 3584 4528">
    <p class='ocr_par' dir='ltr' id='par_1_106' title="bbox 1989 4457 3584 4528">
     <span class='ocr_line' id='line_1_106' title="bbox 1989 4457 3584 4528; baseline -0.008 -7"><span class='ocrx_word' id='word_1_878' title='bbox 1989 4484 2116 4522; x_wconf 87' lang='lat' dir='ltr'><strong>nere</strong></span> <span class='ocrx_word' id='word_1_879' title='bbox 2145 4487 2157 4520; x_wconf 84' lang='lat'><strong>:</strong></span> <span class='ocrx_word' id='word_1_880' title='bbox 2195 4481 2314 4520; x_wconf 77' lang='lat' dir='ltr'><strong>nam</strong></span> <span class='ocrx_word' id='word_1_881' title='bbox 2345 4465 2439 4528; x_wconf 86' lang='lat' dir='ltr'><strong>ait,</strong></span> <span class='ocrx_word' id='word_1_882' title='bbox 2471 4462 2636 4526; x_wconf 66' lang='lat' dir='ltr'><strong>Nemo</strong></span> <span class='ocrx_word' id='word_1_883' title='bbox 2664 4463 2798 4514; x_wconf 80' lang='lat' dir='ltr'><strong>norit</strong></span> <span class='ocrx_word' id='word_1_884' title='bbox 2831 4460 3052 4524; x_wconf 83' lang='lat' dir='ltr'><strong>Patrem,</strong></span> <span class='ocrx_word' id='word_1_885' title='bbox 3095 4459 3192 4512; x_wconf 87' lang='lat' dir='ltr'><strong>nisi</strong></span> <span class='ocrx_word' id='word_1_886' title='bbox 3227 4457 3408 4520; x_wconf 79' lang='lat' dir='ltr'><strong>Filius,</strong></span> <span class='ocrx_word' id='word_1_887' title='bbox 3439 4466 3483 4511; x_wconf 87' lang='lat' dir='ltr'><strong>et</strong></span> <span class='ocrx_word' id='word_1_888' title='bbox 3504 4459 3584 4510; x_wconf 80' lang='lat' dir='ltr'><strong>cui</strong></span> 
     </span>
    </p>
   </div>
   <div class='ocr_carea' id='block_1_107' title="bbox 1988 4550 3580 4621">
    <p class='ocr_par' dir='ltr' id='par_1_107' title="bbox 1988 4550 3580 4621">
     <span class='ocr_line' id='line_1_107' title="bbox 1988 4550 3580 4621; baseline -0.008 -7"><span class='ocrx_word' id='word_1_889' title='bbox 1988 4561 2198 4614; x_wconf 69' lang='lat' dir='ltr'><strong>voluerit</strong></span> <span class='ocrx_word' id='word_1_890' title='bbox 2237 4556 2404 4610; x_wconf 79' lang='lat' dir='ltr'><strong>Filius</strong></span> <span class='ocrx_word' id='word_1_891' title='bbox 2444 4558 2662 4608; x_wconf 76' lang='lat' dir='ltr'><strong>revelare</strong></span> <span class='ocrx_word' id='word_1_892' title='bbox 2684 4573 2697 4604; x_wconf 87' lang='lat'><strong>.-</strong></span> <span class='ocrx_word' id='word_1_893' title='bbox 2732 4569 2835 4604; x_wconf 90' lang='lat' dir='ltr'><strong>non</strong></span> <span class='ocrx_word' id='word_1_894' title='bbox 2870 4551 2951 4606; x_wconf 85' lang='lat' dir='ltr'><strong>cui</strong></span> <span class='ocrx_word' id='word_1_895' title='bbox 2985 4550 3324 4621; x_wconf 73' lang='lat' dir='ltr'><strong>prmceperit,</strong></span> <span class='ocrx_word' id='word_1_896' title='bbox 3355 4565 3452 4604; x_wconf 85' lang='lat' dir='ltr'><strong>nec</strong></span> <span class='ocrx_word' id='word_1_897' title='bbox 3495 4552 3580 4603; x_wconf 88' lang='lat' dir='ltr'><strong>cui</strong></span> 
     </span>
    </p>
   </div>
   <div class='ocr_carea' id='block_1_108' title="bbox 1989 4642 3581 4711">
    <p class='ocr_par' dir='ltr' id='par_1_108' title="bbox 1989 4642 3581 4711">
     <span class='ocr_line' id='line_1_108' title="bbox 1989 4642 3581 4711; baseline -0.008 -8"><span class='ocrx_word' id='word_1_898' title='bbox 1989 4649 2338 4703; x_wconf 66' lang='lat' dir='ltr'><strong>tnandavm‘it.</strong></span> <span class='ocrx_word' id='word_1_899' title='bbox 2371 4646 2522 4710; x_wconf 84' lang='lat' dir='ltr'><strong>Quod</strong></span> <span class='ocrx_word' id='word_1_900' title='bbox 2551 4647 2592 4698; x_wconf 91' lang='lat' dir='ltr'><strong>si</strong></span> <span class='ocrx_word' id='word_1_901' title='bbox 2626 4645 2834 4697; x_wconf 85' lang='lat' dir='ltr'><strong>Patrem</strong></span> <span class='ocrx_word' id='word_1_902' title='bbox 2871 4644 3089 4708; x_wconf 78' lang='lat' dir='ltr'><strong>revelat,</strong></span> <span class='ocrx_word' id='word_1_903' title='bbox 3115 4651 3164 4695; x_wconf 88' lang='lat' dir='ltr'><strong>et</strong></span> <span class='ocrx_word' id='word_1_904' title='bbox 3197 4642 3430 4711; x_wconf 61' lang='lat' dir='ltr'><strong>scipsutn</strong></span> <span class='ocrx_word' id='word_1_905' title='bbox 3453 4657 3581 4710; x_wconf 83' lang='lat' dir='ltr'><strong>quo-</strong></span> 
     </span>
    </p>
   </div>
   <div class='ocr_carea' id='block_1_109' title="bbox 1988 4734 3582 4811">
    <p class='ocr_par' dir='ltr' id='par_1_109' title="bbox 1988 4734 3582 4811">
     <span class='ocr_line' id='line_1_109' title="bbox 1988 4734 3582 4811; baseline -0.006 -16"><span class='ocrx_word' id='word_1_906' title='bbox 1988 4758 2108 4811; x_wconf 85' lang='lat' dir='ltr'><strong>que.</strong></span> <span class='ocrx_word' id='word_1_907' title='bbox 2142 4741 2336 4794; x_wconf 81' lang='lat' dir='ltr'><strong>Verum</strong></span> <span class='ocrx_word' id='word_1_908' title='bbox 2372 4739 2498 4792; x_wconf 89' lang='lat' dir='ltr'><strong>illud</strong></span> <span class='ocrx_word' id='word_1_909' title='bbox 2530 4738 2743 4807; x_wconf 90' lang='lat' dir='ltr'><strong>quidem</strong></span> <span class='ocrx_word' id='word_1_910' title='bbox 2770 4735 2918 4804; x_wconf 83' lang='lat' dir='ltr'><strong>quasi</strong></span> <span class='ocrx_word' id='word_1_911' title='bbox 2951 4735 3001 4786; x_wconf 90' lang='lat' dir='ltr'><strong>in</strong></span> <span class='ocrx_word' id='word_1_912' title='bbox 3029 4735 3275 4788; x_wconf 78' lang='lat' dir='ltr'><strong>confesso</strong></span> <span class='ocrx_word' id='word_1_913' title='bbox 3319 4735 3386 4787; x_wconf 90' lang='lat' dir='ltr'><strong>sit</strong></span> <span class='ocrx_word' id='word_1_914' title='bbox 3419 4734 3582 4786; x_wconf 86' lang='lat' dir='ltr'><strong>relin-</strong></span> 
     </span>
    </p>
   </div>
   <div class='ocr_carea' id='block_1_110' title="bbox 1989 4823 3585 4902">
    <p class='ocr_par' dir='ltr' id='par_1_110' title="bbox 1989 4823 3585 4902">
     <span class='ocr_line' id='line_1_110' title="bbox 1989 4823 3585 4902; baseline -0.004 -17"><span class='ocrx_word' id='word_1_915' title='bbox 1989 4835 2120 4902; x_wconf 84' lang='lat' dir='ltr'><strong>quit,</strong></span> <span class='ocrx_word' id='word_1_916' title='bbox 2153 4833 2251 4885; x_wconf 90' lang='lat' dir='ltr'><strong>boc</strong></span> <span class='ocrx_word' id='word_1_917' title='bbox 2282 4847 2411 4884; x_wconf 89' lang='lat' dir='ltr'><strong>vero</strong></span> <span class='ocrx_word' id='word_1_918' title='bbox 2435 4831 2629 4898; x_wconf 89' lang='lat' dir='ltr'><strong>posuit,</strong></span> <span class='ocrx_word' id='word_1_919' title='bbox 2657 4835 2819 4895; x_wconf 89' lang='lat' dir='ltr'><strong>atque</strong></span> <span class='ocrx_word' id='word_1_920' title='bbox 2847 4825 3042 4895; x_wconf 90' lang='lat' dir='ltr'><strong>ubique</strong></span> <span class='ocrx_word' id='word_1_921' title='bbox 3068 4823 3215 4890; x_wconf 88' lang='lat' dir='ltr'><strong>dicit,</strong></span> <span class='ocrx_word' id='word_1_922' title='bbox 3240 4835 3296 4879; x_wconf 89' lang='grc' dir='ltr'><strong>ιιι</strong></span> <span class='ocrx_word' id='word_1_923' title='bbox 3324 4840 3444 4877; x_wconf 88' lang='lat' dir='ltr'><strong>cum</strong></span> <span class='ocrx_word' id='word_1_924' title='bbox 3474 4825 3544 4878; x_wconf 85' lang='lat' dir='ltr'><strong>ait</strong></span> <span class='ocrx_word' id='word_1_925' title='bbox 3571 4843 3585 4879; x_wconf 89' lang='lat'><strong>:</strong></span> 
     </span>
    </p>
   </div>
   <div class='ocr_carea' id='block_1_111' title="bbox 1994 4915 3590 4990">
    <p class='ocr_par' dir='ltr' id='par_1_111' title="bbox 1994 4915 3590 4990">
     <span class='ocr_line' id='line_1_111' title="bbox 1994 4915 3590 4990; baseline -0.003 -12"><span class='ocrx_word' id='word_1_926' title='bbox 1994 4925 2158 4978; x_wconf 62' lang='lat' dir='ltr'><strong>Nemo</strong></span> <span class='ocrx_word' id='word_1_927' title='bbox 2191 4933 2347 4990; x_wconf 79' lang='lat' dir='ltr'><strong>potest</strong></span> <span class='ocrx_word' id='word_1_928' title='bbox 2371 4921 2538 4974; x_wconf 79' lang='lat' dir='ltr'><strong>venire</strong></span> <span class='ocrx_word' id='word_1_929' title='bbox 2561 4920 2627 4972; x_wconf 90' lang='lat' dir='ltr'><strong>ad</strong></span> <span class='ocrx_word' id='word_1_930' title='bbox 2663 4917 2866 4970; x_wconf 86' lang='lat' dir='ltr'><strong>Patrem</strong></span> <span class='ocrx_word' id='word_1_931' title='bbox 2891 4959 2905 4983; x_wconf 90' lang='lat'><strong>,</strong></span> <span class='ocrx_word' id='word_1_932' title='bbox 2944 4917 3038 4968; x_wconf 76' lang='lat' dir='ltr'><strong>nisi</strong></span> <span class='ocrx_word' id='word_1_933' title='bbox 3079 4935 3166 4984; x_wconf 86' lang='lat' dir='ltr'><strong>per</strong></span> <span class='ocrx_word' id='word_1_934' title='bbox 3200 4934 3295 4969; x_wconf 82' lang='lat' dir='ltr'><strong>me.</strong></span> <span class='ocrx_word' id='word_1_935' title='bbox 3329 4917 3430 4970; x_wconf 86' lang='lat' dir='ltr'><strong>Per</strong></span> <span class='ocrx_word' id='word_1_936' title='bbox 3470 4915 3590 4973; x_wconf 71' lang='lat' dir='ltr'><strong>htrc</strong></span> 
     </span>
    </p>
   </div>
   <div class='ocr_carea' id='block_1_112' title="bbox 1990 5009 3590 5081">
    <p class='ocr_par' dir='ltr' id='par_1_112' title="bbox 1990 5009 3590 5081">
     <span class='ocr_line' id='line_1_112' title="bbox 1990 5009 3590 5081; baseline -0.005 -13"><span class='ocrx_word' id='word_1_937' title='bbox 1990 5027 2168 5068; x_wconf 79' lang='lat' dir='ltr'><strong>autem</strong></span> <span class='ocrx_word' id='word_1_938' title='bbox 2199 5014 2341 5066; x_wconf 91' lang='lat' dir='ltr'><strong>aliud</strong></span> <span class='ocrx_word' id='word_1_939' title='bbox 2365 5026 2576 5081; x_wconf 79' lang='lat' dir='ltr'><strong>quoque</strong></span> <span class='ocrx_word' id='word_1_940' title='bbox 2607 5010 2900 5072; x_wconf 80' lang='lat' dir='ltr'><strong>constituit,</strong></span> <span class='ocrx_word' id='word_1_941' title='bbox 2931 5010 3070 5078; x_wconf 88' lang='lat' dir='ltr'><strong>quod</strong></span> <span class='ocrx_word' id='word_1_942' title='bbox 3099 5009 3477 5075; x_wconf 79' lang='lat' dir='ltr'><strong>ejusdemcum</strong></span> <span class='ocrx_word' id='word_1_943' title='bbox 3499 5009 3590 5061; x_wconf 80' lang='lat' dir='ltr'><strong>illo</strong></span> 
     </span>
    </p>
   </div>
   <div class='ocr_carea' id='block_1_113' title="bbox 1991 5100 3586 5166">
    <p class='ocr_par' dir='ltr' id='par_1_113' title="bbox 1991 5100 3586 5166">
     <span class='ocr_line' id='line_1_113' title="bbox 1991 5100 3586 5166; baseline -0.008 -3"><span class='ocrx_word' id='word_1_944' title='bbox 1991 5110 2059 5163; x_wconf 88' lang='lat' dir='ltr'><strong>sit</strong></span> <span class='ocrx_word' id='word_1_945' title='bbox 2095 5105 2381 5161; x_wconf 77' lang='lat' dir='ltr'><strong>voluntatis</strong></span> <span class='ocrx_word' id='word_1_946' title='bbox 2417 5119 2479 5158; x_wconf 83' lang='lat' dir='ltr'><strong>ac</strong></span> <span class='ocrx_word' id='word_1_947' title='bbox 2509 5102 2806 5158; x_wconf 63' lang='lat' dir='ltr'><strong>sententia‘.</strong></span> <span class='ocrx_word' id='word_1_948' title='bbox 2839 5101 3064 5154; x_wconf 87' lang='lat' dir='ltr'><strong>Tantum</strong></span> <span class='ocrx_word' id='word_1_949' title='bbox 3097 5101 3282 5159; x_wconf 83' lang='lat' dir='ltr'><strong>abest.</strong></span> <span class='ocrx_word' id='word_1_950' title='bbox 3315 5100 3501 5166; x_wconf 84' lang='lat' dir='ltr'><strong>inquit,</strong></span> <span class='ocrx_word' id='word_1_951' title='bbox 3538 5111 3586 5152; x_wconf 92' lang='lat' dir='ltr'><strong>ut</strong></span> 
     </span>
    </p>
   </div>
   <div class='ocr_carea' id='block_1_114' title="bbox 1993 5191 3589 5267">
    <p class='ocr_par' dir='ltr' id='par_1_114' title="bbox 1993 5191 3589 5267">
     <span class='ocr_line' id='line_1_114' title="bbox 1993 5191 3589 5267; baseline -0.008 -11"><span class='ocrx_word' id='word_1_952' title='bbox 1993 5217 2112 5256; x_wconf 83' lang='lat' dir='ltr'><strong>cum</strong></span> <span class='ocrx_word' id='word_1_953' title='bbox 2142 5201 2232 5252; x_wconf 92' lang='lat' dir='ltr'><strong>illo</strong></span> <span class='ocrx_word' id='word_1_954' title='bbox 2263 5212 2488 5267; x_wconf 86' lang='lat' dir='ltr'><strong>pugnem</strong></span> <span class='ocrx_word' id='word_1_955' title='bbox 2510 5235 2525 5260; x_wconf 91' lang='lat'><strong>,</strong></span> <span class='ocrx_word' id='word_1_956' title='bbox 2553 5202 2607 5246; x_wconf 91' lang='lat' dir='ltr'><strong>ut</strong></span> <span class='ocrx_word' id='word_1_957' title='bbox 2634 5208 2737 5245; x_wconf 85' lang='lat' dir='ltr'><strong>non</strong></span> <span class='ocrx_word' id='word_1_958' title='bbox 2768 5193 2933 5262; x_wconf 82' lang='lat' dir='ltr'><strong>possit</strong></span> <span class='ocrx_word' id='word_1_959' title='bbox 2962 5191 3080 5259; x_wconf 90' lang='lat' dir='ltr'><strong>quis</strong></span> <span class='ocrx_word' id='word_1_960' title='bbox 3104 5191 3168 5242; x_wconf 88' lang='lat' dir='ltr'><strong>ad</strong></span> <span class='ocrx_word' id='word_1_961' title='bbox 3199 5191 3342 5243; x_wconf 87' lang='lat' dir='ltr'><strong>illntn</strong></span> <span class='ocrx_word' id='word_1_962' title='bbox 3368 5192 3552 5243; x_wconf 75' lang='lat' dir='ltr'><strong>venire</strong></span> <span class='ocrx_word' id='word_1_963' title='bbox 3577 5234 3589 5251; x_wconf 85' lang='lat'><strong>.</strong></span> 
     </span>
    </p>
   </div>
   <div class='ocr_carea' id='block_1_115' title="bbox 1997 5283 3590 5360">
    <p class='ocr_par' dir='ltr' id='par_1_115' title="bbox 1997 5283 3590 5360">
     <span class='ocr_line' id='line_1_115' title="bbox 1997 5283 3590 5360; baseline -0.008 -14"><span class='ocrx_word' id='word_1_964' title='bbox 1997 5295 2095 5346; x_wconf 78' lang='lat' dir='ltr'><strong>nisi</strong></span> <span class='ocrx_word' id='word_1_965' title='bbox 2144 5309 2236 5360; x_wconf 84' lang='lat' dir='ltr'><strong>per</strong></span> <span class='ocrx_word' id='word_1_966' title='bbox 2263 5307 2369 5344; x_wconf 90' lang='lat' dir='ltr'><strong>me.</strong></span> <span class='ocrx_word' id='word_1_967' title='bbox 2403 5289 2531 5356; x_wconf 83' lang='lat' dir='ltr'><strong>Quia</strong></span> <span class='ocrx_word' id='word_1_968' title='bbox 2568 5287 2707 5340; x_wconf 84' lang='lat' dir='ltr'><strong>enim</strong></span> <span class='ocrx_word' id='word_1_969' title='bbox 2761 5284 2810 5337; x_wconf 83' lang='lat' dir='ltr'><strong>id</strong></span> <span class='ocrx_word' id='word_1_970' title='bbox 2855 5285 3083 5336; x_wconf 74' lang='lat' dir='ltr'><strong>maxime</strong></span> <span class='ocrx_word' id='word_1_971' title='bbox 3133 5283 3232 5335; x_wconf 91' lang='lat' dir='ltr'><strong>illis</strong></span> <span class='ocrx_word' id='word_1_972' title='bbox 3267 5285 3387 5334; x_wconf 66' lang='lat' dir='ltr'><strong>ohe.</strong></span> <span class='ocrx_word' id='word_1_973' title='bbox 3417 5284 3590 5337; x_wconf 68' lang='grc' dir='ltr'><strong>ιιωι..</strong></span> 
     </span>
    </p>
   </div>
   <div class='ocr_carea' id='block_1_116' title="bbox 1996 5373 3597 5452">
    <p class='ocr_par' dir='ltr' id='par_1_116' title="bbox 1996 5373 3597 5452">
     <span class='ocr_line' id='line_1_116' title="bbox 1996 5373 3597 5452; baseline -0.006 -15"><span class='ocrx_word' id='word_1_974' title='bbox 1996 5396 2129 5445; x_wconf 76' lang='lat' dir='ltr'><strong>erat,</strong></span> <span class='ocrx_word' id='word_1_975' title='bbox 2181 5382 2320 5452; x_wconf 90' lang='lat' dir='ltr'><strong>quod</strong></span> <span class='ocrx_word' id='word_1_976' title='bbox 2369 5381 2635 5434; x_wconf 84' lang='lat' dir='ltr'><strong>videretur</strong></span> <span class='ocrx_word' id='word_1_977' title='bbox 2685 5377 2792 5432; x_wconf 86' lang='lat' dir='ltr'><strong>Deo</strong></span> <span class='ocrx_word' id='word_1_978' title='bbox 2838 5375 3175 5429; x_wconf 65' lang='lat' dir='ltr'><strong>adversarius</strong></span> <span class='ocrx_word' id='word_1_979' title='bbox 3224 5389 3361 5436; x_wconf 81' lang='lat' dir='ltr'><strong>esse,</strong></span> <span class='ocrx_word' id='word_1_980' title='bbox 3397 5373 3445 5427; x_wconf 87' lang='lat' dir='ltr'><strong>id</strong></span> <span class='ocrx_word' id='word_1_981' title='bbox 3501 5389 3597 5443; x_wconf 86' lang='lat' dir='ltr'><strong>per</strong></span> 
     </span>
    </p>
   </div>
   <div class='ocr_carea' id='block_1_117' title="bbox 1997 5465 3591 5534">
    <p class='ocr_par' dir='ltr' id='par_1_117' title="bbox 1997 5465 3591 5534">
     <span class='ocr_line' id='line_1_117' title="bbox 1997 5465 3591 5534; baseline -0.011 -5"><span class='ocrx_word' id='word_1_982' title='bbox 1997 5476 2172 5529; x_wconf 89' lang='lat' dir='ltr'><strong>omnia</strong></span> <span class='ocrx_word' id='word_1_983' title='bbox 2214 5472 2478 5534; x_wconf 80' lang='lat' dir='ltr'><strong>confutat,</strong></span> <span class='ocrx_word' id='word_1_984' title='bbox 2514 5485 2610 5524; x_wconf 81' lang='lat' dir='ltr'><strong>nec</strong></span> <span class='ocrx_word' id='word_1_985' title='bbox 2649 5471 2820 5522; x_wconf 74' lang='lat' dir='ltr'><strong>minus</strong></span> <span class='ocrx_word' id='word_1_986' title='bbox 2864 5467 2962 5518; x_wconf 82' lang='lat' dir='ltr'><strong>hoc</strong></span> <span class='ocrx_word' id='word_1_987' title='bbox 2993 5465 3208 5517; x_wconf 69' lang='lat' dir='ltr'><strong>curabat</strong></span> <span class='ocrx_word' id='word_1_988' title='bbox 3254 5479 3408 5531; x_wconf 80' lang='lat' dir='ltr'><strong>quam</strong></span> <span class='ocrx_word' id='word_1_989' title='bbox 3442 5467 3591 5532; x_wconf 78' lang='lat' dir='ltr'><strong>signa</strong></span> 
     </span>
    </p>
   </div>
   <div class='ocr_carea' id='block_1_118' title="bbox 1999 5555 3592 5628">
    <p class='ocr_par' dir='ltr' id='par_1_118' title="bbox 1999 5555 3592 5628">
     <span class='ocr_line' id='line_1_118' title="bbox 1999 5555 3592 5628; baseline -0.011 -8"><span class='ocrx_word' id='word_1_990' title='bbox 1999 5569 2174 5626; x_wconf 72' lang='lat' dir='ltr'><strong>edere,</strong></span> <span class='ocrx_word' id='word_1_991' title='bbox 2214 5568 2317 5617; x_wconf 66' lang='lat' dir='ltr'><strong>imo</strong></span> <span class='ocrx_word' id='word_1_992' title='bbox 2349 5564 2518 5628; x_wconf 81' lang='lat' dir='ltr'><strong>majus</strong></span> <span class='ocrx_word' id='word_1_993' title='bbox 2548 5577 2606 5616; x_wconf 85' lang='lat' dir='ltr'><strong>ea</strong></span> <span class='ocrx_word' id='word_1_994' title='bbox 2641 5563 2690 5614; x_wconf 88' lang='lat' dir='ltr'><strong>in</strong></span> <span class='ocrx_word' id='word_1_995' title='bbox 2725 5576 2781 5613; x_wconf 89' lang='lat' dir='ltr'><strong>re</strong></span> <span class='ocrx_word' id='word_1_996' title='bbox 2808 5557 3038 5611; x_wconf 80' lang='lat' dir='ltr'><strong>studium</strong></span> <span class='ocrx_word' id='word_1_997' title='bbox 3064 5555 3423 5622; x_wconf 73' lang='lat' dir='ltr'><strong>itttpcttdeb..i.</strong></span> <span class='ocrx_word' id='word_1_998' title='bbox 3459 5555 3592 5606; x_wconf 51' lang='lat' dir='ltr'><strong>tium</strong></span> 
     </span>
    </p>
   </div>
   <div class='ocr_carea' id='block_1_119' title="bbox 2003 5646 3594 5723">
    <p class='ocr_par' dir='ltr' id='par_1_119' title="bbox 2003 5646 3594 5723">
     <span class='ocr_line' id='line_1_119' title="bbox 2003 5646 3594 5723; baseline -0.003 -19"><span class='ocrx_word' id='word_1_999' title='bbox 2003 5671 2159 5723; x_wconf 72' lang='lat' dir='ltr'><strong>porro</strong></span> <span class='ocrx_word' id='word_1_1000' title='bbox 2198 5656 2343 5718; x_wconf 76' lang='lat' dir='ltr'><strong>dicit,</strong></span> <span class='ocrx_word' id='word_1_1001' title='bbox 2376 5653 2550 5720; x_wconf 66' lang='lat' dir='ltr'><strong>Neque</strong></span> <span class='ocrx_word' id='word_1_1002' title='bbox 2579 5653 2779 5704; x_wconf 65' lang='lat' dir='ltr'><strong>Pati-ra:</strong></span> <span class='ocrx_word' id='word_1_1003' title='bbox 2818 5651 2925 5718; x_wconf 75' lang='lat' dir='ltr'><strong>quis</strong></span> <span class='ocrx_word' id='word_1_1004' title='bbox 2961 5648 3113 5710; x_wconf 71' lang='lat' dir='ltr'><strong>norit,</strong></span> <span class='ocrx_word' id='word_1_1005' title='bbox 3142 5648 3235 5698; x_wconf 85' lang='lat' dir='ltr'><strong>nisi</strong></span> <span class='ocrx_word' id='word_1_1006' title='bbox 3271 5646 3452 5708; x_wconf 78' lang='lat' dir='ltr'><strong>Filius,</strong></span> <span class='ocrx_word' id='word_1_1007' title='bbox 3489 5660 3594 5699; x_wconf 88' lang='lat' dir='ltr'><strong>non</strong></span> 
     </span>
    </p>
   </div>
   <div class='ocr_carea' id='block_1_120' title="bbox 2070 5831 2874 5895">
    <p class='ocr_par' dir='ltr' id='par_1_120' title="bbox 2070 5831 2874 5895">
     <span class='ocr_line' id='line_1_120' title="bbox 2070 5831 2874 5895; baseline -0.014 -10"><span class='ocrx_word' id='word_1_1008' title='bbox 2070 5842 2079 5868; x_wconf 88' lang='grc'>¹</span> <span class='ocrx_word' id='word_1_1009' title='bbox 2123 5836 2226 5895; x_wconf 83' lang='lat' dir='ltr'><strong>.tlii,</strong></span> <span class='ocrx_word' id='word_1_1010' title='bbox 2252 5842 2450 5884; x_wconf 68' lang='lat' dir='ltr'><strong>mentem</strong></span> <span class='ocrx_word' id='word_1_1011' title='bbox 2475 5840 2604 5881; x_wconf 78' lang='lat' dir='ltr'><strong>tuam</strong></span> <span class='ocrx_word' id='word_1_1012' title='bbox 2635 5831 2874 5893; x_wconf 67' lang='lat' dir='ltr'><strong>aperiens.</strong></span> 
     </span>
    </p>
   </div>
  </div>
