4080 6474
539 430 640 488 451

537 541 753 603 indicat,
799 535 950 591 illum
989 546 1173 588 omnes
1217 528 1479 602 ignorare,
1508 523 1602 581 sed
1646 518 1912 576 neminem
1961 513 2100 603 illam

539 600 754 694 habere,
783 642 940 698 quam
973 627 1085 694 ipse
1109 600 1343 685 haberet,
1377 616 1615 691 notitiam
1645 607 1823 681 :quod
1850 600 2106 698 etiam-de

539 720 673 778 lt'ilio
705 694 1005 774 dicendum.
1041 713 1222 783 Neque
1267 711 1408 767 enim
1438 709 1504 762 de
1547 707 1726 774 ignoto
1749 707 1804 754 et
1831 712 1861 751 a
1893 694 2107 750 nemine

533 797 746 879 cognito
771 808 874 863 deo
901 805 1010 859 haec
1043 802 1270 868 dicebat,
1301 809 1358 855 ut
1392 797 1617 853 Marcion
1657 789 1864 850 asserit.
1893 783 2105 879 sedne-

492 903 503 916 ‘
537 875 776 954 curatam
797 898 884 952 hic
915 895 1212 952 subindicat
1238 891 1589 963 cognitionem
1620 902 1633 939 :
1659 897 1780 938 nam
1811 894 1878 936 ne
1913 875 2104 931 Filium

536 988 745 1058 quidem
771 987 1140 1056 cognoscimus
1179 991 1234 1038 ut
1262 994 1418 1037 nosse
1445 983 1654 1047 oportet
1679 992 1693 1028 :
1725 981 1779 1027 et
1809 971 1908 1023 hoc
1933 966 2106 1036 ipsum

536 1079 730 1134 Paulus
771 1078 848 1132 sic
888 1075 1233 1132 declarabat:
1265 1066 1348 1126 Es
1383 1079 1524 1139 parte
1565 1063 1926 1134 cegnoscimus,
1958 1066 2004 1110 et
2045 1071 2109 1108 ea:

537 1178 677 1238 parte
720 1168 1071 1239 prophetarum
1097 1163 1173 1232 (Ι.
1205 1161 1323 1217 Cor.
1359 1161 1444 1214 15.
1484 1157 1595 1225 η).
1629 1151 1826 1209 Deinde
1853 1163 1972 1204 cum
2014 1159 2110 1215 per

534 1272 599 1314 ca
626 1274 744 1328 quae
776 1258 987 1310 dixerat
1024 1256 1150 1324 ipsis
1187 1251 1504 1308 desiderium
1533 1246 1829 1308 indidisset,
1855 1250 2112 1328 suamque

534 1326 854 1404 ineffabilem
882 1348 1170 1416 potentiam
1202 1343 1637 1404 demonstrasset,
1670 1346 1796 1389 tttnc
1820 1329 2023 1386 vocavit
2046 1326 2108 1380 il-

533 1439 616 1494 los
657 1439 879 1492 dicens:
912 1437 1002 1492 ΞΒ.
1042 1435 1215 1490 Venite
1257 1434 1324 1487 ad
1356 1448 1434 1488 me
1457 1444 1626 1484 omnes
1656 1426 1741 1495 qui
1781 1419 2018 1478 laboratis
2061 1427 2107 1470 et

533 1535 726 1587 onerati
751 1533 887 1590 estis.
911 1539 959 1584 et
1000 1544 1088 1598 ego
1126 1527 1346 1592 reﬁciam
1384 1537 1490 1575 vos.
1521 1519 1634 1573 Non
1663 1516 1747 1570 hic
1775 1523 1830 1568 et
1874 1511 1984 1576 ille,
2015 1507 2108 1563 sed

534 1636 722 1676 omnes
741 1619 895 1690 quiin
914 1614 1284 1679 sollicitudine,
1311 1613 1360 1666 in
1383 1609 1610 1708 tristitia,
1633 1607 1686 1661 in
1714 1603 1941 1674 peccatis
1959 1600 2107 1656 estis.

542 1711 743 1775 Venite,
770 1705 875 1761 neu
903 1714 959 1760 ut
987 1719 1170 1774 prunas
1211 1708 1475 1772 expetam,
1506 1691 1598 1754 5.3a
1645 1707 1700 1751 ut
1742 1704 1954 1766 peccata
1997 1691 2111 1745 sol-

537 1815 656 1855 vam
681 1815 694 1865 ;
725 1800 922 1859 venite,
949 1813 1051 1852 non
1080 1794 1218 1865 quod
1241 1795 1406 1864 gloria
1430 1801 1601 1847 vestra
1629 1803 1832 1858 egeam,
1856 1785 1946 1841 sed
1968 1781 2109 1852 quod

532 1890 758 1946 salutem
784 1886 1228 1941 vestramsitiam.
1247 1881 1381 1953 Ego,
1408 1881 1595 1951 inquit,
1619 1877 1841 1945 reﬁciam
1866 1890 1968 1929 vos.
1993 1871 2108 1926 Non

535 1980 629 2046 ait,
676 1978 861 2032 Salvos
902 1977 1127 2040 faciam;
1159 1974 1252 2030 sed
1297 1972 1438 2042 quod
1479 1971 1646 2025 multo
1694 1967 1860 2036 magis
1904 1973 2020 2029 est,
2056 1963 2110 2016 In

532 2063 679 2126 omni
706 2071 884 2140 quiete
914 2068 1252 2123 constituam.
1277 2065 1369 2120 29.
1398 2063 1581 2118 Tollite
1611 2063 1792 2131 jugum
1832 2073 1992 2112 meum
2021 2073 2110 2110 su-

534 2177 625 2230 per
649 2175 753 2225 vos,
777 2169 822 2212 ct
849 2159 1020 2212 discite
1042 2173 1071 2209 a
1093 2173 1188 2221 me,
1207 2156 1326 2218 quia
1349 2155 1479 2208 mitis
1503 2161 1680 2206 sumet
1707 2149 1908 2201 humilis
1928 2146 2113 2210 corde;

532 2258 581 2302 ct
606 2245 859 2300 invenietis
888 2246 1106 2312 requiem
1139 2242 1401 2296 animabus
1425 2241 1612 2294 vestris.
1641 2238 1730 2293 30.
1761 2235 1954 2306 Iugum
1981 2235 2114 2288 enim

534 2353 696 2392 meum
720 2350 868 2389 suane
893 2345 986 2402 est,
1007 2344 1052 2388 et
1077 2350 1202 2388 onus
1240 2348 1402 2386 meum
1420 2331 1539 2386 leue.
1559 2328 1636 2384 Ne
1655 2328 1902 2389 linteatis,
1924 2325 2109 2393 inquit,

531 2440 653 2481 cum
686 2427 870 2495 jugnm
908 2424 1099 2478 auditis
1127 2441 1140 2476 :
1169 2437 1329 2477 suave
1355 2422 1548 2491 quippe
1578 2429 1695 2482 est;
1730 2432 1794 2472 ne
1820 2414 2114 2471 l‘ormidetis

532 2521 654 2589 quia
686 2518 815 2582 dixi,
845 2533 1018 2572 onus:
1051 2518 1166 2572 leve
1208 2517 1400 2586 quippe
1431 2525 1530 2569 est.
1563 2514 1629 2567 Et
1659 2511 1926 2581 quomoda
1957 2523 2114 2576 supra

533 2609 701 2663 dixit:
732 2609 957 2678 Angusta
997 2618 1068 2660 es:
1095 2615 1275 2675 porta,
1307 2614 1354 2658 et
1381 2616 1521 2657 arcta
1562 2604 1640 2656 via
1661 2601 1871 2669 (.llatth.
1897 2602 1947 2654 7.
1981 2599 2065 2666 14)
2093 2597 2118 2649 ?

530 2699 733 2769 Nempe
775 2701 818 2754 si
846 2699 1020 2769 segnis
1056 2699 1130 2752 sis
1153 2737 1170 2763 ,
1200 2701 1244 2750 si
1275 2695 1565 2751 remissus:
1612 2693 1736 2746 utsi
1779 2707 1935 2759 supra
1976 2691 2114 2744 dicta

533 2790 855 2862 perfeceris,
885 2791 998 2845 leve
1021 2789 1126 2844 erit
1153 2803 1327 2850 onus;
1374 2786 1572 2840 idcirco
1600 2799 1740 2839 nunc
1779 2783 1905 2837 illud
1933 2782 2114 2850 hujus-

536 2883 681 2937 modi
701 2897 819 2938 esse
847 2882 999 2936 dixit.
1025 2880 1301 2948 Quomodo
1327 2888 1501 2934 autem
1530 2878 1579 2932 id
1604 2877 1913 2948 perﬁcitur?
1945 2875 1998 2930 Si
2028 2875 2116 2926 hn-

533 2974 674 3029 milis
696 2973 876 3037 foeris,
906 2982 1212 3027 mansuetus
1238 2979 1289 3025 et
1317 2969 1612 3024 modestus.
1643 2969 1767 3022 llarc
1792 2967 1984 3037 quippe
2011 2965 2116 3017 vir-

534 3074 617 3119 tus
648 3074 815 3119 mater
856 3072 936 3116 est
978 3062 1152 3117 omnis
1195 3059 1565 3128 phil050phim.
1595 3059 1927 3126 Quapropter
1973 3056 2116 3124 leges

533 3154 741 3208 divinas
780 3153 1046 3218 cll‘erens,
1080 3152 1201 3204 hinc
1253 3150 1455 3216 incipit.
1502 3150 1595 3204 llic
1643 3162 1853 3219 quoque
1903 3159 2112 3200 rursum

536 3246 764 3312 idipsum
814 3244 972 3306 Lcit,
1026 3257 1375 3311 magnamque
1427 3242 1574 3310 ponit
1623 3240 1942 3294 mercedem.
1999 3236 2111 3290 Non

535 3344 736 3388 tantum
762 3334 923 3401 enim,
951 3333 1136 3401 inquit,
1163 3331 1316 3385 alteri
1341 3331 1482 3385 utilis
1506 3332 1631 3393 eris,
1658 3330 1749 3384 sed
1776 3340 1899 3383 ante
1928 3342 2113 3382 omnes

536 3426 630 3482 tibi
663 3428 898 3495 requiem
930 3439 1103 3493 paras.
1148 3423 1414 3477 Invenietis
1442 3425 1581 3478 enim
1607 3425 1824 3493 requiem
1851 3423 2113 3476 animabus

535 3519 727 3572 vestris.
757 3521 890 3570 Ante
917 3516 1090 3569 futura
1117 3516 1224 3585 jam
1249 3515 1333 3569 hic
1361 3517 1450 3569 tibi
1472 3515 1900 3578 datmereedetn,
1923 3523 1975 3566 ct
1995 3514 2114 3566 bra.

538 3611 678 3662 vium
712 3623 848 3662 nunc
875 3609 1075 3676 prmbct
1105 3625 1117 3658 :
1148 3616 1305 3675 atque
1349 3607 1470 3660 hinc
1505 3615 1560 3660 et
1584 3605 1723 3675 quod
1765 3605 1994 3674 seipsum
2026 3603 2116 3657 dct

537 3700 592 3752 in
621 3697 938 3765 exemplum.
967 3711 1266 3751 sermonem
1297 3695 1466 3750 reddit
1490 3697 1865 3764 acceptiorem.

610 3787 662 3841 5.
691 3786 824 3852 Quid
865 3787 1004 3840 enim
1039 3785 1231 3839 times?
1255 3785 1457 3852 inquit;
1487 3801 1552 3839 ne
1582 3785 1756 3838 minor
1795 3783 2037 3837 habcaris
2067 3783 2108 3834 si

531 3880 607 3933 eis
633 3864 884 3932 humilis?
931 3877 1013 3931 Me
1046 3877 1248 3944 rcSpice
1275 3883 1328 3928 ct
1356 3890 1470 3928 mea
1503 3876 1677 3928 omnia
1707 3890 1735 3928 a
1778 3889 1862 3927 me
1900 3873 2108 3935 discito,

532 3981 585 4023 ct
623 3977 748 4021 tunc
776 3967 918 4020 clare
946 3965 1084 4018 scies
1112 3973 1369 4033 quantum
1405 3964 1476 4016 sit
1503 3964 1732 4016 bonum.
1762 3961 1949 4016 Viden’
1976 3976 2110 4028 quo-

534 4057 696 4110 modo
721 4057 862 4110 omni
888 4071 951 4114 ex
983 4063 1126 4123 parte
1153 4053 1294 4121 ipsos
1323 4052 1531 4106 inducat
1561 4051 1627 4106 ad
1652 4051 2041 4106 humilitatem?
2067 4053 2110 4104 Α

532 4149 725 4219 quibus
769 4149 880 4216 ipse
925 4145 1090 4202 fecit:
1130 4145 1338 4208 Discite,
1385 4145 1572 4214 inquit,
1606 4162 1636 4198 a
1679 4161 1773 4207 me,
1818 4145 1934 4213 quia
1981 4144 2113 4196 mitis

532 4258 643 4296 sum
669 4258 685 4304 ;
713 4241 778 4294 ab
815 4240 876 4294 iis
905 4256 1023 4309 qua:
1055 4239 1155 4306 ipsi
1182 4236 1432 4290 lucratnri
1460 4247 1578 4289 sunt
1606 4254 1619 4288 :
1649 4249 1791 4297 nam,
1824 4233 2110 4296 Invenietis,

534 4333 725 4402 inquit,
751 4333 968 4396 requiem
1001 4327 1260 4381 animabus
1295 4327 1502 4391 vestris;
1527 4326 1592 4379 ab
1619 4326 1684 4379 iis
1710 4340 1826 4395 quae
1861 4326 1986 4391 ipsis
2015 4325 2116 4376 lar-

532 4425 677 4492 gitur
705 4441 716 4472 :
753 4422 994 4488 lie/icium
1024 4436 1132 4484 ros,
1164 4418 1366 4486 inquit;
1396 4418 1460 4472 ab
1485 4433 1550 4471 eo
1573 4417 1713 4486 quod
1743 4431 1878 4470 mins
1906 4417 2018 4470 leve
2039 4414 2115 4470 cf-

535 4515 719 4568 fccerit
749 4532 760 4566 :
791 4513 980 4580 Jngnm
1022 4511 1149 4564 enim
1180 4525 1340 4562 meum
1381 4524 1534 4562 mare
1559 4519 1633 4560 est
1654 4549 1667 4570 ,
1708 4517 1753 4560 et
1782 4523 1907 4560 onus
1953 4522 2116 4558 meum

538 4606 662 4657 leve.
696 4603 765 4656 Ita
813 4614 863 4656 ct
896 4602 1088 4656 Paulus
1117 4599 1304 4654 suadet
1344 4601 1527 4652 dicens
1570 4616 1581 4650 :
1627 4596 2032 4650 Momentaneum
2074 4607 2116 4648 et

536 4697 639 4748 lere
666 4692 1018 4756 tribulationis,
1051 4692 1173 4743 mire
1199 4700 1243 4743 et
1269 4704 1421 4759 supra
1448 4691 1648 4741 modum
1670 4700 1911 4741 mentum
1939 4686 2117 4754 qloritc

538 4786 733 4853 pondus
759 4792 998 4852 aperatur
1019 4784 1034 4848 (
1059 4781 1112 4835 2,
1138 4781 1254 4834 Cor.
1288 4781 1341 4834 tl.
1378 4779 1438 4832 ΓΙ
1459 4780 1498 4848 ).
1524 4779 1586 4833 ΕΙ.
1610 4779 1876 4847 quomodo
1900 4778 2013 4830 lere
2038 4786 2119 4829 est

536 4890 694 4938 antis,
726 4874 950 4941 inquies,
974 4887 1094 4925 cum
1124 4871 1265 4924 dicat
1293 4890 1303 4921 :
1343 4869 1459 4924 Nisi
1489 4871 1596 4937 quis
1629 4869 1742 4922 odio
1773 4868 1999 4921 habuerit
2027 4883 2115 4934 pa-

539 4978 663 5019 trem
700 4975 744 5017 ct
787 4975 1015 5025 matrem;
1039 4972 1110 5023 et,
1132 4962 1238 5034 Qui
1267 4980 1363 5015 non
1391 4963 1520 5014 toilit
1555 4978 1746 5014 crucem
1776 4977 1937 5024 suam,
1969 4970 2012 5011 et
2041 4975 2116 5011 se-

535 5057 704 5127 quitur
743 5070 838 5117 nte,
871 5071 968 5106 non
1012 5065 1078 5106 est
1111 5071 1187 5105 me
1211 5054 1434 5122 dignus;
1466 5063 1533 5116 et,
1571 5052 1670 5116 Qui
1715 5069 1812 5104 non
1863 5051 2115 5103 renuntiat

536 5147 764 5199 omnibus
794 5159 905 5210 quw
943 5144 1180 5210 possidet.
1216 5159 1314 5194 non
1354 5153 1513 5209 potest
1544 5157 1679 5194 meus
1708 5158 1810 5194 esse
1841 5141 2115 5207 discipulus

534 5238 705 5307 (Luc.
739 5237 822 5290 Η.
874 5236 961 5289 26.
995 5236 1084 5289 ‘27.
1115 5233 1256 5304 53);
1302 5250 1420 5287 cum
1468 5234 1648 5301 jnbcat
1701 5235 1861 5302 ipsam
1907 5249 2114 5301 quoque

534 5329 763 5381 animam
795 5326 916 5379 odio
946 5327 1180 5379 habere?
1205 5325 1277 5377 Te
1307 5325 1498 5378 Paulus
1526 5325 1712 5378 doceat
1739 5325 1921 5377 dicens
1946 5340 1956 5375 :
1992 5322 2114 5382 Quis

540 5436 629 5471 nos
661 5419 906 5486 separabit
954 5435 981 5468 a
1014 5418 1222 5468 caritate
1265 5417 1448 5470 Christi
1472 5417 1496 5470 ?
1535 5417 1786 5470 tribulatio
1808 5419 1834 5470 ?
1859 5435 1922 5471 an
1951 5433 2110 5486 angu-

534 5511 630 5562 stia
653 5508 678 5562 ?
702 5525 764 5560 an
789 5508 1106 5579 persecutio?
1136 5524 1204 5559 an
1233 5508 1433 5576 fames?
1463 5525 1526 5560 an
1557 5507 1756 5560 nndilas
1779 5509 1803 5560 ἶ)
1831 5524 1892 5558 an
1917 5508 2114 5576 pericu-

541 5601 641 5652 lum
664 5585 783 5652 ?'an
811 5597 1008 5667 gladius
1044 5596 1214 5666 (Rom.
1239 5598 1292 5651 8.
1325 5597 1456 5667 55)?
1485 5607 1554 5659 et,
1592 5597 1707 5650 Non
1726 5609 1836 5650 stml
1856 5598 2116 5666 candigmv

539 5689 791 5756 passiones
838 5687 989 5754 hujus
1028 5689 1264 5753 tetnporis
1307 5688 1373 5739 ad
1434 5692 1657 5757 futuram
1716 5687 1959 5757 gloriam,
2004 5702 2114 5755 qua:

532 5779 822 5832 νιτειτιωιητ
846 5769 896 5824 in
913 5770 1057 5826 nobis
1078 5772 1179 5842 (Ib.
1193 5774 1208 5826 l
1222 5771 1536 5842 8).Doccant
1553 5784 1602 5830 te
1619 5781 1704 5847 qui
1725 5798 1751 5833 a
1769 5780 2051 5835 conscssul
2062 5800 2115 5837 tt-

1312 415 1369 471 S.
1408 407 1685 470 JOANNIS
1720 400 2191 464 CHRYSOSTOMI
2227 396 2542 456 ABCBIEP.
2578 392 3107 450 CONSTAN‘I‘INOP.

3682 389 3780 443 43$

2212 509 2449 563 datorum
2476 512 2595 575 post
2641 501 2787 557 mille
2811 502 3033 557 verbera
3058 499 3299 557 redibant
3325 497 3633 562 (inridentes,
3671 497 3783 562 qlia

2209 600 2349 670 digni
2392 596 2548 651 habiti
2600 594 2801 664 fueram
2846 609 2937 661 pro
2971 595 3170 647 nomine
3213 589 3397 645 Christi
3437 588 3781 644 contumeliosa

2212 690 2316 759 pati
2342 688 2487 760 (Act.
2516 686 2568 742 5.
2598 685 2659 740 Η
2681 684 2722 755 ).
2749 682 2898 752 Quod
2931 684 2977 737 si
3017 683 3192 738 adhuc
3222 683 3375 737 times
3416 691 3470 735 et
3499 678 3749 734 formndas
3769 719 3784 741 ,

2206 777 2388 848 iugum
2419 783 2471 830 et
2490 788 2626 829 onus
2652 773 2891 838 audiens,
2915 787 3020 826 non
3045 787 3077 825 ι
3109 782 3297 827 natura
3321 771 3396 827 rei
3419 771 3578 823 timor
3600 769 3785 832 oritur,

2211 870 2305 925 sed
2332 883 2361 922 a
2394 878 2475 922 tua
2523 866 2789 935 segnitie;
2823 866 2890 920 ita
2919 874 2973 919 ut
2999 864 3044 918 si
3088 865 3164 918 sis
3202 871 3417 932 paratus
3445 870 3500 917 et
3527 859 3787 928 diligens,

2212 975 2388 1015 omnia
2416 957 2508 1013 tibi
2537 956 2709 1011 facilia
2737 965 2792 1010 et
2833 956 2962 1012 levia
2989 954 3165 1009 futura
3211 955 3337 1008 sint.
3369 952 3704 1022 Quapropter
3737 957 3790 1002 et

2211 1047 2450 1104 Christus
2475 1046 2765 1103 ostendens
2792 1047 2943 1102 nobis
2973 1059 3092 1100 esse
3118 1043 3487 1108 laborandum,
3519 1056 3626 1096 non
3672 1054 3796 1094 sua-

2213 1141 2298 1194 via
2331 1149 2528 1194 tantum
2561 1137 2754 1207 posuit,
2779 1151 2949 1206 neque
2970 1149 3192 1190 onerosa
3212 1134 3405 1197 solum,
3427 1133 3521 1187 sed
3549 1144 3794 1200 utraque.

2213 1231 2342 1287 Nam
2377 1241 2429 1287 et
2454 1231 2640 1302 jngum
2670 1231 2866 1299 posuit,
2895 1237 2950 1284 ct
2970 1243 3132 1283 suave
3161 1225 3289 1282 illud
3321 1227 3558 1292 vocavit,
3582 1234 3636 1280 et
3661 1237 3797 1278 onus

2213 1323 2537 1389 nominatit,
2575 1322 2883 1392 addiditque
2916 1323 3071 1384 leve;
3098 1336 3165 1374 ne
3203 1320 3287 1373 illa
3316 1325 3372 1372 ut
3409 1317 3674 1371 laboriosa
3717 1313 3798 1369 fu-

2213 1417 2344 1484 gias,
2369 1430 2503 1470 neve
2531 1423 2588 1468 ut
2610 1413 2904 1468 admodum
2926 1411 3094 1466 facilia
3113 1410 3395 1479 despicias.
3425 1406 3578 1475 Quod
3607 1407 3651 1461 si
3681 1414 3800 1476 post

2215 1497 2327 1560 haec
2368 1505 2544 1559 omnia
2585 1503 2812 1558 difficilis
2852 1505 3017 1556 virtus
3057 1515 3179 1556 esse
3225 1501 3316 1554 tibi
3354 1498 3582 1562 videtur,
3625 1498 3797 1566 cogita

2214 1594 2564 1651 difﬁciliorem
2592 1608 2711 1649 esse
2742 1593 3051 1661 nequitiam,
3072 1590 3212 1660 quod
3243 1591 3411 1660 ipsum
3433 1587 3798 1648 subindicans,

2217 1702 2323 1741 non
2349 1685 2521 1754 primo
2548 1685 2701 1750 dixit,
2731 1683 2916 1737 Tollite
2942 1684 3129 1752 jugum
3174 1696 3357 1745 ineant,
3386 1679 3478 1732 sed
3510 1677 3763 1747 pra’misit
3782 1714 3799 1739 ,

2225 1776 2401 1831 Venite
2416 1778 2501 1846 qui
2520 1776 2760 1829 laboratis
2785 1783 2832 1827 et
2852 1775 3046 1828 onerati
3071 1772 3208 1834 estis,
3228 1770 3505 1825 declarans
3526 1779 3800 1838 peccatum

2217 1866 2384 1920 labori
2427 1880 2546 1920 esse
2585 1865 2900 1926 obnoxium,
2930 1872 2984 1917 et
3007 1876 3144 1917 onus
3167 1875 3286 1916 esse
3313 1874 3479 1930 grave
3505 1874 3565 1912 ac
3591 1866 3802 1928 gestata

2216 1955 2455 2010 difﬁcile.
2505 1954 2687 2024 Neque
2732 1954 2875 2009 enim
2932 1952 3240 2008 laborantes
3292 1951 3464 2005 solum
3519 1948 3674 2013 dixit,
3707 1948 3803 2002 sed

2218 2047 2377 2101 etiam
2406 2055 2672 2099 oneratos.
2699 2043 2808 2098 lloc
2838 2044 2998 2097 etiam
3029 2041 3284 2111 propheta
3313 2039 3541 2100 diccbat,
3573 2037 3689 2106 ejus
3713 2054 3806 2089 nn-

2219 2147 2389 2191 turam
2420 2136 2728 2192 describens
2758 2152 2772 2189 :
2803 2135 2948 2190 Sicut
2977 2151 3103 2189 onus
3128 2131 3520 2204 gravegravem
3553 2140 3670 2184 sunt
3719 2147 3804 2182 sst-

2219 2247 2308 2297 per
2336 2246 2412 2283 me
2443 2228 2614 2297 (Psal.
2645 2230 2733 2282 37.
2759 2229 2836 2296 5).
2874 2227 3002 2280 Illud
3033 2241 3245 2296 quoque
3268 2223 3577 2280 describens
3603 2221 3806 2276 Zacha-

2216 2320 2360 2382 rias,
2393 2319 2466 2371 ait
2510 2317 2679 2387 ipsum
2729 2315 2929 2386 plumbi
2976 2315 3229 2371 talentum
3273 2329 3396 2370 esse
3439 2312 3619 2384 (lacti.
3647 2312 3803 2381 5.7).

2218 2407 2558 2477 ldipsumque
2579 2406 2905 2474 experientia
2925 2405 3181 2460 declarat.
3200 2404 3341 2460 Nihil
3360 2404 3502 2459 enim
3527 2404 3596 2457 ita
3618 2417 3798 2472 aggra-

2218 2508 2307 2553 vat
2353 2499 2608 2562 animam,
2656 2497 2726 2550 ita
2775 2506 3006 2551 mentem
3059 2504 3292 2550 excreat
3333 2509 3396 2548 ac
3443 2493 3716 2562 deprimit,
3747 2503 3805 2547 ut

2219 2588 2549 2643 conscientia
2579 2588 2780 2656 peccati
2805 2602 2818 2649 ;
2845 2587 2976 2642 nihil
3005 2587 3144 2641 illam
3176 2587 3503 2641 voluntatem
3536 2585 3605 2638 ita
3635 2584 3801 2639 subli-

2218 2695 2357 2732 mem
2387 2677 2572 2742 efficit,
2592 2686 2649 2731 ut
2666 2678 2886 2746 iustitiae
2908 2692 2970 2731 ac
2995 2679 3058 2731 vit
3073 2676 3199 2731 tntis
3219 2688 3334 2745 pos:
3347 2677 3508 2730 essio.
3530 2674 3803 2739 Animum,

2217 2784 2419 2841 quaso,
2447 2768 2660 2824 adhibe.
2679 2767 2815 2836 Quid
2847 2769 3146 2834 Onerosios,
3167 2782 3326 2838 quam
3351 2766 3477 2821 nihil
3507 2765 3804 2834 possidere,

2219 2870 2427 2916 vertere
2455 2861 2613 2915 aliam
2652 2859 2957 2923 maxillam,
2995 2859 3309 2928 percutienti
3346 2873 3450 2912 non
3488 2857 3656 2911 vicem
3685 2855 3805 2910 red-

2220 2953 2347 3008 dere
2369 2995 2383 3018 ,
2414 2954 2547 3007 mori
2587 2953 2819 3006 violenta
2849 2951 3059 3006 morte?
3080 2957 3330 3006 Attamen
3372 2949 3417 3004 si
3459 2947 3804 3018 pltilOSOpho-

2220 3060 2362 3110 mur,
2396 3044 2507 3099 haec
2531 3045 2708 3100 omnia
2751 3045 2882 3100 levia
2915 3055 2978 3098 ρι-
2996 3043 3168 3099 facilia
3199 3051 3342 3109 sunt,
3373 3042 3807 3110 voluptatemque

2222 3135 2570 3205 parinnt.Sed
2599 3152 2665 3191 ne
2693 3136 2996 3199 turbemini,
3021 3148 3205 3190 eorum
3232 3134 3436 3203 singula
3465 3131 3808 3200 explet-ornus

2219 3235 2273 3280 et
2301 3235 2610 3294 tractemus,
2641 3235 2714 3291 et,
2741 3227 2785 3281 si
2811 3227 2988 3291 vultis,
3012 3225 3186 3295 primo
3211 3224 3265 3280 id
3288 3223 3429 3294 quod
3458 3222 3700 3292 plurimis
3734 3224 3810 3275 la-

2219 3316 2487 3371 boriosum
2519 3331 2639 3371 esse
2670 3316 2903 3370 videtur.
2935 3315 3147 3381 Utrum,
3178 3329 3359 3385 qumso
3387 3323 3455 3376 te,
3476 3328 3638 3383 grave
3664 3323 3719 3368 et
3743 3312 3811 3366 ln-

2219 3407 2490 3462 boriosum
2545 3406 2786 3474 videtur,
2823 3422 2982 3461 unum
3024 3417 3265 3462 ventrem
3316 3421 3535 3465 curare,
3563 3419 3630 3458 an
3663 3405 3811 3459 mille

2224 3498 2668 3552 sollicitudinibus
2714 3497 2951 3550 involvi?
2984 3513 3090 3551 uno
3117 3496 3435 3551 vestimento
3463 3495 3606 3550 indui
3633 3498 3811 3549 homi-

2222 3604 2364 3649 nem.
2393 3598 2447 3643 et
2467 3588 2596 3642 nihil
2625 3587 2757 3641 ultra
2786 3602 3045 3656 quaerere,
3073 3602 3138 3642 an
3168 3587 3332 3640 multa
3356 3587 3494 3640 intus
3523 3585 3809 3641 habenten.

2219 3680 2304 3733 die
2345 3679 2894 3747 noctequecruciari,
2927 3678 2978 3732 in
3007 3693 3192 3733 eorum
3237 3678 3474 3734 custodia
3511 3682 3803 3740 timentem,

2219 3781 2565 3837 trementem,
2595 3771 2850 3835 anxium,
2895 3786 2962 3827 ne
3010 3786 3039 3825 a
3083 3772 3241 3827 tineis
3287 3772 3673 3836 corrodantur,
3707 3788 3810 3827 neu

2220 3878 2404 3916 servus
2433 3877 2553 3915 cum
2584 3861 2688 3916 illis
2723 3861 2993 3933 aufugiat?
3028 3862 3224 3918 Verum
3246 3863 3574 3933 quantalibet
3599 3863 3808 3929 dixero,

2219 3951 2321 4004 tale
2346 3950 2496 4014 nihil,
2523 3953 2679 4020 quale
2699 3966 2875 4006 rerum
2903 3951 3253 4021 experientia,
3277 3953 3564 4025 depingere
3580 3954 3809 4010 valeam.

2219 4043 2392 4109 Quare
2421 4042 2610 4096 vellem
2643 4042 2830 4098 adesse
2855 4045 3141 4112 quemdam
3171 4059 3353 4099 eorum
3373 4087 3386 4109 ,
3420 4046 3507 4114 qui
3538 4061 3809 4101 summum

2222 4132 2576 4201 philosophiae
2605 4132 2812 4199 apicem
2857 4135 3165 4202 attigerunt,
3196 4145 3249 4189 et
3290 4145 3410 4190 tunc
3436 4135 3579 4190 clare
3607 4137 3684 4191 rei
3715 4152 3811 4191 vo-

2221 4223 2473 4287 luptatem
2496 4222 2815 4290 perciperes.
2845 4222 2912 4276 Et
2939 4237 3098 4278 nemo
3117 4239 3300 4280 eorum
3332 4225 3416 4293 qui
3445 4235 3810 4295 paupertatem

2222 4325 2422 4377 amant,
2441 4312 2647 4366 divitias
2673 4314 2830 4366 etiam
2849 4314 3057 4368 oblatas
3085 4315 3372 4384 acciperet.
3389 4316 3454 4370 Et
3478 4317 3552 4380 hi,
3581 4319 3807 4387 inquies,

2222 4418 2287 4456 an
2324 4418 2580 4472 pauperes
2627 4418 2873 4472 umquam
2921 4404 3034 4459 iieri
3084 4405 3302 4470 vellent,
3331 4415 3385 4460 et
3410 4409 3806 4475 possessionum

2222 4510 2400 4548 curam
2429 4493 2693 4562 abjicere?
2724 4493 2790 4548 Et
2817 4494 2942 4563 quid
2978 4494 3078 4549 hoc
3106 4499 3227 4552 est?
3252 4499 3637 4567 Argumentum
3667 4511 3809 4556 certe

2223 4586 2454 4640 stultitia:
2505 4593 2556 4638 et
2597 4584 2896 4654 gravissimi
2942 4586 3147 4652 morbi,
3173 4601 3271 4642 nec
3307 4589 3381 4643 rei
3423 4589 3807 4658 jucunditatem

2221 4683 2510 4738 declarans.

2290 4773 2533 4841 Ltlnjns
2560 4775 2631 4826 re?
2666 4772 2818 4826 nobis
2850 4781 3015 4826 testes
3055 4772 3249 4829 fuerint
3281 4775 3337 4840 ii,
3369 4776 3457 4845 qui
3480 4776 3718 4846 quotidie
3743 4777 3809 4833 de

2223 4865 2304 4917 his
2334 4864 2771 4918 sollicitudinibus
2805 4863 3164 4918 lamentantur
3183 4907 3197 4929 ,
3227 4876 3283 4920 ct
3312 4868 3470 4921 vitam
3505 4868 3808 4936 lmjnsmodi

2222 4969 2322 5008 non
2360 4955 2569 5008 vitalem
2612 4969 2728 5008 esse
2759 4962 2964 5023 putant.
2996 4955 3060 5008 At
3093 4955 3166 5008 illi
3213 4971 3317 5011 non
3357 4957 3487 5014 tales
3523 4971 3644 5014 sunt.
3667 5001 3682 5025 ,
3715 4960 3809 5014 sed

2221 5047 2414 5110 rident,
2444 5046 2734 5108 exsultant,
2767 5061 2863 5101 nec
2888 5047 3068 5101 minus
3091 5048 3158 5101 de
3180 5059 3513 5119 paupertate,
3537 5065 3698 5120 quam
3727 5069 3810 5107 re-

2218 5153 2310 5207 ges
2335 5138 2404 5192 de
2429 5137 2727 5192 diademate
2756 5139 3071 5206 gloriantur.
3106 5138 3334 5194 Rursum
3387 5141 3654 5195 maxillam
3685 5158 3808 5210 per-

2219 5230 2436 5283 cutienti
2465 5227 2678 5290 oderre,
2718 5244 2873 5297 quam
2907 5239 3204 5296 percutere,
3237 5230 3402 5284 levius
3429 5240 3483 5285 et
3522 5231 3809 5298 jucundius

2219 5332 2318 5385 est,
2346 5322 2388 5375 si
2435 5320 2715 5374 attendas:
2747 5336 2870 5373 nam
2916 5320 3058 5373 illinc
3101 5319 3310 5374 initium
3351 5321 3495 5384 belli,
3528 5321 3650 5376 hinc
3693 5323 3811 5390 ejus

2219 5413 2412 5485 solutio
2441 5413 2708 5479 provenit;
2742 5421 2794 5464 et
2818 5411 2906 5464 illo
2935 5411 3146 5480 quidem
3176 5410 3335 5465 modo
3362 5412 3584 5468 alterius
3621 5428 3806 5482 rogum

2218 5502 2537 5563 accendisti,
2595 5501 2694 5554 hoc
2743 5511 2920 5554 autem
2978 5501 3243 5554 ﬂammam
3300 5511 3440 5555 tuam
3483 5505 3805 5557 exstinxisti.

2218 5593 2366 5658 Quod
2409 5601 2582 5647 autem
2634 5607 2737 5646 non
2783 5593 2863 5645 uri
2902 5593 3105 5646 dulcius
3157 5595 3243 5658 sit,
3273 5609 3432 5662 quam.
3471 5594 3574 5659 uri,
3609 5596 3806 5651 nemini

2219 5701 2322 5738 non
2357 5692 2534 5737 notum
2558 5693 2658 5738 cst.
2683 5684 2833 5750 Quod
2862 5686 2903 5737 si
2933 5699 3017 5738 res
3042 5685 3090 5737 in
3123 5689 3395 5752 corporeis
3417 5685 3483 5738 ita
3508 5699 3567 5740 se
3593 5685 3805 5757 habeat,

2221 5776 2383 5831 multo
2430 5775 2593 5844 magis
2647 5777 2696 5830 in
2741 5777 2800 5830 iis
2843 5793 2958 5844 qua:
2990 5779 3053 5829 ad
3100 5776 3328 5830 animant
3377 5787 3636 5847 ~~‘p-cctant.
3667 5778 3807 5847 Quid
