4080 6474
335 397 430 440 ι”ξὶ
1297 384 1358 440 ΙΝ
1401 384 1528 439 ΜΛἸ
1541 383 1806 438 ΤΗΛΞυΜ
1849 381 1920 436 lli.

2028 380 2078 434 L.
2127 379 2365 436 XXXIX.
2406 385 2477 439 al.
2521 383 2630 438 XL.

329 422 430 450 ξοδ

325 521 505 563 ainem
550 508 720 562 levius
747 513 859 568 est,
906 516 1167 571 pugnare,
1201 514 1266 552 an
1303 497 1590 554 coronari?
1631 497 1921 568 pugilatum

324 612 605 662 exercere,
635 612 702 650 an
751 594 992 649 hravium
1026 589 1247 644 tenere?
1277 588 1521 644 ﬂuctibus
1550 587 1831 652 obsistere,
1854 603 1922 640 an

325 691 377 744 in
406 699 559 760 portu
587 683 827 742 solvere?
852 683 1010 739 (let-te
1039 684 1197 736 etiam
1229 681 1362 735 mori
1403 679 1591 734 melius
1616 686 1733 745 est,
1763 693 1922 749 quam

320 783 526 837 vivere.
561 779 702 835 Mors
724 777 866 833 enim
894 791 956 829 ex
988 775 1233 830 [luctibus
1260 781 1314 826 et
1339 789 1402 826 ex
1436 771 1682 841 periculis
1709 770 1880 825 educit
1905 787 1919 835 ;

320 874 428 927 vita
471 888 597 927 vero
629 871 678 923 in
718 867 967 937 periculis
1005 865 1307 924 constituit.
1341 873 1395 918 et
1423 864 1714 917 obnoxium
1743 861 1921 916 reddit

322 965 473 1019 mille
531 961 736 1015 insidiis
779 968 834 1014 et
878 958 1282 1014 necessitatibus
1308 998 1322 1024 ,
1369 956 1436 1011 ob
1479 971 1612 1026 quas
1660 956 1920 1024 ingratam

321 1058 486 1110 vitam
521 1033 818 1108 existimes.
847 1051 999 1119 Quod
1032 1051 1075 1104 si
1103 1050 1258 1105 dietis
1285 1065 1392 1105 non
1419 1048 1611 1104 credas
1632 1089 1646 1114 ,
1675 1048 1797 1103 audi
1827 1063 1919 1102 eos

319 1148 409 1217 qui
440 1147 788 1201 certaminum
823 1155 1063 1214 tempore
1107 1143 1356 1198 viderunt
1386 1143 1567 1196 vultus
1599 1151 1916 1213 martyrum,

321 1238 616 1305 quomodo,
643 1238 770 1292 dum
812 1236 1208 1308 flagellarentur
1234 1246 1286 1290 et
1320 1233 1658 1289 caederentur
1680 1275 1696 1298 ,
1729 1232 1832 1287 laeti
1868 1242 1921 1286 et

321 1327 520 1384 hilares
549 1340 702 1384 erant
733 1349 746 1382 :
779 1327 1053 1398 magisque
1089 1327 1387 1397 gaudebant
1431 1334 1486 1380 et
1525 1325 1837 1378 lzetabantur
1867 1324 1916 1376 in

319 1421 641 1488 sartaginem
661 1419 903 1483 immissi,
920 1433 1078 1488 quam
1108 1419 1141 1472 ii
1163 1417 1251 1488 qui
1276 1418 1326 1470 in
1349 1415 1556 1470 rosario
1574 1415 1914 1469 reclinantur.

320 1509 550 1581 ideoque
572 1511 768 1565 Paulus
793 1512 1023 1564 violenta
1049 1519 1218 1564 morte
1241 1510 1400 1563 vitam
1422 1508 1701 1563 clausurus
1723 1517 1778 1561 et
1798 1505 1918 1559 abs-

317 1615 588 1667 cessurus,
621 1600 867 1656 dicebat:
903 1598 1110 1654 Gaudeo
1152 1609 1196 1653 et
1240 1602 1532 1670 congaudeo
1574 1601 1708 1653 vobis
1751 1600 1918 1651 omni—

316 1689 447 1748 bus:
474 1702 520 1745 et
548 1708 634 1745 vos
682 1693 872 1761 pariter
901 1692 1116 1762 gaudete
1154 1700 1201 1744 et
1240 1691 1550 1760 congaudete
1587 1691 1710 1742 mihi
1750 1689 1919 1759 (Plii-

317 1785 449 1853 Iipp.
474 1785 528 1837 ‘2.
565 1786 650 1838 i7.
684 1785 807 1853 i8).
847 1783 1003 1838 Vides
1031 1791 1223 1852 quanta
1251 1798 1372 1837 cum
1402 1784 1563 1835 animi
1604 1782 1920 1836 celsitudine

319 1883 489 1928 Io'uzu
519 1891 567 1926 ος
586 1875 703 1929 hem
729 1875 793 1928 ad
818 1875 991 1946 gaudii
1023 1877 1102 1928 sui
1122 1875 1447 1929 consortium
1473 1876 1659 1929 vocet?
1689 1875 1918 1930 Tantum

315 1980 440 2020 οεδρ
482 1967 678 2019 bonum
731 1967 852 2020 hinc
891 1965 1166 2022 discedere
1209 1967 1464 2035 putabat;
1512 1966 1580 2020 ita
1631 1966 1916 2035 optabilem

316 2066 548 2111 mortem
598 2059 736 2111 illum
767 2058 1054 2112 terribilem
1076 2101 1088 2120 ,
1122 2059 1189 2111 ita
1218 2057 1500 2111 amabilem
1533 2066 1584 2112 et
1613 2058 1920 2112 desideran-

315 2147 583 2201 dam.Sed
613 2148 750 2216 quod
785 2148 994 2201 virtutis
1017 2148 1200 2218 iugum
1234 2148 1302 2203 sit
1325 2147 1478 2202 dulce
1505 2163 1565 2202 ac
1596 2149 1729 2212 leve,
1755 2149 1918 2202 multa

315 2240 418 2291 alia
455 2239 748 2293 declarant.
779 2239 1001 2294 Domum
1030 2283 1042 2305 ,
1076 2241 1118 2293 si
1168 2241 1374 2310 placet,
1407 2242 1604 2308 peccati
1633 2256 1796 2295 onera
1838 2242 1918 2294 vi-

314 2329 558 2384 deamus.
595 2333 798 2386 Avaros
827 2333 1004 2400 itaque
1037 2332 1088 2385 in
1135 2331 1368 2386 medium
1400 2332 1726 2386 adducamus
1749 2375 1762 2398 ,
1798 2333 1918 2388 illos

315 2436 512 2489 nempe
538 2421 626 2490 qui
659 2422 995 2490 impudentes
1022 2421 1226 2478 foenera
1261 2431 1487 2476 tractant
1524 2432 1575 2477 et
1605 2434 1914 2478 retractant.

313 2511 453 2577 Quid
500 2527 626 2582 ergo
666 2516 946 2568 onerosins
1002 2516 1090 2568 tali
1131 2516 1520 2584 ncgotiatione‘
1556 2514 1753 2568 fuerit?
1792 2525 1921 2584 quot

314 2603 553 2667 dolores,
590 2615 720 2675 quot
749 2607 1154 2672 sollicitudines,
1188 2616 1318 2677 quot
1342 2607 1569 2677 scopuli,
1601 2615 1730 2675 quot
1774 2608 1919 2677 peri-

313 2695 474 2760 cula,
518 2709 648 2765 qu:-t
691 2697 896 2752 insidia:
941 2709 994 2751 et
1040 2699 1178 2753 bella
1227 2699 1465 2768 quotidie
1509 2716 1572 2753 ex
1623 2700 1723 2754 hoc
1770 2700 1920 2753 lucro

313 2785 603 2840 oriuntur?
645 2798 774 2857 quot
817 2788 983 2842 turb-.e
1035 2798 1088 2841 et
1128 2789 1418 2843 tumultus?
1461 2789 1918 2855 Quemadmodum

315 2877 461 2931 enim
499 2893 644 2931 mare
685 2893 976 2948 numquam
1007 2880 1120 2934 sine
1164 2880 1411 2934 lluctibus
1450 2881 1663 2946 videas,
1709 2883 1786 2936 sic
1822 2896 1921 2936 nec

317 2967 628 3037 huiusmodi
662 2971 897 3024 animum
944 2971 1058 3026 sine
1098 2985 1223 3025 cura
1250 3014 1264 3038 ,
1308 2987 1578 3035 mmrore,
1625 2974 1814 3026 timore
1859 2987 1921 3027 ac

317 3061 722 3131 perturbatiOue
745 3104 757 3125 ,
786 3061 880 3117 sed
918 3064 1092 3132 priora
1124 3077 1152 3116 a
1183 3065 1529 3133 sequentThus
1559 3065 1915 3135 excipiuntur,

386 3175 403 3203 ι
441 3171 525 3221 Alii
546 3174 749 3231 habent,
771 3173 1041 3237 iniquitate,
1075 3188 1180 3234 pro.
1202 3173 1541 3236 negotiatione.

3519 394 3626 453 63⁵

2032 491 2146 548 lure
2185 495 2253 550 ab
2302 497 2441 562 aliis,
2474 499 2665 569 quibus
2695 502 2928 556 nondum
2960 505 3160 561 sedatis
3188 506 3288 560 alia
3319 507 3621 580 insurgunt.

2102 586 2390 644 Iracundus
2418 607 2569 660 quam
2599 594 2864 647 crucietur.
2904 595 3144 650 Omnium
3183 597 3426 652 bonorum
3464 611 3628 654 mater

2027 679 2311 735 clementia.
2342 713 2412 723 —
2445 683 2606 739 Visne
2633 687 3002 742 contumeliosi
3032 698 3086 764 et
3112 690 3350 746 iracundi
3383 692 3621 746 animum

2027 769 2292 840 diSpicere
2309 771 2331 824 ?
2351 773 2486 840 Quid
2512 774 2812 842 lmjnsmodi
2832 778 3066 832 cruciatu
3089 780 3274 848 pejus?
3294 782 3420 851 quid
3443 785 3620 837 acrius

2027 861 2294 918 intestinis
2316 865 2657 920 vulneribus?
2678 868 2803 937 quid
2828 869 3118 924 ferventius
3141 872 3356 927 fornace
3377 873 3464 927 illa
3488 889 3624 928 sem-

2028 973 2122 1026 per
2144 958 2393 1024 ardente,
2423 969 2478 1014 et
2503 959 2718 1015 flamma
2745 962 2832 1016 illa
2861 978 2982 1032 qum
3008 979 3295 1030 numquam
3327 965 3621 1036 exstingui-

2027 1050 2151 1103 tur?
2179 1048 2232 1104 Si
2261 1050 2326 1104 ad
2349 1050 2471 1106 illos
2496 1059 2548 1105 te
2571 1062 2851 1108 convertas
2872 1057 2962 1124 qui
2989 1071 3275 1125 corporum
3305 1054 3507 1111 formas
3527 1057 3619 1113 de-

2027 1149 2253 1208 pereunt
2282 1150 2335 1196 et
2367 1144 2612 1212 praesenti
2648 1146 2768 1200 vitae
2800 1145 2993 1199 addicti
3025 1157 3149 1201 sunt
3173 1189 3186 1211 ,
3219 1148 3345 1217 quid
3377 1147 3475 1204 hac
3500 1163 3619 1205 ser-

2024 1230 2193 1286 vitute
2215 1232 2467 1300 gravius?
2497 1234 2644 1288 Caini
2673 1236 2832 1290 vitam
2857 1236 2932 1290 illi
2956 1236 3188 1303 ducunt,
3221 1237 3271 1290 in
3304 1239 3496 1294 timore
3526 1249 3620 1296 tre-

2025 1336 2281 1391 morcque
2323 1334 2580 1393 perpetuo
2619 1324 2820 1396 degunt
2845 1367 2858 1391 ,
2891 1338 2942 1380 et
2973 1327 3017 1380 si
3048 1327 3138 1396 qui
3171 1342 3236 1381 ex
3263 1330 3454 1384 amatis
3502 1345 3622 1382 ino-

2026 1415 2262 1483 riautur,
2314 1419 2482 1486 magis
2527 1433 2684 1486 quam
2736 1419 3016 1488 prOpiuqui
3063 1428 3114 1472 et
3153 1420 3366 1489 cognati
3408 1421 3620 1475 illorum

2025 1510 2224 1564 obitum
2259 1510 2458 1579 lugent.
2491 1513 2626 1578 Quid
2674 1529 2832 1582 porro
2879 1509 3238 1570 turbulentius
3284 1513 3623 1585 ferociusque

2025 1600 2308 1667 Superbis?
2337 1601 2558 1667 Discite,
2589 1603 2791 1670 inquit,
2816 1620 2847 1656 a
2873 1620 2978 1666 me,
3007 1608 3126 1673 quia
3155 1605 3288 1658 mitis
3314 1621 3424 1658 sum
3453 1616 3497 1660 et
3521 1607 3620 1659 hu-

2024 1691 2158 1743 milis
2183 1692 2354 1756 corde,
2384 1703 2430 1744 et
2452 1693 2708 1746 invenietis
2737 1695 2957 1762 requiem
2984 1695 3246 1748 animabus
3268 1688 3460 1750 uestris.
3495 1697 3625 1750 0m-

2025 1782 2169 1834 nium
2198 1783 2393 1853 quippe
2421 1782 2678 1838 bonorum
2711 1795 2881 1839 mater
2903 1794 2984 1840 est
3005 1787 3308 1842 clementia.
3340 1787 3416 1842 Ne
3447 1790 3622 1858 itaque

2025 1879 2215 1930 timeas
2237 1918 2250 1938 ,
2284 1891 2456 1944 neque
2497 1877 2706 1930 I'esilias
2729 1893 2758 1928 a
2781 1876 2908 1946 jugo
2937 1878 3030 1930 illo
3051 1918 3065 1941 ,
3098 1894 3203 1947 quo
3234 1879 3301 1933 ab
3334 1879 3416 1933 his
3443 1881 3620 1933 omni-

2025 1966 2123 2020 bus
2153 1965 2395 2034 cripieris
2420 1981 2434 2030 ;
2469 1967 2561 2020 sed
2595 1966 2721 2020 illud
2755 1969 3003 2022 alacriter
3032 1970 3226 2023 subeas
3246 2010 3260 2032 ,
3293 1978 3349 2024 et
3379 1969 3494 2039 ejus
3524 1986 3621 2025 vo-

2024 2059 2277 2127 luptatem
2310 2067 2437 2113 tunc
2464 2059 2777 2126 experieris.
2802 2058 2987 2128 Neque
3010 2060 3150 2114 enim
3183 2062 3447 2115 cervitem
3478 2072 3619 2115 tuam

2023 2160 2242 2214 atteret,
2290 2149 2384 2204 sed
2424 2150 2546 2204 ideo
2583 2149 2890 2220 impositum
2931 2163 3049 2216 est,
3080 2163 3134 2204 ut
3164 2151 3338 2206 bonus
3379 2166 3623 2209 servetur

2025 2245 2176 2309 ordo,
2206 2253 2261 2298 ut
2303 2253 2352 2298 te
2383 2244 2646 2298 concinne
2678 2244 2925 2298 incedere
2981 2244 3193 2310 doceat,
3243 2255 3297 2299 et
3327 2245 3394 2299 ad
3423 2246 3620 2315 regiam

2025 2337 2163 2389 viam
2192 2335 2386 2400 ducot,
2420 2345 2581 2404 atque
2605 2351 2634 2387 a
2677 2335 2983 2404 prmcipitiis
3022 2334 3148 2389 hinc
3177 2345 3230 2389 et
3270 2335 3393 2389 inde
3435 2337 3623 2403 positis

2025 2428 2234 2493 liberet,
2265 2435 2320 2480 ut
2347 2437 2626 2496 angustam
2677 2428 2816 2480 viam
2850 2426 3004 2479 facile
3035 2427 3324 2480 emetiaris.
3358 2427 3620 2494 Quoniam

2027 2521 2183 2589 igitur
2212 2528 2288 2572 tot
2320 2527 2573 2585 tantaque
2599 2520 2734 2572 bona
2763 2519 3150 2582 subministrat,
3189 2528 3388 2572 laniant
3413 2519 3620 2574 securi-

2025 2622 2210 2674 tatem,
2232 2619 2429 2665 tantant
2457 2609 2713 2674 la-titiam,
2733 2620 2842 2665 toto
2866 2611 3067 2676 animo,
3091 2619 3308 2679 totoque
3326 2611 3501 2663 studio
3522 2609 3623 2663 hoc

2026 2706 2205 2774 iugum
2239 2702 2511 2757 trahamus
2538 2718 2550 2766 ;
2587 2711 2643 2755 ut
2670 2711 2724 2756 et
2752 2701 2839 2755 hic
2867 2703 3201 2756 inveniamus
3231 2701 3470 2769 requiem
3502 2702 3619 2753 ani-

2024 2799 2212 2851 mabus
2245 2795 2443 2849 nostris
2467 2835 2480 2855 ,
2533 2803 2585 2846 et
2619 2792 2793 2846 futura
2827 2809 3219 2863 consequamur
3251 2795 3385 2846 bona
3409 2833 3422 2857 ,
3456 2793 3623 2861 gratia

2024 2898 2078 2944 et
2111 2887 2432 2957 benignitate
2465 2884 2672 2938 Domini
2707 2887 2872 2938 nostri
2918 2884 3043 2939 Jesu
3070 2884 3266 2939 Christi
3296 2925 3310 2949 ,
3341 2885 3422 2937 cui
3456 2885 3624 2952 gloria

2026 2991 2073 3034 et
2126 2980 2404 3048 imperium
2430 3019 2444 3044 ,
2478 2991 2618 3030 nunc
2646 2984 2700 3030 et
2729 2990 2943 3046 semper
2962 3017 2977 3042 ,
3007 2983 3063 3029 et
3091 2975 3143 3029 in
3171 2974 3365 3029 sarcula
3397 2972 3624 3028 satculo-

2025 3088 2166 3126 runt.
2208 3071 2401 3124 Amen.

738 3230 866 3237 ν.
1030 3230 1086 3234 ..
1263 3230 1283 3236 υ
3289 3230 3430 3241 ,,,

1483 3287 1818 3347 HOMILIA
1865 3287 2173 3348 XXXIX.
2221 3284 2306 3345 al.
2352 3282 2488 3342 XL.

317 3426 448 3484 Car.
488 3431 567 3483 Η..
603 3446 652 3482 v.
687 3431 737 3483 1.
785 3429 850 3483 In
892 3430 982 3483 illo
1013 3439 1236 3499 tempore
1264 3431 1384 3482 abiit
1413 3429 1566 3482 Iesus
1593 3429 1799 3483 sabbato
1829 3448 1918 3500 per

391 3534 504 3578 suta
535 3539 552 3576 :
602 3523 841 3592 discipuli
880 3532 1046 3576 autem
1079 3523 1186 3591 ejus
1217 3523 1488 3575 esurientes
1532 3531 1787 3591 caperunt
1820 3522 1894 3574 vel
1905 3553 1914 3560 -

393 3615 496 3668 Iere
524 3617 692 3684 spicus
712 3604 758 3668 ἐι
782 3615 1107 3667 manducare.
1138 3614 1194 3667 2.
1235 3612 1486 3668 ΡΙιαι-ἱεανί
1508 3624 1674 3667 autem
1701 3613 1921 3668 ridentes

395 3707 634 3760 dixerunt
664 3709 706 3760 ci
731 3722 748 3760 :
783 3706 911 3760 Ecce
941 3706 1176 3776 discipuli
1205 3707 1276 3759 tui
1298 3708 1489 3778 faciunt
1518 3706 1652 3774 quod
1683 3723 1782 3759 non
1811 3706 1921 3758 licet

393 3802 562 3868 facere
607 3799 656 3851 in
691 3798 916 3852 sabbato.
943 3798 997 3851 5.
1040 3796 1184 3849 Dixit
1222 3807 1388 3849 autem
1414 3797 1525 3848 eis:
1558 3794 1677 3848 Non
1733 3797 1921 3864 legistis

392 3890 518 3958 quid
545 3891 715 3960 fecerit
749 3889 914 3944 David
953 3906 1066 3943 cum
1092 3890 1291 3944 csurivit
1333 3890 1439 3958 ipse
1465 3897 1510 3941 et
1549 3890 1634 3956 qui
1674 3905 1787 3941 cum
1830 3889 1918 3940 illo

393 3981 580 4034 crant?
605 3982 657 4035 4.
684 3981 934 4050 quomodo
986 3981 1241 4051 ingressus
1281 3990 1354 4033 est
1383 3980 1434 4031 in
1466 3980 1670 4031 dontum
1727 3977 1845 4044 Dei,
1877 3987 1922 4031 et

395 4088 549 4142 panes
576 4071 932 4141 propositionis
958 4070 1192 4132 comedit,
1217 4086 1340 4140 quos
1370 4085 1471 4122 non
1501 4067 1682 4122 licebat
1709 4071 1754 4122 ei
1783 4084 1920 4121 com-

394 4163 560 4227 edere,
603 4179 758 4232 neque
783 4163 844 4215 iis
869 4161 955 4229 qui
990 4177 1102 4212 cum
1131 4161 1219 4212 illo
1243 4168 1420 4226 erant,
1462 4157 1550 4212 sed
1587 4158 1707 4211 solis
1750 4173 1921 4211 sacer-

397 4253 599 4305 dotibus
621 4253 645 4305 ?
1840 4254 1850 4262 '

398 4345 451 4398 1.
470 4344 700 4397 Christus
713 4342 960 4411 quomodo
976 4342 1234 4395 sabbatum
1257 4340 1673 4395 solvit.——Lucas
1687 4355 1814 4394 vero
1828 4340 1919 4392 ait:

325 4435 394 4490 In
414 4434 617 4488 sabbato
633 4435 852 4487 secundo
871 4435 1033 4502 primo
1050 4433 1124 4502 (a)
1147 4431 1294 4501 (Luc.
1316 4432 1450 4501 6.i).
1484 4431 1619 4507 Quid
1644 4441 1819 4484 autem
1845 4439 1925 4484 cst

327 4525 622 4581 secundum
653 4523 918 4593 primum?
959 4524 1180 4591 Quando
1208 4522 1448 4592 duplices
1477 4523 1624 4577 feria:
1650 4533 1803 4576 erant
1824 4565 1837 4585 ,
1867 4532 1921 4578 et

327 4615 536 4671 sabbati
582 4613 818 4683 proprii.
855 4625 905 4670 et
934 4615 1150 4668 alterius
1180 4612 1298 4668 festi
1331 4614 1688 4668 succedentis.
1723 4613 1925 4667 Sabbu-

331 4716 444 4761 tum
473 4708 614 4761 enim
645 4708 906 4777 quaslibet
963 4706 1119 4760 ferias
1159 4716 1211 4758 et
1266 4706 1499 4774 quietem
1557 4705 1918 4774 appellabant.

335 4799 401 4854 Et
428 4816 522 4854 cur
545 4801 666 4854 illuc
696 4816 788 4855 eos
812 4800 982 4863 duxit,
1009 4800 1096 4868 qui
1127 4797 1301 4850 omnia
1334 4797 1670 4866 praesciehat,
1702 4798 1799 4852 nisi
1834 4813 1924 4850 vo-

334 4889 522 4944 luisset
549 4892 680 4943 solvi
707 4889 1020 4945 Subbatum?
1053 4888 1526 4957 Volebatquidem.
1552 4889 1644 4942 sed
1674 4904 1777 4943 non
1808 4889 1922 4943 sine

333 4993 531 5039 causa;
577 4980 799 5045 ideoque
839 4994 1126 5049 numquam
1168 4982 1283 5034 sine
1317 4994 1478 5034 causa
1520 4980 1681 5034 solvit
1725 4981 1922 5049 ipsum,

335 5071 430 5125 sed
470 5085 537 5123 ex
584 5071 865 5125 occasione
905 5070 1132 5141 quadam
1182 5071 1530 5139 congruenti;
1567 5079 1622 5123 ut
1667 5079 1721 5123 et
1755 5073 1921 5139 legem

337 5163 711 5233 abrogaret,et
732 5163 801 5216 illi
823 5178 928 5217 non
947 5163 1358 5218 oaenderentur.
1380 5162 1472 5216 Est
1489 5163 1647 5216 etiam
1667 5179 1786 5216 cum
1806 5163 1927 5216 illttd

338 5254 527 5316 solvit,
565 5253 709 5306 nulla
758 5253 934 5307 oblata
967 5255 1282 5316 occasione;
1319 5263 1374 5305 ut
1403 5268 1523 5307 cum
1572 5254 1755 5307 oculos
1803 5254 1928 5307 czeci

340 5345 454 5399 luto
503 5345 742 5409 inunxil;
775 5353 828 5400 et
869 5360 988 5398 cum
1019 5345 1148 5399 dicit
1175 5361 1190 5398 :
1227 5343 1381 5396 Pater
1427 5361 1566 5398 meus
1597 5361 1752 5414 usque
1781 5345 1929 5398 modo

340 5445 578 5502 operatur
598 5477 610 5497 ,
643 5446 686 5489 et
714 5453 804 5506 ego
831 5452 1009 5506 aperor
1041 5433 1232 5504 (Joan.
1264 5436 1315 5489 5.
1350 5435 1437 5504 7).
1474 5435 1604 5490 Illud
1633 5452 1762 5490 vero
1809 5436 1931 5490 facit

341 5536 454 5582 tum
481 5537 537 5580 ut
561 5525 662 5581 hoc
689 5528 848 5583 modo
874 5526 1133 5598 gloriﬁcet
1159 5528 1371 5596 Patrem
1401 5542 1555 5583 suum
1577 5571 1591 5595 ,
1625 5538 1732 5583 tum
1762 5541 1820 5584 ut
1842 5531 1928 5584 illa

404 5687 477 5748 (a)
509 5685 588 5736 De
608 5685 810 5736 sabbato
830 5685 1047 5748 semndo
1066 5685 1221 5747 primo
1232 5698 1404 5748 magna
1426 5693 1476 5735 et
1486 5684 1691 5748 difficilis
1706 5692 1782 5748 est
1802 5700 1932 5748 φιτρ-

339 5745 623 5808 stio,'quam
645 5748 755 5797 vide
777 5747 902 5808 apud
932 5745 1228 5808 Scaligerum
1269 5745 1529 5808 in'Canon.
1556 5747 1745 5808 lsagog.
1772 5745 1855 5796 lib.
1879 5749 1928 5808 3,

343 5764 456 5807 SUO,
478 5764 493 5797 (
513 5764 623 5797 nam
645 5764 755 5797 Viue
777 5764 902 5808 apuu
932 5764 1048 5796 scan
1087 5764 1228 5794 erum
1269 5764 1319 5794 In
1349 5764 1529 5795 utnon.
1556 5764 1627 5794 183
1665 5764 1745 5806 0g.
1772 5764 1812 5795 ΙΙΙ

343 5826 394 5878 p.
419 5764 528 5871 sti,
551 5809 581 5859 9
601 5809 719 5860 edit.
745 5817 796 5860 et
818 5811 868 5859 in
886 5764 1084 5872 εγω)ῃᾶ
1101 5807 1384 5858 Chaucorum
1406 5807 1463 5857 ad
1486 5808 1613 5858 hunc
1630 5764 1812 5858 focum.

2027 3428 2235 3484 ratione
2278 3424 2626 3482 imbecillitati
2681 3421 2927 3477 consulat
2983 3420 3316 3475 Judmorum.
3377 3421 3431 3474 ld
3487 3421 3628 3490 quod

2027 3519 2186 3575 etiam
2212 3518 2310 3573 hoc
2333 3517 2452 3572 loco
2475 3516 2620 3579 facit,
2647 3524 2853 3568 natura:
2880 3513 3258 3567 necessitatem
3286 3513 3584 3568 obtendens
3612 3531 3625 3566 :

2026 3626 2348 3681 quamquam
2371 3624 2580 3675 eorum,
2605 3624 2720 3676 qnu-
2745 3617 2961 3676 peccata
2994 3619 3115 3660 esse
3145 3605 3197 3658 in
3229 3604 3478 3660 confesso
3520 3613 3626 3671 est,

2029 3704 2165 3758 nulla
2202 3704 2366 3774 possit
2388 3717 2508 3758 esse
2534 3699 2798 3755 defensio.
2826 3697 3009 3768 Neque
3033 3696 3175 3751 enim
3201 3696 3468 3751 homicida
3492 3697 3625 3752 iram

2029 3795 2079 3847 in
2128 3795 2525 3848 excusationem
2575 3791 2868 3846 obtendere
2916 3789 3116 3855 possit,
3166 3803 3340 3857 neque
3384 3789 3638 3847 mwchus

2028 3883 2512 3951 Concupiscentiam
2537 3923 2550 3946 ,
2586 3894 2760 3947 neque
2791 3879 2950 3931 aliam
2983 3878 3228 3945 quamvis
3255 3893 3470 3932 causam
3496 3896 3510 3932 :
3545 3878 3634 3932 hic

2027 3993 2154 4030 vero
2177 3991 2298 4029 cmn
2323 3973 2517 4027 famem
2541 3971 2755 4040 objecit,
2782 3971 2927 4024 onmi
2953 3970 3070 4023 illos
3102 3969 3331 4025 crimine
3357 3971 3624 4026 liberavit.

2028 4067 2108 4122 Tu
2143 4081 2270 4120 vero
2317 4065 2445 4118 mihi
2479 4064 2564 4116 hic
2609 4062 2902 4129 discipulos
2955 4063 3174 4126 mirare,
3210 4063 3288 4117 sic
3326 4075 3548 4134 egentes
3575 4073 3630 4120 et

2030 4160 2228 4213 nullam
2254 4169 2632 4224 corporearum
2675 4169 2852 4206 rerum
2886 4169 3067 4206 curam
3103 4153 3399 4220 habentes;
3430 4157 3522 4211 sed
3556 4157 3628 4213 ita

2031 4248 2391 4318 perfunctorie
2419 4260 2656 4299 mensam
2681 4254 3024 4312 apparantes,
3054 4255 3110 4297 ut
3137 4243 3278 4300 fame
3306 4247 3623 4324 plerumque

2031 4346 2406 4409 premerentur
2427 4380 2441 4402 ,
2486 4352 2585 4391 nec
2613 4344 2790 4390 tamen
2824 4337 2902 4390 sic
2940 4336 3301 4391 discederent.
3335 4338 3445 4393 Nisi
3476 4341 3619 4393 enim

2033 4431 2200 4485 fames
2240 4429 2358 4483 illos
2389 4427 2699 4482 admodum-
2726 4428 3043 4492 invasisset,
3081 4443 3183 4481 nou
3223 4428 3272 4482 id
3319 4439 3503 4499 utique
3535 4432 3615 4483 l'a-

2031 4522 2164 4576 cturi
2193 4529 2365 4575 erant.
2399 4517 2533 4584 Quid
2568 4518 2724 4586 igitur
2761 4516 3015 4571 Pltarismi
3039 4519 3062 4571 ?
3095 4516 3151 4571 ld
3192 4515 3428 4572 Videntes
3473 4520 3625 4573 diae-

2031 4624 2146 4668 runt
2177 4614 2222 4665 ei
2262 4628 2278 4668 :
2331 4611 2462 4665 Ecce
2503 4611 2744 4678 discipuli
2772 4611 2842 4663 tui
2876 4611 3072 4680 faciunt
3113 4613 3247 4680 quod
3279 4629 3377 4665 non
3409 4613 3521 4667 licet
3548 4617 3634 4683 fa-

2031 4725 2142 4762 cere
2163 4707 2212 4758 in
2253 4704 2480 4758 sabbato.
2513 4701 2609 4755 llic
2635 4717 2794 4770 porro
2825 4718 2930 4755 non
2959 4702 3250 4756 admodum
3279 4703 3635 4762 vehementes

2033 4801 2176 4850 sunt.
2210 4791 2308 4844 etsi
2337 4789 2386 4843 id
2418 4801 2504 4842 res
2531 4787 2750 4855 exigere
2780 4786 3092 4851 videretur;
3125 4796 3361 4841 attamen
3408 4802 3513 4843 non
3537 4789 3632 4843 ad-

2035 4883 2250 4937 modum
2283 4879 2482 4934 incensi
2512 4887 2657 4941 sunt,
2689 4876 2785 4931 sed
2823 4877 3145 4945 simpliciter
3179 4889 3458 4937 accusant.
3489 4881 3621 4934 Cum

2034 4985 2210 5031 autem
2262 4988 2478 5029 manum
2507 4970 2711 5024 aridam
2759 4969 3004 5023 extendit
3044 4979 3098 5024 et
3122 4971 3331 5024 sanavit
3357 5011 3373 5036 ,
3403 4980 3529 5025 tunc
3559 4971 3630 5026 ita

2034 5069 2239 5124 efferati
2278 5075 2421 5128 sunt,
2454 5074 2506 5118 ut
2539 5065 2702 5118 etiam
2731 5063 2799 5116 de
2828 5075 2961 5115 nece
2987 5061 3088 5130 ipsi
3124 5061 3398 5116 inferenda
3426 5063 3633 5118 delibe-

2036 5171 2235 5216 rarent.
2267 5158 2367 5215 Ubi
2391 5158 2533 5212 enim
2559 5155 2689 5210 nihil
2719 5155 2911 5208 mirum
2938 5152 3133 5223 agitur,
3164 5155 3455 5223 quietiores
3475 5166 3630 5220 sunt:

2036 5255 2122 5309 ubi
2145 5269 2270 5307 vero
2292 5252 2550 5323 quosdam
2572 5249 2756 5305 vident
2784 5249 2974 5304 morbo
3001 5248 3226 5314 levatos,
3254 5250 3522 5305 ferociunt
3550 5261 3628 5306 at.

2035 5360 2138 5414 que
2171 5342 2472 5407 turbantur,
2490 5340 2839 5410 omniumque
2856 5341 3402 5395 suntmolestissimi:
3433 5342 3502 5394 ita
3534 5339 3630 5396 lto-

2036 5437 2235 5491 miuum
2266 5433 2420 5487 saluti
2446 5431 2702 5486 invident.
2724 5431 2843 5498 Quo
2867 5441 3021 5501 pacto
3039 5440 3216 5487 autem
3239 5431 3395 5486 Jesus
3418 5431 3632 5487 illorum

2036 5526 2402 5600 defensionem
2455 5523 2712 5593 suscipit?
2743 5521 2866 5576 Non
2909 5523 3137 5593 legistis,
3168 5523 3274 5588 ait,
3304 5523 3429 5593 quid
3459 5524 3634 5593 fecerit

2035 5605 2205 5670 David
2235 5618 2287 5669 in
2315 5614 2500 5683 templo
2522 5656 2536 5679 ,
2583 5613 2788 5683 quando
2829 5616 3033 5669 esurivit
3079 5617 3187 5683 ipse
3216 5625 3264 5669 et
3308 5617 3392 5684 qui
3419 5631 3532 5668 cum
3571 5631 3629 5670 eo

2036 5709 2218 5762 erant?
2244 5707 2493 5779 quomodo
2514 5705 2773 5758 intraverit
2795 5706 2846 5758 in
2874 5705 3081 5758 domum
3105 5707 3218 5771 Dei,
3245 5716 3291 5759 et
3322 5721 3476 5775 partes
3506 5723 3628 5771 pro-

2036 5795 2606 5872 positiauitromcderit,
2637 5811 2874 5866 quosnon
2901 5795 3081 5850 licebat
3107 5799 3149 5851 (ί
3170 5799 3449 5864 comedere,
3470 5812 3626 5867 neque
