4080 6468
520 416 623 472 455

521 533 582 583 iis
607 529 689 598 qui
713 543 821 580 cum
849 542 905 578 eo
931 533 1094 585 erant,
1120 521 1217 575 nisi
1239 520 1356 574 solis
1383 515 1725 572 sacerdotibus
1745 510 1950 582 (LReg.
1969 504 2089 574 91)?

526 624 654 676 Nam
707 635 824 674 cum
873 633 969 684 pro
1009 615 1282 684 discipulis
1334 625 1547 666 causam
1575 608 1722 672 dicit,
1760 602 2010 658 Davidem
2043 601 2094 652 in

524 715 757 769 medium
796 710 1048 786 adducit;
1113 704 1324 776 quando
1372 711 1550 757 autem
1598 713 1692 769 pro
1741 696 1951 763 seipso,
2007 689 2096 744 Pa-

527 816 662 860 trem
713 783 1013 859 memorata
1043 801 1117 852 Ae
1145 796 1265 851 vide
1296 810 1454 865 quam
1497 793 1705 854 acriter,
1738 785 1856 840 Non
1888 783 2094 855 legistis,

528 897 716 967 inquit,
741 895 860 965 quid
884 891 1054 962 fecerit
1081 889 1283 942 David?
1311 887 1491 956 Magna
1513 882 1707 952 quippe
1733 889 1845 934 erat
1873 876 2099 967 pmphe:

528 964 782 1052 tm'lmjus
821 979 1176 1041 existimatio;
1207 979 1279 1032 ita
1310 987 1366 1031 ut
1399 983 1579 1046 postea
1603 972 1790 1025 Petrus
1817 983 1937 1022 cum
1960 964 2098 1034 apud

525 1075 737 1129 Judwos
763 1086 882 1126 sese
909 1069 1255 1132 defenderet,
1296 1067 1363 1120 ita
1391 1065 1593 1118 diceret
1617 1079 1629 1112 :
1665 1060 1802 1113 Licet
1829 1058 1896 1110 ad
1925 1073 2007 1110 vos
2038 1055 2102 1108 li-

529 1166 640 1219 bere
665 1163 726 1215 de
757 1161 1043 1232 patriarcha
1075 1158 1237 1211 David
1277 1157 1474 1218 dicere,
1521 1153 1758 1224 quoniam
1803 1149 1923 1202 obiit
1949 1156 1993 1200 et
2019 1162 2099 1200 se-

530 1257 701 1324 pnttns
727 1266 795 1308 est
822 1256 836 1321 (
861 1256 970 1306 Act.
993 1253 1046 1306 9..
1079 1250 1146 1303 29
1169 1251 1206 1318 ).
1240 1250 1345 1303 Cur
1372 1256 1546 1301 autem
1573 1260 1694 1299 eum
1726 1242 1842 1312 ejus
1872 1240 2102 1296 mentio-

529 1364 650 1404 nem
685 1359 792 1401 tum
836 1347 920 1400 hic
948 1355 1056 1398 tnm
1088 1351 1272 1414 postea
1316 1341 1477 1405 facit,
1511 1337 1819 1408 dignitatem
1851 1334 1966 1402 ejus
1996 1345 2099 1385 non

529 1440 952 1497 commemorat?
983 1437 1140 1491 Forte
1166 1435 1286 1504 quia
1332 1449 1399 1488 ex
1443 1431 1534 1486 illo
1571 1443 1739 1500 genus
1768 1424 2011 1481 ducebat.
2046 1423 2101 1476 Si

532 1533 630 1586 viri
662 1531 806 1600 probi
839 1528 1282 1597 indulgentesque
1311 1523 1565 1585 fuissent,
1598 1517 1750 1572 famis
1776 1529 1987 1570 causam
2019 1513 2100 1566 in-

535 1625 794 1680 ducturus
823 1631 934 1674 erat
957 1638 970 1683 ;
995 1619 1112 1689 quia
1144 1631 1268 1670 vero
1296 1612 1510 1668 scelesti
1529 1606 1910 1676 inbumanique
1931 1609 2102 1669 erant,

535 1713 805 1768 historiam
849 1711 954 1764 illis
1000 1708 1181 1762 refert.
1222 1705 1430 1758 Marcus
1475 1709 1649 1755 autem
1691 1698 1791 1753 sub
1822 1695 2106 1751 Abiatliare

535 1803 809 1858 sacerdote
848 1800 896 1853 id
925 1799 1117 1853 factum
1149 1795 1313 1860 dicit,
1349 1809 1452 1846 non
1482 1789 1825 1860 repugnantia
1871 1784 2104 1839 historize

535 1892 751 1956 dicens,
783 1889 875 1944 sed
919 1887 1206 1942 ostendens
1236 1885 1382 1939 illum
1427 1881 1749 1936 binominem
1784 1877 1944 1932 fuisse
1966 1914 1979 1939 ,
2008 1873 2107 1928 ad-

535 1985 714 2051 ditque
736 1983 906 2050 ipsum
930 1981 976 2033 ei
1003 1993 1162 2048 panes
1190 1976 1399 2031 dedisse
1433 1975 1450 2044 (
1477 1973 1642 2027 Marc.
1670 1971 1723 2024 2.
1754 1969 1822 2024 26
1843 1969 1861 2039 )
1882 2010 1895 2032 ,
1925 1966 2106 2021 simul-

538 2089 641 2141 que
691 2086 933 2140 magnam
979 2068 1206 2123 alferens
1251 2065 1660 2135 purgationem,
1689 2058 1830 2130 quod
1859 2056 2108 2112 sacerdos

539 2164 588 2217 id
623 2163 979 2232 permisisset;
1013 2175 1109 2213 nec
1137 2158 1294 2212 modo
1322 2154 1668 2225 permisisset,
1698 2150 1792 2206 sed
1819 2151 1974 2204 etiam
2006 2149 2109 2202 mi-

538 2255 834 2308 nistrasset.
864 2250 975 2305 Nec
1026 2249 1155 2303 mibi
1186 2247 1331 2301 dicas
1351 2287 1366 2310 ,
1403 2242 1654 2299 Davidem
1687 2241 1849 2294 fuisse
1880 2238 2111 2309 praphe-

541 2355 680 2398 tam:
709 2358 827 2396 nam
853 2355 1021 2410 neque
1043 2340 1118 2393 sic
1140 2337 1350 2401 licebat,
1375 2333 1464 2389 sed
1489 2347 1654 2403 penes
1673 2329 1978 2386 sacerdotes
2001 2327 2111 2381 haec

536 2433 885 2505 praerogativa
909 2441 1023 2486 erat
1055 2448 1066 2485 :
1097 2428 1294 2483 idcirco
1323 2424 1524 2481 addidit
1548 2465 1559 2489 ,
1595 2421 1714 2477 Nisi
1741 2420 1863 2474 satis
1881 2417 2113 2473 sacerdo-

538 2525 688 2578 tibus.
707 2522 928 2576 Etiamsi
949 2521 1088 2575 enim
1112 2517 1368 2587 propheta
1387 2523 1553 2581 esset,
1573 2529 1677 2568 non
1698 2510 1947 2566 sacerdos
1968 2517 2112 2572 erat;

540 2613 649 2670 imo
665 2608 870 2668 etiamsi
892 2611 1147 2681 pr0pheta
1165 2617 1324 2673 esset,
1347 2615 1400 2661 at
1417 2621 1520 2660 non
1539 2605 1574 2658 ii
1591 2604 1679 2673 qui
1697 2617 1817 2657 cum
1838 2602 1926 2654 illo
1942 2608 2113 2665 erant;

541 2720 663 2759 nam
689 2712 742 2758 et
763 2702 866 2756 illis
886 2715 1098 2771 quoque
1117 2712 1310 2768 panem
1332 2696 1496 2751 dedit.
1526 2693 1660 2760 Quid
1683 2693 1861 2761 igitur,
1888 2690 2112 2759 inquies,

542 2810 764 2865 paresne
793 2802 942 2848 erant
971 2793 1043 2846 illi
1077 2789 1302 2844 Davidi?
1329 2786 1464 2855 Quid
1496 2784 1626 2839 mihi
1658 2784 1966 2853 dignitatem
2001 2795 2114 2836 me-

540 2899 736 2949 moras,
764 2885 852 2938 ubi
883 2883 1013 2954 legis
1039 2880 1392 2951 transgressio
1417 2893 1536 2932 esse
1565 2885 1802 2946 putatur,
1831 2884 1883 2929 et
1907 2882 2118 2928 natura-

542 2975 607 3029 lis
635 2976 795 3028 instat
816 2973 1104 3026 necessitas
1135 2971 1197 3024 ’ἲ
1225 2969 1433 3024 Etenim
1458 2967 1557 3022 hac
1581 2966 1786 3020 ratione
1811 2964 1978 3033 magis
2001 2964 2119 3017 illos

540 3082 568 3120 a
598 3067 817 3121 crimine
843 3073 1062 3135 purgat,
1091 3078 1212 3118 cum
1237 3062 1280 3115 is
1300 3061 1388 3132 qui
1413 3060 1583 3126 maior
1609 3067 1693 3113 est
1714 3057 1942 3126 idipsum
1975 3054 2116 3109 fecit.

609 3159 662 3211 2.
697 3158 762 3211 Et
781 3155 908 3226 quid
934 3155 1054 3219 hoc,
1089 3152 1316 3222 inquies,
1346 3151 1412 3205 ad
1439 3150 1785 3221 quaestionem
1805 3149 1827 3199 ?
1851 3163 1953 3200 non
1979 3147 2118 3201 enim

543 3251 633 3304 ille
657 3248 933 3302 sabbatum
962 3256 1326 3313 transgressus
1351 3252 1453 3296 est.
1488 3241 1653 3308 Majas
1679 3249 1823 3295 certe
1852 3234 2120 3308 quidpiam

543 3336 676 3392 dicis
699 3377 713 3399 ,
747 3335 886 3405 quod
916 3333 1111 3387 Christi
1138 3332 1450 3400 sapientiam
1482 3329 1832 3394 demonstrat,
1862 3329 1982 3396 quia
2012 3327 2120 3392 ille,

545 3428 709 3481 misso
736 3425 976 3488 sabbato,
1006 3421 1146 3476 aliud
1169 3421 1473 3490 exemplum
1502 3419 1656 3474 all‘ert
1680 3419 1900 3473 sabbato
1928 3417 2120 3486 majus.

549 3519 661 3571 Non
691 3518 832 3572 enim
858 3514 1060 3584 mquale
1083 3521 1218 3574 erat,
1244 3511 1386 3566 diem
1415 3512 1555 3565 illam
1582 3511 1801 3575 violare,
1835 3518 1888 3564 et
1913 3524 2119 3565 sacram

553 3607 696 3661 illam
729 3619 966 3660 mensam
993 3605 1276 3673 attingere,
1296 3617 1454 3672 quam
1483 3601 1628 3655 adire
1659 3601 1854 3654 nemini
1884 3601 1961 3653 las
1988 3607 2119 3652 erat.

553 3699 685 3752 Nam
715 3697 989 3753 sabbatum
1022 3704 1163 3764 sape
1192 3694 1422 3747 solutum
1455 3693 1569 3757 fuit,
1595 3692 1701 3746 imo
1732 3705 1942 3761 semper
1972 3691 2129 3744 solvi-

551 3799 655 3853 tur,
688 3799 744 3842 et
771 3788 822 3842 in
854 3786 1278 3849 circumcisione,
1309 3792 1362 3838 et
1387 3785 1438 3837 in
1466 3784 1582 3836 aliis
1611 3781 1852 3851 plurimis
1881 3781 2128 3850 operibus

552 3880 750 3949 (Num.
781 3878 869 3934 28.
901 3879 972 3946 9)
1005 3897 1019 3932 :
1057 3889 1112 3932 et
1141 3876 1192 3931 in
1219 3875 1431 3930 Jericbo
1460 3874 1686 3943 idipsum
1720 3873 1913 3926 factum
1948 3871 2127 3925 videre

552 3981 632 4027 est
658 3974 675 4036 (
693 3971 849 4025 Josue
897 3969 952 4022 6.
982 3968 1052 4039 4)
1078 3986 1092 4021 ;
1125 3968 1226 4022 hoc
1250 3975 1426 4020 autem
1455 3977 1578 4019 tunc
1605 3967 1773 4019 solum
1805 3963 1997 4018 factum
2025 3971 2125 4017 est.

552 4063 727 4130 Quare
753 4077 783 4115 a
815 4060 1001 4130 majori
1031 4058 1275 4126 exemplo
1304 4070 1390 4112 res
1421 4056 1701 4110 evincitur.
1735 4056 1845 4109 Cur
1874 4070 2001 4123 ergo
2033 4068 2126 4108 ne-

557 4172 642 4211 mo
675 4155 925 4209 Davidem
953 4153 1256 4217 accusavit,
1284 4151 1490 4205 etiamsi
1522 4151 1622 4204 alia
1654 4150 1823 4218 major
1848 4147 2129 4203 accusandi

557 4247 773 4301 materia
818 4245 1060 4310 adesset,
1094 4244 1161 4297 ob
1209 4241 1542 4296 sacerdotum
1575 4240 1775 4293 cwdcm
1803 4281 1814 4301 ,
1867 4254 1984 4308 quae
2012 4239 2132 4292 inde

555 4338 831 4394 exordium
863 4335 1129 4390 duxerat?
1172 4333 1370 4387 Verum
1401 4331 1529 4384 illud
1572 4345 1676 4383 non
1719 4338 1980 4383 memorat
2007 4331 2093 4383 ille
2117 4370 2132 4392 ,

557 4430 652 4485 sed
676 4429 725 4482 in
751 4444 809 4482 re
832 4427 1096 4495 proposita
1125 4424 1383 4479 consistit.
1418 4421 1618 4475 Deinde
1643 4429 1817 4474 autem
1845 4421 1951 4473 alio
1979 4421 2138 4473 modo

558 4519 980 4576 criminationem
1031 4516 1205 4569 solvit.
1241 4513 1393 4566 Initio
1432 4512 1628 4580 quippe
1661 4508 1910 4564 Davidem
1945 4510 1995 4562 in
2027 4523 2138 4563 me-

561 4611 704 4666 dium
729 4609 965 4672 adduxit,
997 4607 1108 4676 ejus
1137 4620 1375 4678 personae
1403 4604 1658 4673 dignitate
1687 4602 2043 4671 arrogantiam
2076 4603 2138 4654 il-

562 4704 735 4757 lorum
762 4700 1094 4770 reprimens;
1122 4707 1399 4768 postquam
1427 4705 1603 4749 autem
1634 4695 1752 4748 illas
1783 4702 2134 4762 represserat,

563 4795 972 4864 superbiamque
1019 4791 1230 4844 illorum
1273 4796 1615 4851 coercuerat,
1660 4797 1780 4840 tunc
1810 4786 1974 4855 magis
2020 4785 2134 4839 ido-

566 4901 717 4940 ncam
760 4884 912 4939 affert
958 4883 1297 4938 solutionem.
1328 4880 1582 4947 Qumnam
1617 4878 1701 4932 illa
1745 4879 1892 4931 erat?
1922 4879 1974 4934 5.
2025 4876 2135 4930 Ne-

565 4980 701 5034 scitis
719 4976 954 5046 quoniam
978 4978 1027 5028 in
1056 4975 1238 5041 templo
1268 4971 1552 5026 sacerdotes
1577 4969 1834 5023 sabbatum
1861 4970 2068 5033 violant,
2092 4978 2138 5021 et

565 5071 672 5121 sine
713 5067 919 5120 crimine
943 5066 1096 5118 sunt?
1139 5063 1250 5117 lllic
1274 5105 1286 5128 ,
1323 5062 1529 5131 inquit,
1562 5061 1775 5115 occasio
1801 5075 1910 5114 rem
1941 5061 2094 5114 solvit
2122 5078 2136 5125 ;

569 5160 653 5213 hic
678 5174 804 5213 vero
828 5157 976 5211 adest
997 5158 1110 5210 sine
1141 5155 1419 5209 occasione
1446 5153 1663 5207 solutio.
1693 5152 1795 5206 Sed
1826 5168 1928 5206 non
1960 5154 2137 5206 statim

567 5261 633 5303 ita
666 5249 859 5312 solvit;
889 5261 1073 5302 verum
1101 5249 1272 5316 primo
1302 5245 1449 5314 quasi
1480 5259 1593 5299 rem
1621 5244 1772 5297 venia
1805 5243 2014 5312 dignam
2047 5261 2140 5311 po-

567 5347 679 5410 nit,
724 5353 903 5414 postea
952 5358 1081 5397 vero
1128 5341 1314 5394 fortius
1362 5340 1540 5393 instat.
1586 5337 1718 5391 Nam
1745 5337 1888 5408 quod
1920 5338 2141 5393 validius

567 5448 698 5500 erat,
730 5445 999 5505 postremo
1027 5432 1354 5487 aﬂ‘erendum
1386 5431 1498 5497 fuit,
1534 5431 1739 5484 etiamsi
1772 5431 1822 5484 id
1852 5429 1990 5498 quod
2033 5432 2141 5499 pri-

569 5543 713 5581 mum
743 5528 957 5580 allatum
987 5535 1100 5589 est,
1136 5525 1238 5577 vim
1271 5537 1418 5577 suam
1464 5522 1702 5575 haberet.
1732 5520 1809 5576 Ne
1840 5520 1967 5574 mihi
2000 5520 2138 5573 enim

567 5618 713 5672 dicas
734 5657 748 5680 ,
797 5616 846 5668 id
897 5631 1000 5668 non
1045 5629 1162 5670 esse
1205 5630 1231 5667 a
1259 5613 1478 5668 crimine
1511 5612 1726 5666 liberari
1755 5655 1768 5680 ,
1796 5627 1892 5682 par
1923 5611 2142 5667 alterius

633 5788 1029 5856 'Lege,qnamvis
1053 5791 1283 5842 naturalis
1304 5792 1440 5843 instet
1464 5788 1733 5841 necessitas.

1228 405 1287 462 Β.
1327 399 1602 459 JOANNIS
1651 388 2125 454 CHRYSOSTOMI
2178 387 2494 444 ARClllEP.
2535 386 3068 445 CONSTANTINOP.

3683 383 3792 441 L33

2203 506 2406 560 crimen
2440 507 2491 558 in
2523 504 2754 559 medium
2800 501 3011 557 all'erre.
3055 500 3184 555 Nam
3213 500 3429 570 quando
3457 501 3502 554 is
3531 498 3617 570 qui
3667 500 3789 555 fecit

2205 611 2307 650 non
2339 592 2647 658 accusatur,
2681 604 2804 648 tunc
2834 594 2882 647 id
2917 594 2967 646 in
3012 592 3379 648 defensionem
3410 592 3656 660 usurpari
3688 606 3788 662 po-

2203 696 2326 742 test.
2363 687 2552 742 V'erum
2585 687 2674 740 illo
2706 701 2809 740 non
2839 695 3124 739 contentus
3155 683 3252 738 fuit
3275 725 3289 747 ,
3323 682 3418 737 sed
3450 683 3591 751 quod
3623 684 3794 752 magis

2204 789 2616 832 consentaneum
2661 784 2743 830 est
2785 774 2938 830 all‘ert
2961 815 2977 840 ,
3011 773 3195 829 dicens
3227 772 3281 828 id
3308 771 3449 843 quod
3481 771 3678 826 factum
3711 782 3799 826 est

2205 885 2309 923 non
2333 883 2448 924 esse
2469 877 2744 939 peccatum
2771 884 2782 917 :
2815 865 2954 934 quod
2983 865 3287 931 conspicua:
3315 863 3554 917 victoria:
3579 862 3794 931 signum

2206 969 2319 1015 erat
2342 1001 2358 1026 ,
2386 973 2506 1014 cum
2552 956 2855 1012 ostenderet
2885 971 2943 1010 se
2988 954 3158 1024 legem
3190 954 3414 1010 solvisse
3436 995 3451 1018 ,
3485 955 3592 1030 imo
3625 952 3677 1006 id
3712 952 3802 1006 bis

2208 1054 2396 1110 fecisse
2421 1095 2435 1118 ,
2470 1061 2577 1107 tum
2615 1066 2646 1104 a
2693 1051 2810 1106 loco
2834 1092 2848 1115 ,
2883 1058 2993 1103 tum
3024 1063 3052 1100 a
3081 1046 3347 1111 sabbato;
3391 1048 3518 1116 quin
3551 1047 3712 1100 etiam
3742 1052 3800 1099 et

2210 1157 2291 1203 ter
2317 1147 2501 1202 fecisse
2521 1184 2536 1211 ,
2571 1145 2712 1214 quod
2743 1144 2937 1214 duplex
2967 1155 3099 1212 opus
3127 1143 3320 1195 factum
3352 1150 3530 1204 esset,
3567 1148 3623 1194 et
3650 1137 3801 1192 aliud

2209 1257 2274 1296 ex
2298 1239 2667 1296 sacerdotibus
2691 1239 3052 1306 subjunxisset
3075 1253 3089 1288 :
3115 1233 3364 1304 quodque
3387 1233 3558 1302 majus
3581 1241 3683 1297 est,
3709 1247 3804 1286 ne-

2208 1349 2311 1402 que
2350 1333 2550 1387 crimen
2582 1332 2707 1385 illud
2747 1337 2884 1385 esse.
2931 1329 3062 1384 Nam
3103 1328 3210 1391 ait,
3245 1327 3370 1382 Sine
3411 1328 3621 1380 crimine
3655 1336 3798 1381 sunt.

2213 1424 2395 1478 Viden'
2425 1432 2622 1491 quanta
2656 1423 2868 1491 posuit?
2898 1421 3098 1475 Locum
3135 1431 3150 1470 :
3176 1433 3326 1483 nam,
3361 1416 3427 1471 In
3460 1417 3649 1483 templo
3673 1459 3687 1481 ,
3719 1417 3806 1472 in—

2209 1518 2359 1586 quit,
2403 1514 2599 1570 factum
2647 1523 2767 1577 est;
2815 1526 3137 1580 personam:
3181 1525 3407 1579 nempe,
3441 1508 3802 1572 Sacerdotes;

2214 1617 2452 1677 tempus:
2479 1622 2622 1669 nam,
2648 1605 2923 1661 Sabbatum
2946 1612 3095 1668 erat;
3123 1618 3236 1658 rem
3264 1604 3462 1671 ipsam:
3487 1617 3611 1656 nam
3633 1642 3649 1665 ,
3681 1599 3808 1655 Vico

2213 1701 2354 1763 lant,
2389 1699 2595 1769 inquit:
2631 1713 2804 1768 neque
2847 1697 2990 1751 enim
3039 1695 3204 1763 dixit,
3232 1694 3490 1759 Solvunt;
3522 1694 3617 1748 sed
3658 1693 3805 1764 quod

2212 1792 2425 1862 gravius
2468 1799 2582 1855 est,
2641 1788 2842 1842 Violant
2873 1805 2891 1841 :
2938 1788 3077 1857 quod
3127 1801 3231 1841 non
3279 1786 3437 1841 modo
3477 1799 3665 1854 poenas
3695 1800 3808 1839 non

2214 1883 2370 1947 dent,
2419 1882 2509 1937 sed
2551 1881 2690 1951 quod
2731 1881 2953 1956 crimine
3001 1879 3332 1942 liberentur;
3365 1892 3486 1930 nam
3518 1877 3631 1940 ait,
3680 1873 3812 1930 Sine

2215 1977 2423 2028 crimine
2461 1983 2595 2027 sunt.
2639 1971 2693 2026 ld
2736 1986 2862 2026 vero
2904 1987 2970 2026 ne
3010 1971 3206 2040 putetis
3244 1969 3417 2023 simile
3456 1968 3620 2038 priori
3659 1983 3807 2022 esse.

2216 2065 2346 2120 Nam
2375 2065 2501 2118 illud
2533 2064 2696 2118 semel
2723 2062 2923 2118 factum
2950 2070 3032 2116 est
3057 2103 3071 2128 ,
3104 2075 3205 2114 nec
3231 2074 3262 2114 a
3289 2058 3658 2113 sacerdotibus
3679 2099 3694 2120 ,
3729 2067 3812 2110 at-

2219 2171 2320 2225 que
2350 2171 2411 2209 ex
2443 2156 2759 2208 necessitate
2785 2170 2798 2216 ;
2843 2152 2964 2206 ideo
2993 2151 3146 2205 venia
3173 2150 3316 2220 digni
3343 2158 3497 2204 erant
3529 2168 3541 2201 :
3578 2148 3681 2202 hoc
3708 2163 3809 2202 au-

2220 2259 2325 2302 tem
2357 2247 2578 2317 singulis
2608 2246 2843 2301 sabbatis
2869 2285 2882 2306 ,
2911 2259 2940 2297 a
2969 2241 3368 2304 sacerdotibus,
3400 2241 3452 2294 in
3487 2238 3686 2308 templo
3712 2280 3726 2301 ,
3757 2247 3814 2291 et

2219 2338 2508 2394 secundum
2538 2337 2730 2407 legem.
2760 2335 3096 2404 Quapropter
3125 2347 3229 2386 non
3282 2331 3442 2385 modo
3468 2331 3622 2385 venia
3661 2328 3812 2398 digni

2220 2441 2378 2494 sunt,
2407 2429 2501 2485 sed
2527 2429 2686 2483 etiam
2717 2425 3012 2483 secundum
3039 2426 3208 2495 legem
3236 2424 3390 2494 culpa
3419 2425 3590 2477 vacui.
3622 2421 3810 2492 Neque

2222 2521 2365 2574 enim
2403 2517 2737 2574 criminando
2766 2517 2882 2570 haec
2911 2515 3021 2570 dixi
3046 2557 3061 2581 ,
3104 2515 3311 2584 inquit,
3353 2528 3527 2582 neque
3553 2529 3618 2567 ex
3658 2513 3815 2567 venia

2224 2615 2394 2668 solum
2425 2612 2576 2681 culpa
2611 2611 2808 2665 liberos
2837 2618 3047 2675 statuo,
3077 2607 3173 2664 sed
3205 2623 3270 2661 ex
3305 2606 3524 2676 justitizc
3555 2607 3690 2675 lege.
3724 2603 3818 2659 Vi-

2223 2706 2486 2773 deturque
2514 2704 2634 2757 illos
2663 2701 2981 2765 defendere,
3014 2701 3111 2755 bos
3139 2709 3318 2754 autem
3348 2699 3570 2754 crimine
3599 2699 3813 2752 liberat.

2224 2799 2355 2853 Cum
2385 2797 2526 2851 enim
2554 2797 2643 2860 ait,
2678 2795 2800 2850 Sine
2830 2794 3037 2848 crimine
3064 2802 3180 2847 sunt
3204 2809 3222 2846 :
3252 2801 3306 2846 at
3337 2792 3387 2846 hi
3419 2793 3590 2846 multo
3611 2791 3803 2861 magis,

2227 2888 2417 2956 inquit.
2450 2884 2556 2941 Sed
2579 2901 2685 2940 non
2707 2893 2831 2939 sunt
2851 2882 3182 2937 sacerdotes.
3211 2886 3279 2936 At
3305 2882 3674 2936 sacerdotibus
3703 2895 3818 2934 ma-

2222 2976 2370 3045 jores
2400 2992 2412 3028 :
2442 2976 2556 3045 ipse
2583 2989 2811 3043 namque
2842 2973 3022 3042 templi
3055 2972 3309 3026 Dominus
3338 2972 3424 3025 hic
3447 2971 3637 3036 adest;
3667 2970 3815 3024 veri-

2228 3075 2308 3120 tas
2331 3107 2346 3131 ,
2379 3082 2483 3120 non
2515 3067 2681 3135 figura
2708 3081 2721 3119 :
2765 3063 2884 3118 ideo
2923 3063 3134 3118 dicebat
3157 3104 3171 3120 .
3205 3063 3257 3116 6.
3290 3062 3418 3117 Dico
3448 3072 3616 3116 autem
3640 3063 3781 3116 nobis
3802 3104 3818 3126 ,

2225 3159 2343 3225 quia
2363 3157 2548 3226 templo
2569 3160 2735 3226 major
2756 3164 2826 3209 est
2850 3155 2949 3207 hic.
2975 3154 3224 3208 Attamen
3246 3167 3367 3208 cum
3393 3153 3519 3206 talia
3545 3152 3818 3218 audirent,

2231 3249 2362 3303 nihil
2390 3248 2639 3303 dixerunt
2663 3263 2677 3300 :
2712 3247 2834 3316 quia
2859 3260 2963 3298 non
2984 3245 3053 3299 de
3081 3243 3253 3298 salute
3278 3244 3512 3297 hominis
3539 3242 3821 3313 agebatur.

2232 3339 2434 3394 Deinde
2454 3339 2574 3409 quia
2600 3337 2652 3392 id
2673 3336 3014 3392 audientibus
3040 3350 3202 3405 grave
3228 3333 3508 3389 videbatur
3539 3348 3680 3401 esse,
3713 3335 3824 3388 cito

2230 3430 2357 3484 illud
2387 3428 2702 3492 occultavit,
2736 3440 2919 3480 rursus
2956 3424 3023 3479 ad
3057 3424 3264 3478 veniam
3294 3438 3600 3478 sermonem
3631 3437 3818 3493 agens,

2234 3536 2330 3575 nec
2356 3521 2472 3576 sine
2499 3519 2862 3588 increpatione
2889 3518 2967 3571 sic
2995 3516 3180 3570 dicens
3209 3533 3222 3568 :
3257 3516 3311 3568 ’λ
3343 3513 3404 3569 Si
3433 3525 3601 3568 autem
3629 3515 3826 3569 sciretis

2237 3611 2358 3680 quid
2397 3619 2492 3673 est,
2526 3607 2579 3661 Μ
2586 3607 2931 3662 isericordiam
2958 3607 3070 3660 volo
3090 3647 3106 3672 ,
3136 3617 3183 3659 et
3211 3621 3309 3658 non
3342 3607 3652 3671 sacriﬁcium
3671 3648 3686 3670 ,
3721 3623 3821 3659 non

2235 3700 2656 3755 condemnassetis
2678 3699 2966 3753 innocentes
2990 3697 3008 3766 (
3034 3695 3162 3751 Osee
3187 3695 3238 3751 6.
3265 3695 3355 3765 6).
3387 3694 3572 3750 Vidcn’
3600 3711 3823 3766 quomo.

2233 3791 2302 3846 do
2332 3806 2515 3845 rursus
2545 3804 2847 3845 sermonem
2877 3787 2943 3842 ad
2976 3788 3182 3842 veniam
3212 3797 3372 3856 agat,
3405 3797 3457 3841 et
3487 3803 3701 3842 rursum
3731 3804 3824 3843 vc-

2235 3882 2319 3935 nia
2363 3881 2664 3950 superiores
2703 3881 2720 3912 ¹
2856 3879 3140 3934 ostendat?
3193 3877 3311 3932 Non
3354 3879 3781 3935 condemnassctis
3806 3924 3821 3947 ,

2237 3973 2444 4043 inquit,
2483 3974 2790 4026 innocentes.
2833 3971 2984 4025 Prius
3023 3970 3361 4025 sacerdotum
3401 3973 3705 4042 exemplum
3737 3985 3820 4028 at-

2239 4067 2395 4132 tulit,
2429 4065 2615 4120 dicens
2644 4064 2953 4118 innocentes
2984 4062 3106 4117 illos
3132 4075 3254 4116 esse
3281 4079 3296 4114 :
3340 4061 3443 4117 hoc
3469 4074 3648 4117 autem
3680 4081 3708 4117 a
3741 4079 3824 4119 se-

2237 4156 2466 4225 metipso
2491 4155 2673 4224 ponit;
2705 4154 2811 4206 imo
2839 4168 2964 4206 vero
2990 4162 3044 4208 et
3070 4153 3171 4206 hoc
3197 4167 3224 4204 a
3259 4153 3374 4223 lege
3399 4170 3412 4205 :
3449 4153 3822 4223 propheticum

2240 4249 2381 4298 enim
2407 4245 2607 4297 dictum
2647 4243 2906 4296 recitavit.

2312 4337 2363 4390 3.
2392 4334 2599 4389 Sabbati
2613 4334 2663 4386 in
2690 4334 2837 4386 veteri
2859 4333 2965 4403 lege
2986 4333 3196 4398 utilitas,
3216 4333 3464 4387 inutilitas
3483 4336 3534 4388 in
3557 4352 3686 4388 nova
3710 4353 3825 4405 pro.

2246 4427 2706 4481 batur.-—Demum
2754 4426 2910 4479 aliam
2951 4425 3104 4479 all'ert
3130 4441 3344 4480 oausam
3370 4426 3555 4482 dicens
3591 4447 3604 4482 :
3640 4429 3692 4484 8.
3716 4429 3824 4482 Do-

2245 4522 2408 4573 minus
2433 4520 2562 4572 enim
2589 4528 2658 4572 est
2707 4517 2916 4572 Sabbati
2958 4518 3124 4571 Filius
3155 4520 3372 4572 hominis
3391 4562 3405 4586 ,
3435 4520 3503 4574 de
3540 4522 3720 4588 seipso
3749 4522 3826 4574 lo-

2243 4624 2430 4680 queis.
2481 4609 2685 4663 Marcus
2742 4623 2870 4661 vero
2919 4607 3067 4661 illum
3115 4607 3183 4662 de
3210 4611 3478 4663 communi
3532 4621 3720 4665 natura
3775 4613 3824 4665 id

2243 4701 2440 4756 dixisse
2470 4701 2668 4755 refert:
2705 4699 2983 4754 Sabbatum
3009 4741 3023 4766 ,
3072 4699 3270 4768 inquit,
3310 4713 3516 4769 propter
3574 4704 3827 4759 hominem

2246 4793 2434 4862 factum
2459 4801 2564 4857 est,
2597 4807 2696 4844 non
2725 4798 2891 4845 autem
2920 4790 3067 4842 homo
3096 4799 3303 4858 propter
3326 4791 3592 4844 sabbatum
3624 4792 3817 4860 (Marc.

2247 4885 2300 4937 9..
2333 4884 2442 4953 Ξῖ).
2487 4883 2590 4938 Cur
2613 4898 2740 4953 ergo
2766 4882 3085 4950 supplicium
3117 4881 3217 4935 luit
3258 4882 3348 4936 ille
3373 4883 3463 4952 qui
3495 4883 3637 4953 ligna
3675 4885 3827 4939 colli-

2251 4978 2408 5048 gebat
2438 4976 2623 5049 (Nam.
2651 4977 2733 5031 15.
2770 4976 2857 5029 ‘55.
2889 4975 3047 5047 sqq.)?
3063 4973 3194 5040 Quia
3243 4974 3288 5028 si
3318 4974 3467 5028 initio
3514 4974 3662 5044 leges
3705 4991 3828 5030 con-

2254 5080 2463 5140 tempus
2493 5069 2734 5134 fuissent,
2763 5068 2848 5120 vix
2877 5077 3058 5136 postea
3081 5066 3354 5120 servanda:
3371 5076 3542 5120 erant.
3564 5067 3698 5121 Nam
3733 5069 3829 5122 ini-

2247 5163 2321 5216 tio
2347 5161 2622 5216 sabbatum
2655 5162 2705 5213 in
2734 5159 2912 5212 multis
2938 5157 3296 5227 gravibusque
3326 5158 3486 5213 rebus
3513 5159 3642 5214 utile
3679 5168 3825 5214 erat.

2245 5253 2472 5336 exempli
2507 5265 2660 5304 causa
2683 5289 2697 5315 ,
2726 5249 2776 5302 id
2803 5248 3069 5303 efﬁciebat
3095 5255 3152 5302 ut
3184 5249 3339 5302 mites
3383 5247 3713 5319 humanique
3742 5266 3830 5304 es-

2245 5352 2365 5397 sent
2397 5357 2517 5396 cum
2545 5341 2887 5409 propinquis;
2926 5338 3152 5393 docebat
3189 5354 3283 5395 eos
3309 5339 3403 5393 Dei
3442 5340 3829 5408 providentiam

2247 5446 2299 5488 et
2327 5435 2648 5489 creationem
2678 5451 2690 5486 :
2723 5433 2861 5503 quod
2891 5435 2966 5488 ait
2992 5433 3238 5488 Ezechiel
3270 5451 3281 5486 :
3313 5433 3554 5490 Entdivit
3576 5452 3671 5492 eos
3703 5452 3831 5508 pau-

2247 5527 2390 5581 latim
2413 5568 2427 5592 ,
2459 5535 2517 5580 ut
2557 5526 2882 5581 abstinerent
2903 5542 2929 5580 a
2976 5527 3208 5595 nequitia
3235 5569 3246 5588 ,
3277 5535 3330 5580 et
3378 5537 3435 5580 ut
3463 5529 3831 5597 spiritualibus

2249 5619 2614 5675 incumberent
2645 5619 2852 5673 (Ezecli.
2879 5618 2991 5690 20).
3027 5618 3155 5674 Nam
3201 5620 3243 5673 si
3268 5634 3388 5672 cum
3424 5601 3597 5691 le'gem
3631 5623 3833 5680 sabbati

2280 5790 2349 5854 (α)
2370 5790 2421 5843 Id
2444 5802 2536 5856 est,
2561 5793 2712 5856 potius
2733 5790 2876 5843 laude
2899 5803 3041 5856 quam
3062 5790 3197 5842 venia
3220 5789 3408 5852 dignos.
