4080 6482
268 445 374 501 457

265 555 444 620 dedit,
468 553 724 610 dixisset:
755 554 902 610 Bona
933 551 1085 607 facite
1110 549 1164 606 in
1186 552 1429 619 sabbato,
1461 553 1556 610 sed
1586 555 1722 608 mala
1747 569 1854 608 non

263 647 564 718 operemini
588 689 604 711 ,
654 645 824 716 legem
880 660 986 699 non
1033 656 1300 700 servasset
1365 646 1628 716 populus;
1671 660 1855 701 verum

265 738 447 794 omnia
476 737 632 792 simul
660 735 826 792 vetuit
853 753 867 790 :
892 735 1042 791 Nihil
1071 736 1267 805 facietis
1286 777 1300 799 ,
1330 736 1524 806 inquit.
1561 735 1747 805 Neque
1774 748 1844 791 ta-

259 845 390 886 men
419 830 501 886 sic
526 843 588 884 se
611 829 940 883 continuere.
991 827 1109 897 lpse
1134 843 1261 882 vero
1291 842 1412 882 cum
1449 828 1619 899 legem
1649 830 1854 886 sabbati

262 926 432 987 dedit,
460 925 686 979 obscure
710 923 1060 994 signiﬁcavit,
1091 925 1229 980 velle
1255 941 1314 980 sc
1343 936 1400 978 ut
1429 941 1456 978 a
1504 926 1658 980 malis
1682 927 1853 980 solum

262 1020 615 1074 abstinerent.
667 1016 818 1072 Nihil
842 1019 982 1072 enim
1014 1017 1241 1085 facietis,
1275 1019 1480 1088 inquit,
1525 1020 1622 1072 nisi
1654 1035 1712 1072 ea
1739 1035 1855 1086 qua

261 1106 415 1178 faciet
443 1110 614 1163 anima
641 1108 834 1182 (Exod.
869 1109 957 1164 12.
992 1107 1103 1182 16).
1149 1108 1202 1162 In
1235 1111 1432 1178 templo
1470 1121 1646 1166 autem
1674 1111 1851 1166 omnia

263 1200 485 1263 ﬁebant,
517 1211 572 1255 et
599 1216 720 1255 cum
743 1201 934 1269 majori
973 1200 1150 1255 studio
1173 1240 1188 1258 .
1219 1201 1524 1270 duplicique
1550 1217 1734 1270 opera.
1764 1202 1853 1258 Sic

258 1306 359 1360 per
390 1292 560 1361 ipsam
589 1293 829 1346 umbram
861 1294 1140 1347 veritatem
1168 1292 1271 1347 illis
1297 1293 1591 1362 aperiebat.
1619 1293 1848 1348 Tantum

255 1397 392 1450 ergo
418 1385 624 1437 lucrum
647 1424 662 1448 ,
691 1383 903 1453 inquies
922 1425 937 1449 ,
967 1384 1189 1440 abstulit
1212 1385 1491 1440 Christus?
1517 1386 1702 1449 Absit;
1734 1386 1845 1441 imo

255 1472 390 1526 illud
423 1473 707 1528 atlmmum
733 1475 898 1528 auxit.
935 1476 1167 1544 Tempus
1196 1478 1337 1530 enim
1365 1486 1483 1531 erat
1511 1486 1567 1529 ut
1595 1493 1692 1546 per
1719 1477 1848 1530 sub-

253 1566 468 1619 limiora
516 1567 895 1622 erudirentur:
961 1582 1136 1637 neque
1181 1569 1460 1636 oportebat
1506 1584 1698 1624 manus
1731 1569 1848 1637 ejus

255 1655 425 1725 ligare
445 1699 460 1722 ,
490 1658 577 1726 qui
607 1673 636 1710 a
675 1658 908 1727 nequitia
938 1668 1153 1722 erutus,
1199 1658 1266 1712 ad
1313 1659 1449 1711 bona
1477 1660 1655 1712 omnia
1692 1659 1844 1712 vola-

255 1747 380 1812 bat;
423 1762 596 1816 neque
644 1747 766 1802 inde
791 1746 1029 1803 ediscere
1078 1748 1240 1802 Deum
1268 1750 1446 1804 nuntia
1495 1749 1717 1815 fecisse;
1749 1765 1848 1805 nec

238 1835 381 1892 'inde
413 1839 610 1891 institui
639 1837 703 1892 ad
751 1839 1212 1894 mansuetudinem
1242 1854 1337 1894 eos
1357 1881 1369 1902 ,
1395 1842 1483 1910 qui
1511 1841 1577 1894 ad
1625 1842 1716 1895 Dei
1745 1842 1845 1896 be-

249 1929 564 1998 nignitatem
611 1911 918 1982 imitandam
948 1930 1122 1983 vocati
1168 1939 1322 1985 erant
1359 1946 1373 1982 :
1403 1930 1573 1984 Estote
1597 1973 1612 1996 ,
1643 1932 1840 2002 inquit,

249 2019 602 2072 misericordes
649 2021 778 2072 sicut
818 2017 976 2072 Pater
1018 2030 1178 2075 vester
1205 2021 1416 2075 celestis
1444 2021 1597 2091 (Luc.
1625 2022 1676 2075 6.
1710 2021 1838 2092 36);

250 2107 458 2162 nullum
491 2108 630 2162 diem
680 2107 872 2163 festum
920 2124 1077 2180 agere
1106 2126 1220 2174 eos,
1246 2112 1335 2181 qui
1367 2127 1460 2181 per
1486 2122 1649 2167 totam
1677 2114 1841 2168 vitam

246 2198 447 2254 festum
477 2201 1000 2270 agerejubebantur:
1029 2219 1150 2256 nam
1170 2205 1261 2269 ait,
1289 2203 1491 2258 Festum
1509 2206 1834 2270 celebremus,

243 2307 350 2344 non
366 2292 419 2344 in
436 2292 676 2359 {eratcum
711 2293 882 2355 veteri,
899 2309 1057 2362 neque
1071 2295 1122 2346 in
1139 2295 1384 2364 [amento
1397 2297 1602 2349 malititc
1616 2307 1662 2351 et
1674 2299 1840 2367 nequi-

245 2385 354 2448 tiae,
385 2383 475 2437 sed
502 2384 554 2436 in
583 2385 777 2453 azymis
802 2385 1101 2438 sinceritatis
1120 2395 1167 2437 et
1187 2386 1407 2440 veritatis
1429 2387 1504 2455 (1.
1529 2385 1647 2442 Cor.
1676 2389 1732 2442 ὅ.
1756 2389 1832 2458 8).

239 2475 361 2531 Non
411 2485 622 2546 oportet
669 2477 811 2532 enim
857 2492 1024 2550 prope
1072 2492 1250 2532 arcam
1297 2487 1352 2533 et
1404 2478 1570 2533 altare
1614 2495 1834 2534 aureum

238 2577 386 2623 stare
415 2581 526 2632 eos,
560 2569 648 2638 qui
676 2569 914 2622 omnium
959 2569 1240 2623 Dominum
1272 2569 1475 2624 habent
1517 2585 1698 2626 secum
1733 2572 1831 2624 lm-

235 2656 498 2712 bitantem
528 2698 543 2723 ,
573 2659 769 2729 quique
815 2675 909 2729 per
939 2661 1115 2714 omnia
1164 2661 1336 2728 ipsum
1384 2662 1743 2731 alloquuntur,
1778 2671 1832 2715 et

235 2765 339 2820 per
361 2751 677 2814 orationem,
706 2761 759 2805 et
791 2767 886 2821 per
910 2751 1256 2815 oblationem,
1290 2761 1344 2807 et
1376 2768 1468 2821 per
1503 2751 1824 2821 Scripturas,

232 2850 292 2896 et
338 2855 432 2909 per
461 2842 856 2912 eleemosynam
878 2884 891 2905 ,
925 2853 979 2896 et
1016 2842 1159 2912 quod
1206 2843 1347 2898 intus
1379 2842 1525 2897 illum
1577 2843 1827 2899 habeant.

231 2931 368 2997 Qua:
410 2946 537 3001 ergo
579 2932 784 3004 sabbati
827 2934 1117 2988 necessitas
1165 2935 1213 2986 ei
1245 2935 1333 3003 qui
1373 2949 1587 3002 semper
1634 2917 1826 2990 festum

231 3023 510 3088 celebrat,
542 3025 630 3092 qui
664 3025 714 3077 in
745 3025 875 3078 cat-lo
920 3026 1196 3079 versatur?
1223 3025 1434 3079 Festum
1467 3040 1595 3095 ergo
1637 3041 1829 3096 perpe-

231 3125 329 3170 tuo
357 3131 596 3186 agamus,
619 3116 854 3185 nihilque
876 3119 1000 3170 mali
1027 3132 1344 3185 operemur;
1375 3117 1502 3172 illud
1527 3121 1667 3172 enim
1696 3134 1826 3174 vere

229 3207 428 3261 festum
475 3217 558 3261 est
595 3224 607 3258 :
652 3208 746 3261 sed
795 3208 1088 3276 spiritualia
1131 3208 1504 3273 intendamus,
1535 3209 1825 3264 abscedant

227 3308 448 3354 terrena
469 3339 484 3361 ,
516 3300 774 3368 spirituali
821 3302 930 3353 otio
959 3301 1225 3365 otiemur,
1257 3314 1445 3354 manus
1487 3301 1553 3352 ab
1602 3301 1821 3355 avaritia

227 3393 543 3447 cohibentes
564 3432 576 3453 ,
627 3406 822 3460 corpus
854 3407 882 3443 a
926 3391 1214 3458 superﬂuis
1246 3401 1298 3445 et
1344 3391 1621 3444 inutilibus
1648 3392 1820 3445 abdu-

227 3492 418 3536 centes
447 3481 718 3535 laboribns
737 3523 751 3544 ,
776 3482 964 3549 quibus
990 3481 1216 3534 al'ﬁictns
1243 3491 1325 3535 est
1351 3482 1477 3535 olim
1506 3483 1559 3534 in
1587 3482 1824 3552 Egypto

227 3571 580 3626 Hebrznorum
633 3571 899 3639 populus:
944 3571 1074 3624 nihil
1119 3572 1260 3624 enim
1311 3570 1608 3624 differimus
1660 3583 1820 3641 quot-

225 3669 362 3731 quot
389 3674 576 3713 aurum
602 3659 921 3730 colligimus.
951 3659 1019 3714 ab
1046 3659 1109 3714 iis
1134 3661 1223 3729 qui
1251 3660 1396 3714 luteo
1424 3663 1572 3729 Operi
1601 3660 1820 3715 addice-

224 3753 458 3816 bantur,
487 3752 790 3820 latcresque
819 3762 1104 3820 opcrantes
1129 3792 1143 3816 ,
1193 3759 1246 3805 et
1280 3753 1457 3819 paleas
1506 3752 1820 3818 colligentes

223 3841 651 3912 ﬁagellabantur.
705 3840 838 3894 Nam
891 3855 1029 3894 nunc
1067 3855 1279 3910 quoque
1335 3841 1579 3894 diabolus
1627 3842 1821 3896 lateres

221 3935 376 4006 jubet
399 3948 656 4003 apparare
677 3975 690 3996 ,
721 3944 779 3986 ut
804 3933 930 3987 olim
961 3933 1190 3987 l'harao.
1222 3933 1357 4000 Quid
1380 3935 1520 3987 enim
1569 3933 1709 3988 aliud
1738 3943 1820 3988 est

222 4041 416 4080 aurum
439 4067 452 4086 ,
484 4040 642 4095 quam
692 4025 904 4078 lutum?
953 4025 1078 4092 quid
1130 4024 1274 4076 aliud
1313 4033 1626 4093 argentum,
1657 4040 1815 4094 quam

223 4118 378 4187 palea
401 4117 423 4169 ?
449 4115 578 4170 Nam
606 4124 883 4185 argentum
914 4116 1055 4169 velut
1078 4117 1227 4185 palea
1255 4116 1598 4184 cupiditatem
1629 4131 1820 4169 accen-

224 4210 337 4271 dit,
369 4217 425 4262 et
454 4223 637 4261 aurum
670 4206 763 4259 luti
795 4206 964 4259 instar
994 4207 1142 4259 illum
1175 4207 1413 4274 inquinat
1438 4206 1527 4274 qui
1559 4206 1816 4274 possidet.

227 4300 358 4356 ideo
391 4299 538 4352 misit
581 4298 736 4351 nobis
780 4312 882 4352 ιιοιι
928 4297 1110 4350 Mosen
1143 4313 1206 4349 ex
1260 4296 1476 4351 deserto
1501 4296 1712 4367 IEgypti
1748 4299 1759 4326 ¹
1799 4338 1814 4360 ,

228 4390 327 4446 sed
357 4390 550 4443 Filium
578 4406 730 4443 suum
760 4389 826 4442 de
853 4389 1002 4441 οιιτῖι).
1034 4388 1086 4441 Si
1133 4390 1306 4458 itaque
1335 4399 1453 4456 post
1479 4388 1592 4452 ejus
1619 4389 1818 4443 adven-

223 4493 340 4536 tum
369 4482 420 4534 in
443 4481 673 4550 Aigypto
702 4482 960 4533 manseris
981 4520 992 4542 ,
1027 4485 1210 4533 ιτιεξτῖω
1257 4482 1470 4548 patieris
1498 4497 1616 4549 que
1647 4481 1816 4550 Egy-

224 4574 360 4644 ptii:
390 4573 470 4626 sin
501 4572 731 4642 IEgypIo
751 4572 934 4625 relicta
959 4572 1153 4626 abieris
1175 4587 1294 4625 cum
1321 4572 1576 4639 spirituali
1601 4571 1812 4637 lsracle,

221 4669 607 4725 miraculorum
639 4670 874 4721 omnium
907 4675 1175 4736 Spectator
1203 4668 1330 4721 eris.

299 4761 352 4814 ὁ.
385 4759 492 4812 Nec
535 4769 710 4812 tamen
757 4758 807 4811 id
860 4759 1028 4809 solum
1080 4757 1147 4809 ad
1188 4760 1413 4810 salutem
1441 4756 1653 4810 sufﬁcit.
1697 4747 1813 4812 Non

219 4853 368 4908 enim
400 4851 464 4902 ab
486 4849 716 4920 Egyptc
737 4860 939 4902 tantum
971 4847 1327 4903 medendum
1356 4858 1472 4909 est;
1506 4851 1597 4902 sed
1629 4849 1678 4901 in
1706 4859 1814 4903 ter-

222 4962 337 4999 ram
374 4945 744 5012 promissionis
775 4942 1102 4996 intrandum.
1131 4942 1570 5010 Quandoquidem
1612 4941 1811 5006 Judad,

221 5050 283 5091 ιιι
331 5037 405 5088 ait
451 5034 641 5088 Paulus
692 5033 889 5103 (Hebr.
937 5035 1021 5086 ll.
1063 5033 1215 5098 9.9),
1243 5048 1334 5102 per
1383 5048 1529 5087 mare
1575 5032 1811 5086 Rubrum

221 5125 571 5188 transierunt,
599 5139 789 5177 manna
822 5123 1200 5186 comederunt,
1233 5134 1286 5176 et
1331 5133 1511 5192 potum
1562 5123 1812 5190 spiritua-

225 5222 332 5274 lem
364 5218 610 5272 biberunt
631 5259 645 5281 ,
682 5225 913 5270 attamen
946 5230 1132 5269 omnes
1173 5214 1399 5283 periere.
1427 5214 1504 5268 Ne
1529 5217 1687 5283 igitur
1717 5228 1813 5267 nos

221 5327 438 5382 quoque
462 5311 582 5363 talia
614 5310 880 5379 patiamur
900 5349 914 5374 ,
948 5323 1014 5363 ne
1042 5322 1235 5378 segnes
1265 5309 1432 5362 simus
1456 5351 1471 5374 ,
1497 5309 1587 5361 sed
1617 5309 1681 5360 ad
1711 5325 1809 5376 pu-

223 5417 385 5474 gnam
415 5404 579 5469 parati
613 5416 627 5451 :
658 5410 711 5453 at
740 5400 783 5452 si
812 5414 950 5452 nunc
991 5399 1176 5452 audias
1205 5399 1374 5452 malos
1403 5400 1809 5465 exploratores,

225 5493 314 5564 qui
347 5502 622 5560 angustam
667 5498 720 5544 ct
764 5499 962 5544 arctam
996 5491 1135 5542 viam
1168 5490 1565 5544 calumnientur
1586 5531 1600 5555 ,
1649 5501 1810 5559 atque

283 5626 300 5655 ¹
330 5620 585 5685 SicSanl.
612 5626 664 5667 et
682 5619 860 5685 lilorel.
882 5633 894 5677 ;
917 5618 998 5685 alii
1026 5631 1088 5668 ex
1116 5619 1558 5685 descrto,tantum,
1584 5632 1638 5676 ut
1664 5627 1799 5676 Crte-

221 5694 281 5732 ce
306 5681 579 5736 edidimus;
607 5679 827 5737 quidam.
854 5694 916 5730 ex
940 5683 1168 5744 Egypto,
1193 5687 1404 5732 tantum.

1223 441 1290 497 ια
1330 441 1740 503 MATTHEUM
1781 446 2013 504 "OM"...
2056 449 2300 509 XXXIX.
2343 453 2414 509 ai.
2461 451 2570 532 ξι.

3459 456 3566 512 458

1977 556 2062 611 illa
2089 557 2291 624 dicant,
2322 578 2441 633 qua:
2470 565 2598 618 olim
2625 563 2697 618 illi
2727 563 2981 622 dicebant
3007 567 3375 638 exploratores
3402 609 3418 633 ,
3452 587 3558 623 nun

1967 651 2147 718 populi
2176 651 2405 715 turbam,
2436 654 2531 709 sed
2550 654 2734 710 Jcsum
2762 656 3055 722 imitamur,
3081 668 3135 712 ct
3161 656 3361 713 Chalcb
3391 659 3560 716 tilium

1969 739 2250 808 Jephone;
2282 757 2455 814 neque
2485 745 2631 814 prius
2659 746 2937 812 abscedas,
2967 763 3126 817 quam
3155 749 3208 803 in
3235 750 3554 818 promissum

1967 831 2155 887 caelum
2193 834 2518 905 ingrediaris
2547 837 2567 906 (
2595 836 2758 892 Num.
2806 840 2893 894 15.
2918 839 3079 895 Josue
3118 843 3184 897 l4
3211 853 3256 896 et
3289 843 3356 899 15
3381 843 3420 908 ).
3449 843 3558 900 Ne-

1967 939 2072 993 que
2099 925 2375 982 difﬁcilem
2418 939 2576 998 putes
2601 944 2722 986 esse
2748 930 2909 985 viam.
2939 931 3072 986 Nam
3104 933 3150 987 si
3195 934 3395 992 inimici
3433 951 3556 990 cum

1965 1031 2228 1083 essemus,
2257 1033 2356 1074 nos
2376 1033 2497 1075 cum
2526 1021 2637 1076 Deo
2657 1022 3122 1078 reconciliavimus
3145 1065 3159 1088 ,
3190 1026 3359 1082 multo
3387 1028 3558 1098 magis

1969 1110 2301 1163 reconciliati
2329 1110 2555 1166 salutem
2585 1127 2996 1183 consequemur.
3028 1113 3224 1169 \‘crum
3251 1128 3473 1187 angusta
3498 1129 3553 1172 ct
3647 1108 3666 1122 ”

1963 1207 2134 1264 arcta,
2157 1199 2383 1269 inquies,
2404 1201 2494 1255 illa
2516 1202 2601 1255 via
2622 1210 2723 1257 est.
2748 1202 2853 1258 Sed
2893 1205 3058 1271 prior,
3083 1220 3179 1273 per
3195 1220 3353 1276 quam
3379 1215 3556 1263 trans-

1960 1291 2119 1352 lviSti,
2155 1305 2261 1344 non
2287 1301 2506 1362 angusta
2533 1302 2588 1347 et
2613 1302 2758 1347 arcta
2784 1293 2945 1348 modo
2965 1303 3067 1359 est,
3093 1295 3186 1349 sed
3209 1298 3368 1351 etiam
3389 1299 3549 1363 invia,

1958 1395 2023 1435 ac
2058 1379 2186 1435 feris
2230 1382 2533 1452 agrestibus
2584 1383 2739 1451 plena
2788 1399 2894 1439 :ac
2939 1373 3389 1454 quemadmodum
3439 1405 3546 1442 non

1959 1481 2206 1538 poterant
2252 1487 2348 1542 per
2375 1489 2524 1529 mare
2572 1473 2816 1529 Rubrum
2865 1477 3238 1532 transire-sine
3285 1479 3547 1535 miraculo

1957 1561 2048 1615 illo
2086 1563 2202 1616 :sic
2245 1579 2352 1616 non
2398 1572 2707 1632 poteramus
2750 1564 2803 1618 in
2842 1566 3021 1634 priore
3052 1567 3157 1620 vita
3190 1579 3469 1624 manentes
3495 1572 3547 1624 in

1957 1653 2145 1707 etclam
2178 1654 2471 1708 ascendere
2495 1695 2510 1720 ,
2545 1656 2645 1709 nisi
2692 1656 2954 1724 baptisma
2988 1657 3039 1710 in
3067 1658 3244 1713 medio
3267 1661 3548 1728 apparuis-

1955 1753 2057 1799 set.
2087 1745 2140 1800 Si
2173 1755 2354 1800 autem
2398 1747 2525 1800 illud
2555 1747 2698 1816 quod
2727 1747 2840 1802 fieri
2872 1765 2977 1802 non
3019 1758 3263 1818 poterat,
3315 1751 3428 1807 ﬁeri
3465 1762 3545 1805 ta-

1953 1852 2075 1892 men
2106 1839 2306 1908 potuit,
2337 1837 2504 1892 multo
2533 1839 2702 1909 magis
2743 1838 2887 1909 quod
2927 1838 3143 1895 difﬁcile
3185 1849 3337 1905 erat,
3386 1842 3539 1898 facile

1951 1929 2161 1984 evadet.

2024 2019 2215 2074 Gratia:
2246 2023 2430 2076 divina:
2459 2023 2604 2077 labor
2626 2033 2795 2077 noster
2835 2022 3121 2078 addendus.
3164 2024 3541 2096 Pra’ceptorum

1951 2115 2193 2183 facilitas.
2218 2115 2492 2170 -——\’erum
2523 2115 2686 2181 illud,
2721 2117 2958 2186 inquies,
2992 2133 3088 2186 per
3113 2118 3283 2172 solam
3315 2120 3540 2189 gratiam

1947 2208 2126 2261 ﬁebat.
2175 2208 2242 2262 Et
2286 2208 2407 2262 ideo
2437 2211 2669 2262 maxime
2713 2209 2833 2274 jure
2879 2209 3140 2265 conﬁdas.
3185 2208 3240 2266 Si
3270 2212 3411 2265 enim
3450 2211 3541 2266 ubi

1946 2299 2059 2352 sola
2091 2299 2262 2366 gratia
2294 2309 2407 2353 erat
2427 2341 2443 2362 ,
2473 2299 2558 2354 illa
2592 2283 2768 2354 tamen
2808 2311 3026 2370 operata
3052 2311 3139 2356 est
3171 2321 3186 2355 :
3214 2301 3303 2356 ubi
3331 2302 3542 2357 labores

1945 2387 2282 2453 addideritis,
2313 2403 2489 2443 annon
2521 2390 2691 2446 multo
2728 2391 2899 2461 magis
2927 2390 3339 2460 cooperabitur?
3365 2394 3411 2447 si
3455 2394 3541 2448 ni-

1947 2479 2020 2535 hil
2049 2493 2294 2551 agentem
2321 2482 2554 2534 servavit
2579 2523 2597 2548 ,
2632 2497 2809 2543 annon
2839 2484 3008 2538 multo
3034 2485 3202 2555 magis
3227 2494 3536 2554 operantem

1935 2573 2186 2642 juvabit?
2214 2573 2385 2642 Supra
2412 2573 2654 2628 dicebam
2676 2616 2690 2638 ,
2723 2588 2784 2630 ex
2831 2575 2897 2629 iis
2925 2591 3046 2645 qua:
3090 2571 3205 2630 ﬁeri
3245 2592 3350 2632 non
3381 2592 3539 2646 posse

1937 2668 2276 2732 videbantur,
2310 2677 2361 2721 et
2393 2677 2568 2722 tamen
2599 2667 2739 2722 facta
2783 2677 2938 2734 sunt,
2976 2669 3028 2722 in
3057 2668 3364 2724 difﬁcilibus
3394 2670 3535 2725 ﬁdu-

1935 2758 2072 2810 ciam
2103 2757 2193 2810 tibi
2239 2758 2393 2811 dari:
2427 2774 2569 2813 nunc
2607 2768 2784 2814 autem
2816 2761 2966 2825 dico,
2999 2761 3044 2814 si
3074 2760 3352 2831 vigilemus
3373 2803 3386 2824 ,
3421 2761 3536 2816 ha:c

1936 2866 2004 2903 ne
2055 2849 2288 2905 difﬁcilia
2334 2851 2550 2920 quidem
2603 2850 2737 2906 fore.
2779 2849 3102 2907 Consideres
3147 2853 3290 2906 enim
3332 2855 3531 2918 velim,

1934 2952 2162 2998 mortem
2216 2944 2580 2999 conculcatam
2641 2943 2834 3010 fuisse,
2882 2944 3148 2999 diabolum
3200 2946 3531 3013 concidisse,

1934 3036 2103 3106 legem
2125 3038 2324 3105 peccati
2347 3037 2660 3091 exstinctam
2681 3053 2822 3116 esse,
2839 3037 3069 3106 Spiritus
3086 3038 3308 3108 gratiam
3329 3041 3529 3101 datam,

1929 3130 2093 3182 vitam
2124 3129 2175 3182 in
2207 3128 2368 3182 breve
2397 3135 2606 3198 tempns
2625 3136 2976 3192 contractam,
3008 3143 3170 3183 onera
3197 3130 3438 3198 praecisa.
3463 3129 3534 3186 Et

1930 3224 1991 3272 ut
2015 3218 2128 3272 hzec
2153 3217 2223 3272 ab
2251 3218 2380 3287 ipsis
2405 3218 2660 3287 operibus
2685 3217 2896 3272 ediscas
2921 3259 2935 3280 ,
2966 3221 3240 3288 perpende
3266 3229 3398 3288 quot
3424 3222 3534 3276 sint

1930 3310 2018 3377 qui
2050 3309 2248 3376 majora
2273 3349 2286 3370 ,
2317 3323 2475 3377 quam
2520 3307 2766 3361 Christus
2808 3310 3083 3376 prmcipizit
3105 3351 3118 3374 ,
3171 3309 3397 3364 fecerint
3426 3328 3438 3363 :
3473 3320 3530 3366 ιιι

1927 3416 2055 3454 vero
2083 3399 2507 3453 mediocritatem
2539 3398 2741 3452 times?
2767 3396 2936 3464 Quam
2972 3413 3100 3468 ergo
3129 3399 3530 3457 excusationem

1929 3491 2152 3546 habebis
2178 3533 2192 3551 ,
2226 3505 2344 3544 cum
2376 3489 2494 3543 aliis
2537 3490 2673 3542 ultra
2718 3483 2891 3544 metas
2919 3491 3291 3548 exsilientibus
3312 3535 3324 3557 ,
3357 3502 3411 3547 tu
3443 3496 3530 3548 vel

1927 3585 1992 3640 ad
2015 3584 2362 3639 constitutum
2391 3583 2675 3636 terminum
2705 3582 2986 3649 pervenire
3008 3583 3282 3652 graveris?
3306 3583 3381 3638 Te
3405 3584 3529 3638 hor-

1929 3689 2102 3734 tamur
2128 3693 2191 3732 ex
2240 3666 2586 3733 facultatibus
2614 3680 2719 3732 tuis
2751 3678 3147 3749 elcemosynam
3192 3679 3354 3742 dare;
3388 3679 3527 3733 alius

1926 3787 2054 3826 vero
2078 3786 2198 3824 sese
2229 3772 2340 3824 suis
2367 3772 2616 3824 onmibus
2637 3770 2886 3838 spoliavit
2918 3788 2929 3822 :
2962 3781 3014 3824 te
3036 3785 3284 3840 rogamus
3312 3779 3367 3823 ut
3395 3786 3518 3824 cum

1927 3877 2092 3916 uxore
2139 3871 2226 3914 tua
2257 3871 2406 3917 caste
2453 3862 2638 3924 vivas;
2669 3861 2805 3916 alius
2833 3876 2961 3914 vero
2987 3863 3146 3915 etiam
3197 3876 3225 3914 a
3257 3862 3525 3918 connubio

1927 3952 2184 4007 abstinuit
2213 3971 2225 4004 :
2258 3963 2310 4007 te
2341 3967 2622 4006 monemus
2655 3968 2722 4007 ne
2749 3951 2824 4006 sis
2873 3952 3122 4016 invidus;
3155 3952 3318 4006 alium
3346 3963 3522 4009 autem

1926 4043 2186 4097 habemus
2206 4084 2220 4106 ,
2249 4044 2338 4113 qui
2365 4058 2431 4098 ex
2461 4044 2690 4108 caritate
2721 4041 2813 4095 dat
2861 4043 3029 4111 ipsam
3061 4044 3294 4097 animam
3324 4059 3473 4099 suam
3505 4061 3518 4096 :

1925 4145 1980 4190 te
2009 4137 2360 4190 obsecramus
2383 4145 2440 4189 ut
2469 4125 2751 4205 indulgens
2798 4134 2873 4189 sis
2903 4151 3003 4189 nec
3034 4137 3194 4191 nimis
3225 4152 3444 4193 severus
3470 4140 3521 4192 in

1926 4237 2240 4296 peccantes;
2265 4227 2400 4280 alius
2428 4241 2734 4295 percussus,
2762 4225 2983 4280 alteram
3005 4226 3200 4281 obtulit
3231 4228 3518 4282 maxillam.

1925 4319 2060 4389 Quid
2116 4321 2275 4388 igitur
2297 4363 2310 4380 ,
2361 4334 2542 4388 qumso
2567 4361 2581 4382 ,
2615 4317 2893 4372 dicemus?
2933 4334 3091 4388 quam
3121 4323 3520 4376 excusationem

1924 4413 2240 4474 alieremus,
2289 4427 2354 4466 ne
2382 4412 2466 4465 illa
2513 4411 2731 4478 quidem
2778 4409 3035 4464 facientes
3058 4453 3072 4475 ,
3101 4428 3222 4482 qutc
3247 4415 3332 4467 alii
3367 4414 3523 4482 longe.

1924 4504 2217 4574 superant?
2243 4503 2587 4571 Nequecnim
2617 4510 2985 4570 superassent,
3020 4504 3118 4557 nisi
3144 4519 3348 4558 summa
3377 4515 3521 4558 eSsct

1923 4603 1998 4652 rei
2050 4607 2332 4667 Praecepta:
2381 4595 2629 4650 facilitas.
2684 4597 2813 4662 Quis
2855 4597 2996 4649 enim
3041 4598 3299 4661 tabescit,
3334 4613 3398 4651 an
3428 4614 3517 4668 qui

1922 4692 2148 4745 aliorum
2180 4688 2332 4743 bonis
2376 4686 2609 4750 invidet,
2643 4703 2709 4740 an
2743 4689 2830 4756 qui
2874 4687 2940 4742 de
2972 4689 3036 4741 iis
3061 4690 3256 4759 gaudet.
3287 4699 3338 4744 et
3369 4691 3518 4743 hctu-

1925 4783 2044 4836 tnr?
2092 4782 2211 4850 quis
2248 4780 2425 4834 omnia
2474 4791 2717 4847 suspecta
2771 4779 2933 4832 habet
2977 4789 3033 4834 et
3081 4784 3295 4844 tremit,
3358 4782 3518 4835 homo

1923 4883 2099 4928 castus
2129 4888 2194 4925 an
2228 4870 2509 4926 machus?
2544 4873 2661 4936 quis
2705 4870 2842 4923 bona
2881 4886 2999 4925 cum
3042 4886 3138 4939 spe
3182 4871 3408 4941 gaudet,
3449 4886 3516 4926 an

1923 4977 2144 5033 raptor,
2193 4980 2260 5017 an
2314 4963 2357 5015 is
2404 4962 2492 5031 qui
2551 4962 2867 5026 miseratus,
2901 4975 2992 5016 sua
3021 4963 3195 5034 egenti
3249 4963 3513 5031 largitur?

1923 5058 2048 5112 lla'c
2099 5059 2276 5123 itaque
2305 5057 2602 5124 Cogitantes
2623 5093 2638 5117 ,
2670 5069 2738 5108 ne
2780 5068 2971 5120 segnes
3003 5055 3169 5108 simus
3210 5054 3276 5108 ad
3307 5055 3518 5108 virtutis

1922 5147 2584 5219 cursumcapessendum;
2618 5144 2709 5200 sed
2742 5146 2990 5201 alacriter
3023 5142 3088 5200 ad
3138 5145 3253 5200 hmo
3295 5146 3516 5215 pulchra

1922 5240 2212 5294 ccrzamina
2243 5255 2337 5291 nos
2366 5239 2713 5300 instruentes,
2740 5237 2888 5290 brevi
2919 5249 3160 5307 tempore
3187 5235 3514 5305 laboremus,

1923 5342 1981 5385 ut
2037 5344 2318 5400 perpetuas
2365 5327 2420 5384 et
2481 5330 2807 5384 immortales
2857 5343 3084 5383 coronas
3145 5328 3515 5396 accipiamus:

1920 5441 2053 5495 quas
2081 5436 2279 5476 utinam
2329 5423 2688 5490 adipiscamur
2730 5422 2896 5492 gratia
2946 5428 3001 5474 et
3046 5419 3375 5490 benignitate
3401 5421 3516 5475 Do-

1920 5517 2049 5571 mini
2100 5515 2266 5568 nostri
2316 5514 2439 5567 Jcsu
2487 5513 2684 5589 Christi
2708 5555 2722 5574 ,
2752 5515 2834 5567 cui
2863 5513 3028 5584 gloria
3057 5520 3113 5568 et
3142 5510 3424 5581 imperium
3464 5513 3514 5567 in

1919 5610 2114 5663 sa~cula
2141 5607 2482 5663 surculorum.
2514 5610 2705 5661 Amen.
