4080 6520
591 554 2358 585 _____________..____.___._——

1323 428 1379 483 S.
1415 423 1692 484 JOANNIS
1712 420 2183 483 CBRYSOSTOMI
2219 421 2532 480 ARCH‘IEP.
2572 424 3104 488 CONSTANTINOP.

2361 555 2559 574 -—_—

2564 557 2829 572 ——-

1759 627 2106 690 HOMILIA
2157 621 2292 684 XL.
2341 628 2427 690 al.
2457 628 2623 694 xu.
3501 715 3504 718 ἢ

583 785 712 842 εἴη».
753 784 841 841 12.
871 799 922 837 v.
947 782 1002 837 9.
1053 780 1116 836 Et
1152 778 1397 833 transiens
1434 774 1572 840 inde,
1596 773 1735 828 venit
1760 775 1814 825 in
1849 783 2151 855 synagogant

2257 779 2403 826 ratur
2423 811 2439 838 ,
2480 783 2528 827 et
2563 790 2655 845 ego
2682 791 2863 844 operor
2897 775 3092 849 (lacn.
3124 780 3178 834 5.
3231 781 3296 836 17
3324 781 3368 847 ).
3393 781 3568 854 Super
3589 786 3845 855 apostolis

653 889 872 930 eorum:
901 872 989 927 lt).
1033 880 1082 924 et
1117 884 1230 924 ecce
1271 869 1422 928 homo
1458 876 1568 920 erat
1610 864 1679 919 ibi
1727 851 1912 918 habetis
1951 877 2153 916 manum

652 963 868 1018 aridam.

652 1055 705 1110 l.
735 1053 965 1116 Rursum
1013 1050 1066 1104 iu
1110 1048 1330 1104 sabbato
1357 1053 1543 1113 curat,
1580 1045 1658 1100 sic
1698 1051 1928 1115 purgans
1968 1056 2033 1097 ac
2059 1041 2154 1098 de-

585 1145 806 1204 tendens
850 1142 1228 1214 discipulorum
1268 1153 1484 1195 suorum
1509 1146 1676 1209 gesta.
1705 1135 1796 1191 Et-
1817 1136 1906 1190 alii
1935 1134 2152 1204 quidem

585 1237 920 1308 evangelista:
966 1233 1182 1299 dicunt,
1225 1231 1407 1287 Jesum
1431 1228 1644 1285 homine
1696 1227 1786 1282 illo
1818 1227 1870 1281 in
1919 1224 2154 1280 medium

581 1329 806 1394 adducto
829 1368 845 1392 ,
875 1327 1229 1396 interrogasse
1272 1323 1390 1378 illos
1408 1363 1424 1387 ,
1455 1321 1596 1374 Nam
1623 1321 1735 1374 licet
1760 1317 1979 1374 sabbatis
2002 1316 2152 1372 bene-

579 1425 745 1489 facere
764 1416 952 1488 (Marc.
983 1417 1036 1472 3.
1066 1416 1124 1480 ις
1152 1413 1281 1468 Luc.
1303 1413 1354 1468 ϐ.
1388 1412 1482 1482 9)?
1508 1409 1785 1480 Perpende
1812 1408 2020 1462 Domini
2051 1407 2153 1462 mi-

575 1508 944 1564 sericordiam.
1001 1505 1174 1574 Ipsum
1218 1503 1270 1558 in
1316 1502 1494 1558 medio
1532 1499 1838 1566 constituit,
1871 1507 1930 1553 ut
1972 1497 2056 1553 vel
2084 1511 2153 1553 ex

577 1610 797 1671 aspectu
831 1600 972 1668 ipsos
999 1597 1236 1652 ﬂecteret
1253 1637 1268 1660 ,
1291 1605 1344 1650 et
1365 1609 1432 1649 ex
1452 1592 1759 1664 spectaculo
1785 1590 1939 1672 (racti
1963 1589 2153 1660 nequi-

581 1692 707 1745 tiam
733 1690 1079 1758 deponerent,
1107 1695 1161 1741 et
1187 1684 1454 1740 hominem
1483 1682 1699 1739 reveriti
1719 1721 1736 1749 ,
1766 1680 2151 1744 immanitatem

578 1794 727 1833 suam
754 1778 1021 1833 sedarent.
1049 1775 1248 1832 Verum
1288 1774 1364 1828 illi
1394 1772 1634 1829 indomiti
1661 1781 1713 1828 et
1740 1770 2012 1827 inhumani
2038 1784 2152 1825 ma-

582 1870 696 1924 lunt
736 1868 934 1923 Christi
978 1867 1199 1938 gloriam
1254 1865 1482 1930 laedere,
1531 1878 1688 1934 quam
1732 1861 1875 1920 hunc
1908 1872 2150 1917 sanatum

585 1961 913 2029 conspicere,
943 1958 1192 2028 utrinque
1220 1957 1382 2011 animi
1425 1956 1740 2024 pravitatem
1769 1952 2114 2008 ostendentes
2132 1991 2147 2016 ,

579 2062 634 2106 et
652 2051 793 2122 quod
815 2050 1082 2106 Christum
1106 2050 1477 2120 impugnarent
1496 2089 1511 2115 ,
1537 2054 1592 2100 et
1615 2060 1737 2108 cum
1765 2053 1910 2100 tanta
1934 2052 2154 2099 conten-

580 2143 724 2196 tione
752 2140 803 2196 id
832 2139 1068 2196 l‘acerent
1087 2179 1104 2206 ,
1133 2149 1190 2194 ut
1210 2142 1372 2194 etiam
1417 2138 1606 2193 collata
1651 2137 1703 2191 in
1733 2137 1867 2190 alios
1895 2133 2151 2191 beneﬁcia

577 2232 1009 2289 interturbarent.
1041 2231 1141 2285 Alii
1168 2225 1381 2301 quidem
1409 2217 1749 2300 evangeiista:
1775 2226 1960 2281 dicunt
1980 2226 2151 2296 ipsum

577 2326 949 2394 interrogasse;
973 2321 1060 2378 hic
1081 2336 1206 2377 vero
1224 2321 1315 2386 ait,
1340 2320 1512 2390 ipsum
1535 2320 1917 2389 interrogatum
1944 2315 2110 2370 fuisse
2133 2332 2146 2368 :

574 2413 644 2469 Et
659 2415 1083 2484 interrogaverunt
1101 2428 1229 2477 eum,
1252 2409 1443 2481 inquit,
1461 2410 1695 2474 dicentes,
1722 2410 1781 2464 Si
1805 2409 1915 2462 licet
1934 2407 2151 2461 sabbatis

563 2522 770 2570 curare,
794 2515 847 2558 ut
870 2512 1162 2559 accusarent
1178 2499 1625 2558 cumJIerisimile
1641 2509 1818 2554 autem
1846 2506 1928 2553 est
1948 2507 2153 2552 utrum-

577 2613 682 2667 que
697 2597 1052 2653 factumesse.
1076 2593 1459 2652 Scelestienim
1483 2607 1601 2646 cum
1627 2598 1829 2658 essent,
1848 2582 2152 2658 scirentque

575 2691 745 2760 ipsum
763 2688 828 2744 ad
844 2687 1168 2744 curationem
1187 2683 1324 2739 haud
1340 2683 1498 2740 dubie
1518 2691 1798 2738 venturum
1816 2695 1957 2748 esse,
1981 2681 2153 2735 inter-

578 2782 853 2851 rogatione
899 2790 1223 2850 praavcrtere
1245 2777 1395 2832 illum
1415 2774 1764 2839 studuerunt;
1787 2784 2064 2844 sperantes
2090 2786 2150 2828 se

570 2871 630 2926 id
650 2871 750 2926 hoc
776 2870 936 2924 modo
962 2868 1310 2939 impedituros
1339 2880 1477 2922 esse.
1499 2863 1623 2919 ideo
1651 2863 2070 2939 interrogabant,
2091 2863 2152 2917 Si

577 2963 689 3016 licet
734 2961 951 3015 sabbatis
987 2938 1190 3024 curare,
1219 2973 1325 3014 non
1351 2964 1407 3010 ut
1435 2955 1736 3017 discerent,
1773 2952 1869 3007 sed
1910 2938 2150 3006 ut‘accu-

570 3049 726 3105 sandi
754 3049 1026 3103 materiam
1065 3045 1343 3100 haberent.
1395 3043 1615 3097 Etiamsi
1656 3042 1828 3110 ipsum
1858 3056 1993 3109 opus
2022 3041 2152 3095 satis

575 3150 738 3206 esset,
768 3141 812 3195 si
843 3153 1097 3194 accusare
1131 3137 1425 3191 voluissent
1451 3153 1464 3189 :
1489 3149 1556 3188 ex
1581 3133 1760 3188 verbis
1787 3140 1961 3187 tamen
1991 3145 2152 3187 occa-

576 3233 780 3289 sionem
800 3239 1012 3302 captare
1030 3228 1364 3294 studuerant,
1384 3238 1442 3282 ut
1460 3228 1563 3282 sibi
1584 3227 1840 3296 majorem
1861 3227 2119 3282 criminau
2139 3256 2151 3268 -

573 3327 628 3379 di
654 3325 856 3394 capiam
883 3329 1146 3393 pararent.
1169 3319 1439 3395 Benignus
1465 3328 1640 3373 autem
1668 3318 1920 3372 Dominus
1945 3326 2001 3372 et
2019 3315 2151 3372 illud

575 3419 721 3482 facit,
754 3424 808 3471 ct
828 3413 1131 3483 respondet,
1152 3425 1248 3467 nos
1267 3411 1579 3466 modestiam
1605 3420 1659 3465 et
1685 3408 2151 3464 mansuetudinem

573 3508 775 3563 docens
802 3508 839 3571 ¹,
889 3495 1161 3573 totumque
1206 3503 1258 3556 iu
1291 3503 1432 3571 ipsos
1472 3501 1733 3556 convertit
1763 3541 1780 3567 ,
1811 3500 2153 3569 ipsarumque

577 3595 1016 3652 inhumanitatem
1046 3591 1301 3648 ostendit.
1333 3591 1613 3647 Hominem
1654 3591 1705 3644 in
1734 3590 1910 3644 medio
1935 3590 2149 3656 statuit;

570 3704 683 3743 non
711 3685 850 3756 quod
875 3685 991 3740 illos
1022 3685 1264 3749 timeret,
1290 3682 1384 3738 sed
1408 3682 1475 3736 ad
1502 3683 1734 3750 ipsorum
1762 3679 2065 3745 utilitatem,
2098 3687 2154 3732 ut

575 3778 643 3833 ad
670 3774 1086 3832 misericordiam
1129 3780 1361 3826 vocaret.
1399 3768 1528 3825 Cum
1574 3778 1748 3824 autem
1801 3784 1869 3823 ne
1908 3769 1986 3823 sic
2031 3768 2150 3838 qui-

577 3869 699 3924 dem
746 3867 864 3921 illos
893 3863 1150 3926 ﬂecteret,
1184 3872 1308 3916 tunc
1352 3861 1698 3915 contristatae
1725 3865 1837 3924 est,
1866 3859 2071 3928 inquit,
2098 3866 2154 3912 et

576 3959 741 4014 iratus
761 3968 842 4013 est
866 3965 1080 4026 propter
1100 3953 1343 4008 duritiam
1369 3951 1547 4008 cordis
1567 3965 1750 4005 eorum
1778 3948 1966 4020 (Marc.
1991 3951 2043 4004 ὅ.
2069 3949 2149 4018 5),

575 4052 813 4120 dixitque
839 4067 850 4101 :
883 4049 964 4104 ll.
991 4047 1116 4114 Quis
1145 4053 1214 4098 est
1243 4059 1304 4097 ea:
1329 4041 1467 4098 vobis
1492 4042 1661 4105 homo,
1689 4042 1778 4110 qui
1807 4041 1984 4094 habeat
2013 4055 2153 4094 ovem

575 4158 759 4208 unam,
792 4151 835 4194 et
866 4142 907 4192 si
931 4141 983 4191 in
1004 4139 1199 4206 foueam
1233 4133 1461 4188 ceciderit
1491 4134 1706 4186 sabbatis
1731 4174 1745 4198 ,
1778 4147 1941 4185 nonne
1965 4146 2151 4200 appre-

572 4231 757 4287 hendat
783 4247 891 4283 eam
920 4239 965 4282 et
995 4227 1187 4297 eriget?
1218 4225 1301 4278 12.
1333 4224 1532 4289 Quanto
1559 4239 1678 4291 ergo
1704 4223 1879 4274 melior
1903 4232 1974 4274 est
2003 4223 2150 4276 homo

576 4324 703 4377 oue?
752 4326 930 4390 Itaque
972 4319 1081 4371 licet
1111 4316 1328 4371 sabbatis
1371 4315 1673 4384 benefacere.
1717 4311 1792 4365 Ne
1824 4310 2154 4380 impudenter

576 4423 770 4485 agant,
801 4426 931 4466 neve
959 4410 1108 4481 quasi
1141 4417 1585 4477 transgressurum
1616 4412 1901 4466 accusent,
1933 4417 2025 4472 per
2053 4403 2156 4457 hoc

579 4505 877 4574 exemplum
908 4519 1026 4558 cum
1074 4501 1172 4554 illis
1203 4500 1567 4555 ratiocinatur.
1600 4497 1678 4551 Tu
1708 4511 1835 4550 vero
1865 4496 1992 4548 mihi
2028 4509 2150 4564 per-

579 4596 781 4667 pende,
810 4609 967 4660 quam
1011 4592 1156 4646 varie
1184 4599 1237 4644 et
1269 4605 1427 4659 quam
1456 4595 1811 4656 congruenter
1837 4585 2029 4654 ubique
2057 4584 2154 4639 de-

557 4682 848 4744 {i'ensiuucs
888 4694 1039 4755 paret
1082 4681 1220 4736 circa
1270 4679 1474 4734 sabbati
1518 4677 1853 4731 solutiOnem.
1890 4674 2019 4729 Nam
2064 4675 2152 4728 ubi

583 4794 780 4834 cmcum
811 4777 1042 4836 curavit,
1091 4773 1386 4840 lutumque
1409 4769 1564 4832 fecit,
1602 4783 1703 4820 non
1735 4781 1851 4820 sese
1876 4767 2148 4835 purgavit,

581 4871 701 4927 licet
727 4868 797 4921 illi
831 4871 1129 4919 meus-arent
1157 4867 1173 4932 (
1198 4861 1352 4916 Joan.
1379 4860 1432 4929 9)
1464 4880 1473 4910 :
1505 4860 1698 4912 etenim
1728 4857 2010 4911 creationis
2039 4871 2153 4910 mea

579 4965 679 5022 dus
703 4960 787 5013 hic
812 4973 1093 5028 expressus
1120 4958 1291 5023 ipsum
1318 4971 1437 5009 esse
1465 4953 1594 5022 legis
1625 4950 1900 5004 Dominum
1927 4950 2150 5002 demon-

578 5053 798 5108 strabat.
831 5052 882 5105 In
916 5049 1201 5119 paralytice
1252 5047 1460 5116 (.llatth.
1495 5045 1551 5114 9)
1575 5053 1749 5098 autem
1771 5083 1790 5107 t,
1820 5043 1906 5111 qui
1956 5043 2147 5096 lectum

583 5144 839 5214 portavit,
868 5143 991 5196 dum
1021 5141 1092 5193 illi
1134 5145 1477 5200 accusarent,
1525 5137 1681 5188 modo
1709 5142 1764 5186 ut
1806 5133 1963 5197 Deus,
1994 5133 2151 5186 modo

581 5245 639 5290 ut
687 5236 845 5288 homo
893 5245 1012 5286 sese
1053 5237 1238 5298 purgat
1270 5246 1281 5278 ι
1313 5235 1368 5279 ut
1409 5227 1570 5279 homo
1613 5240 1733 5278 cum
1779 5222 1937 5287 dicit,
1967 5223 2028 5278 Si
2053 5223 2151 5274 cir-

580 5326 927 5380 cumcisione»:
969 5321 1148 5384 accipit
1184 5321 1331 5372 horno
1358 5319 1409 5370 in
1437 5316 1639 5368 sabbato
1659 5356 1674 5381 ,
1716 5323 1769 5366 ut
1808 5329 1906 5367 non
1932 5314 2151 5366 solvatur

585 5418 666 5469 lca:
693 5418 706 5480 (
733 5429 827 5467 uec
851 5411 981 5465 dixit
1002 5451 1016 5475 ,
1046 5409 1119 5462 lit
1160 5410 1319 5461 homo
1350 5408 1627 5474 adjuvetur
1650 5404 1691 5473 ),
1721 5403 1842 5455 mihi
1871 5400 2152 5454 irascimini

582 5508 701 5570 quia
751 5513 907 5556 totum
955 5501 1203 5552 hominem
1250 5513 1430 5551 sanum
1476 5497 1571 5563 feci
1603 5493 1798 5564 (Joan.
1845 5494 1901 5548 τ.
1931 5492 2067 5561 25)?
2099 5499 2154 5544 ut

587 5600 725 5652 Deus
754 5598 952 5658 autem,
979 5606 1096 5643 cum
1126 5591 1252 5645 dicit
1279 5607 1290 5641 :
1329 5587 1479 5642 Pater
1506 5602 1642 5638 mens
1671 5579 2004 5653 usque‘modo
2029 5597 2153 5650 ope-

587 5757 661 5862 (et
691 5752 800 5821 atii,
832 5760 967 5797 smmi
1011 5744 1331 5804 benignitate»:
1375 5743 1719 5794 demonstrans.
1764 5745 1970 5801 Utraque
2009 5737 2154 5788 lectio

638 5827 700 5862 rrt
727 5820 899 5862 pulQSl.

638 5827 700 5862 rrt
727 5820 899 5871 pulesl.

2256 877 2386 918 vero
2430 875 2709 922 amusstus
2755 869 2873 951 ait:
2907 867 3028 925 Non
3075 871 3264 942 legistis
3307 875 3434 942 quid
3474 878 3594 947 fecit
3643 875 3842 945 Dauid,

2254 956 2461 1024 quando
2492 958 2693 1012 esurioit
2714 959 2822 1030 ipse
2849 971 2894 1014 et
2914 963 3001 1031 qui
3039 977 3155 1017 cum
3180 979 3238 1018 eo
3263 976 3409 1020 erant
3427 969 3454 1021 .’
3477 970 3735 1039 quomodo
3760 971 3845 1024 iac

2254 1047 2419 1100 traicit
2460 1048 2513 1102 in
2554 1048 2764 1103 domum
2810 1050 2907 1105 Dei
2925 1090 2940 1117 ,
2971 1063 3020 1106 et
3047 1070 3202 1122 panes
3227 1058 3588 1126 propositionis
3629 1061 3844 1114 consedit

2261 1135 2468 1206 (Matth.
2499 1138 2587 1194 l2.
2609 1141 2662 1196 3.
2691 1140 2789 1210 ψ
2809 1140 3129 1200 Sacerdotes
3153 1159 3367 1216 quoque
3389 1147 3445 1202 in
3483 1149 3719 1206 medium
3744 1151 3843 1206 ad-

2259 1229 2424 1286 ducit.
2454 1229 2551 1286 ﬂic
2570 1247 2782 1288 rursum
2806 1274 2822 1298 ,
2855 1234 2933 1288 An
2973 1236 3090 1290 licet
3117 1237 3170 1290 in
3197 1237 3402 1292 sabbato
3422 1239 3746 1309 (καίωσι,
3775 1257 3845 1295 ιι

2259 1315 2594 1392 Μιείαὶεηγ
2639 1321 2766 1386 Quis
2798 1324 2931 1378 enim
2973 1332 3036 1380 ea
3081 1327 3218 1381 vobis
3263 1327 3462 1382 habebit
3505 1344 3646 1383 orent
3685 1347 3844 1384 unum

2259 1411 2452 1483 (Herc.
2481 1414 2538 1469 5.
2561 1413 2656 1483 ιη
2682 1413 2914 1470 Noverat
2928 1417 3073 1472 enim
3099 1431 3195 1472 eos
3221 1418 3461 1488 pecuniae
3484 1419 3710 1490 cupidOs
3732 1435 3846 1476 ma-

2257 1502 2339 1573 gis
2358 1517 2518 1574 quam
2562 1501 2891 1559 humanitate
2931 1504 3203 1574 praiditos.
3247 1507 3399 1562 Alius
3423 1522 3585 1576 porro
3615 1523 3845 1580 evange-

2251 1593 2379 1647 lista
2426 1590 2604 1664 (Ibid.
2643 1609 2690 1646 υ.
2733 1593 2768 1649 5
2795 1593 2814 1663 )
2841 1595 2953 1661 ait,
2986 1593 3157 1663 ipsum
3207 1595 3690 1667 circumspexisse,
3718 1614 3845 1654 cum

2258 1684 2360 1737 hoc
2409 1683 2794 1754 interrogaret,
2827 1693 2887 1738 ut
2923 1683 3014 1739 vel
3052 1693 3272 1754 aspectu
3315 1685 3462 1756 ipsos
3503 1687 3797 1744 attraheret
3823 1705 3841 1742 :

2258 1785 2314 1828 at
2341 1789 2408 1830 ne
2437 1775 2516 1829 sic
2543 1775 2757 1844 quidem
2799 1759 3054 1831 meliores
3080 1774 3254 1830 eﬂ‘ecti
3294 1787 3441 1832 sunt.
3470 1778 3567 1833 llic
3596 1793 3726 1834 vero
3750 1793 3844 1834 so-

2257 1864 2367 1920 lum
2413 1865 2679 1936 loquitur,
2708 1865 2834 1921 alibi
2887 1880 3078 1922 manus
3117 1868 3279 1922 etiam
3328 1867 3553 1938 imponit
3584 1879 3641 1923 ut
3668 1882 3844 1926 sanet.

2257 1958 2506 2014 Attamen
2550 1956 2683 2012 nihil
2711 1971 2897 2013 eorum
2950 1957 3073 2013 illos
3115 1958 3182 2013 ad
3225 1958 3693 2015 mansuetudinem
3720 1961 3847 2015 alli-

2258 2047 2462 2114 ciebat;
2509 2047 2604 2104 sed
2649 2047 2813 2104 homo
2842 2048 3058 2117 quidem
3098 2049 3425 2116 sanabatur,
3469 2049 3545 2105 illi
3584 2065 3721 2107 vero
3748 2066 3849 2122 per

2258 2136 2376 2208 ejus
2397 2137 2760 2194 valetudinem
2789 2138 3084 2195 deteriores
3098 2137 3488 2196 efﬁciebantur.
3513 2141 3610 2198 llle
3635 2142 3850 2199 volebat

2257 2229 2401 2299 ipsos
2427 2238 2553 2285 ante
2577 2245 2774 2302 aegrum
2801 2243 3011 2297 sanare,
3037 2230 3449 2303 innumerasque
3480 2235 3704 2291 medela:
3731 2237 3849 2292 vias

2259 2321 2514 2386 tentabat,
2542 2330 2598 2378 et
2625 2337 2723 2393 per
2742 2337 2806 2378 ea
2832 2337 2953 2394 qua:
2995 2330 3123 2379 ante
3165 2323 3394 2389 fecerat,
3425 2335 3482 2379 et
3509 2341 3606 2396 per
3629 2341 3694 2382 ea
3719 2343 3845 2399 qua:

2257 2411 2573 2483 loquebatur
2600 2429 2615 2466 :
2646 2414 2898 2484 quoniam
2939 2423 3118 2469 autem
3162 2415 3442 2475 iucurabili
3474 2418 3667 2474 morbo
3694 2419 3847 2476 labo-

2257 2505 2479 2571 rabant,
2512 2505 2578 2560 ad
2607 2519 2741 2575 Opus
2781 2519 2840 2560 se
2865 2505 3110 2562 contulit.
3160 2507 3244 2562 l3.
3279 2504 3419 2562 Tunc
3444 2509 3576 2562 dixit
3604 2509 3800 2564 homini
3822 2527 3846 2566 .-

2255 2594 2488 2650 Extende
2512 2611 2716 2650 manum
2743 2606 2902 2651 tuam.
2953 2595 3020 2651 Et
3044 2597 3266 2652 extendit
3284 2639 3299 2665 ,
3327 2610 3376 2654 et
3404 2601 3636 2656 restituta
3663 2613 3734 2659 est
3759 2621 3848 2659 so-

2251 2689 2404 2744 nitati
2422 2731 2438 2757 ,
2464 2698 2521 2743 ut
2545 2699 2590 2744 et
2614 2690 2794 2744 altera.
2826 2689 2966 2757 Quid
3011 2689 3168 2760 igitur
3194 2690 3313 2746 illi?
3338 2691 3733 2762 Egredientur,
3763 2696 3846 2752 in—

2253 2781 2398 2851 quit,
2444 2790 2498 2834 et
2541 2779 2885 2846 consultant,
2916 2789 2974 2834 ut
3016 2780 3319 2837 occiderent
3357 2797 3479 2837 eum
3505 2800 3518 2836 :
3549 2766 3625 2838 ait
3650 2785 3796 2840 enim
3825 2800 3845 2841 :

2258 2873 2346 2927 14.
2384 2871 2647 2927 -Ριισήαεὶ
2694 2883 2964 2940 exeuntes,
3014 2873 3282 2927 consilium
3323 2886 3559 2945 ceperunt
3604 2879 3850 2935 mm

2255 2978 2370 3016 eum
2387 3004 2402 3029 ,
2425 2972 2486 3016 ut
2513 2979 2625 3017 eum
2657 2963 2942 3032 perderent.
2967 2962 3108 3018 Nihil
3135 2964 3246 3020 laesi
3273 2966 3517 3028 occidere
3547 2970 3844 3026 tentabant.

2328 3051 2384 3106 ε.
2417 3051 2620 3112 Invidia
2646 3062 2892 3124 quantum
2929 3054 3137 3108 malum.
3179 3083 3250 3095 —
3287 3055 3514 3111 Tantum
3540 3068 3624 3114 est
3645 3059 3848 3117 invidia

2259 3143 2478 3197 malum.
2518 3141 2650 3201 Nam
2684 3156 2746 3197 ea
2779 3157 2885 3196 non
2914 3143 3122 3198 alienos
3146 3143 3318 3198 solum
3339 3184 3357 3212 ,
3403 3146 3498 3201 sed
3524 3147 3688 3203 etiam
3713 3163 3848 3211 pro-

2259 3233 2484 3301 pinquos
2510 3246 2724 3300 semper
2751 3232 3042 3302 impugnat.
3071 3232 3280 3291 Marcus
3308 3243 3487 3289 autem
3511 3236 3663 3302 dicit,
3695 3239 3853 3308 ipsos

2256 3339 2376 3378 cum
2419 3322 2734 3378 Hcrodiauis
2793 3322 2845 3377 id
2886 3322 3214 3378 deliberasse
3242 3321 3263 3393 (
3290 3321 3429 3378 ιδιά.
3462 3340 3510 3378 υ.
3559 3325 3595 3381 6
3632 3314 3685 3396 ).’
3705 3328 3858 3396 Quid

2257 3429 2386 3484 ergo
2428 3415 2515 3470 ille
2553 3422 2866 3469 mansuetus
2894 3423 2949 3469 et
2987 3413 3135 3468 mitis
3159 3413 3185 3466 ’ἰ
3212 3412 3337 3470 Haec
3366 3430 3487 3470 cum
3511 3415 3798 3474 didicisset
3817 3462 3850 3489 τ

2259 3506 2498 3559 secessit.
2529 3503 2616 3557 15.
2639 3503 2793 3556 Jesus
2819 3511 3006 3568 autem,
3035 3503 3236 3570 inquit,
3266 3519 3380 3556 cum
3406 3504 3551 3558 sciret
3570 3508 3856 3578 cogitatio-

2259 3610 2347 3648 nes
2365 3609 2557 3661 eorum,
2582 3593 2783 3679 recessit
2808 3590 2944 3645 inde.
2967 3589 3070 3647 Ubi
3097 3601 3222 3646 sunt
3246 3592 3281 3646 ii
3311 3593 3400 3662 qui
3429 3592 3646 3662 dicunt,
3676 3612 3855 3666 opor-

2260 3693 2375 3739 tere
2423 3685 2573 3754 signa
2618 3682 2731 3737 ﬁeri
2757 3681 2781 3734 7
2808 3681 2903 3735 His
2952 3683 3150 3752 quippe
3202 3683 3482 3749 ostendit,
3536 3685 3856 3755 improbam

2258 3776 2488 3831 animam
2513 3787 2582 3830 ne
2609 3773 2777 3844 signis
2806 3771 3022 3842 quidem
3049 3771 3424 3841 obtemperare
3458 3816 3472 3838 ,
3499 3777 3868 3850 ostenditque

2258 3870 2418 3926 etiam
2447 3865 2736 3935 discipulos
2761 3865 2878 3921 sine
2905 3879 3065 3920 causa
3107 3867 3368 3936 accusari.
3397 3867 3532 3923 lllud
3562 3882 3720 3937 porro
3745 3872 3861 3929 ob.

2231 3956 2576 4014 servandum
2619 3963 2744 4022 est,
2778 3955 2923 4025 ipsos
2962 3953 3030 4010 ob
3072 3943 3326 4010 beneﬁcia
3369 3956 3613 4026 proximo
3647 3957 3858 4017 collata

2256 4049 2424 4120 magis
2448 4047 2700 4103 eil‘eratos
2731 4058 2852 4101 esse
2879 4085 2895 4110 ,
2943 4053 2998 4098 et
3043 4044 3134 4099 ubi
3178 4044 3359 4100 vident
3401 4046 3632 4116 aliquem
3671 4059 3773 4104 aut
3820 4067 3858 4108 ι

2257 4141 2447 4196 morbo
2467 4146 2557 4192 aut
2583 4150 2616 4190 a
2643 4135 2875 4204 nequitia
2898 4134 3198 4199 liberatum,
3234 4146 3359 4190 tunc
3383 4151 3641 4192 accusare
3661 4180 3678 4206 ,
3709 4150 3859 4198 tunc

2258 4231 2464 4284 feroces
2487 4241 2626 4283 esse.
2657 4225 2788 4280 Nam
2813 4240 2936 4281 cum
2962 4227 3298 4281 meretricem
3323 4227 3388 4280 ad
3417 4229 3858 4298 resipisceutian

2257 4321 2584 4376 deducturus
2612 4326 2765 4383 erat,
2814 4315 3278 4371 calumniabantur
3321 4332 3485 4383 eum;
3529 4328 3584 4374 et
3625 4323 3860 4390 quando

2259 4425 2382 4465 cum
2427 4408 2721 4480 publicanis
2748 4405 3112 4470 comedebat,
3165 4405 3460 4462 similiter:
3509 4419 3565 4462 ut
3607 4419 3660 4463 et
3696 4426 3860 4470 nunc

2262 4518 2380 4558 cum
2408 4516 2620 4556 manum
2649 4499 2950 4554 restitutam
2979 4496 3251 4553 viderunt.
3297 4497 3376 4552 Tu
3403 4512 3532 4569 vero
3555 4499 3682 4554 mihi
3702 4515 3856 4562 con-

2260 4592 2435 4647 sidera
2462 4589 2728 4662 quomodo
2754 4599 2808 4643 et
2829 4587 2897 4643 ab
2927 4595 3250 4657 aegrotorum
3275 4601 3404 4641 cura
3427 4603 3536 4642 non
3564 4589 3804 4646 absistat
3837 4635 3859 4660 ,

2263 4692 2316 4737 et
2339 4682 2543 4737 illorum
2574 4679 2821 4735 invidiam
2847 4679 3071 4748 mitiget.
3110 4675 3178 4730 Et
3206 4687 3426 4746 sequuta
3450 4687 3569 4732 sunt
3587 4680 3702 4733 eius
3733 4693 3861 4736 tur.

2264 4776 2338 4828 ιιω
2363 4774 2562 4837 multae,
2590 4781 2632 4824 et
2655 4771 2846 4823 curauit
2875 4769 2993 4822 illos
3019 4783 3228 4833 omnes;
3267 4769 3355 4822 16.
3382 4777 3427 4820 et
3452 4768 3730 4839 ἔνια-κρανία
3763 4788 3858 4828 eos

2260 4868 2342 4926 qui
2360 4869 2517 4919 curati
2541 4865 2759 4933 fuerunt,
2779 4870 2829 4914 ut
2854 4859 3040 4913 nemini
3067 4859 3232 4928 ipsum
3255 4860 3579 4928 manifestum
3595 4854 3852 4926 facerem.

2259 4956 2447 5010 Turba:
2473 4954 2670 5021 ubiiiue
2713 4961 2760 5004 et
2801 4952 3062 5004 mirantur
3096 4959 3148 5003 et
3188 4959 3485 5018 sequuntur
3517 4966 3531 5002 :
3560 4949 3637 5003 illi
3662 4961 3855 5006 autem

2195 5049 2199 5055 ’
2259 5062 2289 5100 a
2321 5045 2517 5100 malitia
2546 5059 2649 5097 non
2677 5041 2955 5095 absismut.
2991 5039 3192 5094 Deinde
3233 5053 3300 5094 ne
3334 5039 3565 5094 turberis
3587 5038 3658 5094 de
3676 5044 3856 5109 gemis

2259 5138 2430 5207 deque
2460 5133 2754 5189 incredibili
2783 5133 2994 5186 illorum
3023 5129 3198 5185 lurore
3224 5171 3237 5193 ,
3278 5130 3594 5199 pmphetam
3618 5131 3852 5188 adducit

2261 5229 2376 5282 haec
2413 5225 2882 5300 prmnuntiantem.
2933 5222 3100 5276 Tanta
3127 5220 3269 5275 enim
3308 5233 3424 5274 erat
3451 5221 3843 5289 prophetarum

2258 5318 2527 5374 accuratiu
2551 5357 2566 5384 ,
2613 5325 2671 5369 ut
2713 5331 2780 5369 ne
2810 5315 2924 5369 hare
2953 5312 3167 5382 quidem
3197 5314 3668 5381 prmtermittcreut
3700 5355 3718 5378 ,
3748 5316 3851 5370 sed

2260 5413 2369 5464 vias
2396 5409 2512 5479 ejus
2542 5417 2595 5462 et
2623 5407 2874 5462 transitus
2897 5404 3294 5474 prophetarent,
3323 5418 3535 5457 necnon
3556 5420 3658 5473 qua
3689 5420 3855 5460 inen-

2263 5507 2314 5556 t'e
2337 5502 2452 5556 haec
2477 5499 2674 5554 laceret
2703 5515 2716 5562 ;
2748 5507 2805 5553 ut
2829 5496 3006 5552 discas
3031 5537 3045 5561 ,
3103 5495 3222 5551 illos
3248 5505 3500 5549 movente
3526 5493 3730 5563 Spiritu
3765 5498 3853 5551 lo~

2258 5605 2450 5667 quutos
2477 5608 2616 5649 esse.
2664 5589 2796 5646 Nam
2825 5592 2869 5646 si
2902 5590 3176 5644 hominum
3210 5596 3416 5642 secreta
3455 5586 3706 5655 cognosci
3739 5603 3851 5642 non

2260 5697 2515 5757 possunt,
2541 5684 2707 5739 multo
2745 5681 2912 5750 magis
2955 5679 3150 5734 Christi
3199 5693 3391 5746 scapus
3417 5670 3580 5731 ediSci
3614 5691 3723 5730 non
3755 5693 3858 5747 pe.

2259 5791 2382 5848 test,
2412 5779 2511 5835 nisi
2537 5777 2732 5850 Spiritu
2765 5773 3054 5830 revelaute.
3105 5769 3240 5838 Quid
3271 5778 3449 5823 autem
3481 5768 3676 5822 dixerit
3707 5783 3850 5841 pro-

3527 6401 3554 6421 :
3613 6385 3930 6421 ..ζΔκ-ερ
