4080 6488
234 445 332 503 ﬁt

237 560 418 630 pheta,
451 553 528 609 sic
555 548 706 606 affert
733 567 746 603 :
776 547 864 602 Π.
908 543 974 599 Ut
1016 540 1308 610 impleretur
1340 537 1486 630 quod
1529 535 1718 587 dictum
1746 541 1816 585 est

246 628 337 722 per
361 647 557 702 Isaiam
575 641 871 716 prophetam
897 636 1138 688 dicentem
1165 645 1186 685 :
1209 632 1294 684 l8.
1327 628 1465 722 liceo
1487 641 1611 722 puer
1637 638 1774 675 meus
1801 661 1816 683 ,

238 717 382 807 quem
405 737 552 808 elegi,
575 733 784 786 dilectus
811 744 962 789 meus,
988 727 1041 778 in
1068 739 1167 793 quo
1189 717 1484 791 complacuit
1501 717 1669 769 anima
1687 729 1813 766 mea.

243 803 441 883 Ponant
472 803 701 892 spiritum
728 835 892 872 meum
918 831 1066 884 super
1091 829 1222 872 eum,
1252 819 1296 863 et
1316 808 1567 879 judicium
1592 803 1820 873 gentibus

240 919 506 974 nuutiabit.
540 913 624 969 l9.
653 910 776 965 Non
810 893 1102 970 contendet,
1148 917 1306 970 neque
1351 897 1622 958 clamabit,
1665 908 1822 962 neque

237 1011 407 1066 audiet
427 1007 538 1076 quis
565 1009 618 1059 in
649 1003 824 1074 plateis
849 1014 1016 1053 cocem
1033 997 1174 1066 ejus;
1194 993 1284 1048 ‘20.
1307 991 1556 1045 calamum
1577 1001 1822 1054 conquas-

239 1111 400 1155 satum
431 1115 532 1151 non
562 1097 878 1164 confringet,
917 1100 964 1143 et
1008 1089 1169 1141 linum
1210 1084 1464 1154 fumigaus
1501 1097 1600 1133 non
1634 1079 1823 1132 exstin-

237 1203 353 1262 guet
383 1233 398 1256 ,
441 1194 596 1244 donec
619 1186 834 1241 emiserit
867 1185 918 1234 in
945 1180 1201 1234 victoriam
1243 1175 1488 1238 iudicium
1527 1171 1546 1242 (
1572 1169 1697 1224 Isai.
1721 1165 1818 1223 δὲ.

240 1281 353 1349 1ο3)
377 1302 392 1345 ;
422 1281 512 1334 εει.
537 1289 581 1331 ει
621 1278 673 1330 in
701 1273 899 1327 nomine
921 1271 1029 1339 ejus
1050 1279 1217 1338 gentes
1242 1264 1531 1335 sperabunt.
1559 1262 1649 1315 llis
1675 1275 1824 1312 mun-

240 1374 575 1427 suetudinem
598 1370 712 1436 ejus
738 1408 752 1432 ,
777 1375 831 1420 et
859 1371 1171 1434 potestatein
1199 1356 1517 1412 ineffabilem
1541 1354 1775 1409 celebrat
1804 1393 1818 1416 ,

241 1475 591 1530 magnamque
616 1466 670 1514 et
696 1465 932 1525 apertam
955 1451 1200 1521 gentibus
1222 1457 1427 1518 portam
1457 1445 1660 1513 aperit,
1683 1442 1821 1494 unda

239 1553 400 1606 etiam
429 1550 641 1604 iud-.1205
671 1549 915 1600 invasura
952 1539 1271 1610 pratnuntiat
1298 1553 1312 1602 ;
1356 1546 1411 1591 et
1439 1534 1674 1588 ostendit
1704 1531 1822 1600 ejus

239 1659 361 1696 cum
411 1641 568 1694 Patre
620 1650 941 1691 consensum
969 1651 981 1684 :
1009 1646 1129 1685 nam
1156 1629 1231 1683 ait
1258 1669 1273 1692 ,
1329 1625 1459 1679 Ecce
1485 1641 1611 1694 puer
1637 1639 1776 1677 meus
1804 1664 1820 1687 ,

237 1748 384 1800 quem
415 1729 559 1797 elegi,
582 1728 790 1779 dilectus
810 1739 967 1784 meus,
991 1723 1042 1773 in
1063 1735 1162 1787 quo
1180 1716 1480 1785 complacuit
1501 1713 1671 1767 anima
1693 1728 1822 1765 mea.

237 1821 292 1874 Si
321 1829 499 1872 autem
529 1817 685 1884 elegit
713 1830 834 1868 eum
868 1854 884 1876 ,
919 1812 1102 1880 utique
1140 1824 1246 1862 non
1294 1806 1584 1860 adversnns
1617 1804 1719 1872 ipsi
1745 1804 1822 1857 le-

225 1923 358 1978 ‘gem
389 1907 568 1970 solvit,
593 1918 768 1973 neque
794 1913 850 1955 ut
877 1902 1121 1955 inimicus
1139 1897 1456 1968 lcgislatoris
1479 1895 1531 1948 id
1559 1895 1698 1964 agit,
1729 1893 1823 1947 sed

241 2011 298 2053 ut
322 1998 668 2054 consentiens
699 2037 713 2060 ,
748 1994 1041 2060 eademque
1058 2003 1306 2059 opemns.
1336 1986 1534 2041 Deinde
1574 1998 1824 2038 mansue-

241 2090 478 2144 tudinem
507 2087 624 2155 ejus
651 2085 944 2153 przedicans
973 2081 1101 2134 dicit
1131 2097 1143 2132 :
1173 2077 1293 2131 Non
1317 2075 1580 2130 contendet
1613 2117 1628 2142 ,
1670 2090 1826 2144 neque

237 2180 495 2234 clamabit.
525 2178 638 2246 Ipse
667 2175 864 2245 quippe
893 2171 1104 2226 volebat
1130 2184 1222 2223 eos
1259 2182 1449 2222 sanare
1488 2185 1501 2220 :
1533 2167 1653 2236 quia
1695 2181 1825 2219 vero

239 2272 412 2338 ipsum
437 2267 699 2336 repulere,
732 2263 821 2318 ille
863 2261 1107 2316 relnetari
1137 2259 1325 2313 noluit.
1357 2258 1556 2312 Deinde
1589 2257 1703 2324 ejus
1729 2269 1824 2324 po-

240 2363 460 2416 tentiam
491 2359 806 2424 illorumque
843 2351 1258 2406 imbecillitatem
1288 2347 1578 2402 ostendens
1607 2388 1620 2409 ,
1651 2345 1781 2398 dicit
1809 2363 1822 2397 :

238 2451 504 2505 Calamam
548 2453 933 2514 conquassatum
980 2457 1078 2493 non
1128 2441 1434 2508 confringet.
1492 2437 1625 2490 Nam
1674 2435 1827 2489 facile

238 2549 355 2597 erat
408 2554 501 2593 eos
540 2551 725 2590 omnes
772 2543 828 2587 ut
865 2525 1148 2586 calamum'
1171 2529 1504 2597 confringere
1539 2545 1552 2588 ;
1585 2528 1690 2579 imo
1721 2542 1825 2578 non

242 2630 404 2685 modo
425 2627 687 2682 calamum
714 2667 729 2689 ,
751 2624 844 2678 sed
871 2623 979 2692 jam
1009 2628 1439 2689 conquassatum.
1469 2616 1531 2669 fit
1561 2617 1720 2670 linunt
1747 2620 1829 2684 fu-

240 2725 439 2793 migans
459 2737 558 2773 non
581 2719 880 2786 exstinguet.
917 2715 1011 2768 llic
1039 2713 1249 2766 illorum
1275 2711 1404 2763 iram
1431 2710 1698 2762 incensam
1729 2708 1828 2762 de-

239 2816 409 2869 clarat
443 2853 456 2870 .
492 2811 733 2877 illiusque
777 2804 1180 2862 fortitudinem,
1213 2817 1331 2868 qua:
1379 2809 1556 2867 posset
1596 2801 1827 2851 furorem

241 2906 480 2974 ipsorum
510 2902 740 2964 solvere,
760 2908 813 2952 et
840 2910 961 2949 eum
987 2893 1234 2946 facilitate
1266 2906 1450 2959 magna
1470 2891 1826 2958 exStingncre.

244 2997 396 3052 Unde
420 2998 537 3061 ejus
566 2989 917 3045 mansuetudo
942 2988 1124 3056 ingens
1147 2985 1464 3038 ostenditur.
1491 2983 1624 3049 Quid
1651 2982 1830 3049 igitur?

240 3106 307 3142 an
340 3089 456 3141 hzee
486 3100 695 3152 semper
723 3090 879 3135 erunt
906 3079 928 3131 ?
964 3095 1029 3131 an
1059 3091 1270 3144 semper
1297 3075 1432 3128 feret
1457 3089 1550 3129 eos
1576 3073 1828 3126 insidian-

244 3190 323 3235 tes
339 3195 400 3232 ae
433 3176 712 3229 furentes?
736 3174 935 3240 Apage;
966 3168 1058 3224 sed
1086 3184 1204 3222 cum
1234 3182 1326 3219 sua
1357 3166 1676 3225 exhibuerit,
1706 3174 1830 3217 tunc

244 3273 299 3327 u't
342 3271 430 3329 illa
472 3274 830 3334 exsequetur:
863 3261 914 3315 id
961 3262 1100 3313 enim
1138 3257 1454 3326 significavit
1493 3257 1573 3308 his
1604 3255 1779 3308 verbis
1813 3272 1826 3306 :

244 3363 418 3417 Donec
437 3361 629 3414 emittat
654 3358 701 3409 in
730 3356 986 3409 victoriam
1005 3352 1260 3423 judicium
1290 3368 1306 3413 ;
1356 3351 1472 3402 etin
1502 3349 1699 3401 nomine
1723 3348 1830 3416 ejus

242 3465 413 3524 gentes
440 3450 708 3518 sperabunt
735 3463 754 3497 :
785 3443 1228 3514 quemadmodum
1261 3453 1316 3494 et
1344 3441 1540 3494 Paulus
1570 3441 1641 3491 ait
1676 3456 1687 3490 :
1728 3437 1832 3490 ιά-

242 3548 341 3599 rati
365 3560 562 3600 onmem
582 3540 966 3594 inobedientiam
999 3539 1171 3589 ulcisci
1199 3577 1214 3598 ,
1256 3553 1370 3588 cum
1398 3535 1645 3602 completa
1673 3535 1827 3605 fuerit

243 3636 530 3690 obedientiu
559 3644 719 3685 uestra
755 3630 828 3702 (Ι.
871 3629 987 3683 Cor.
1032 3629 1116 3682 10.
1147 3629 1222 3697 6).
1252 3626 1386 3692 Quid
1416 3641 1541 3679 vero
1571 3626 1833 3694 significat

246 3729 376 3782 illud
407 3771 422 3792 ,
461 3727 587 3782 Cum
621 3726 837 3780 emiserit
878 3725 928 3776 in
967 3724 1226 3776 victoriam
1246 3721 1544 3790 judicium?
1569 3720 1702 3772 Cum
1735 3734 1832 3773 sua

245 3819 426 3871 omnia
452 3818 635 3885 implex
649 3818 771 3876 crit,
804 3814 1010 3881 inquit,
1039 3823 1161 3865 tunc
1194 3811 1483 3864 vindictam
1507 3810 1755 3874 inducet,
1779 3818 1835 3862 et

247 3909 504 3963 ultionem
561 3907 865 3974 perfectam.
914 3904 1063 3956 'l‘nuc
1110 3903 1290 3970 gravia
1348 3901 1652 3967 patientur,
1708 3915 1829 3954 cum

247 3998 588 4067 Splendidam
618 3996 863 4050 statuerit
893 4004 1174 4060 trojnenm,
1209 4000 1265 4044 et
1287 3991 1401 4058 ejus
1423 3989 1837 4059 justiticationes

249 4093 479 4148 vicerint
513 4109 527 4153 ;
560 4104 621 4142 ac
670 4104 737 4142 ne
789 4086 1126 4155 impudenter
1172 4083 1387 4152 quidem
1430 4083 1833 4136 contradicendi

245 4198 436 4237 ausam
464 4180 746 4248 relinquet.
767 4175 1073 4231 Soletcnim
1097 4173 1352 4241 judicium
1382 4173 1548 4240 ipsam
1569 4173 1832 4241 justitiam

247 4271 450 4326 dicere.
479 4270 581 4323 Sed
617 4286 719 4322 non
754 4269 804 4320 in
836 4267 934 4319 hoc
961 4275 1162 4317 tantum
1189 4263 1447 4317 consistet
1475 4263 1589 4331 ejus
1615 4277 1834 4317 meone-

248 4365 354 4417 mia
380 4405 394 4427 ,
445 4360 583 4430 quod
616 4359 868 4413 increduli
918 4357 1238 4425 puniantur:
1273 4369 1455 4406 verum
1481 4353 1639 4407 etiam
1667 4363 1833 4406 totum

246 4454 437 4508 orbem
466 4451 714 4505 attrahct.
745 4451 1080 4517 Quapropter
1109 4446 1380 4513 subjunxit
1413 4461 1427 4496 :
1457 4443 1524 4496 Et
1547 4445 1600 4496 in
1630 4444 1832 4496 nomine

249 4548 358 4617 ejus
380 4555 549 4616 gentes
570 4542 862 4611 sperabunt.
899 4539 1096 4592 Deinde
1124 4547 1178 4591 ut
1203 4537 1400 4599 discas,
1429 4535 1532 4590 hoc
1561 4535 1719 4590 etiam
1750 4550 1838 4588 se-

255 4638 487 4692 cundum
535 4633 864 4687 voluntatem
910 4630 1081 4684 Patris
1125 4643 1246 4682 esse
1279 4669 1293 4691 ,
1334 4627 1385 4680 in
1419 4627 1534 4695 ipso
1580 4625 1840 4694 principio

255 4731 514 4800 propheta
565 4728 666 4780 hoc
709 4739 830 4778 cum
882 4723 1150 4791 prioribus
1194 4719 1573 4782 confirmavit,
1607 4718 1840 4772 dicens:

254 4819 481 4872 Dilectus
512 4833 676 4878 meus,
717 4815 768 4866 in
798 4829 897 4884 quo
935 4810 1026 4865 sibi
1056 4810 1363 4878 complacuit
1392 4808 1564 4861 anima
1590 4824 1719 4862 mea.
1748 4807 1841 4861 Ει-

253 4911 397 4962 enim
430 4906 602 4975 palam
649 4914 726 4958 est
758 4903 1009 4956 dilectum
1047 4895 1336 4954 secun‘dnm
1378 4898 1646 4968 diligentis
1670 4913 1728 4952 se
1753 4914 1844 4949 vo-

256 5001 517 5054 luntatem
541 4996 656 5050 luce
671 4995 881 5049 fecisse.
904 4992 991 5046 ἓξ.
1027 4991 1165 5045 Tunc
1190 4991 1470 5044 obtulerunt
1499 4991 1540 5042 ei
1569 4990 1846 5042 dictitonia-

255 5110 395 5156 cum,
427 5106 613 5142 creetnn
642 5099 688 5140 et
719 5097 931 5150 mutum,
962 5095 1008 5138 et
1049 5086 1236 5136 curavit
1271 5100 1407 5147 eum,
1440 5085 1508 5134 itu
1535 5092 1586 5134 ut
1611 5098 1770 5134 ca'cus
1797 5089 1846 5134 et

259 5196 430 5238 mutus
460 5183 743 5248 loqueretur
767 5188 812 5232 et
839 5178 1042 5231 rideret.

330 5278 385 5330 5.
431 5273 661 5326 Christus
707 5271 956 5336 bene/icus
983 5310 998 5333 ,
1053 5267 1433 5321 lerisrcorum
1476 5266 1715 5316 int-idiom
1761 5282 1845 5317 ex-

260 5372 402 5420 citat.
452 5363 671 5416 lnuidiae
720 5360 915 5413 nullum
972 5375 1063 5428 par
1109 5361 1318 5410 malum.
1385 5357 1559 5425 Ipsius
1604 5357 1843 5408 remedia.

257 5487 330 5498 -—
369 5457 414 5509 0
460 5454 659 5506 malitia
705 5449 1010 5505 dmmonis!
1058 5446 1347 5516 Utramque
1401 5448 1535 5499 viam
1576 5487 1590 5508 .
1647 5463 1748 5514 qua
1804 5449 1847 5500 is

260 5547 566 5602 crediturus
595 5552 732 5605 erat.
763 5543 1124 5602 obstruxerat,
1157 5539 1330 5591 visum
1355 5546 1407 5591 et
1432 5536 1671 5590 auditum
1703 5557 1715 5590 ε
1751 5538 1845 5591 sed

264 5651 546 5708 utramque
591 5635 837 5690 Christus
884 5631 1110 5701 aperuit.
1142 5631 1233 5686 9.5.
1271 5629 1332 5682 Et
1381 5631 1648 5698 stupebant
1692 5630 1849 5682 turba:

265 5734 486 5786 dicentes
517 5745 536 5781 :
567 5724 830 5796 Numquid
853 5725 934 5776 hic
963 5732 1034 5777 est
1060 5723 1199 5790 ﬁlius
1243 5721 1406 5773 David
1428 5723 1452 5773 Ζ)
1479 5720 1570 5774 ‘25.
1600 5719 1851 5773 Pltaristvi

271 5834 445 5880 autem
461 5823 698 5876 dixerunt
736 5836 755 5873 :
789 5810 1149 5882 llicnonejicit
1167 5808 1449 5880 dwmonia,
1466 5809 1564 5862 nisi
1586 5811 1630 5862 ί).
1648 5811 1849 5867 necne-

1259 424 1320 479 IN
1360 420 1768 478 .‘lAT'l'lLEUM
1811 418 2039 475 llOMlL.
2085 419 2194 474 XL.
2237 419 2306 474 ai.
2350 420 2484 474 XLI.

3417 424 3543 476 “'2.

1932 532 2029 585 bub
2060 534 2284 602 principe
2305 533 2686 586 duunmtiorum.
2707 531 2865 601 Atqui
2895 531 3022 601 quid
3045 536 3218 602 magni
3249 535 3417 588 turbze
3441 541 3520 585 di-

1930 635 2117 680 xerant
2142 627 2165 678 ?
2195 629 2446 678 Attamen
2477 625 2527 679 id
2561 625 2818 678 Pharisaei
2849 640 2955 678 non
2989 625 3224 678 tulerunt
3255 626 3375 680 :sic
3402 626 3512 689 illi,

1931 728 1983 772 ut
2015 732 2173 786 supra
2205 717 2314 771 dixi
2337 757 2351 782 ,
2380 732 2594 784 semper
2620 733 2684 770 ex
2717 717 2993 771 beneficiis
3025 717 3270 784 proximo
3303 718 3514 770 Collatia

1930 811 2278 875 mordentur,
2309 809 2443 862 nihil
2472 809 2542 861 ita
2570 808 2674 862 illis
2699 807 2942 861 dolorem
2973 807 3138 876 parit,
3165 817 3221 859 ut
3244 805 3518 859 hominum

1930 906 2093 959 salus.
2125 904 2458 972 Quamquam
2487 901 2643 956 Jesus
2663 908 2987 966 recesserat,
3011 905 3067 954 et
3096 899 3271 953 locum
3300 898 3521 951 dederat

1932 1009 1988 1048 ut
2015 996 2091 1049 ira
2119 993 2439 1067 sedaretur:
2478 992 2570 1047 sed
2604 1004 2788 1046 rursus
2830 1004 3115 1045 accensum
3148 990 3346 1055 malum
3379 990 3472 1042 fuit
3505 1030 3519 1053 ,
3606 983 3635 1006 "

1931 1087 2053 1154 quia
2086 1101 2273 1140 rursus
2305 1084 2627 1139 beneficium
2673 1082 2870 1136 factum
2898 1090 3010 1147 est,
3058 1081 3239 1148 illique
3270 1081 3518 1150 indigna-

1932 1180 2124 1233 bantur
2152 1178 2270 1246 plus
2291 1193 2448 1247 quam
2473 1178 2586 1246 ipse
2605 1176 2840 1241 daamon,
2860 1174 2950 1244 qui
2975 1185 3274 1228 secesserat
3303 1189 3369 1229 ex
3397 1189 3520 1228 cor-

1932 1284 2063 1338 pore
2087 1310 2100 1334 ,
2130 1279 2184 1323 et
2210 1269 2510 1338 aufugerat,
2559 1267 2689 1330 nihil
2719 1266 2968 1336 loquutus
2997 1283 3011 1330 ;
3043 1265 3124 1318 .hi
3153 1276 3329 1319 autem
3359 1266 3520 1318 modo

1934 1361 2080 1414 illum
2129 1362 2426 1414 interficere
2465 1361 2784 1424 tentabant,
2831 1358 2991 1412 modo
3036 1358 3520 1411 calumniabantur.

1933 1452 2066 1517 Quia
2095 1451 2236 1506 enim
2267 1451 2394 1504 illud
2435 1467 2537 1502 non
2578 1459 2722 1504 recte
2753 1448 3077 1518 procedebat
3107 1490 3122 1513 ,
3176 1449 3360 1518 gloria:
3409 1449 3526 1515 ejus

1936 1559 2133 1598 nocere
2156 1544 2420 1597 volebant.
2452 1541 2766 1610 llujusmodi
2797 1556 2885 1594 res
2914 1550 2996 1595 est
3027 1540 3245 1599 invidia,
3284 1542 3366 1593 cui
3397 1543 3517 1594 nul-

1933 1637 2042 1689 lum
2089 1651 2182 1704 par
2223 1635 2444 1688 malum.
2494 1633 2625 1687 Nam
2675 1632 2918 1686 machus
2960 1632 3287 1700 voluptatem
3333 1633 3524 1688 saltem

1934 1727 2218 1796 quamdam
2244 1725 2503 1794 percipit,
2525 1735 2580 1778 et
2608 1724 2752 1778 brevi
2786 1733 3028 1792 tempore
3058 1733 3336 1792 peccatum
3367 1740 3525 1777 suum

1937 1817 2176 1886 perficit:
2207 1816 2416 1871 invidus
2444 1832 2570 1871 vero
2598 1832 2658 1871 se
2689 1816 2834 1884 prius
2865 1831 3023 1884 quam
3055 1831 3176 1871 eum
3206 1816 3295 1885 qui
3326 1788 3541 1870 invided

1934 1910 2197 1978 supplicio
2223 1908 2408 1971 afficit,
2444 1923 2620 1977 neque
2641 1908 2801 1962 finem
2826 1923 3074 1976 umquam
3099 1907 3356 1977 peccandi
3380 1907 3523 1971 facit,

1933 2014 1985 2055 et
2011 2002 2062 2054 in
2088 2011 2306 2070 peccato
2333 2010 2600 2055 versatur.
2624 1998 2774 2054 Sicut
2799 2015 2889 2053 sus
2917 1999 2969 2053 in
2993 1999 3104 2054 luto
3127 2040 3142 2064 ,
3167 2008 3222 2054 et
3250 1999 3392 2054 sicut
3421 1999 3529 2055 dac-

1937 2108 2123 2146 mones
2149 2093 2214 2147 de
2239 2092 2436 2146 damno
2467 2100 2649 2144 nostro
2680 2091 2928 2144 laetantur
2960 2106 2973 2141 :
3007 2087 3086 2143 sic
3125 2099 3180 2144 et
3220 2088 3437 2144 invidus
3463 2090 3531 2144 de

1938 2185 2165 2255 proximi
2196 2186 2350 2238 malis
2372 2183 2569 2253 gaudet
2599 2202 2614 2236 :
2642 2191 2697 2237 et
2726 2183 2770 2234 si
2801 2180 2928 2252 quid
2961 2181 3062 2250 ipsi
3105 2183 3257 2235 triste
3295 2189 3349 2234 et
3393 2181 3531 2247 inju-

1936 2276 2168 2329 cnndum
2199 2275 2433 2338 eveniat,
2455 2282 2579 2328 tunc
2609 2273 2699 2327 ille
2731 2271 2956 2341 quiescit
2980 2279 3035 2324 et
3061 2270 3531 2340 respiranalienas

1937 2382 2208 2421 terumnas
2253 2363 2505 2436 gaudium
2544 2379 2665 2419 esse
2719 2379 2874 2418 suum
2922 2373 3154 2432 putans,
3197 2372 3252 2416 et
3304 2361 3529 2415 aliorum

1937 2459 2075 2513 bona
2113 2459 2389 2528 proprium
2433 2457 2534 2512 sibi
2568 2458 2766 2510 malum
2797 2472 2813 2521 ;
2843 2471 3019 2524 neque
3063 2454 3370 2510 considerat
3405 2455 3530 2521 quid

1938 2550 2037 2602 sibi
2065 2564 2250 2613 suave,
2282 2549 2377 2604 sed
2401 2547 2527 2617 quid
2561 2548 2806 2618 proximo
2832 2561 3193 2601 :crumnosum
3222 2547 3310 2600 sit.
3344 2545 3532 2600 Nonne

1940 2638 2072 2692 tales
2095 2638 2339 2692 homines
2367 2637 2635 2707 lapidandi
2666 2646 2722 2692 et
2746 2635 3023 2705 suppliciis
3053 2635 3334 2706 lorquemli
3366 2646 3491 2689 sunt
3517 2678 3530 2695 .

1939 2740 1996 2784 ut
2024 2747 2185 2786 canes
2208 2731 2376 2784 rabidi
2403 2771 2417 2796 ,
2452 2740 2509 2784 ut
2539 2731 2813 2784 dmmones
2845 2729 3023 2782 infesti
3049 2770 3064 2792 ,
3090 2737 3148 2781 ut
3175 2729 3303 2795 ipsa:
3330 2726 3482 2779 furia:
3511 2726 3534 2777 ‘.’

1937 2821 2069 2874 Nam
2094 2820 2542 2888 quemadmodum
2576 2819 2831 2874 scarabaei
2861 2819 2911 2872 in
2945 2818 3070 2871 fimo
3093 2819 3399 2872 nutriuntur
3420 2858 3432 2879 ,
3453 2817 3535 2869 sie.

1940 2923 1991 2964 et
2021 2913 2072 2964 hi
2097 2912 2145 2964 in
2170 2912 2359 2965 alienis
2387 2911 2777 2964 calamitatibus
2809 2952 2822 2972 ,
2851 2924 3169 2964 communes
3198 2918 3401 2962 natura:
3431 2908 3536 2961 ini-

1941 3003 2059 3054 mici
2091 3011 2144 3055 et
2179 3001 2383 3054 hostes.
2430 3001 2497 3054 Et
2535 3001 2623 3053 alii
2660 3000 2873 3070 quidem
2918 3000 2962 3052 si
3010 2999 3199 3054 brutus
3225 2999 3532 3052 animantes

1936 3092 2202 3161 jugulatas
2251 3092 2477 3147 viderint
2507 3133 2520 3156 ,
2560 3091 2924 3144 ttiisericordia
2972 3102 3284 3156 moventur;
3313 3100 3366 3144 ttt
3398 3107 3526 3144 vero

1941 3184 2210 3236 hominem
2234 3185 2419 3236 videns
2448 3182 2706 3236 beneflcio
2737 3182 3008 3246 affectum,
3037 3184 3298 3246 effer-aris,
3328 3184 3537 3243 tremis,

1942 3275 2112 3341 palles
2139 3273 2163 3325 ?
2189 3273 2391 3340 Ecquid
2442 3273 2543 3325 hec
2587 3272 2768 3325 furore
2791 3273 3032 3326 deterius
3057 3274 3080 3324 ’ἔ
3109 3273 3233 3326 ldeo
3264 3272 3536 3326 fornic:~.iii

1940 3375 1994 3418 et
2045 3363 2314 3433 publicani
2360 3363 2411 3416 in
2462 3379 2687 3433 regnum
2738 3363 2940 3417 intrare
2990 3361 3326 3433 potuerunt;
3375 3364 3540 3417 invidi

1941 3472 2090 3522 vero,
2122 3456 2213 3527 qui
2245 3460 2388 3510 intus
2413 3465 2566 3510 erant
2590 3497 2605 3518 ,
2638 3455 2838 3524 egressi
2862 3465 2987 3510 sunt
3016 3474 3027 3507 :
3058 3472 3178 3510 nam
3209 3455 3333 3509 Filii
3366 3459 3533 3525 regni,

1944 3549 2135 3616 inquit,
2172 3550 2310 3618 foras
2340 3548 2607 3616 ejicieutnr
2642 3544 2856 3615 (Matth.
2887 3546 2937 3600 8.
2968 3545 3082 3616 12).
3117 3547 3185 3600 ΕΙ.
3215 3547 3288 3600 illi
3314 3548 3534 3616 quidem

1941 3641 2008 3694 ab
2039 3639 2270 3708 nequitia
2294 3640 2485 3708 erepti,
2511 3654 2629 3708 quae
2656 3654 2943 3708 numquam
2963 3649 3545 3707 exspectaverantcon-

1943 3732 2150 3800 sequuti
2181 3740 2305 3784 sunt
2329 3749 2341 3783 :
2369 3730 2422 3784 hi
2455 3745 2581 3784 vero
2611 3731 2748 3785 bona
2773 3746 2891 3799 qua:
2920 3729 3029 3798 jam
3064 3731 3320 3786 tenebant
3346 3729 3542 3783 amise-

1943 3830 2070 3876 runt
2101 3839 2114 3885 ;
2147 3822 2339 3891 etjure
2363 3820 2600 3890 quidem.
2623 3819 2734 3874 lloc
2755 3821 2898 3874 enim
2931 3819 3200 3874 diabolum
3232 3837 3299 3874 ex
3323 3820 3543 3873 homine

1943 3913 2106 3978 facit;
2140 3915 2238 3967 hoc
2266 3913 2496 3967 ferocem
2523 3913 2822 3966 daemonem
2845 3909 3031 3965 efficit.
3067 3911 3155 3965 Sic
3177 3914 3343 3980 prima
3369 3911 3546 3965 cmdes

1945 4005 2081 4059 facta
2113 4014 2196 4059 est
2224 4022 2238 4070 ;
2267 4005 2346 4058 sic
2372 4013 2576 4056 natura:
2605 4002 2748 4055 nulla
2778 4000 2958 4054 habita
2987 4001 3124 4054 ratio
3154 4003 3251 4055 fuit
3277 4002 3431 4072 (Gen.
3462 4002 3541 4063 4);

1946 4100 2024 4154 sic
2057 4111 2199 4153 terra
2240 4098 2441 4166 polluta
2485 4107 2604 4160 est;
2635 4095 2714 4148 sic
2762 4102 2944 4162 postea
2991 4109 3054 4148 os
3093 4109 3247 4148 suum
3293 4094 3544 4163 aperiens

1948 4205 2109 4254 terra,
2151 4191 2376 4251 Dathan,
2400 4188 2540 4242 Core
2562 4195 2616 4241 et
2643 4185 2865 4247 Ahiroo,
2893 4194 3168 4256 totumque
3201 4187 3347 4239 illum
3373 4201 3543 4254 p0pu—

1947 4286 2054 4337 lum
2087 4285 2296 4351 excepit
2326 4291 2381 4337 et
2407 4280 2631 4350 perdidit
2657 4279 2842 4348 (Num.
2875 4279 2990 4348 16).
3023 4281 3124 4341 At,
3159 4279 3355 4334 dixerit
3380 4280 3538 4349 quis-

1951 4379 2114 4447 piam,
2140 4376 2291 4429 facile
2316 4385 2398 4430 est
2425 4375 2492 4428 de
2519 4373 2714 4427 invidia
2743 4387 2998 4427 accusare
3021 4413 3038 4437 ,
3067 4372 3160 4427 sed
3196 4372 3497 4426 docendum
3524 4373 3539 4404 ³

1949 4485 2055 4538 quo
2082 4463 2237 4536 pacto
2269 4466 2430 4520 invidi
2460 4465 2527 4518 ah
2557 4465 2658 4519 hoc
2695 4464 2886 4532 morbo
2917 4464 3232 4518 liberentur.
3263 4461 3548 4526 Quomodo

1951 4573 2078 4628 ergo
2109 4555 2455 4611 liberabimur
2483 4556 2551 4608 ab
2573 4555 2851 4624 iniquitate
2875 4553 3291 4623 hujuscemodi?
3315 4551 3369 4604 Si
3403 4556 3561 4626 COgi-

1954 4662 2147 4712 tentus,
2170 4647 2634 4703 sicutfornicatori
2663 4664 2766 4700 non
2797 4648 2920 4701 licet
2942 4647 3140 4700 intrare
3162 4649 3213 4698 in
3236 4644 3522 4698 ecclesiam
3547 4691 3556 4702 ,

1952 4741 2030 4794 sic
2057 4754 2229 4809 neque
2257 4737 2474 4803 invido;
2509 4741 2615 4791 imo
2656 4739 2836 4791 minus
2877 4737 3003 4790 huic
3045 4737 3210 4790 licere
3254 4752 3414 4805 quam
3451 4737 3548 4788 illi.

1950 4831 2104 4886 Nune
2123 4830 2337 4898 quidem
2361 4830 2555 4884 malum
2587 4829 2717 4882 illud
2745 4829 2893 4897 quasi
2915 4827 3224 4883 indifferens
3253 4841 3374 4881 esse
3404 4826 3551 4879 vide--

1956 4933 2082 4987 tur;
2110 4923 2335 4991 ideoque
2361 4922 2687 4990 negligitur:
2713 4919 2805 4972 sed
2831 4918 2873 4972 si
2906 4917 3246 4973 manifestum
3280 4919 3446 4972 semel
3479 4921 3550 4971 sit

1956 5017 2153 5070 malum
2191 5029 2316 5070 esse
2340 5057 2353 5078 ,
2388 5013 2540 5068 facile
2570 5014 2636 5067 ab
2675 5029 2741 5067 eo
2768 5013 3091 5067 resilicmus.
3126 5013 3270 5080 Luge
3301 5015 3460 5081 igitur
3491 5025 3547 5066 et

1955 5106 2248 5176 ingemisce
2271 5122 2286 5171 ;
2314 5105 2610 5158 lamentare
2638 5111 2691 5155 et
2721 5102 2892 5154 Deum
2928 5116 3169 5170 precare.
3212 5102 3364 5160 Disce
3391 5107 3546 5171 quasi

1960 5200 2027 5255 de
2061 5198 2381 5269 gravissimo
2405 5205 2627 5266 peccato
2665 5195 2836 5260 allici,
2878 5196 3318 5264 etpoeniteutiam
3364 5211 3543 5264 agere.

1956 5290 2097 5347 Etsi
2138 5292 2218 5346 sic
2254 5289 2479 5346 affet-tus
2528 5289 2698 5344 fueris
2725 5330 2739 5353 ,
2777 5289 2885 5342 cito
2929 5289 2997 5340 ab
3023 5287 3124 5341 hoc
3167 5288 3354 5339 morbo
3407 5287 3546 5340 liber

1960 5382 2170 5438 evades.
2207 5381 2398 5449 Ecquis
2443 5381 2689 5448 ignorat,
2719 5378 2928 5446 inquies
2953 5419 2968 5439 ,
3000 5377 3251 5430 invidiam
3283 5391 3403 5430 esse
3432 5393 3546 5429 ma-

1960 5474 2114 5531 lum?
2147 5475 2360 5542 ignorat
2399 5473 2614 5540 quidem
2644 5487 2803 5524 nemo
2842 5489 2855 5533 ;
2891 5471 2985 5525 sed
3021 5481 3198 5524 tamen
3229 5485 3333 5524 non
3365 5486 3547 5538 part-tn

1959 5583 2078 5621 esse
2118 5565 2359 5618 morbum
2391 5572 2575 5632 putant
2605 5562 2946 5615 fornicationi
2987 5570 3040 5615 et
3082 5560 3364 5613 adulterio.
3417 5559 3549 5612 Nam

1959 5659 2076 5730 quis
2099 5671 2346 5726 umquam
2380 5669 2502 5708 sese
2527 5653 2817 5718 damnavit,
2848 5653 2987 5722 quod
3026 5652 3170 5723 gravi
3204 5651 3398 5706 invidia
3444 5653 3550 5705 titt-

2023 5812 2037 5841 ¹
2062 5811 2198 5876 Lege
2214 5809 2299 5862 sed
2319 5805 2676 5874 inquirendum.
